PokerStars Hand #148655348754:  Hold'em Limit ($3/$6 USD) - 2016/02/12 0:21:09 ET
Table 'Mentor' 2-max Seat #2 is the button
Seat 1: ct-650 ($166.50 in chips)
Seat 2: jl45259071 ($103 in chips)
jl45259071: posts small blind $1
ct-650: posts big blind $3
*** HOLE CARDS ***
jl45259071: raises $3 to $6
ct-650: folds
Uncalled bet ($3) returned to jl45259071
jl45259071 collected $6 from pot
jl45259071: doesn't show hand
*** SUMMARY ***
Total pot $6 | Rake $0
Seat 1: ct-650 (big blind) folded before Flop
Seat 2: jl45259071 (button) (small blind) collected ($6)


PokerStars Hand #148655347409:  Hold'em Limit ($3/$6 USD) - 2016/02/12 0:21:05 ET
Table 'Mentor' 2-max Seat #1 is the button
Seat 1: ct-650 ($167.50 in chips)
Seat 2: jl45259071 ($102 in chips)
ct-650: posts small blind $1
jl45259071: posts big blind $3
*** HOLE CARDS ***
ct-650: folds
Uncalled bet ($2) returned to jl45259071
jl45259071 collected $2 from pot
jl45259071: doesn't show hand
*** SUMMARY ***
Total pot $2 | Rake $0
Seat 1: ct-650 (button) (small blind) folded before Flop
Seat 2: jl45259071 (big blind) collected ($2)


PokerStars Hand #148655341955:  Hold'em Limit ($3/$6 USD) - 2016/02/12 0:20:45 ET
Table 'Mentor' 2-max Seat #2 is the button
Seat 1: ct-650 ($150 in chips)
Seat 2: jl45259071 ($120 in chips)
jl45259071: posts small blind $1
ct-650: posts big blind $3
*** HOLE CARDS ***
jl45259071: calls $2
ct-650: checks
*** FLOP *** [4d Ts 5s]
ct-650: bets $3
jl45259071: calls $3
*** TURN *** [4d Ts 5s] [7d]
ct-650: bets $6
jl45259071: calls $6
*** RIVER *** [4d Ts 5s 7d] [Ks]
ct-650: checks
jl45259071: bets $6
ct-650: calls $6
*** SHOW DOWN ***
jl45259071: shows [3c 9s] (high card King)
ct-650: shows [6s 4h] (a pair of Fours)
ct-650 collected $35.50 from pot
*** SUMMARY ***
Total pot $36 | Rake $0.50
Board [4d Ts 5s 7d Ks]
Seat 1: ct-650 (big blind) showed [6s 4h] and won ($35.50) with a pair of Fours
Seat 2: jl45259071 (button) (small blind) showed [3c 9s] and lost with high card King


PokerStars Hand #148655358717:  Hold'em Limit ($3/$6 USD) - 2016/02/12 0:21:45 ET
Table 'Mentor' 2-max Seat #1 is the button
Seat 1: ct-650 ($178 in chips)
Seat 2: jl45259071 ($150.76 in chips)
ct-650: posts small blind $1
jl45259071: posts big blind $3
*** HOLE CARDS ***
ct-650: raises $3 to $6
jl45259071: raises $3 to $9
ct-650: calls $3
*** FLOP *** [8h Qc 5s]
jl45259071: bets $3
ct-650: calls $3
*** TURN *** [8h Qc 5s] [2s]
jl45259071: bets $6
ct-650: raises $6 to $12
jl45259071: calls $6
*** RIVER *** [8h Qc 5s 2s] [Kc]
jl45259071: checks
ct-650: bets $6
jl45259071: folds
Uncalled bet ($6) returned to ct-650
ct-650 collected $47.50 from pot
*** SUMMARY ***
Total pot $48 | Rake $0.50
Board [8h Qc 5s 2s Kc]
Seat 1: ct-650 (button) (small blind) collected ($47.50)
Seat 2: jl45259071 (big blind) folded on the River


PokerStars Hand #148655355419:  Hold'em Limit ($3/$6 USD) - 2016/02/12 0:21:33 ET
Table 'Mentor' 2-max Seat #2 is the button
Seat 1: ct-650 ($184 in chips)
Seat 2: jl45259071 ($85 in chips)
jl45259071: posts small blind $1
ct-650: posts big blind $3
*** HOLE CARDS ***
jl45259071: raises $3 to $6
ct-650: calls $3
*** FLOP *** [Kc 5s 3s]
ct-650: checks
jl45259071: bets $3
ct-650: folds
Uncalled bet ($3) returned to jl45259071
jl45259071 collected $11.76 from pot
jl45259071: doesn't show hand
*** SUMMARY ***
Total pot $12 | Rake $0.24
Board [Kc 5s 3s]
Seat 1: ct-650 (big blind) folded on the Flop
Seat 2: jl45259071 (button) (small blind) collected ($11.76)


PokerStars Hand #148655350593:  Hold'em Limit ($3/$6 USD) - 2016/02/12 0:21:16 ET
Table 'Mentor' 2-max Seat #1 is the button
Seat 1: ct-650 ($163.50 in chips)
Seat 2: jl45259071 ($106 in chips)
ct-650: posts small blind $1
jl45259071: posts big blind $3
*** HOLE CARDS ***
ct-650: raises $3 to $6
jl45259071: calls $3
*** FLOP *** [3d Ad 6h]
jl45259071: checks
ct-650: bets $3
jl45259071: calls $3
*** TURN *** [3d Ad 6h] [4s]
jl45259071: checks
ct-650: bets $6
jl45259071: calls $6
*** RIVER *** [3d Ad 6h 4s] [Js]
jl45259071: checks
ct-650: bets $6
jl45259071: calls $6
*** SHOW DOWN ***
ct-650: shows [5h 7d] (a straight, Three to Seven)
jl45259071: mucks hand
ct-650 collected $41.50 from pot
*** SUMMARY ***
Total pot $42 | Rake $0.50
Board [3d Ad 6h 4s Js]
Seat 1: ct-650 (button) (small blind) showed [5h 7d] and won ($41.50) with a straight, Three to Seven
Seat 2: jl45259071 (big blind) mucked


PokerStars Hand #148655363302:  Hold'em Limit ($3/$6 USD) - 2016/02/12 0:22:01 ET
Table 'Mentor' 2-max Seat #2 is the button
Seat 1: ct-650 ($201.50 in chips)
Seat 2: jl45259071 ($126.76 in chips)
jl45259071: posts small blind $1
ct-650: posts big blind $3
*** HOLE CARDS ***
jl45259071: calls $2
ct-650: raises $3 to $6
jl45259071: calls $3
*** FLOP *** [9c Kd 6d]
ct-650: bets $3
jl45259071: raises $3 to $6
ct-650: calls $3
*** TURN *** [9c Kd 6d] [9h]
ct-650: checks
jl45259071: checks
*** RIVER *** [9c Kd 6d 9h] [Td]
ct-650: checks
jl45259071: bets $6
ct-650: calls $6
*** SHOW DOWN ***
jl45259071: shows [9s 6c] (a full house, Nines full of Sixes)
ct-650: mucks hand
jl45259071 collected $35.50 from pot
*** SUMMARY ***
Total pot $36 | Rake $0.50
Board [9c Kd 6d 9h Td]
Seat 1: ct-650 (big blind) mucked
Seat 2: jl45259071 (button) (small blind) showed [9s 6c] and won ($35.50) with a full house, Nines full of Sixes


PokerStars Hand #148655372925:  Hold'em Limit ($3/$6 USD) - 2016/02/12 0:22:35 ET
Table 'Mentor' 2-max Seat #1 is the button
Seat 1: ct-650 ($183.50 in chips)
Seat 2: jl45259071 ($144.26 in chips)
ct-650: posts small blind $1
jl45259071: posts big blind $3
*** HOLE CARDS ***
ct-650: raises $3 to $6
jl45259071: raises $3 to $9
ct-650: calls $3
*** FLOP *** [5s Td 7d]
jl45259071: bets $3
ct-650: calls $3
*** TURN *** [5s Td 7d] [7c]
jl45259071: checks
ct-650: checks
*** RIVER *** [5s Td 7d 7c] [7s]
jl45259071: bets $6
ct-650: calls $6
*** SHOW DOWN ***
jl45259071: shows [8d 8h] (a full house, Sevens full of Eights)
ct-650: mucks hand
jl45259071 collected $35.50 from pot
*** SUMMARY ***
Total pot $36 | Rake $0.50
Board [5s Td 7d 7c 7s]
Seat 1: ct-650 (button) (small blind) mucked
Seat 2: jl45259071 (big blind) showed [8d 8h] and won ($35.50) with a full house, Sevens full of Eights


PokerStars Hand #148655393412:  Hold'em Limit ($3/$6 USD) - 2016/02/12 0:23:48 ET
Table 'Mentor' 2-max Seat #2 is the button
Seat 1: ct-650 ($164.44 in chips)
Seat 2: jl45259071 ($162.70 in chips)
jl45259071: posts small blind $1
ct-650: posts big blind $3
*** HOLE CARDS ***
jl45259071: calls $2
ct-650: checks
*** FLOP *** [Js Kd 4d]
ct-650: bets $3
jl45259071: calls $3
*** TURN *** [Js Kd 4d] [As]
ct-650: checks
jl45259071: checks
*** RIVER *** [Js Kd 4d As] [9c]
ct-650: checks
jl45259071: checks
*** SHOW DOWN ***
ct-650: shows [Qs 4h] (a pair of Fours)
jl45259071: mucks hand
ct-650 collected $11.76 from pot
*** SUMMARY ***
Total pot $12 | Rake $0.24
Board [Js Kd 4d As 9c]
Seat 1: ct-650 (big blind) showed [Qs 4h] and won ($11.76) with a pair of Fours
Seat 2: jl45259071 (button) (small blind) mucked


PokerStars Hand #148655377922:  Hold'em Limit ($3/$6 USD) - 2016/02/12 0:22:53 ET
Table 'Mentor' 2-max Seat #2 is the button
Seat 1: ct-650 ($165.50 in chips)
Seat 2: jl45259071 ($161.76 in chips)
jl45259071: posts small blind $1
ct-650: posts big blind $3
*** HOLE CARDS ***
jl45259071: calls $2
ct-650: checks
*** FLOP *** [7d Ah Th]
ct-650: checks
jl45259071: checks
*** TURN *** [7d Ah Th] [6c]
ct-650: checks
jl45259071: checks
*** RIVER *** [7d Ah Th 6c] [6d]
ct-650: checks
jl45259071: checks
*** SHOW DOWN ***
ct-650: shows [4h 3s] (a pair of Sixes)
jl45259071: shows [2c 4d] (a pair of Sixes)
ct-650 collected $2.94 from pot
jl45259071 collected $2.94 from pot
*** SUMMARY ***
Total pot $6 | Rake $0.12
Board [7d Ah Th 6c 6d]
Seat 1: ct-650 (big blind) showed [4h 3s] and won ($2.94) with a pair of Sixes
Seat 2: jl45259071 (button) (small blind) showed [2c 4d] and won ($2.94) with a pair of Sixes


PokerStars Hand #148655392038:  Hold'em Limit ($3/$6 USD) - 2016/02/12 0:23:43 ET
Table 'Mentor' 2-max Seat #1 is the button
Seat 1: ct-650 ($165.44 in chips)
Seat 2: jl45259071 ($161.70 in chips)
ct-650: posts small blind $1
jl45259071: posts big blind $3
*** HOLE CARDS ***
ct-650: folds
Uncalled bet ($2) returned to jl45259071
jl45259071 collected $2 from pot
jl45259071: doesn't show hand
*** SUMMARY ***
Total pot $2 | Rake $0
Seat 1: ct-650 (button) (small blind) folded before Flop
Seat 2: jl45259071 (big blind) collected ($2)


PokerStars Hand #148655410248:  Hold'em Limit ($3/$6 USD) - 2016/02/12 0:24:48 ET
Table 'Mentor' 2-max Seat #2 is the button
Seat 1: ct-650 ($147.20 in chips)
Seat 2: jl45259071 ($178.96 in chips)
jl45259071: posts small blind $1
ct-650: posts big blind $3
*** HOLE CARDS ***
jl45259071: calls $2
ct-650: raises $3 to $6
jl45259071: calls $3
*** FLOP *** [As 4d 9s]
ct-650: bets $3
jl45259071: calls $3
*** TURN *** [As 4d 9s] [Kh]
ct-650: bets $6
jl45259071: calls $6
*** RIVER *** [As 4d 9s Kh] [Qh]
ct-650: bets $6
jl45259071: calls $6
*** SHOW DOWN ***
ct-650: shows [Ad 3s] (a pair of Aces)
jl45259071: mucks hand
ct-650 collected $41.50 from pot
*** SUMMARY ***
Total pot $42 | Rake $0.50
Board [As 4d 9s Kh Qh]
Seat 1: ct-650 (big blind) showed [Ad 3s] and won ($41.50) with a pair of Aces
Seat 2: jl45259071 (button) (small blind) mucked


PokerStars Hand #148655397486:  Hold'em Limit ($3/$6 USD) - 2016/02/12 0:24:03 ET
Table 'Mentor' 2-max Seat #1 is the button
Seat 1: ct-650 ($170.20 in chips)
Seat 2: jl45259071 ($156.70 in chips)
ct-650: posts small blind $1
jl45259071: posts big blind $3
*** HOLE CARDS ***
ct-650: folds
Uncalled bet ($2) returned to jl45259071
jl45259071 collected $2 from pot
jl45259071: doesn't show hand
*** SUMMARY ***
Total pot $2 | Rake $0
Seat 1: ct-650 (button) (small blind) folded before Flop
Seat 2: jl45259071 (big blind) collected ($2)


PokerStars Hand #148655406500:  Hold'em Limit ($3/$6 USD) - 2016/02/12 0:24:35 ET
Table 'Mentor' 2-max Seat #2 is the button
Seat 1: ct-650 ($151.20 in chips)
Seat 2: jl45259071 ($175.08 in chips)
jl45259071: posts small blind $1
ct-650: posts big blind $3
*** HOLE CARDS ***
jl45259071: calls $2
ct-650: checks
*** FLOP *** [Jd 2s 8c]
ct-650: checks
jl45259071: bets $3
ct-650: folds
Uncalled bet ($3) returned to jl45259071
jl45259071 collected $5.88 from pot
jl45259071: doesn't show hand
*** SUMMARY ***
Total pot $6 | Rake $0.12
Board [Jd 2s 8c]
Seat 1: ct-650 (big blind) folded on the Flop
Seat 2: jl45259071 (button) (small blind) collected ($5.88)


PokerStars Hand #148655401744:  Hold'em Limit ($3/$6 USD) - 2016/02/12 0:24:18 ET
Table 'Mentor' 2-max Seat #1 is the button
Seat 1: ct-650 ($166.20 in chips)
Seat 2: jl45259071 ($160.58 in chips)
ct-650: posts small blind $1
jl45259071: posts big blind $3
*** HOLE CARDS ***
ct-650: raises $3 to $6
jl45259071: calls $3
*** FLOP *** [8s 4h Qc]
jl45259071: checks
ct-650: bets $3
jl45259071: calls $3
*** TURN *** [8s 4h Qc] [2s]
jl45259071: checks
ct-650: checks
*** RIVER *** [8s 4h Qc 2s] [9d]
jl45259071: bets $6
ct-650: calls $6
*** SHOW DOWN ***
jl45259071: shows [4c Qd] (two pair, Queens and Fours)
ct-650: mucks hand
jl45259071 collected $29.50 from pot
*** SUMMARY ***
Total pot $30 | Rake $0.50
Board [8s 4h Qc 2s 9d]
Seat 1: ct-650 (button) (small blind) mucked
Seat 2: jl45259071 (big blind) showed [4c Qd] and won ($29.50) with two pair, Queens and Fours


PokerStars Hand #148655399077:  Hold'em Limit ($3/$6 USD) - 2016/02/12 0:24:08 ET
Table 'Mentor' 2-max Seat #2 is the button
Seat 1: ct-650 ($169.20 in chips)
Seat 2: jl45259071 ($157.70 in chips)
jl45259071: posts small blind $1
ct-650: posts big blind $3
*** HOLE CARDS ***
jl45259071: calls $2
ct-650: checks
*** FLOP *** [4h 9d Kc]
ct-650: checks
jl45259071: bets $3
ct-650: folds
Uncalled bet ($3) returned to jl45259071
jl45259071 collected $5.88 from pot
jl45259071: doesn't show hand
*** SUMMARY ***
Total pot $6 | Rake $0.12
Board [4h 9d Kc]
Seat 1: ct-650 (big blind) folded on the Flop
Seat 2: jl45259071 (button) (small blind) collected ($5.88)


PokerStars Hand #148655419061:  Hold'em Limit ($3/$6 USD) - 2016/02/12 0:25:20 ET
Table 'Mentor' 2-max Seat #2 is the button
Seat 1: ct-650 ($197.20 in chips)
Seat 2: jl45259071 ($127.96 in chips)
jl45259071: posts small blind $1
ct-650: posts big blind $3
*** HOLE CARDS ***
jl45259071: raises $3 to $6
ct-650: calls $3
*** FLOP *** [2h 8h 4h]
ct-650: checks
jl45259071: bets $3
ct-650: calls $3
*** TURN *** [2h 8h 4h] [4c]
ct-650: checks
jl45259071: checks
*** RIVER *** [2h 8h 4h 4c] [4s]
ct-650: checks
jl45259071: checks
*** SHOW DOWN ***
ct-650: shows [Ac 6h] (three of a kind, Fours)
jl45259071: mucks hand
ct-650 collected $17.64 from pot
*** SUMMARY ***
Total pot $18 | Rake $0.36
Board [2h 8h 4h 4c 4s]
Seat 1: ct-650 (big blind) showed [Ac 6h] and won ($17.64) with three of a kind, Fours
Seat 2: jl45259071 (button) (small blind) mucked


PokerStars Hand #148655414318:  Hold'em Limit ($3/$6 USD) - 2016/02/12 0:25:03 ET
Table 'Mentor' 2-max Seat #1 is the button
Seat 1: ct-650 ($167.70 in chips)
Seat 2: jl45259071 ($157.96 in chips)
ct-650: posts small blind $1
jl45259071: posts big blind $3
*** HOLE CARDS ***
ct-650: raises $3 to $6
jl45259071: raises $3 to $9
ct-650: calls $3
*** FLOP *** [Kc 2d 5c]
jl45259071: bets $3
ct-650: calls $3
*** TURN *** [Kc 2d 5c] [5s]
jl45259071: bets $6
ct-650: raises $6 to $12
jl45259071: calls $6
*** RIVER *** [Kc 2d 5c 5s] [Qc]
jl45259071: checks
ct-650: bets $6
jl45259071: calls $6
*** SHOW DOWN ***
ct-650: shows [5d Jh] (three of a kind, Fives)
jl45259071: mucks hand
ct-650 collected $59.50 from pot
*** SUMMARY ***
Total pot $60 | Rake $0.50
Board [Kc 2d 5c 5s Qc]
Seat 1: ct-650 (button) (small blind) showed [5d Jh] and won ($59.50) with three of a kind, Fives
Seat 2: jl45259071 (big blind) mucked


PokerStars Hand #148655423194:  Hold'em Limit ($3/$6 USD) - 2016/02/12 0:25:34 ET
Table 'Mentor' 2-max Seat #1 is the button
Seat 1: ct-650 ($205.84 in chips)
Seat 2: jl45259071 ($118.96 in chips)
ct-650: posts small blind $1
jl45259071: posts big blind $3
*** HOLE CARDS ***
ct-650: raises $3 to $6
jl45259071: calls $3
*** FLOP *** [4s 2d 4d]
jl45259071: checks
ct-650: checks
*** TURN *** [4s 2d 4d] [Kc]
jl45259071: checks
ct-650: bets $6
jl45259071: raises $6 to $12
ct-650: folds
Uncalled bet ($6) returned to jl45259071
jl45259071 collected $23.52 from pot
jl45259071: doesn't show hand
*** SUMMARY ***
Total pot $24 | Rake $0.48
Board [4s 2d 4d Kc]
Seat 1: ct-650 (button) (small blind) folded on the Turn
Seat 2: jl45259071 (big blind) collected ($23.52)


PokerStars Hand #148655426494:  Hold'em Limit ($3/$6 USD) - 2016/02/12 0:25:46 ET
Table 'Mentor' 2-max Seat #2 is the button
Seat 1: ct-650 ($193.84 in chips)
Seat 2: jl45259071 ($130.48 in chips)
jl45259071: posts small blind $1
ct-650: posts big blind $3
*** HOLE CARDS ***
jl45259071: raises $3 to $6
ct-650: calls $3
*** FLOP *** [Ad 2s 7d]
ct-650: checks
jl45259071: bets $3
ct-650: folds
Uncalled bet ($3) returned to jl45259071
jl45259071 collected $11.76 from pot
jl45259071: doesn't show hand
*** SUMMARY ***
Total pot $12 | Rake $0.24
Board [Ad 2s 7d]
Seat 1: ct-650 (big blind) folded on the Flop
Seat 2: jl45259071 (button) (small blind) collected ($11.76)


PokerStars Hand #148655441697:  Hold'em Limit ($3/$6 USD) - 2016/02/12 0:26:40 ET
Table 'Mentor' 2-max Seat #1 is the button
Seat 1: ct-650 ($199.18 in chips)
Seat 2: jl45259071 ($124.06 in chips)
ct-650: posts small blind $1
jl45259071: posts big blind $3
*** HOLE CARDS ***
ct-650: raises $3 to $6
jl45259071: calls $3
*** FLOP *** [6c 6s 7d]
jl45259071: checks
ct-650: bets $3
jl45259071: calls $3
*** TURN *** [6c 6s 7d] [Ah]
jl45259071: checks
ct-650: bets $6
jl45259071: folds
Uncalled bet ($6) returned to ct-650
ct-650 collected $17.64 from pot
*** SUMMARY ***
Total pot $18 | Rake $0.36
Board [6c 6s 7d Ah]
Seat 1: ct-650 (button) (small blind) collected ($17.64)
Seat 2: jl45259071 (big blind) folded on the Turn


PokerStars Hand #148655438312:  Hold'em Limit ($3/$6 USD) - 2016/02/12 0:26:28 ET
Table 'Mentor' 2-max Seat #2 is the button
Seat 1: ct-650 ($199.24 in chips)
Seat 2: jl45259071 ($124.12 in chips)
jl45259071: posts small blind $1
ct-650: posts big blind $3
*** HOLE CARDS ***
jl45259071: calls $2
ct-650: checks
*** FLOP *** [Tc Kd Td]
ct-650: checks
jl45259071: checks
*** TURN *** [Tc Kd Td] [Kc]
ct-650: checks
jl45259071: checks
*** RIVER *** [Tc Kd Td Kc] [Th]
ct-650: checks
jl45259071: checks
*** SHOW DOWN ***
ct-650: shows [3h 4s] (a full house, Tens full of Kings)
jl45259071: shows [8h 2h] (a full house, Tens full of Kings)
ct-650 collected $2.94 from pot
jl45259071 collected $2.94 from pot
*** SUMMARY ***
Total pot $6 | Rake $0.12
Board [Tc Kd Td Kc Th]
Seat 1: ct-650 (big blind) showed [3h 4s] and won ($2.94) with a full house, Tens full of Kings
Seat 2: jl45259071 (button) (small blind) showed [8h 2h] and won ($2.94) with a full house, Tens full of Kings


PokerStars Hand #148655434864:  Hold'em Limit ($3/$6 USD) - 2016/02/12 0:26:16 ET
Table 'Mentor' 2-max Seat #1 is the button
Seat 1: ct-650 ($190.60 in chips)
Seat 2: jl45259071 ($133.12 in chips)
ct-650: posts small blind $1
jl45259071: posts big blind $3
*** HOLE CARDS ***
ct-650: raises $3 to $6
jl45259071: calls $3
*** FLOP *** [9h Jd Jc]
jl45259071: checks
ct-650: bets $3
jl45259071: calls $3
*** TURN *** [9h Jd Jc] [7h]
jl45259071: checks
ct-650: bets $6
jl45259071: folds
Uncalled bet ($6) returned to ct-650
ct-650 collected $17.64 from pot
*** SUMMARY ***
Total pot $18 | Rake $0.36
Board [9h Jd Jc 7h]
Seat 1: ct-650 (button) (small blind) collected ($17.64)
Seat 2: jl45259071 (big blind) folded on the Turn


PokerStars Hand #148655432196:  Hold'em Limit ($3/$6 USD) - 2016/02/12 0:26:06 ET
Table 'Mentor' 2-max Seat #2 is the button
Seat 1: ct-650 ($193.60 in chips)
Seat 2: jl45259071 ($130.24 in chips)
jl45259071: posts small blind $1
ct-650: posts big blind $3
*** HOLE CARDS ***
jl45259071: calls $2
ct-650: checks
*** FLOP *** [Kc Ad Qh]
ct-650: checks
jl45259071: bets $3
ct-650: folds
Uncalled bet ($3) returned to jl45259071
jl45259071 collected $5.88 from pot
jl45259071: doesn't show hand
*** SUMMARY ***
Total pot $6 | Rake $0.12
Board [Kc Ad Qh]
Seat 1: ct-650 (big blind) folded on the Flop
Seat 2: jl45259071 (button) (small blind) collected ($5.88)


PokerStars Hand #148655428961:  Hold'em Limit ($3/$6 USD) - 2016/02/12 0:25:55 ET
Table 'Mentor' 2-max Seat #1 is the button
Seat 1: ct-650 ($187.84 in chips)
Seat 2: jl45259071 ($136.24 in chips)
ct-650: posts small blind $1
jl45259071: posts big blind $3
*** HOLE CARDS ***
ct-650: raises $3 to $6
jl45259071: calls $3
*** FLOP *** [5s 7h 2h]
jl45259071: checks
ct-650: checks
*** TURN *** [5s 7h 2h] [Jd]
jl45259071: checks
ct-650: checks
*** RIVER *** [5s 7h 2h Jd] [9c]
jl45259071: checks
ct-650: checks
*** SHOW DOWN ***
jl45259071: shows [3h 6s] (high card Jack)
ct-650: shows [Qc 4s] (high card Queen)
ct-650 collected $11.76 from pot
*** SUMMARY ***
Total pot $12 | Rake $0.24
Board [5s 7h 2h Jd 9c]
Seat 1: ct-650 (button) (small blind) showed [Qc 4s] and won ($11.76) with high card Queen
Seat 2: jl45259071 (big blind) showed [3h 6s] and lost with high card Jack


PokerStars Hand #148655450130:  Hold'em Limit ($3/$6 USD) - 2016/02/12 0:27:11 ET
Table 'Mentor' 2-max Seat #2 is the button
Seat 1: ct-650 ($221.32 in chips)
Seat 2: jl45259071 ($101.06 in chips)
jl45259071: posts small blind $1
ct-650: posts big blind $3
*** HOLE CARDS ***
jl45259071: calls $2
ct-650: checks
*** FLOP *** [7h Js Ac]
ct-650: bets $3
jl45259071: folds
Uncalled bet ($3) returned to ct-650
ct-650 collected $5.88 from pot
*** SUMMARY ***
Total pot $6 | Rake $0.12
Board [7h Js Ac]
Seat 1: ct-650 (big blind) collected ($5.88)
Seat 2: jl45259071 (button) (small blind) folded on the Flop


PokerStars Hand #148655452901:  Hold'em Limit ($3/$6 USD) - 2016/02/12 0:27:21 ET
Table 'Mentor' 2-max Seat #1 is the button
Seat 1: ct-650 ($224.20 in chips)
Seat 2: jl45259071 ($98.06 in chips)
ct-650: posts small blind $1
jl45259071: posts big blind $3
*** HOLE CARDS ***
ct-650: raises $3 to $6
jl45259071: calls $3
*** FLOP *** [7h Kh 4c]
jl45259071: checks
ct-650: bets $3
jl45259071: calls $3
*** TURN *** [7h Kh 4c] [6h]
jl45259071: checks
ct-650: bets $6
jl45259071: calls $6
*** RIVER *** [7h Kh 4c 6h] [Ks]
jl45259071: checks
ct-650: checks
*** SHOW DOWN ***
jl45259071: shows [7d 3d] (two pair, Kings and Sevens)
ct-650: shows [8s 7c] (two pair, Kings and Sevens - Eight kicker)
ct-650 collected $29.50 from pot
*** SUMMARY ***
Total pot $30 | Rake $0.50
Board [7h Kh 4c 6h Ks]
Seat 1: ct-650 (button) (small blind) showed [8s 7c] and won ($29.50) with two pair, Kings and Sevens
Seat 2: jl45259071 (big blind) showed [7d 3d] and lost with two pair, Kings and Sevens


PokerStars Hand #148655445047:  Hold'em Limit ($3/$6 USD) - 2016/02/12 0:26:52 ET
Table 'Mentor' 2-max Seat #2 is the button
Seat 1: ct-650 ($207.82 in chips)
Seat 2: jl45259071 ($115.06 in chips)
jl45259071: posts small blind $1
ct-650: posts big blind $3
*** HOLE CARDS ***
jl45259071: calls $2
ct-650: raises $3 to $6
jl45259071: calls $3
*** FLOP *** [Ad 6h Js]
ct-650: bets $3
jl45259071: calls $3
*** TURN *** [Ad 6h Js] [4h]
ct-650: bets $6
jl45259071: calls $6
*** RIVER *** [Ad 6h Js 4h] [Qs]
ct-650: bets $6
jl45259071: folds
Uncalled bet ($6) returned to ct-650
ct-650 collected $29.50 from pot
*** SUMMARY ***
Total pot $30 | Rake $0.50
Board [Ad 6h Js 4h Qs]
Seat 1: ct-650 (big blind) collected ($29.50)
Seat 2: jl45259071 (button) (small blind) folded on the River


PokerStars Hand #148655458309:  Hold'em Limit ($3/$6 USD) - 2016/02/12 0:27:40 ET
Table 'Mentor' 2-max Seat #2 is the button
Seat 1: ct-650 ($238.70 in chips)
Seat 2: jl45259071 ($83.06 in chips)
jl45259071: posts small blind $1
ct-650: posts big blind $3
*** HOLE CARDS ***
jl45259071: calls $2
ct-650: checks
*** FLOP *** [7h 4d 5d]
ct-650: bets $3
jl45259071: calls $3
*** TURN *** [7h 4d 5d] [Jd]
ct-650: checks
jl45259071: bets $6
ct-650: folds
Uncalled bet ($6) returned to jl45259071
jl45259071 collected $11.76 from pot
jl45259071: doesn't show hand
*** SUMMARY ***
Total pot $12 | Rake $0.24
Board [7h 4d 5d Jd]
Seat 1: ct-650 (big blind) folded on the Turn
Seat 2: jl45259071 (button) (small blind) collected ($11.76)


PokerStars Hand #148655468742:  Hold'em Limit ($3/$6 USD) - 2016/02/12 0:28:18 ET
Table 'Mentor' 2-max Seat #1 is the button
Seat 1: ct-650 ($207.70 in chips)
Seat 2: jl45259071 ($113.32 in chips)
ct-650: posts small blind $1
jl45259071: posts big blind $3
*** HOLE CARDS ***
ct-650: raises $3 to $6
jl45259071: calls $3
*** FLOP *** [Th Js 6d]
jl45259071: checks
ct-650: bets $3
jl45259071: calls $3
*** TURN *** [Th Js 6d] [4d]
jl45259071: checks
ct-650: bets $6
jl45259071: calls $6
*** RIVER *** [Th Js 6d 4d] [Tc]
jl45259071: checks
ct-650: bets $6
jl45259071: calls $6
*** SHOW DOWN ***
ct-650: shows [8h 8d] (two pair, Tens and Eights)
jl45259071: mucks hand
ct-650 collected $41.50 from pot
*** SUMMARY ***
Total pot $42 | Rake $0.50
Board [Th Js 6d 4d Tc]
Seat 1: ct-650 (button) (small blind) showed [8h 8d] and won ($41.50) with two pair, Tens and Eights
Seat 2: jl45259071 (big blind) mucked


PokerStars Hand #148655463686:  Hold'em Limit ($3/$6 USD) - 2016/02/12 0:27:59 ET
Table 'Mentor' 2-max Seat #2 is the button
Seat 1: ct-650 ($231.70 in chips)
Seat 2: jl45259071 ($89.82 in chips)
jl45259071: posts small blind $1
ct-650: posts big blind $3
*** HOLE CARDS ***
jl45259071: calls $2
ct-650: checks
*** FLOP *** [7h Kd Ks]
ct-650: bets $3
jl45259071: calls $3
*** TURN *** [7h Kd Ks] [5c]
ct-650: bets $6
jl45259071: calls $6
*** RIVER *** [7h Kd Ks 5c] [3h]
ct-650: bets $6
jl45259071: raises $6 to $12
ct-650: calls $6
*** SHOW DOWN ***
jl45259071: shows [Kh 4s] (three of a kind, Kings)
ct-650: mucks hand
jl45259071 collected $47.50 from pot
*** SUMMARY ***
Total pot $48 | Rake $0.50
Board [7h Kd Ks 5c 3h]
Seat 1: ct-650 (big blind) mucked
Seat 2: jl45259071 (button) (small blind) showed [Kh 4s] and won ($47.50) with three of a kind, Kings


PokerStars Hand #148655474009:  Hold'em Limit ($3/$6 USD) - 2016/02/12 0:28:36 ET
Table 'Mentor' 2-max Seat #2 is the button
Seat 1: ct-650 ($228.20 in chips)
Seat 2: jl45259071 ($92.32 in chips)
jl45259071: posts small blind $1
ct-650: posts big blind $3
*** HOLE CARDS ***
jl45259071: calls $2
ct-650: checks
*** FLOP *** [Ks 9d Qc]
ct-650: bets $3
jl45259071: calls $3
*** TURN *** [Ks 9d Qc] [5s]
ct-650: bets $6
jl45259071: raises $6 to $12
ct-650: raises $6 to $18
jl45259071: raises $6 to $24
Betting is capped
ct-650: calls $6
*** RIVER *** [Ks 9d Qc 5s] [Qd]
ct-650: bets $6
jl45259071: raises $6 to $12
ct-650: calls $6
*** SHOW DOWN ***
jl45259071: shows [Qh Kc] (a full house, Queens full of Kings)
ct-650: mucks hand
jl45259071 collected $83.50 from pot
*** SUMMARY ***
Total pot $84 | Rake $0.50
Board [Ks 9d Qc 5s Qd]
Seat 1: ct-650 (big blind) mucked
Seat 2: jl45259071 (button) (small blind) showed [Qh Kc] and won ($83.50) with a full house, Queens full of Kings


PokerStars Hand #148655485345:  Hold'em Limit ($3/$6 USD) - 2016/02/12 0:29:17 ET
Table 'Mentor' 2-max Seat #1 is the button
Seat 1: ct-650 ($188.96 in chips)
Seat 2: jl45259071 ($130.70 in chips)
ct-650: posts small blind $1
jl45259071: posts big blind $3
*** HOLE CARDS ***
ct-650: raises $3 to $6
jl45259071: calls $3
*** FLOP *** [8s Js Td]
jl45259071: checks
ct-650: checks
*** TURN *** [8s Js Td] [4h]
jl45259071: bets $6
ct-650: folds
Uncalled bet ($6) returned to jl45259071
jl45259071 collected $11.76 from pot
jl45259071: doesn't show hand
*** SUMMARY ***
Total pot $12 | Rake $0.24
Board [8s Js Td 4h]
Seat 1: ct-650 (button) (small blind) folded on the Turn
Seat 2: jl45259071 (big blind) collected ($11.76)


PokerStars Hand #148655488043:  Hold'em Limit ($3/$6 USD) - 2016/02/12 0:29:27 ET
Table 'Mentor' 2-max Seat #2 is the button
Seat 1: ct-650 ($182.96 in chips)
Seat 2: jl45259071 ($136.46 in chips)
jl45259071: posts small blind $1
ct-650: posts big blind $3
*** HOLE CARDS ***
jl45259071: calls $2
ct-650: raises $3 to $6
jl45259071: calls $3
*** FLOP *** [8c Td Js]
ct-650: bets $3
jl45259071: calls $3
*** TURN *** [8c Td Js] [3d]
ct-650: bets $6
jl45259071: calls $6
*** RIVER *** [8c Td Js 3d] [2h]
ct-650: bets $6
jl45259071: calls $6
*** SHOW DOWN ***
ct-650: shows [9s 9c] (a pair of Nines)
jl45259071: mucks hand
ct-650 collected $41.50 from pot
*** SUMMARY ***
Total pot $42 | Rake $0.50
Board [8c Td Js 3d 2h]
Seat 1: ct-650 (big blind) showed [9s 9c] and won ($41.50) with a pair of Nines
Seat 2: jl45259071 (button) (small blind) mucked


PokerStars Hand #148655479172:  Hold'em Limit ($3/$6 USD) - 2016/02/12 0:28:55 ET
Table 'Mentor' 2-max Seat #1 is the button
Seat 1: ct-650 ($186.20 in chips)
Seat 2: jl45259071 ($133.82 in chips)
ct-650: posts small blind $1
jl45259071: posts big blind $3
*** HOLE CARDS ***
ct-650: raises $3 to $6
jl45259071: calls $3
*** FLOP *** [Ts 4h Kd]
jl45259071: checks
ct-650: checks
*** TURN *** [Ts 4h Kd] [3c]
jl45259071: checks
ct-650: bets $6
jl45259071: folds
Uncalled bet ($6) returned to ct-650
ct-650 collected $11.76 from pot
*** SUMMARY ***
Total pot $12 | Rake $0.24
Board [Ts 4h Kd 3c]
Seat 1: ct-650 (button) (small blind) collected ($11.76)
Seat 2: jl45259071 (big blind) folded on the Turn


PokerStars Hand #148655482489:  Hold'em Limit ($3/$6 USD) - 2016/02/12 0:29:07 ET
Table 'Mentor' 2-max Seat #2 is the button
Seat 1: ct-650 ($191.96 in chips)
Seat 2: jl45259071 ($127.82 in chips)
jl45259071: posts small blind $1
ct-650: posts big blind $3
*** HOLE CARDS ***
jl45259071: calls $2
ct-650: checks
*** FLOP *** [Kh 9c Ah]
ct-650: checks
jl45259071: bets $3
ct-650: folds
Uncalled bet ($3) returned to jl45259071
jl45259071 collected $5.88 from pot
jl45259071: doesn't show hand
*** SUMMARY ***
Total pot $6 | Rake $0.12
Board [Kh 9c Ah]
Seat 1: ct-650 (big blind) folded on the Flop
Seat 2: jl45259071 (button) (small blind) collected ($5.88)


PokerStars Hand #148655491845:  Hold'em Limit ($3/$6 USD) - 2016/02/12 0:29:41 ET
Table 'Mentor' 2-max Seat #1 is the button
Seat 1: ct-650 ($203.46 in chips)
Seat 2: jl45259071 ($115.46 in chips)
ct-650: posts small blind $1
jl45259071: posts big blind $3
*** HOLE CARDS ***
ct-650: raises $3 to $6
jl45259071: calls $3
*** FLOP *** [5d 8c 9s]
jl45259071: checks
ct-650: bets $3
jl45259071: calls $3
*** TURN *** [5d 8c 9s] [Jc]
jl45259071: checks
ct-650: bets $6
jl45259071: calls $6
*** RIVER *** [5d 8c 9s Jc] [3s]
jl45259071: checks
ct-650: bets $6
jl45259071: folds
Uncalled bet ($6) returned to ct-650
ct-650 collected $29.50 from pot
*** SUMMARY ***
Total pot $30 | Rake $0.50
Board [5d 8c 9s Jc 3s]
Seat 1: ct-650 (button) (small blind) collected ($29.50)
Seat 2: jl45259071 (big blind) folded on the River


PokerStars Hand #148655499737:  Hold'em Limit ($3/$6 USD) - 2016/02/12 0:30:09 ET
Table 'Mentor' 2-max Seat #1 is the button
Seat 1: ct-650 ($211.96 in chips)
Seat 2: jl45259071 ($106.22 in chips)
ct-650: posts small blind $1
jl45259071: posts big blind $3
*** HOLE CARDS ***
ct-650: raises $3 to $6
jl45259071: calls $3
*** FLOP *** [5h Js 9s]
jl45259071: checks
ct-650: bets $3
jl45259071: calls $3
*** TURN *** [5h Js 9s] [6h]
jl45259071: checks
ct-650: checks
*** RIVER *** [5h Js 9s 6h] [7s]
jl45259071: bets $6
ct-650: calls $6
*** SHOW DOWN ***
jl45259071: shows [7h 8d] (a straight, Five to Nine)
ct-650: mucks hand
jl45259071 collected $29.50 from pot
*** SUMMARY ***
Total pot $30 | Rake $0.50
Board [5h Js 9s 6h 7s]
Seat 1: ct-650 (button) (small blind) mucked
Seat 2: jl45259071 (big blind) showed [7h 8d] and won ($29.50) with a straight, Five to Nine


PokerStars Hand #148655504813:  Hold'em Limit ($3/$6 USD) - 2016/02/12 0:30:27 ET
Table 'Mentor' 2-max Seat #2 is the button
Seat 1: ct-650 ($196.96 in chips)
Seat 2: jl45259071 ($120.72 in chips)
jl45259071: posts small blind $1
ct-650: posts big blind $3
*** HOLE CARDS ***
jl45259071: raises $3 to $6
ct-650: calls $3
*** FLOP *** [2s 9h Td]
ct-650: checks
jl45259071: bets $3
ct-650: calls $3
*** TURN *** [2s 9h Td] [Jc]
ct-650: checks
jl45259071: checks
*** RIVER *** [2s 9h Td Jc] [6s]
ct-650: bets $6
jl45259071: calls $6
*** SHOW DOWN ***
ct-650: shows [9c 8h] (a pair of Nines)
jl45259071: shows [Ad 9d] (a pair of Nines - Ace kicker)
jl45259071 collected $29.50 from pot
*** SUMMARY ***
Total pot $30 | Rake $0.50
Board [2s 9h Td Jc 6s]
Seat 1: ct-650 (big blind) showed [9c 8h] and lost with a pair of Nines
Seat 2: jl45259071 (button) (small blind) showed [Ad 9d] and won ($29.50) with a pair of Nines


PokerStars Hand #148655509119:  Hold'em Limit ($3/$6 USD) - 2016/02/12 0:30:42 ET
Table 'Mentor' 2-max Seat #1 is the button
Seat 1: ct-650 ($181.96 in chips)
Seat 2: jl45259071 ($135.22 in chips)
ct-650: posts small blind $1
jl45259071: posts big blind $3
*** HOLE CARDS ***
ct-650: folds
Uncalled bet ($2) returned to jl45259071
jl45259071 collected $2 from pot
jl45259071: doesn't show hand
*** SUMMARY ***
Total pot $2 | Rake $0
Seat 1: ct-650 (button) (small blind) folded before Flop
Seat 2: jl45259071 (big blind) collected ($2)


PokerStars Hand #148655496029:  Hold'em Limit ($3/$6 USD) - 2016/02/12 0:29:55 ET
Table 'Mentor' 2-max Seat #2 is the button
Seat 1: ct-650 ($217.96 in chips)
Seat 2: jl45259071 ($100.46 in chips)
jl45259071: posts small blind $1
ct-650: posts big blind $3
*** HOLE CARDS ***
jl45259071: calls $2
ct-650: checks
*** FLOP *** [3d 7s Th]
ct-650: bets $3
jl45259071: calls $3
*** TURN *** [3d 7s Th] [Jd]
ct-650: checks
jl45259071: checks
*** RIVER *** [3d 7s Th Jd] [Kh]
ct-650: checks
jl45259071: bets $6
ct-650: folds
Uncalled bet ($6) returned to jl45259071
jl45259071 collected $11.76 from pot
jl45259071: doesn't show hand
*** SUMMARY ***
Total pot $12 | Rake $0.24
Board [3d 7s Th Jd Kh]
Seat 1: ct-650 (big blind) folded on the River
Seat 2: jl45259071 (button) (small blind) collected ($11.76)


PokerStars Hand #148655510491:  Hold'em Limit ($3/$6 USD) - 2016/02/12 0:30:47 ET
Table 'Mentor' 2-max Seat #2 is the button
Seat 1: ct-650 ($180.96 in chips)
Seat 2: jl45259071 ($136.22 in chips)
jl45259071: posts small blind $1
ct-650: posts big blind $3
*** HOLE CARDS ***
jl45259071: calls $2
ct-650: checks
*** FLOP *** [4c 2d 6d]
ct-650: bets $3
jl45259071: calls $3
*** TURN *** [4c 2d 6d] [7h]
ct-650: bets $6
jl45259071: folds
Uncalled bet ($6) returned to ct-650
ct-650 collected $11.76 from pot
*** SUMMARY ***
Total pot $12 | Rake $0.24
Board [4c 2d 6d 7h]
Seat 1: ct-650 (big blind) collected ($11.76)
Seat 2: jl45259071 (button) (small blind) folded on the Turn


PokerStars Hand #148655513616:  Hold'em Limit ($3/$6 USD) - 2016/02/12 0:30:58 ET
Table 'Mentor' 2-max Seat #1 is the button
Seat 1: ct-650 ($186.72 in chips)
Seat 2: jl45259071 ($130.22 in chips)
ct-650: posts small blind $1
jl45259071: posts big blind $3
*** HOLE CARDS ***
ct-650: raises $3 to $6
jl45259071: calls $3
*** FLOP *** [Js 3c 8c]
jl45259071: checks
ct-650: checks
*** TURN *** [Js 3c 8c] [5c]
jl45259071: bets $6
ct-650: folds
Uncalled bet ($6) returned to jl45259071
jl45259071 collected $11.76 from pot
jl45259071: doesn't show hand
*** SUMMARY ***
Total pot $12 | Rake $0.24
Board [Js 3c 8c 5c]
Seat 1: ct-650 (button) (small blind) folded on the Turn
Seat 2: jl45259071 (big blind) collected ($11.76)


PokerStars Hand #148655516577:  Hold'em Limit ($3/$6 USD) - 2016/02/12 0:31:08 ET
Table 'Mentor' 2-max Seat #2 is the button
Seat 1: ct-650 ($180.72 in chips)
Seat 2: jl45259071 ($135.98 in chips)
jl45259071: posts small blind $1
ct-650: posts big blind $3
*** HOLE CARDS ***
jl45259071: calls $2
ct-650: raises $3 to $6
jl45259071: calls $3
*** FLOP *** [2s 5c 3c]
ct-650: bets $3
jl45259071: calls $3
*** TURN *** [2s 5c 3c] [5d]
ct-650: bets $6
jl45259071: calls $6
*** RIVER *** [2s 5c 3c 5d] [7h]
ct-650: bets $6
jl45259071: calls $6
*** SHOW DOWN ***
ct-650: shows [Jh Jd] (two pair, Jacks and Fives)
jl45259071: mucks hand
ct-650 collected $41.50 from pot
*** SUMMARY ***
Total pot $42 | Rake $0.50
Board [2s 5c 3c 5d 7h]
Seat 1: ct-650 (big blind) showed [Jh Jd] and won ($41.50) with two pair, Jacks and Fives
Seat 2: jl45259071 (button) (small blind) mucked


PokerStars Hand #148655520106:  Hold'em Limit ($3/$6 USD) - 2016/02/12 0:31:21 ET
Table 'Mentor' 2-max Seat #1 is the button
Seat 1: ct-650 ($201.22 in chips)
Seat 2: jl45259071 ($114.98 in chips)
ct-650: posts small blind $1
jl45259071: posts big blind $3
*** HOLE CARDS ***
ct-650: raises $3 to $6
jl45259071: calls $3
*** FLOP *** [Jc 5s Js]
jl45259071: checks
ct-650: bets $3
jl45259071: calls $3
*** TURN *** [Jc 5s Js] [3c]
jl45259071: checks
ct-650: bets $6
jl45259071: calls $6
*** RIVER *** [Jc 5s Js 3c] [8h]
jl45259071: checks
ct-650: bets $6
jl45259071: folds
Uncalled bet ($6) returned to ct-650
ct-650 collected $29.50 from pot
*** SUMMARY ***
Total pot $30 | Rake $0.50
Board [Jc 5s Js 3c 8h]
Seat 1: ct-650 (button) (small blind) collected ($29.50)
Seat 2: jl45259071 (big blind) folded on the River


PokerStars Hand #148655525157:  Hold'em Limit ($3/$6 USD) - 2016/02/12 0:31:38 ET
Table 'Mentor' 2-max Seat #2 is the button
Seat 1: ct-650 ($215.72 in chips)
Seat 2: jl45259071 ($99.98 in chips)
jl45259071: posts small blind $1
ct-650: posts big blind $3
*** HOLE CARDS ***
jl45259071: calls $2
ct-650: raises $3 to $6
jl45259071: calls $3
*** FLOP *** [8d 9s Tc]
ct-650: bets $3
jl45259071: calls $3
*** TURN *** [8d 9s Tc] [8c]
ct-650: bets $6
jl45259071: calls $6
*** RIVER *** [8d 9s Tc 8c] [Td]
ct-650: bets $6
jl45259071: calls $6
*** SHOW DOWN ***
ct-650: shows [8h Ah] (a full house, Eights full of Tens)
jl45259071: mucks hand
ct-650 collected $41.50 from pot
*** SUMMARY ***
Total pot $42 | Rake $0.50
Board [8d 9s Tc 8c Td]
Seat 1: ct-650 (big blind) showed [8h Ah] and won ($41.50) with a full house, Eights full of Tens
Seat 2: jl45259071 (button) (small blind) mucked


PokerStars Hand #148655547574:  Hold'em Limit ($3/$6 USD) - 2016/02/12 0:32:58 ET
Table 'Mentor' 2-max Seat #1 is the button
Seat 1: ct-650 ($249.88 in chips)
Seat 2: jl45259071 ($63.48 in chips)
ct-650: posts small blind $1
jl45259071: posts big blind $3
*** HOLE CARDS ***
ct-650: folds
Uncalled bet ($2) returned to jl45259071
jl45259071 collected $2 from pot
jl45259071: doesn't show hand
*** SUMMARY ***
Total pot $2 | Rake $0
Seat 1: ct-650 (button) (small blind) folded before Flop
Seat 2: jl45259071 (big blind) collected ($2)


PokerStars Hand #148655543802:  Hold'em Limit ($3/$6 USD) - 2016/02/12 0:32:44 ET
Table 'Mentor' 2-max Seat #2 is the button
Seat 1: ct-650 ($238.36 in chips)
Seat 2: jl45259071 ($75.48 in chips)
jl45259071: posts small blind $1
ct-650: posts big blind $3
*** HOLE CARDS ***
jl45259071: calls $2
ct-650: checks
*** FLOP *** [5d 4c 2c]
ct-650: checks
jl45259071: bets $3
ct-650: calls $3
*** TURN *** [5d 4c 2c] [8d]
ct-650: checks
jl45259071: checks
*** RIVER *** [5d 4c 2c 8d] [Jd]
ct-650: bets $6
jl45259071: calls $6
*** SHOW DOWN ***
ct-650: shows [Qd 2d] (a flush, Queen high)
jl45259071: mucks hand
ct-650 collected $23.52 from pot
*** SUMMARY ***
Total pot $24 | Rake $0.48
Board [5d 4c 2c 8d Jd]
Seat 1: ct-650 (big blind) showed [Qd 2d] and won ($23.52) with a flush, Queen high
Seat 2: jl45259071 (button) (small blind) mucked


PokerStars Hand #148655529346:  Hold'em Limit ($3/$6 USD) - 2016/02/12 0:31:53 ET
Table 'Mentor' 2-max Seat #1 is the button
Seat 1: ct-650 ($236.22 in chips)
Seat 2: jl45259071 ($78.98 in chips)
ct-650: posts small blind $1
jl45259071: posts big blind $3
*** HOLE CARDS ***
ct-650: raises $3 to $6
jl45259071: raises $3 to $9
ct-650: calls $3
*** FLOP *** [Ad 4d Kd]
jl45259071: bets $3
ct-650: calls $3
*** TURN *** [Ad 4d Kd] [Qc]
jl45259071: bets $6
ct-650: calls $6
*** RIVER *** [Ad 4d Kd Qc] [4s]
jl45259071: bets $6
ct-650: calls $6
*** SHOW DOWN ***
jl45259071: shows [9h 9s] (two pair, Nines and Fours)
ct-650: shows [Kh 8d] (two pair, Kings and Fours)
ct-650 collected $47.50 from pot
*** SUMMARY ***
Total pot $48 | Rake $0.50
Board [Ad 4d Kd Qc 4s]
Seat 1: ct-650 (button) (small blind) showed [Kh 8d] and won ($47.50) with two pair, Kings and Fours
Seat 2: jl45259071 (big blind) showed [9h 9s] and lost with two pair, Nines and Fours


PokerStars Hand #148655533975:  Hold'em Limit ($3/$6 USD) - 2016/02/12 0:32:10 ET
Table 'Mentor' 2-max Seat #2 is the button
Seat 1: ct-650 ($259.72 in chips)
Seat 2: jl45259071 ($54.98 in chips)
jl45259071: posts small blind $1
ct-650: posts big blind $3
*** HOLE CARDS ***
jl45259071: calls $2
ct-650: checks
*** FLOP *** [5d 9s 3d]
ct-650: bets $3
jl45259071: raises $3 to $6
ct-650: calls $3
*** TURN *** [5d 9s 3d] [6s]
ct-650: checks
jl45259071: checks
*** RIVER *** [5d 9s 3d 6s] [Kc]
ct-650: checks
jl45259071: checks
*** SHOW DOWN ***
ct-650: shows [4h 5h] (a pair of Fives)
jl45259071: mucks hand
ct-650 collected $17.64 from pot
*** SUMMARY ***
Total pot $18 | Rake $0.36
Board [5d 9s 3d 6s Kc]
Seat 1: ct-650 (big blind) showed [4h 5h] and won ($17.64) with a pair of Fives
Seat 2: jl45259071 (button) (small blind) mucked


PokerStars Hand #148655538468:  Hold'em Limit ($3/$6 USD) - 2016/02/12 0:32:26 ET
Table 'Mentor' 2-max Seat #1 is the button
Seat 1: ct-650 ($268.36 in chips)
Seat 2: jl45259071 ($45.98 in chips)
ct-650: posts small blind $1
jl45259071: posts big blind $3
*** HOLE CARDS ***
ct-650: raises $3 to $6
jl45259071: calls $3
*** FLOP *** [2d 7d 9h]
jl45259071: checks
ct-650: checks
*** TURN *** [2d 7d 9h] [Tc]
jl45259071: bets $6
ct-650: raises $6 to $12
jl45259071: raises $6 to $18
ct-650: calls $6
*** RIVER *** [2d 7d 9h Tc] [5c]
jl45259071: bets $6
ct-650: calls $6
*** SHOW DOWN ***
jl45259071: shows [Ts 2s] (two pair, Tens and Deuces)
ct-650: mucks hand
jl45259071 collected $59.50 from pot
*** SUMMARY ***
Total pot $60 | Rake $0.50
Board [2d 7d 9h Tc 5c]
Seat 1: ct-650 (button) (small blind) mucked
Seat 2: jl45259071 (big blind) showed [Ts 2s] and won ($59.50) with two pair, Tens and Deuces


PokerStars Hand #148655555263:  Hold'em Limit ($3/$6 USD) - 2016/02/12 0:33:25 ET
Table 'Mentor' 2-max Seat #2 is the button
Seat 1: ct-650 ($251.58 in chips)
Seat 2: jl45259071 ($61.30 in chips)
jl45259071: posts small blind $1
ct-650: posts big blind $3
*** HOLE CARDS ***
jl45259071: folds
Uncalled bet ($2) returned to ct-650
ct-650 collected $2 from pot
*** SUMMARY ***
Total pot $2 | Rake $0
Seat 1: ct-650 (big blind) collected ($2)
Seat 2: jl45259071 (button) (small blind) folded before Flop


PokerStars Hand #148655548852:  Hold'em Limit ($3/$6 USD) - 2016/02/12 0:33:03 ET
Table 'Mentor' 2-max Seat #2 is the button
Seat 1: ct-650 ($248.88 in chips)
Seat 2: jl45259071 ($64.48 in chips)
jl45259071: posts small blind $1
ct-650: posts big blind $3
*** HOLE CARDS ***
jl45259071: calls $2
ct-650: checks
*** FLOP *** [Kh Ac 7d]
ct-650: bets $3
jl45259071: folds
Uncalled bet ($3) returned to ct-650
ct-650 collected $5.88 from pot
*** SUMMARY ***
Total pot $6 | Rake $0.12
Board [Kh Ac 7d]
Seat 1: ct-650 (big blind) collected ($5.88)
Seat 2: jl45259071 (button) (small blind) folded on the Flop


PokerStars Hand #148655560504:  Hold'em Limit ($3/$6 USD) - 2016/02/12 0:33:44 ET
Table 'Mentor' 2-max Seat #2 is the button
Seat 1: ct-650 ($261.22 in chips)
Seat 2: jl45259071 ($51.30 in chips)
jl45259071: posts small blind $1
ct-650: posts big blind $3
*** HOLE CARDS ***
jl45259071: calls $2
ct-650: raises $3 to $6
jl45259071: calls $3
*** FLOP *** [Qc Js Kd]
ct-650: bets $3
jl45259071: calls $3
*** TURN *** [Qc Js Kd] [6c]
ct-650: bets $6
jl45259071: folds
Uncalled bet ($6) returned to ct-650
ct-650 collected $17.64 from pot
*** SUMMARY ***
Total pot $18 | Rake $0.36
Board [Qc Js Kd 6c]
Seat 1: ct-650 (big blind) collected ($17.64)
Seat 2: jl45259071 (button) (small blind) folded on the Turn


PokerStars Hand #148655551449:  Hold'em Limit ($3/$6 USD) - 2016/02/12 0:33:12 ET
Table 'Mentor' 2-max Seat #1 is the button
Seat 1: ct-650 ($251.76 in chips)
Seat 2: jl45259071 ($61.48 in chips)
ct-650: posts small blind $1
jl45259071: posts big blind $3
*** HOLE CARDS ***
ct-650: raises $3 to $6
jl45259071: calls $3
*** FLOP *** [7h 2h 2s]
jl45259071: checks
ct-650: bets $3
jl45259071: calls $3
*** TURN *** [7h 2h 2s] [Ac]
jl45259071: checks
ct-650: checks
*** RIVER *** [7h 2h 2s Ac] [Jh]
jl45259071: checks
ct-650: checks
*** SHOW DOWN ***
jl45259071: shows [8h Ks] (a pair of Deuces)
ct-650: shows [Kd Ts] (a pair of Deuces)
jl45259071 collected $8.82 from pot
ct-650 collected $8.82 from pot
*** SUMMARY ***
Total pot $18 | Rake $0.36
Board [7h 2h 2s Ac Jh]
Seat 1: ct-650 (button) (small blind) showed [Kd Ts] and won ($8.82) with a pair of Deuces
Seat 2: jl45259071 (big blind) showed [8h Ks] and won ($8.82) with a pair of Deuces


PokerStars Hand #148655571832:  Hold'em Limit ($3/$6 USD) - 2016/02/12 0:34:24 ET
Table 'Mentor' 2-max Seat #1 is the button
Seat 1: ct-650 ($295.88 in chips)
Seat 2: jl45259071 ($15.30 in chips)
ct-650: posts small blind $1
jl45259071: posts big blind $3
*** HOLE CARDS ***
ct-650: raises $3 to $6
jl45259071: calls $3
*** FLOP *** [Jd 4s 8s]
jl45259071: checks
ct-650: bets $3
jl45259071: raises $3 to $6
ct-650: folds
Uncalled bet ($3) returned to jl45259071
jl45259071 collected $17.64 from pot
jl45259071: doesn't show hand
*** SUMMARY ***
Total pot $18 | Rake $0.36
Board [Jd 4s 8s]
Seat 1: ct-650 (button) (small blind) folded on the Flop
Seat 2: jl45259071 (big blind) collected ($17.64)


PokerStars Hand #148655563717:  Hold'em Limit ($3/$6 USD) - 2016/02/12 0:33:55 ET
Table 'Mentor' 2-max Seat #1 is the button
Seat 1: ct-650 ($269.86 in chips)
Seat 2: jl45259071 ($42.30 in chips)
ct-650: posts small blind $1
jl45259071: posts big blind $3
*** HOLE CARDS ***
ct-650: raises $3 to $6
jl45259071: calls $3
*** FLOP *** [Ad 2s 6s]
jl45259071: checks
ct-650: bets $3
jl45259071: calls $3
*** TURN *** [Ad 2s 6s] [2c]
jl45259071: checks
ct-650: bets $6
jl45259071: calls $6
*** RIVER *** [Ad 2s 6s 2c] [3d]
jl45259071: checks
ct-650: bets $6
jl45259071: folds
Uncalled bet ($6) returned to ct-650
ct-650 collected $29.50 from pot
*** SUMMARY ***
Total pot $30 | Rake $0.50
Board [Ad 2s 6s 2c 3d]
Seat 1: ct-650 (button) (small blind) collected ($29.50)
Seat 2: jl45259071 (big blind) folded on the River


PokerStars Hand #148655568232:  Hold'em Limit ($3/$6 USD) - 2016/02/12 0:34:11 ET
Table 'Mentor' 2-max Seat #2 is the button
Seat 1: ct-650 ($284.36 in chips)
Seat 2: jl45259071 ($27.30 in chips)
jl45259071: posts small blind $1
ct-650: posts big blind $3
*** HOLE CARDS ***
jl45259071: calls $2
ct-650: checks
*** FLOP *** [8s 7h 5s]
ct-650: bets $3
jl45259071: calls $3
*** TURN *** [8s 7h 5s] [2s]
ct-650: bets $6
jl45259071: calls $6
*** RIVER *** [8s 7h 5s 2s] [6h]
ct-650: bets $6
jl45259071: folds
Uncalled bet ($6) returned to ct-650
ct-650 collected $23.52 from pot
*** SUMMARY ***
Total pot $24 | Rake $0.48
Board [8s 7h 5s 2s 6h]
Seat 1: ct-650 (big blind) collected ($23.52)
Seat 2: jl45259071 (button) (small blind) folded on the River


PokerStars Hand #148655577830:  Hold'em Limit ($3/$6 USD) - 2016/02/12 0:34:45 ET
Table 'Mentor' 2-max Seat #1 is the button
Seat 1: ct-650 ($289.76 in chips)
Seat 2: jl45259071 ($20.94 in chips)
ct-650: posts small blind $1
jl45259071: posts big blind $3
*** HOLE CARDS ***
ct-650: raises $3 to $6
jl45259071: calls $3
*** FLOP *** [8s Kc Ah]
jl45259071: checks
ct-650: bets $3
jl45259071: folds
Uncalled bet ($3) returned to ct-650
ct-650 collected $11.76 from pot
*** SUMMARY ***
Total pot $12 | Rake $0.24
Board [8s Kc Ah]
Seat 1: ct-650 (button) (small blind) collected ($11.76)
Seat 2: jl45259071 (big blind) folded on the Flop


PokerStars Hand #148655580121:  Hold'em Limit ($3/$6 USD) - 2016/02/12 0:34:53 ET
Table 'Mentor' 2-max Seat #2 is the button
Seat 1: ct-650 ($295.52 in chips)
Seat 2: jl45259071 ($14.94 in chips)
jl45259071: posts small blind $1
ct-650: posts big blind $3
*** HOLE CARDS ***
jl45259071: calls $2
ct-650: checks
*** FLOP *** [9d Tc 6h]
ct-650: checks
jl45259071: checks
*** TURN *** [9d Tc 6h] [2h]
ct-650: checks
jl45259071: bets $6
ct-650: folds
Uncalled bet ($6) returned to jl45259071
jl45259071 collected $5.88 from pot
jl45259071: doesn't show hand
*** SUMMARY ***
Total pot $6 | Rake $0.12
Board [9d Tc 6h 2h]
Seat 1: ct-650 (big blind) folded on the Turn
Seat 2: jl45259071 (button) (small blind) collected ($5.88)


PokerStars Hand #148655587092:  Hold'em Limit ($3/$6 USD) - 2016/02/12 0:35:18 ET
Table 'Mentor' 2-max Seat #2 is the button
Seat 1: ct-650 ($301.16 in chips)
Seat 2: jl45259071 ($8.82 in chips)
jl45259071: posts small blind $1
ct-650: posts big blind $3
*** HOLE CARDS ***
jl45259071: raises $3 to $6
ct-650: folds
Uncalled bet ($3) returned to jl45259071
jl45259071 collected $6 from pot
jl45259071: doesn't show hand
*** SUMMARY ***
Total pot $6 | Rake $0
Seat 1: ct-650 (big blind) folded before Flop
Seat 2: jl45259071 (button) (small blind) collected ($6)


PokerStars Hand #148655583410:  Hold'em Limit ($3/$6 USD) - 2016/02/12 0:35:05 ET
Table 'Mentor' 2-max Seat #1 is the button
Seat 1: ct-650 ($292.52 in chips)
Seat 2: jl45259071 ($17.82 in chips)
ct-650: posts small blind $1
jl45259071: posts big blind $3
*** HOLE CARDS ***
ct-650: raises $3 to $6
jl45259071: calls $3
*** FLOP *** [5s 9s 2d]
jl45259071: checks
ct-650: bets $3
jl45259071: calls $3
*** TURN *** [5s 9s 2d] [Th]
jl45259071: checks
ct-650: checks
*** RIVER *** [5s 9s 2d Th] [Ad]
jl45259071: checks
ct-650: checks
*** SHOW DOWN ***
jl45259071: shows [7c Qd] (high card Ace)
ct-650: shows [Jh Kh] (high card Ace - King kicker)
ct-650 collected $17.64 from pot
*** SUMMARY ***
Total pot $18 | Rake $0.36
Board [5s 9s 2d Th Ad]
Seat 1: ct-650 (button) (small blind) showed [Jh Kh] and won ($17.64) with high card Ace
Seat 2: jl45259071 (big blind) showed [7c Qd] and lost with high card Ace


PokerStars Hand #148655588630:  Hold'em Limit ($3/$6 USD) - 2016/02/12 0:35:23 ET
Table 'Mentor' 2-max Seat #1 is the button
Seat 1: ct-650 ($298.16 in chips)
Seat 2: jl45259071 ($11.82 in chips)
ct-650: posts small blind $1
jl45259071: posts big blind $3
*** HOLE CARDS ***
ct-650: raises $3 to $6
jl45259071: calls $3
*** FLOP *** [5c Kc Ac]
jl45259071: checks
ct-650: bets $3
jl45259071: raises $2.82 to $5.82 and is all-in
ct-650: calls $2.82
*** TURN *** [5c Kc Ac] [6c]
*** RIVER *** [5c Kc Ac 6c] [2s]
*** SHOW DOWN ***
jl45259071: shows [5h 8h] (a pair of Fives)
ct-650: shows [4h 9h] (high card Ace)
jl45259071 collected $23.17 from pot
*** SUMMARY ***
Total pot $23.64 | Rake $0.47
Board [5c Kc Ac 6c 2s]
Seat 1: ct-650 (button) (small blind) showed [4h 9h] and lost with high card Ace
Seat 2: jl45259071 (big blind) showed [5h 8h] and won ($23.17) with a pair of Fives


PokerStars Hand #148655595309:  Hold'em Limit ($3/$6 USD) - 2016/02/12 0:35:47 ET
Table 'Mentor' 2-max Seat #1 is the button
Seat 1: ct-650 ($283.34 in chips)
Seat 2: jl45259071 ($26.05 in chips)
ct-650: posts small blind $1
jl45259071: posts big blind $3
*** HOLE CARDS ***
ct-650: raises $3 to $6
jl45259071: calls $3
*** FLOP *** [7s 4s 9c]
jl45259071: checks
ct-650: bets $3
jl45259071: calls $3
*** TURN *** [7s 4s 9c] [Ad]
jl45259071: checks
ct-650: bets $6
jl45259071: folds
Uncalled bet ($6) returned to ct-650
ct-650 collected $17.64 from pot
*** SUMMARY ***
Total pot $18 | Rake $0.36
Board [7s 4s 9c Ad]
Seat 1: ct-650 (button) (small blind) collected ($17.64)
Seat 2: jl45259071 (big blind) folded on the Turn


PokerStars Hand #148655593010:  Hold'em Limit ($3/$6 USD) - 2016/02/12 0:35:39 ET
Table 'Mentor' 2-max Seat #2 is the button
Seat 1: ct-650 ($286.34 in chips)
Seat 2: jl45259071 ($23.17 in chips)
jl45259071: posts small blind $1
ct-650: posts big blind $3
*** HOLE CARDS ***
jl45259071: calls $2
ct-650: checks
*** FLOP *** [8d 6h Jc]
ct-650: checks
jl45259071: bets $3
ct-650: folds
Uncalled bet ($3) returned to jl45259071
jl45259071 collected $5.88 from pot
jl45259071: doesn't show hand
*** SUMMARY ***
Total pot $6 | Rake $0.12
Board [8d 6h Jc]
Seat 1: ct-650 (big blind) folded on the Flop
Seat 2: jl45259071 (button) (small blind) collected ($5.88)


PokerStars Hand #148655610963:  Hold'em Limit ($3/$6 USD) - 2016/02/12 0:36:43 ET
Table 'Mentor' 2-max Seat #2 is the button
Seat 1: ct-650 ($270.69 in chips)
Seat 2: jl45259071 ($37.24 in chips)
jl45259071: posts small blind $1
ct-650: posts big blind $3
*** HOLE CARDS ***
jl45259071: calls $2
ct-650: raises $3 to $6
jl45259071: calls $3
*** FLOP *** [Jd 3c Js]
ct-650: bets $3
jl45259071: calls $3
*** TURN *** [Jd 3c Js] [5d]
ct-650: bets $6
jl45259071: calls $6
*** RIVER *** [Jd 3c Js 5d] [Ah]
ct-650: bets $6
jl45259071: folds
Uncalled bet ($6) returned to ct-650
ct-650 collected $29.50 from pot
*** SUMMARY ***
Total pot $30 | Rake $0.50
Board [Jd 3c Js 5d Ah]
Seat 1: ct-650 (big blind) collected ($29.50)
Seat 2: jl45259071 (button) (small blind) folded on the River


PokerStars Hand #148655604377:  Hold'em Limit ($3/$6 USD) - 2016/02/12 0:36:19 ET
Table 'Mentor' 2-max Seat #2 is the button
Seat 1: ct-650 ($273.93 in chips)
Seat 2: jl45259071 ($34.60 in chips)
jl45259071: posts small blind $1
ct-650: posts big blind $3
*** HOLE CARDS ***
jl45259071: calls $2
ct-650: raises $3 to $6
jl45259071: calls $3
*** FLOP *** [Tc Qs 9d]
ct-650: bets $3
jl45259071: folds
Uncalled bet ($3) returned to ct-650
ct-650 collected $11.76 from pot
*** SUMMARY ***
Total pot $12 | Rake $0.24
Board [Tc Qs 9d]
Seat 1: ct-650 (big blind) collected ($11.76)
Seat 2: jl45259071 (button) (small blind) folded on the Flop


PokerStars Hand #148655598475:  Hold'em Limit ($3/$6 USD) - 2016/02/12 0:35:58 ET
Table 'Mentor' 2-max Seat #2 is the button
Seat 1: ct-650 ($291.98 in chips)
Seat 2: jl45259071 ($17.05 in chips)
jl45259071: posts small blind $1
ct-650: posts big blind $3
*** HOLE CARDS ***
jl45259071: calls $2
ct-650: raises $3 to $6
jl45259071: raises $3 to $9
ct-650: raises $3 to $12
Betting is capped
jl45259071: calls $3
*** FLOP *** [8h 2d Th]
ct-650: bets $3
jl45259071: raises $2.05 to $5.05 and is all-in
ct-650: calls $2.05
*** TURN *** [8h 2d Th] [Kc]
*** RIVER *** [8h 2d Th Kc] [5c]
*** SHOW DOWN ***
ct-650: shows [Jc Ad] (high card Ace)
jl45259071: shows [Jh Jd] (a pair of Jacks)
jl45259071 collected $33.60 from pot
*** SUMMARY ***
Total pot $34.10 | Rake $0.50
Board [8h 2d Th Kc 5c]
Seat 1: ct-650 (big blind) showed [Jc Ad] and lost with high card Ace
Seat 2: jl45259071 (button) (small blind) showed [Jh Jd] and won ($33.60) with a pair of Jacks


PokerStars Hand #148655603058:  Hold'em Limit ($3/$6 USD) - 2016/02/12 0:36:15 ET
Table 'Mentor' 2-max Seat #1 is the button
Seat 1: ct-650 ($274.93 in chips)
Seat 2: jl45259071 ($33.60 in chips)
ct-650: posts small blind $1
jl45259071: posts big blind $3
*** HOLE CARDS ***
ct-650: folds
Uncalled bet ($2) returned to jl45259071
jl45259071 collected $2 from pot
jl45259071: doesn't show hand
*** SUMMARY ***
Total pot $2 | Rake $0
Seat 1: ct-650 (button) (small blind) folded before Flop
Seat 2: jl45259071 (big blind) collected ($2)


PokerStars Hand #148655606612:  Hold'em Limit ($3/$6 USD) - 2016/02/12 0:36:27 ET
Table 'Mentor' 2-max Seat #1 is the button
Seat 1: ct-650 ($279.69 in chips)
Seat 2: jl45259071 ($28.60 in chips)
ct-650: posts small blind $1
jl45259071: posts big blind $3
*** HOLE CARDS ***
ct-650: raises $3 to $6
jl45259071: calls $3
*** FLOP *** [7s Ad 5d]
jl45259071: checks
ct-650: bets $3
jl45259071: calls $3
*** TURN *** [7s Ad 5d] [6d]
jl45259071: checks
ct-650: checks
*** RIVER *** [7s Ad 5d 6d] [9d]
jl45259071: checks
ct-650: checks
*** SHOW DOWN ***
jl45259071: shows [Ac 3c] (a pair of Aces)
ct-650: mucks hand
jl45259071 collected $17.64 from pot
*** SUMMARY ***
Total pot $18 | Rake $0.36
Board [7s Ad 5d 6d 9d]
Seat 1: ct-650 (button) (small blind) mucked
Seat 2: jl45259071 (big blind) showed [Ac 3c] and won ($17.64) with a pair of Aces


PokerStars Hand #148655615154:  Hold'em Limit ($3/$6 USD) - 2016/02/12 0:36:57 ET
Table 'Mentor' 2-max Seat #1 is the button
Seat 1: ct-650 ($285.19 in chips)
Seat 2: jl45259071 ($22.24 in chips)
ct-650: posts small blind $1
jl45259071: posts big blind $3
*** HOLE CARDS ***
ct-650: raises $3 to $6
jl45259071: raises $3 to $9
ct-650: calls $3
*** FLOP *** [Th 2s 2h]
jl45259071: bets $3
ct-650: folds
Uncalled bet ($3) returned to jl45259071
jl45259071 collected $17.64 from pot
jl45259071: doesn't show hand
*** SUMMARY ***
Total pot $18 | Rake $0.36
Board [Th 2s 2h]
Seat 1: ct-650 (button) (small blind) folded on the Flop
Seat 2: jl45259071 (big blind) collected ($17.64)


PokerStars Hand #148655622248:  Hold'em Limit ($3/$6 USD) - 2016/02/12 0:37:23 ET
Table 'Mentor' 2-max Seat #1 is the button
Seat 1: ct-650 ($279.07 in chips)
Seat 2: jl45259071 ($27.88 in chips)
ct-650: posts small blind $1
jl45259071: posts big blind $3
*** HOLE CARDS ***
ct-650: raises $3 to $6
jl45259071: calls $3
*** FLOP *** [Kc 8c Jd]
jl45259071: checks
ct-650: bets $3
jl45259071: calls $3
*** TURN *** [Kc 8c Jd] [Qc]
jl45259071: checks
ct-650: checks
*** RIVER *** [Kc 8c Jd Qc] [Td]
jl45259071: bets $6
ct-650: folds
Uncalled bet ($6) returned to jl45259071
jl45259071 collected $17.64 from pot
jl45259071: doesn't show hand
*** SUMMARY ***
Total pot $18 | Rake $0.36
Board [Kc 8c Jd Qc Td]
Seat 1: ct-650 (button) (small blind) folded on the River
Seat 2: jl45259071 (big blind) collected ($17.64)


PokerStars Hand #148655628295:  Hold'em Limit ($3/$6 USD) - 2016/02/12 0:37:44 ET
Table 'Mentor' 2-max Seat #1 is the button
Seat 1: ct-650 ($272.95 in chips)
Seat 2: jl45259071 ($33.52 in chips)
ct-650: posts small blind $1
jl45259071: posts big blind $3
*** HOLE CARDS ***
ct-650: raises $3 to $6
jl45259071: calls $3
*** FLOP *** [4h 8s 3s]
jl45259071: checks
ct-650: checks
*** TURN *** [4h 8s 3s] [As]
jl45259071: checks
ct-650: checks
*** RIVER *** [4h 8s 3s As] [5h]
jl45259071: checks
ct-650: bets $6
jl45259071: calls $6
*** SHOW DOWN ***
ct-650: shows [Qh 2d] (a straight, Ace to Five)
jl45259071: mucks hand
ct-650 collected $23.52 from pot
*** SUMMARY ***
Total pot $24 | Rake $0.48
Board [4h 8s 3s As 5h]
Seat 1: ct-650 (button) (small blind) showed [Qh 2d] and won ($23.52) with a straight, Ace to Five
Seat 2: jl45259071 (big blind) mucked


PokerStars Hand #148655618692:  Hold'em Limit ($3/$6 USD) - 2016/02/12 0:37:10 ET
Table 'Mentor' 2-max Seat #2 is the button
Seat 1: ct-650 ($276.19 in chips)
Seat 2: jl45259071 ($30.88 in chips)
jl45259071: posts small blind $1
ct-650: posts big blind $3
*** HOLE CARDS ***
jl45259071: calls $2
ct-650: checks
*** FLOP *** [2h 5s 6d]
ct-650: checks
jl45259071: checks
*** TURN *** [2h 5s 6d] [7d]
ct-650: checks
jl45259071: checks
*** RIVER *** [2h 5s 6d 7d] [8d]
ct-650: checks
jl45259071: checks
*** SHOW DOWN ***
ct-650: shows [Jh 9s] (a straight, Five to Nine)
jl45259071: mucks hand
ct-650 collected $5.88 from pot
*** SUMMARY ***
Total pot $6 | Rake $0.12
Board [2h 5s 6d 7d 8d]
Seat 1: ct-650 (big blind) showed [Jh 9s] and won ($5.88) with a straight, Five to Nine
Seat 2: jl45259071 (button) (small blind) mucked


PokerStars Hand #148655649303:  Hold'em Limit ($3/$6 USD) - 2016/02/12 0:38:59 ET
Table 'Mentor' 2-max Seat #2 is the button
Seat 1: ct-650 ($271.99 in chips)
Seat 2: jl45259071 ($32.56 in chips)
jl45259071: posts small blind $1
ct-650: posts big blind $3
*** HOLE CARDS ***
jl45259071: folds
Uncalled bet ($2) returned to ct-650
ct-650 collected $2 from pot
*** SUMMARY ***
Total pot $2 | Rake $0
Seat 1: ct-650 (big blind) collected ($2)
Seat 2: jl45259071 (button) (small blind) folded before Flop


PokerStars Hand #148655646947:  Hold'em Limit ($3/$6 USD) - 2016/02/12 0:38:51 ET
Table 'Mentor' 2-max Seat #1 is the button
Seat 1: ct-650 ($266.23 in chips)
Seat 2: jl45259071 ($38.56 in chips)
ct-650: posts small blind $1
jl45259071: posts big blind $3
*** HOLE CARDS ***
ct-650: raises $3 to $6
jl45259071: calls $3
*** FLOP *** [6d 2d Ad]
jl45259071: checks
ct-650: bets $3
jl45259071: folds
Uncalled bet ($3) returned to ct-650
ct-650 collected $11.76 from pot
*** SUMMARY ***
Total pot $12 | Rake $0.24
Board [6d 2d Ad]
Seat 1: ct-650 (button) (small blind) collected ($11.76)
Seat 2: jl45259071 (big blind) folded on the Flop


PokerStars Hand #148655631843:  Hold'em Limit ($3/$6 USD) - 2016/02/12 0:37:57 ET
Table 'Mentor' 2-max Seat #2 is the button
Seat 1: ct-650 ($284.47 in chips)
Seat 2: jl45259071 ($21.52 in chips)
jl45259071: posts small blind $1
ct-650: posts big blind $3
*** HOLE CARDS ***
jl45259071: calls $2
ct-650: checks
*** FLOP *** [9s 6c 3s]
ct-650: bets $3
jl45259071: calls $3
*** TURN *** [9s 6c 3s] [Qh]
ct-650: checks
jl45259071: checks
*** RIVER *** [9s 6c 3s Qh] [3c]
ct-650: checks
jl45259071: bets $6
ct-650: folds
Uncalled bet ($6) returned to jl45259071
jl45259071 collected $11.76 from pot
jl45259071: doesn't show hand
*** SUMMARY ***
Total pot $12 | Rake $0.24
Board [9s 6c 3s Qh 3c]
Seat 1: ct-650 (big blind) folded on the River
Seat 2: jl45259071 (button) (small blind) collected ($11.76)


PokerStars Hand #148655637903:  Hold'em Limit ($3/$6 USD) - 2016/02/12 0:38:18 ET
Table 'Mentor' 2-max Seat #2 is the button
Seat 1: ct-650 ($284.23 in chips)
Seat 2: jl45259071 ($21.28 in chips)
jl45259071: posts small blind $1
ct-650: posts big blind $3
*** HOLE CARDS ***
jl45259071: calls $2
ct-650: checks
*** FLOP *** [Ts Jd Tc]
ct-650: checks
jl45259071: bets $3
ct-650: folds
Uncalled bet ($3) returned to jl45259071
jl45259071 collected $5.88 from pot
jl45259071: doesn't show hand
*** SUMMARY ***
Total pot $6 | Rake $0.12
Board [Ts Jd Tc]
Seat 1: ct-650 (big blind) folded on the Flop
Seat 2: jl45259071 (button) (small blind) collected ($5.88)


PokerStars Hand #148655640766:  Hold'em Limit ($3/$6 USD) - 2016/02/12 0:38:28 ET
Table 'Mentor' 2-max Seat #1 is the button
Seat 1: ct-650 ($281.23 in chips)
Seat 2: jl45259071 ($24.16 in chips)
ct-650: posts small blind $1
jl45259071: posts big blind $3
*** HOLE CARDS ***
ct-650: raises $3 to $6
jl45259071: calls $3
*** FLOP *** [Th Qh Kc]
jl45259071: checks
ct-650: bets $3
jl45259071: raises $3 to $6
ct-650: calls $3
*** TURN *** [Th Qh Kc] [9c]
jl45259071: bets $6
ct-650: folds
Uncalled bet ($6) returned to jl45259071
jl45259071 collected $23.52 from pot
jl45259071: doesn't show hand
*** SUMMARY ***
Total pot $24 | Rake $0.48
Board [Th Qh Kc 9c]
Seat 1: ct-650 (button) (small blind) folded on the Turn
Seat 2: jl45259071 (big blind) collected ($23.52)


PokerStars Hand #148655635423:  Hold'em Limit ($3/$6 USD) - 2016/02/12 0:38:09 ET
Table 'Mentor' 2-max Seat #1 is the button
Seat 1: ct-650 ($278.47 in chips)
Seat 2: jl45259071 ($27.28 in chips)
ct-650: posts small blind $1
jl45259071: posts big blind $3
*** HOLE CARDS ***
ct-650: raises $3 to $6
jl45259071: calls $3
*** FLOP *** [8c Th Qs]
jl45259071: checks
ct-650: bets $3
jl45259071: folds
Uncalled bet ($3) returned to ct-650
ct-650 collected $11.76 from pot
*** SUMMARY ***
Total pot $12 | Rake $0.24
Board [8c Th Qs]
Seat 1: ct-650 (button) (small blind) collected ($11.76)
Seat 2: jl45259071 (big blind) folded on the Flop


PokerStars Hand #148655644560:  Hold'em Limit ($3/$6 USD) - 2016/02/12 0:38:42 ET
Table 'Mentor' 2-max Seat #2 is the button
Seat 1: ct-650 ($269.23 in chips)
Seat 2: jl45259071 ($35.68 in chips)
jl45259071: posts small blind $1
ct-650: posts big blind $3
*** HOLE CARDS ***
jl45259071: calls $2
ct-650: checks
*** FLOP *** [6h 6d 8h]
ct-650: checks
jl45259071: bets $3
ct-650: folds
Uncalled bet ($3) returned to jl45259071
jl45259071 collected $5.88 from pot
jl45259071: doesn't show hand
*** SUMMARY ***
Total pot $6 | Rake $0.12
Board [6h 6d 8h]
Seat 1: ct-650 (big blind) folded on the Flop
Seat 2: jl45259071 (button) (small blind) collected ($5.88)


PokerStars Hand #148655650757:  Hold'em Limit ($3/$6 USD) - 2016/02/12 0:39:05 ET
Table 'Mentor' 2-max Seat #1 is the button
Seat 1: ct-650 ($272.99 in chips)
Seat 2: jl45259071 ($31.56 in chips)
ct-650: posts small blind $1
jl45259071: posts big blind $3
*** HOLE CARDS ***
ct-650: raises $3 to $6
jl45259071: calls $3
*** FLOP *** [Jd 8c 3s]
jl45259071: checks
ct-650: bets $3
jl45259071: calls $3
*** TURN *** [Jd 8c 3s] [4h]
jl45259071: checks
ct-650: checks
*** RIVER *** [Jd 8c 3s 4h] [8d]
jl45259071: bets $6
ct-650: folds
Uncalled bet ($6) returned to jl45259071
jl45259071 collected $17.64 from pot
jl45259071: doesn't show hand
*** SUMMARY ***
Total pot $18 | Rake $0.36
Board [Jd 8c 3s 4h 8d]
Seat 1: ct-650 (button) (small blind) folded on the River
Seat 2: jl45259071 (big blind) collected ($17.64)


PokerStars Hand #148655654389:  Hold'em Limit ($3/$6 USD) - 2016/02/12 0:39:18 ET
Table 'Mentor' 2-max Seat #2 is the button
Seat 1: ct-650 ($263.99 in chips)
Seat 2: jl45259071 ($40.20 in chips)
jl45259071: posts small blind $1
ct-650: posts big blind $3
*** HOLE CARDS ***
jl45259071: calls $2
ct-650: checks
*** FLOP *** [2c 8d 9d]
ct-650: bets $3
jl45259071: calls $3
*** TURN *** [2c 8d 9d] [3s]
ct-650: bets $6
jl45259071: calls $6
*** RIVER *** [2c 8d 9d 3s] [Ad]
ct-650: checks
jl45259071: checks
*** SHOW DOWN ***
ct-650: shows [8c 4c] (a pair of Eights)
jl45259071: shows [8h Kh] (a pair of Eights - Ace+King kicker)
jl45259071 collected $23.52 from pot
*** SUMMARY ***
Total pot $24 | Rake $0.48
Board [2c 8d 9d 3s Ad]
Seat 1: ct-650 (big blind) showed [8c 4c] and lost with a pair of Eights
Seat 2: jl45259071 (button) (small blind) showed [8h Kh] and won ($23.52) with a pair of Eights


PokerStars Hand #148655658044:  Hold'em Limit ($3/$6 USD) - 2016/02/12 0:39:30 ET
Table 'Mentor' 2-max Seat #1 is the button
Seat 1: ct-650 ($251.99 in chips)
Seat 2: jl45259071 ($51.72 in chips)
ct-650: posts small blind $1
jl45259071: posts big blind $3
*** HOLE CARDS ***
ct-650: raises $3 to $6
jl45259071: calls $3
*** FLOP *** [Jd 9s Th]
jl45259071: checks
ct-650: bets $3
jl45259071: calls $3
*** TURN *** [Jd 9s Th] [7h]
jl45259071: checks
ct-650: bets $6
jl45259071: folds
Uncalled bet ($6) returned to ct-650
ct-650 collected $17.64 from pot
*** SUMMARY ***
Total pot $18 | Rake $0.36
Board [Jd 9s Th 7h]
Seat 1: ct-650 (button) (small blind) collected ($17.64)
Seat 2: jl45259071 (big blind) folded on the Turn


PokerStars Hand #148655673111:  Hold'em Limit ($3/$6 USD) - 2016/02/12 0:40:23 ET
Table 'Mentor' 2-max Seat #2 is the button
Seat 1: ct-650 ($236.63 in chips)
Seat 2: jl45259071 ($65.86 in chips)
jl45259071: posts small blind $1
ct-650: posts big blind $3
*** HOLE CARDS ***
jl45259071: calls $2
ct-650: checks
*** FLOP *** [7h 6s 5s]
ct-650: bets $3
jl45259071: calls $3
*** TURN *** [7h 6s 5s] [Ah]
ct-650: checks
jl45259071: checks
*** RIVER *** [7h 6s 5s Ah] [Ac]
ct-650: checks
jl45259071: checks
*** SHOW DOWN ***
ct-650: shows [2d 8s] (a pair of Aces)
jl45259071: shows [Kc Jd] (a pair of Aces - King kicker)
jl45259071 collected $11.76 from pot
*** SUMMARY ***
Total pot $12 | Rake $0.24
Board [7h 6s 5s Ah Ac]
Seat 1: ct-650 (big blind) showed [2d 8s] and lost with a pair of Aces
Seat 2: jl45259071 (button) (small blind) showed [Kc Jd] and won ($11.76) with a pair of Aces


PokerStars Hand #148655676462:  Hold'em Limit ($3/$6 USD) - 2016/02/12 0:40:35 ET
Table 'Mentor' 2-max Seat #1 is the button
Seat 1: ct-650 ($230.63 in chips)
Seat 2: jl45259071 ($71.62 in chips)
ct-650: posts small blind $1
jl45259071: posts big blind $3
*** HOLE CARDS ***
ct-650: raises $3 to $6
jl45259071: calls $3
*** FLOP *** [4c 2s 9c]
jl45259071: checks
ct-650: bets $3
jl45259071: raises $3 to $6
ct-650: calls $3
*** TURN *** [4c 2s 9c] [6c]
jl45259071: checks
ct-650: bets $6
jl45259071: calls $6
*** RIVER *** [4c 2s 9c 6c] [4s]
jl45259071: checks
ct-650: checks
*** SHOW DOWN ***
jl45259071: shows [9s Ac] (two pair, Nines and Fours)
ct-650: mucks hand
jl45259071 collected $35.50 from pot
*** SUMMARY ***
Total pot $36 | Rake $0.50
Board [4c 2s 9c 6c 4s]
Seat 1: ct-650 (button) (small blind) mucked
Seat 2: jl45259071 (big blind) showed [9s Ac] and won ($35.50) with two pair, Nines and Fours


PokerStars Hand #148655669532:  Hold'em Limit ($3/$6 USD) - 2016/02/12 0:40:10 ET
Table 'Mentor' 2-max Seat #1 is the button
Seat 1: ct-650 ($245.63 in chips)
Seat 2: jl45259071 ($57.22 in chips)
ct-650: posts small blind $1
jl45259071: posts big blind $3
*** HOLE CARDS ***
ct-650: raises $3 to $6
jl45259071: calls $3
*** FLOP *** [Qs 7d Kh]
jl45259071: checks
ct-650: bets $3
jl45259071: calls $3
*** TURN *** [Qs 7d Kh] [Ad]
jl45259071: checks
ct-650: checks
*** RIVER *** [Qs 7d Kh Ad] [4h]
jl45259071: bets $6
ct-650: folds
Uncalled bet ($6) returned to jl45259071
jl45259071 collected $17.64 from pot
jl45259071: doesn't show hand
*** SUMMARY ***
Total pot $18 | Rake $0.36
Board [Qs 7d Kh Ad 4h]
Seat 1: ct-650 (button) (small blind) folded on the River
Seat 2: jl45259071 (big blind) collected ($17.64)


PokerStars Hand #148655664404:  Hold'em Limit ($3/$6 USD) - 2016/02/12 0:39:53 ET
Table 'Mentor' 2-max Seat #2 is the button
Seat 1: ct-650 ($260.63 in chips)
Seat 2: jl45259071 ($42.72 in chips)
jl45259071: posts small blind $1
ct-650: posts big blind $3
*** HOLE CARDS ***
jl45259071: calls $2
ct-650: raises $3 to $6
jl45259071: calls $3
*** FLOP *** [2c 2h 2d]
ct-650: bets $3
jl45259071: calls $3
*** TURN *** [2c 2h 2d] [5d]
ct-650: checks
jl45259071: checks
*** RIVER *** [2c 2h 2d 5d] [8h]
ct-650: checks
jl45259071: bets $6
ct-650: calls $6
*** SHOW DOWN ***
jl45259071: shows [8s Td] (a full house, Deuces full of Eights)
ct-650: mucks hand
jl45259071 collected $29.50 from pot
*** SUMMARY ***
Total pot $30 | Rake $0.50
Board [2c 2h 2d 5d 8h]
Seat 1: ct-650 (big blind) mucked
Seat 2: jl45259071 (button) (small blind) showed [8s Td] and won ($29.50) with a full house, Deuces full of Eights


PokerStars Hand #148655681857:  Hold'em Limit ($3/$6 USD) - 2016/02/12 0:40:54 ET
Table 'Mentor' 2-max Seat #2 is the button
Seat 1: ct-650 ($212.63 in chips)
Seat 2: jl45259071 ($89.12 in chips)
jl45259071: posts small blind $1
ct-650: posts big blind $3
*** HOLE CARDS ***
jl45259071: calls $2
ct-650: checks
*** FLOP *** [Td 9h 6h]
ct-650: bets $3
jl45259071: calls $3
*** TURN *** [Td 9h 6h] [Qs]
ct-650: bets $6
jl45259071: calls $6
*** RIVER *** [Td 9h 6h Qs] [Ac]
ct-650: bets $6
jl45259071: calls $6
*** SHOW DOWN ***
ct-650: shows [6s Qc] (two pair, Queens and Sixes)
jl45259071: mucks hand
ct-650 collected $35.50 from pot
*** SUMMARY ***
Total pot $36 | Rake $0.50
Board [Td 9h 6h Qs Ac]
Seat 1: ct-650 (big blind) showed [6s Qc] and won ($35.50) with two pair, Queens and Sixes
Seat 2: jl45259071 (button) (small blind) mucked


PokerStars Hand #148655685816:  Hold'em Limit ($3/$6 USD) - 2016/02/12 0:41:07 ET
Table 'Mentor' 2-max Seat #1 is the button
Seat 1: ct-650 ($230.13 in chips)
Seat 2: jl45259071 ($71.12 in chips)
ct-650: posts small blind $1
jl45259071: posts big blind $3
*** HOLE CARDS ***
ct-650: folds
Uncalled bet ($2) returned to jl45259071
jl45259071 collected $2 from pot
jl45259071: doesn't show hand
*** SUMMARY ***
Total pot $2 | Rake $0
Seat 1: ct-650 (button) (small blind) folded before Flop
Seat 2: jl45259071 (big blind) collected ($2)


PokerStars Hand #148655687340:  Hold'em Limit ($3/$6 USD) - 2016/02/12 0:41:13 ET
Table 'Mentor' 2-max Seat #2 is the button
Seat 1: ct-650 ($229.13 in chips)
Seat 2: jl45259071 ($72.12 in chips)
jl45259071: posts small blind $1
ct-650: posts big blind $3
*** HOLE CARDS ***
jl45259071: calls $2
ct-650: checks
*** FLOP *** [7c 2c 9s]
ct-650: checks
jl45259071: bets $3
ct-650: folds
Uncalled bet ($3) returned to jl45259071
jl45259071 collected $5.88 from pot
jl45259071: doesn't show hand
*** SUMMARY ***
Total pot $6 | Rake $0.12
Board [7c 2c 9s]
Seat 1: ct-650 (big blind) folded on the Flop
Seat 2: jl45259071 (button) (small blind) collected ($5.88)


PokerStars Hand #148655689850:  Hold'em Limit ($3/$6 USD) - 2016/02/12 0:41:22 ET
Table 'Mentor' 2-max Seat #1 is the button
Seat 1: ct-650 ($226.13 in chips)
Seat 2: jl45259071 ($75 in chips)
ct-650: posts small blind $1
jl45259071: posts big blind $3
*** HOLE CARDS ***
ct-650: raises $3 to $6
jl45259071: calls $3
*** FLOP *** [5c 9d Ts]
jl45259071: checks
ct-650: bets $3
jl45259071: calls $3
*** TURN *** [5c 9d Ts] [4d]
jl45259071: checks
ct-650: bets $6
jl45259071: folds
Uncalled bet ($6) returned to ct-650
ct-650 collected $17.64 from pot
*** SUMMARY ***
Total pot $18 | Rake $0.36
Board [5c 9d Ts 4d]
Seat 1: ct-650 (button) (small blind) collected ($17.64)
Seat 2: jl45259071 (big blind) folded on the Turn


PokerStars Hand #148655695783:  Hold'em Limit ($3/$6 USD) - 2016/02/12 0:41:42 ET
Table 'Mentor' 2-max Seat #1 is the button
Seat 1: ct-650 ($231.77 in chips)
Seat 2: jl45259071 ($68.88 in chips)
ct-650: posts small blind $1
jl45259071: posts big blind $3
*** HOLE CARDS ***
ct-650: folds
Uncalled bet ($2) returned to jl45259071
jl45259071 collected $2 from pot
jl45259071: doesn't show hand
*** SUMMARY ***
Total pot $2 | Rake $0
Seat 1: ct-650 (button) (small blind) folded before Flop
Seat 2: jl45259071 (big blind) collected ($2)


PokerStars Hand #148655693250:  Hold'em Limit ($3/$6 USD) - 2016/02/12 0:41:33 ET
Table 'Mentor' 2-max Seat #2 is the button
Seat 1: ct-650 ($234.77 in chips)
Seat 2: jl45259071 ($66 in chips)
jl45259071: posts small blind $1
ct-650: posts big blind $3
*** HOLE CARDS ***
jl45259071: calls $2
ct-650: checks
*** FLOP *** [8h 8d 5h]
ct-650: checks
jl45259071: bets $3
ct-650: folds
Uncalled bet ($3) returned to jl45259071
jl45259071 collected $5.88 from pot
jl45259071: doesn't show hand
*** SUMMARY ***
Total pot $6 | Rake $0.12
Board [8h 8d 5h]
Seat 1: ct-650 (big blind) folded on the Flop
Seat 2: jl45259071 (button) (small blind) collected ($5.88)


PokerStars Hand #148655697009:  Hold'em Limit ($3/$6 USD) - 2016/02/12 0:41:47 ET
Table 'Mentor' 2-max Seat #2 is the button
Seat 1: ct-650 ($230.77 in chips)
Seat 2: jl45259071 ($69.88 in chips)
jl45259071: posts small blind $1
ct-650: posts big blind $3
*** HOLE CARDS ***
jl45259071: calls $2
ct-650: checks
*** FLOP *** [4d 8s Jc]
ct-650: bets $3
jl45259071: calls $3
*** TURN *** [4d 8s Jc] [Ac]
ct-650: checks
jl45259071: bets $6
ct-650: folds
Uncalled bet ($6) returned to jl45259071
jl45259071 collected $11.76 from pot
jl45259071: doesn't show hand
*** SUMMARY ***
Total pot $12 | Rake $0.24
Board [4d 8s Jc Ac]
Seat 1: ct-650 (big blind) folded on the Turn
Seat 2: jl45259071 (button) (small blind) collected ($11.76)


PokerStars Hand #148655714139:  Hold'em Limit ($3/$6 USD) - 2016/02/12 0:42:44 ET
Table 'Mentor' 2-max Seat #2 is the button
Seat 1: ct-650 ($250.69 in chips)
Seat 2: jl45259071 ($48.64 in chips)
jl45259071: posts small blind $1
ct-650: posts big blind $3
*** HOLE CARDS ***
jl45259071: calls $2
ct-650: checks
*** FLOP *** [Ts Js 5h]
ct-650: checks
jl45259071: checks
*** TURN *** [Ts Js 5h] [Ad]
ct-650: checks
jl45259071: bets $6
ct-650: calls $6
*** RIVER *** [Ts Js 5h Ad] [4h]
ct-650: checks
jl45259071: bets $6
ct-650: folds
Uncalled bet ($6) returned to jl45259071
jl45259071 collected $17.64 from pot
jl45259071: doesn't show hand
*** SUMMARY ***
Total pot $18 | Rake $0.36
Board [Ts Js 5h Ad 4h]
Seat 1: ct-650 (big blind) folded on the River
Seat 2: jl45259071 (button) (small blind) collected ($17.64)


PokerStars Hand #148655711750:  Hold'em Limit ($3/$6 USD) - 2016/02/12 0:42:36 ET
Table 'Mentor' 2-max Seat #1 is the button
Seat 1: ct-650 ($244.93 in chips)
Seat 2: jl45259071 ($54.64 in chips)
ct-650: posts small blind $1
jl45259071: posts big blind $3
*** HOLE CARDS ***
ct-650: raises $3 to $6
jl45259071: calls $3
*** FLOP *** [Jc 8s 3h]
jl45259071: checks
ct-650: bets $3
jl45259071: folds
Uncalled bet ($3) returned to ct-650
ct-650 collected $11.76 from pot
*** SUMMARY ***
Total pot $12 | Rake $0.24
Board [Jc 8s 3h]
Seat 1: ct-650 (button) (small blind) collected ($11.76)
Seat 2: jl45259071 (big blind) folded on the Flop


PokerStars Hand #148655706115:  Hold'em Limit ($3/$6 USD) - 2016/02/12 0:42:16 ET
Table 'Mentor' 2-max Seat #2 is the button
Seat 1: ct-650 ($236.29 in chips)
Seat 2: jl45259071 ($63.64 in chips)
jl45259071: posts small blind $1
ct-650: posts big blind $3
*** HOLE CARDS ***
jl45259071: raises $3 to $6
ct-650: calls $3
*** FLOP *** [2h Jh Kc]
ct-650: checks
jl45259071: bets $3
ct-650: calls $3
*** TURN *** [2h Jh Kc] [3s]
ct-650: checks
jl45259071: checks
*** RIVER *** [2h Jh Kc 3s] [Jc]
ct-650: bets $6
jl45259071: folds
Uncalled bet ($6) returned to ct-650
ct-650 collected $17.64 from pot
*** SUMMARY ***
Total pot $18 | Rake $0.36
Board [2h Jh Kc 3s Jc]
Seat 1: ct-650 (big blind) collected ($17.64)
Seat 2: jl45259071 (button) (small blind) folded on the River


PokerStars Hand #148655701279:  Hold'em Limit ($3/$6 USD) - 2016/02/12 0:42:02 ET
Table 'Mentor' 2-max Seat #1 is the button
Seat 1: ct-650 ($224.77 in chips)
Seat 2: jl45259071 ($75.64 in chips)
ct-650: posts small blind $1
jl45259071: posts big blind $3
*** HOLE CARDS ***
ct-650: raises $3 to $6
jl45259071: calls $3
*** FLOP *** [6c 9h Jc]
jl45259071: checks
ct-650: checks
*** TURN *** [6c 9h Jc] [9s]
jl45259071: bets $6
ct-650: calls $6
*** RIVER *** [6c 9h Jc 9s] [Ac]
jl45259071: checks
ct-650: bets $6
jl45259071: folds
Uncalled bet ($6) returned to ct-650
ct-650 collected $23.52 from pot
*** SUMMARY ***
Total pot $24 | Rake $0.48
Board [6c 9h Jc 9s Ac]
Seat 1: ct-650 (button) (small blind) collected ($23.52)
Seat 2: jl45259071 (big blind) folded on the River


PokerStars Hand #148655718694:  Hold'em Limit ($3/$6 USD) - 2016/02/12 0:42:59 ET
Table 'Mentor' 2-max Seat #1 is the button
Seat 1: ct-650 ($241.69 in chips)
Seat 2: jl45259071 ($57.28 in chips)
ct-650: posts small blind $1
jl45259071: posts big blind $3
*** HOLE CARDS ***
ct-650: raises $3 to $6
jl45259071: calls $3
*** FLOP *** [9d Ac 3s]
jl45259071: checks
ct-650: bets $3
jl45259071: folds
Uncalled bet ($3) returned to ct-650
ct-650 collected $11.76 from pot
*** SUMMARY ***
Total pot $12 | Rake $0.24
Board [9d Ac 3s]
Seat 1: ct-650 (button) (small blind) collected ($11.76)
Seat 2: jl45259071 (big blind) folded on the Flop


PokerStars Hand #148655725374:  Hold'em Limit ($3/$6 USD) - 2016/02/12 0:43:22 ET
Table 'Mentor' 2-max Seat #1 is the button
Seat 1: ct-650 ($253.21 in chips)
Seat 2: jl45259071 ($45.28 in chips)
ct-650: posts small blind $1
jl45259071: posts big blind $3
*** HOLE CARDS ***
ct-650: raises $3 to $6
jl45259071: calls $3
*** FLOP *** [3d 2d Kh]
jl45259071: checks
ct-650: bets $3
jl45259071: calls $3
*** TURN *** [3d 2d Kh] [4d]
jl45259071: checks
ct-650: checks
*** RIVER *** [3d 2d Kh 4d] [5c]
jl45259071: bets $6
ct-650: raises $6 to $12
jl45259071: folds
Uncalled bet ($6) returned to ct-650
ct-650 collected $29.50 from pot
*** SUMMARY ***
Total pot $30 | Rake $0.50
Board [3d 2d Kh 4d 5c]
Seat 1: ct-650 (button) (small blind) collected ($29.50)
Seat 2: jl45259071 (big blind) folded on the River


PokerStars Hand #148655733622:  Hold'em Limit ($3/$6 USD) - 2016/02/12 0:43:49 ET
Table 'Mentor' 2-max Seat #1 is the button
Seat 1: ct-650 ($279.23 in chips)
Seat 2: jl45259071 ($18.28 in chips)
ct-650: posts small blind $1
jl45259071: posts big blind $3
*** HOLE CARDS ***
ct-650: folds
Uncalled bet ($2) returned to jl45259071
jl45259071 collected $2 from pot
jl45259071: doesn't show hand
*** SUMMARY ***
Total pot $2 | Rake $0
Seat 1: ct-650 (button) (small blind) folded before Flop
Seat 2: jl45259071 (big blind) collected ($2)


PokerStars Hand #148655729380:  Hold'em Limit ($3/$6 USD) - 2016/02/12 0:43:35 ET
Table 'Mentor' 2-max Seat #2 is the button
Seat 1: ct-650 ($267.71 in chips)
Seat 2: jl45259071 ($30.28 in chips)
jl45259071: posts small blind $1
ct-650: posts big blind $3
*** HOLE CARDS ***
jl45259071: raises $3 to $6
ct-650: raises $3 to $9
jl45259071: raises $3 to $12
Betting is capped
ct-650: calls $3
*** FLOP *** [3s Th 6s]
ct-650: checks
jl45259071: checks
*** TURN *** [3s Th 6s] [6c]
ct-650: checks
jl45259071: checks
*** RIVER *** [3s Th 6s 6c] [Qc]
ct-650: checks
jl45259071: checks
*** SHOW DOWN ***
ct-650: shows [Ac 9h] (a pair of Sixes)
jl45259071: mucks hand
ct-650 collected $23.52 from pot
*** SUMMARY ***
Total pot $24 | Rake $0.48
Board [3s Th 6s 6c Qc]
Seat 1: ct-650 (big blind) showed [Ac 9h] and won ($23.52) with a pair of Sixes
Seat 2: jl45259071 (button) (small blind) mucked


PokerStars Hand #148655721456:  Hold'em Limit ($3/$6 USD) - 2016/02/12 0:43:09 ET
Table 'Mentor' 2-max Seat #2 is the button
Seat 1: ct-650 ($247.45 in chips)
Seat 2: jl45259071 ($51.28 in chips)
jl45259071: posts small blind $1
ct-650: posts big blind $3
*** HOLE CARDS ***
jl45259071: calls $2
ct-650: checks
*** FLOP *** [Ts 4c 5d]
ct-650: bets $3
jl45259071: calls $3
*** TURN *** [Ts 4c 5d] [9d]
ct-650: checks
jl45259071: checks
*** RIVER *** [Ts 4c 5d 9d] [8h]
ct-650: checks
jl45259071: checks
*** SHOW DOWN ***
ct-650: shows [Ah 2s] (high card Ace)
jl45259071: mucks hand
ct-650 collected $11.76 from pot
*** SUMMARY ***
Total pot $12 | Rake $0.24
Board [Ts 4c 5d 9d 8h]
Seat 1: ct-650 (big blind) showed [Ah 2s] and won ($11.76) with high card Ace
Seat 2: jl45259071 (button) (small blind) mucked


PokerStars Hand #148655735187:  Hold'em Limit ($3/$6 USD) - 2016/02/12 0:43:54 ET
Table 'Mentor' 2-max Seat #2 is the button
Seat 1: ct-650 ($278.23 in chips)
Seat 2: jl45259071 ($19.28 in chips)
jl45259071: posts small blind $1
ct-650: posts big blind $3
*** HOLE CARDS ***
jl45259071: calls $2
ct-650: checks
*** FLOP *** [Kh 6d Qc]
ct-650: bets $3
jl45259071: calls $3
*** TURN *** [Kh 6d Qc] [7s]
ct-650: checks
jl45259071: bets $6
ct-650: raises $6 to $12
jl45259071: raises $1.28 to $13.28 and is all-in
ct-650: calls $1.28
*** RIVER *** [Kh 6d Qc 7s] [Ks]
*** SHOW DOWN ***
ct-650: shows [Kc 2d] (three of a kind, Kings)
jl45259071: shows [8c 8h] (two pair, Kings and Eights)
ct-650 collected $38.06 from pot
*** SUMMARY ***
Total pot $38.56 | Rake $0.50
Board [Kh 6d Qc 7s Ks]
Seat 1: ct-650 (big blind) showed [Kc 2d] and won ($38.06) with three of a kind, Kings
Seat 2: jl45259071 (button) (small blind) showed [8c 8h] and lost with two pair, Kings and Eights


