PokerStars Hand #156039054166:  Hold'em Limit ($3/$6 USD) - 2016/07/16 9:59:47 ET
Table 'Merapi' 6-max Seat #3 is the button
Seat 3: gaensehaut ($30 in chips)
Seat 5: AzureCaper ($72 in chips)
TbIP-TbIP 88: is sitting out
gaensehaut: posts small blind $1
AzureCaper: posts big blind $3
*** HOLE CARDS ***
TbIP-TbIP 88 leaves the table
gaensehaut: raises $3 to $6
AzureCaper: calls $3
*** FLOP *** [6s 5c 3d]
AzureCaper: checks
gaensehaut: bets $3
AzureCaper: calls $3
*** TURN *** [6s 5c 3d] [5d]
AzureCaper: checks
gaensehaut: checks
*** RIVER *** [6s 5c 3d 5d] [Ad]
AzureCaper: checks
gaensehaut: bets $6
AzureCaper: raises $6 to $12
gaensehaut: folds
Uncalled bet ($6) returned to AzureCaper
AzureCaper collected $29.50 from pot
AzureCaper: doesn't show hand
*** SUMMARY ***
Total pot $30 | Rake $0.50
Board [6s 5c 3d 5d Ad]
Seat 3: gaensehaut (button) (small blind) folded on the River
Seat 5: AzureCaper (big blind) collected ($29.50)


PokerStars Hand #156039066925:  Hold'em Limit ($3/$6 USD) - 2016/07/16 10:00:13 ET
Table 'Merapi' 6-max Seat #5 is the button
Seat 3: gaensehaut ($15 in chips)
Seat 5: AzureCaper ($86.50 in chips)
AzureCaper: posts small blind $1
gaensehaut: posts big blind $3
*** HOLE CARDS ***
_fayzulllo_ joins the table at seat #1
AzureCaper: raises $3 to $6
gaensehaut: raises $3 to $9
AzureCaper: calls $3
*** FLOP *** [Qh 2d Jd]
gaensehaut: bets $3
AzureCaper: folds
Uncalled bet ($3) returned to gaensehaut
gaensehaut collected $17.64 from pot
gaensehaut: doesn't show hand
*** SUMMARY ***
Total pot $18 | Rake $0.36
Board [Qh 2d Jd]
Seat 3: gaensehaut (big blind) collected ($17.64)
Seat 5: AzureCaper (button) (small blind) folded on the Flop


PokerStars Hand #156039072820:  Hold'em Limit ($3/$6 USD) - 2016/07/16 10:00:26 ET
Table 'Merapi' 6-max Seat #3 is the button
Seat 3: gaensehaut ($23.64 in chips)
Seat 5: AzureCaper ($77.50 in chips)
gaensehaut: posts small blind $1
AzureCaper: posts big blind $3
*** HOLE CARDS ***
gaensehaut: raises $3 to $6
AzureCaper: folds
Uncalled bet ($3) returned to gaensehaut
gaensehaut collected $6 from pot
gaensehaut: doesn't show hand
*** SUMMARY ***
Total pot $6 | Rake $0
Seat 3: gaensehaut (button) (small blind) collected ($6)
Seat 5: AzureCaper (big blind) folded before Flop


