PokerStars Hand #176213363909:  Hold'em Limit ($3/$6 USD) - 2017/09/27 23:28:33 ET
Table 'Merapi' 6-max Seat #1 is the button
Seat 1: Brama Br ($120 in chips)
Seat 3: Ag3r0n ($72 in chips)
Brama Br: posts small blind $1
Ag3r0n: posts big blind $3
*** HOLE CARDS ***
Brama Br: folds
Uncalled bet ($2) returned to Ag3r0n
Ag3r0n collected $2 from pot
Ag3r0n: doesn't show hand
*** SUMMARY ***
Total pot $2 | Rake $0
Seat 1: Brama Br (button) (small blind) folded before Flop
Seat 3: Ag3r0n (big blind) collected ($2)


PokerStars Hand #176213370737:  Hold'em Limit ($3/$6 USD) - 2017/09/27 23:28:59 ET
Table 'Merapi' 6-max Seat #3 is the button
Seat 1: Brama Br ($119 in chips)
Seat 3: Ag3r0n ($73 in chips)
Ag3r0n: posts small blind $1
Brama Br: posts big blind $3
*** HOLE CARDS ***
Ag3r0n: raises $3 to $6
Brama Br: calls $3
*** FLOP *** [Ac 9d 8d]
Brama Br: checks
Ag3r0n: checks
*** TURN *** [Ac 9d 8d] [9s]
Brama Br: bets $6
Ag3r0n: folds
Uncalled bet ($6) returned to Brama Br
Brama Br collected $11.76 from pot
Brama Br: doesn't show hand
*** SUMMARY ***
Total pot $12 | Rake $0.24
Board [Ac 9d 8d 9s]
Seat 1: Brama Br (big blind) collected ($11.76)
Seat 3: Ag3r0n (button) (small blind) folded on the Turn


PokerStars Hand #176213394077:  Hold'em Limit ($3/$6 USD) - 2017/09/27 23:30:25 ET
Table 'Merapi' 6-max Seat #1 is the button
Seat 1: Brama Br ($148.26 in chips)
Seat 3: Ag3r0n ($75 in chips)
Brama Br: posts small blind $1
Ag3r0n: posts big blind $3
*** HOLE CARDS ***
Brama Br: raises $3 to $6
Ag3r0n: calls $3
*** FLOP *** [Kh 4h 3c]
Ag3r0n: checks
Brama Br: bets $3
Ag3r0n: raises $3 to $6
Brama Br: calls $3
*** TURN *** [Kh 4h 3c] [8c]
Ag3r0n: bets $6
Brama Br: folds
Uncalled bet ($6) returned to Ag3r0n
Ag3r0n collected $23.52 from pot
Ag3r0n: doesn't show hand
*** SUMMARY ***
Total pot $24 | Rake $0.48
Board [Kh 4h 3c 8c]
Seat 1: Brama Br (button) (small blind) folded on the Turn
Seat 3: Ag3r0n (big blind) collected ($23.52)


PokerStars Hand #176213392359:  Hold'em Limit ($3/$6 USD) - 2017/09/27 23:30:19 ET
Table 'Merapi' 6-max Seat #3 is the button
Seat 1: Brama Br ($151.26 in chips)
Seat 3: Ag3r0n ($72 in chips)
Ag3r0n: posts small blind $1
Brama Br: posts big blind $3
*** HOLE CARDS ***
Ag3r0n: raises $3 to $6
Brama Br: folds
Uncalled bet ($3) returned to Ag3r0n
Ag3r0n collected $6 from pot
Ag3r0n: doesn't show hand
*** SUMMARY ***
Total pot $6 | Rake $0
Seat 1: Brama Br (big blind) folded before Flop
Seat 3: Ag3r0n (button) (small blind) collected ($6)


PokerStars Hand #176213380916:  Hold'em Limit ($3/$6 USD) - 2017/09/27 23:29:36 ET
Table 'Merapi' 6-max Seat #1 is the button
Seat 1: Brama Br ($124.76 in chips)
Seat 3: Ag3r0n ($72 in chips)
Brama Br: posts small blind $1
Ag3r0n: posts big blind $3
*** HOLE CARDS ***
Brama Br: raises $3 to $6
Ag3r0n: raises $3 to $9
Brama Br: calls $3
*** FLOP *** [6h Ad 7d]
Ag3r0n: bets $3
Brama Br: raises $3 to $6
Ag3r0n: calls $3
*** TURN *** [6h Ad 7d] [2d]
Ag3r0n: checks
Brama Br: bets $6
Ag3r0n: calls $6
*** RIVER *** [6h Ad 7d 2d] [5c]
Ag3r0n: checks
Brama Br: bets $6
Ag3r0n: calls $6
*** SHOW DOWN ***
Brama Br: shows [Qd 6d] (a flush, Ace high)
Ag3r0n: mucks hand
Brama Br collected $53.50 from pot
*** SUMMARY ***
Total pot $54 | Rake $0.50
Board [6h Ad 7d 2d 5c]
Seat 1: Brama Br (button) (small blind) showed [Qd 6d] and won ($53.50) with a flush, Ace high
Seat 3: Ag3r0n (big blind) mucked


PokerStars Hand #176213401432:  Hold'em Limit ($3/$6 USD) - 2017/09/27 23:30:52 ET
Table 'Merapi' 6-max Seat #1 is the button
Seat 1: Brama Br ($133.26 in chips)
Seat 3: Ag3r0n ($89.52 in chips)
Brama Br: posts small blind $1
Ag3r0n: posts big blind $3
*** HOLE CARDS ***
Brama Br: raises $3 to $6
Ag3r0n: calls $3
*** FLOP *** [7s 6h 4h]
Ag3r0n: checks
Brama Br: checks
*** TURN *** [7s 6h 4h] [Jd]
Ag3r0n: bets $6
Brama Br: raises $6 to $12
Ag3r0n: calls $6
*** RIVER *** [7s 6h 4h Jd] [8s]
Ag3r0n: checks
Brama Br: bets $6
Ag3r0n: calls $6
*** SHOW DOWN ***
Brama Br: shows [Ts Qs] (high card Queen)
Ag3r0n: shows [9s Jh] (a pair of Jacks)
Ag3r0n collected $47.50 from pot
*** SUMMARY ***
Total pot $48 | Rake $0.50
Board [7s 6h 4h Jd 8s]
Seat 1: Brama Br (button) (small blind) showed [Ts Qs] and lost with high card Queen
Seat 3: Ag3r0n (big blind) showed [9s Jh] and won ($47.50) with a pair of Jacks


PokerStars Hand #176213406977:  Hold'em Limit ($3/$6 USD) - 2017/09/27 23:31:12 ET
Table 'Merapi' 6-max Seat #3 is the button
Seat 1: Brama Br ($109.26 in chips)
Seat 3: Ag3r0n ($113.02 in chips)
Ag3r0n: posts small blind $1
Brama Br: posts big blind $3
*** HOLE CARDS ***
Ag3r0n: raises $3 to $6
Brama Br: calls $3
*** FLOP *** [7s Th Ks]
Brama Br: checks
Ag3r0n: checks
*** TURN *** [7s Th Ks] [Ad]
Brama Br: bets $6
Ag3r0n: calls $6
*** RIVER *** [7s Th Ks Ad] [2c]
Brama Br: bets $6
Ag3r0n: calls $6
*** SHOW DOWN ***
Brama Br: shows [Td 3d] (a pair of Tens)
Ag3r0n: shows [4d Ac] (a pair of Aces)
Ag3r0n collected $35.50 from pot
*** SUMMARY ***
Total pot $36 | Rake $0.50
Board [7s Th Ks Ad 2c]
Seat 1: Brama Br (big blind) showed [Td 3d] and lost with a pair of Tens
Seat 3: Ag3r0n (button) (small blind) showed [4d Ac] and won ($35.50) with a pair of Aces


PokerStars Hand #176213399670:  Hold'em Limit ($3/$6 USD) - 2017/09/27 23:30:46 ET
Table 'Merapi' 6-max Seat #3 is the button
Seat 1: Brama Br ($136.26 in chips)
Seat 3: Ag3r0n ($86.52 in chips)
Ag3r0n: posts small blind $1
Brama Br: posts big blind $3
*** HOLE CARDS ***
Ag3r0n: raises $3 to $6
Brama Br: folds
Uncalled bet ($3) returned to Ag3r0n
Ag3r0n collected $6 from pot
Ag3r0n: doesn't show hand
*** SUMMARY ***
Total pot $6 | Rake $0
Seat 1: Brama Br (big blind) folded before Flop
Seat 3: Ag3r0n (button) (small blind) collected ($6)


PokerStars Hand #176213411959:  Hold'em Limit ($3/$6 USD) - 2017/09/27 23:31:31 ET
Table 'Merapi' 6-max Seat #1 is the button
Seat 1: Brama Br ($91.26 in chips)
Seat 3: Ag3r0n ($130.52 in chips)
Brama Br: posts small blind $1
Ag3r0n: posts big blind $3
*** HOLE CARDS ***
Brama Br: raises $3 to $6
Ag3r0n: raises $3 to $9
Brama Br: raises $3 to $12
Betting is capped
Ag3r0n: calls $3
*** FLOP *** [Qc 7s Jh]
Ag3r0n: checks
Brama Br: checks
*** TURN *** [Qc 7s Jh] [4c]
Ag3r0n: checks
Brama Br: bets $6
Ag3r0n: calls $6
*** RIVER *** [Qc 7s Jh 4c] [Kh]
Ag3r0n: checks
Brama Br: checks
*** SHOW DOWN ***
Ag3r0n: shows [9s Kc] (a pair of Kings)
Brama Br: mucks hand
Ag3r0n collected $35.50 from pot
*** SUMMARY ***
Total pot $36 | Rake $0.50
Board [Qc 7s Jh 4c Kh]
Seat 1: Brama Br (button) (small blind) mucked
Seat 3: Ag3r0n (big blind) showed [9s Kc] and won ($35.50) with a pair of Kings


PokerStars Hand #176213426774:  Hold'em Limit ($3/$6 USD) - 2017/09/27 23:32:26 ET
Table 'Merapi' 6-max Seat #3 is the button
Seat 1: Brama Br ($475.70 in chips)
Seat 3: Ag3r0n ($157.66 in chips)
Ag3r0n: posts small blind $1
Brama Br: posts big blind $3
*** HOLE CARDS ***
Ag3r0n: raises $3 to $6
Brama Br: raises $3 to $9
Ag3r0n: raises $3 to $12
Betting is capped
Brama Br: calls $3
*** FLOP *** [8s Jh 2d]
Brama Br: bets $3
Ag3r0n: calls $3
*** TURN *** [8s Jh 2d] [Qh]
Brama Br: bets $6
Ag3r0n: calls $6
*** RIVER *** [8s Jh 2d Qh] [8d]
Brama Br: bets $6
Ag3r0n: folds
Uncalled bet ($6) returned to Brama Br
Brama Br collected $41.50 from pot
Brama Br: doesn't show hand
*** SUMMARY ***
Total pot $42 | Rake $0.50
Board [8s Jh 2d Qh 8d]
Seat 1: Brama Br (big blind) collected ($41.50)
Seat 3: Ag3r0n (button) (small blind) folded on the River


PokerStars Hand #176213425281:  Hold'em Limit ($3/$6 USD) - 2017/09/27 23:32:20 ET
Table 'Merapi' 6-max Seat #1 is the button
Seat 1: Brama Br ($476.70 in chips)
Seat 3: Ag3r0n ($156.66 in chips)
Brama Br: posts small blind $1
Ag3r0n: posts big blind $3
*** HOLE CARDS ***
Brama Br: folds
Uncalled bet ($2) returned to Ag3r0n
Ag3r0n collected $2 from pot
Ag3r0n: doesn't show hand
*** SUMMARY ***
Total pot $2 | Rake $0
Seat 1: Brama Br (button) (small blind) folded before Flop
Seat 3: Ag3r0n (big blind) collected ($2)


PokerStars Hand #176213417779:  Hold'em Limit ($3/$6 USD) - 2017/09/27 23:31:52 ET
Table 'Merapi' 6-max Seat #3 is the button
Seat 1: Brama Br ($73.26 in chips)
Seat 3: Ag3r0n ($148.02 in chips)
Ag3r0n: posts small blind $1
Brama Br: posts big blind $3
*** HOLE CARDS ***
Ag3r0n: raises $3 to $6
Brama Br: calls $3
*** FLOP *** [4s 2d Ac]
Brama Br: checks
Ag3r0n: bets $3
Brama Br: calls $3
*** TURN *** [4s 2d Ac] [9c]
Brama Br: checks
Ag3r0n: bets $6
Brama Br: folds
Uncalled bet ($6) returned to Ag3r0n
Ag3r0n collected $17.64 from pot
Ag3r0n: doesn't show hand
*** SUMMARY ***
Total pot $18 | Rake $0.36
Board [4s 2d Ac 9c]
Seat 1: Brama Br (big blind) folded on the Turn
Seat 3: Ag3r0n (button) (small blind) collected ($17.64)


PokerStars Hand #176213433253:  Hold'em Limit ($3/$6 USD) - 2017/09/27 23:32:50 ET
Table 'Merapi' 6-max Seat #1 is the button
Seat 1: Brama Br ($496.20 in chips)
Seat 3: Ag3r0n ($136.66 in chips)
Brama Br: posts small blind $1
Ag3r0n: posts big blind $3
*** HOLE CARDS ***
Brama Br: raises $3 to $6
Ag3r0n: calls $3
*** FLOP *** [3s Jh Js]
Ag3r0n: checks
Brama Br: bets $3
Ag3r0n: folds
Uncalled bet ($3) returned to Brama Br
Brama Br collected $11.76 from pot
Brama Br: doesn't show hand
*** SUMMARY ***
Total pot $12 | Rake $0.24
Board [3s Jh Js]
Seat 1: Brama Br (button) (small blind) collected ($11.76)
Seat 3: Ag3r0n (big blind) folded on the Flop


PokerStars Hand #176213437924:  Hold'em Limit ($3/$6 USD) - 2017/09/27 23:33:08 ET
Table 'Merapi' 6-max Seat #3 is the button
Seat 1: Brama Br ($501.96 in chips)
Seat 3: Ag3r0n ($130.66 in chips)
Ag3r0n: posts small blind $1
Brama Br: posts big blind $3
*** HOLE CARDS ***
Ag3r0n: raises $3 to $6
Brama Br: folds
Uncalled bet ($3) returned to Ag3r0n
Ag3r0n collected $6 from pot
Ag3r0n: doesn't show hand
*** SUMMARY ***
Total pot $6 | Rake $0
Seat 1: Brama Br (big blind) folded before Flop
Seat 3: Ag3r0n (button) (small blind) collected ($6)


PokerStars Hand #176213447085:  Hold'em Limit ($3/$6 USD) - 2017/09/27 23:33:42 ET
Table 'Merapi' 6-max Seat #1 is the button
Seat 1: Brama Br ($495.96 in chips)
Seat 3: Ag3r0n ($136.42 in chips)
Brama Br: posts small blind $1
Ag3r0n: posts big blind $3
*** HOLE CARDS ***
Brama Br: folds
Uncalled bet ($2) returned to Ag3r0n
Ag3r0n collected $2 from pot
Ag3r0n: doesn't show hand
*** SUMMARY ***
Total pot $2 | Rake $0
Seat 1: Brama Br (button) (small blind) folded before Flop
Seat 3: Ag3r0n (big blind) collected ($2)


PokerStars Hand #176213443729:  Hold'em Limit ($3/$6 USD) - 2017/09/27 23:33:30 ET
Table 'Merapi' 6-max Seat #3 is the button
Seat 1: Brama Br ($501.96 in chips)
Seat 3: Ag3r0n ($130.66 in chips)
Ag3r0n: posts small blind $1
Brama Br: posts big blind $3
*** HOLE CARDS ***
Ag3r0n: raises $3 to $6
Brama Br: calls $3
*** FLOP *** [6h Ac 3d]
Brama Br: checks
Ag3r0n: bets $3
Brama Br: folds
Uncalled bet ($3) returned to Ag3r0n
Ag3r0n collected $11.76 from pot
Ag3r0n: doesn't show hand
*** SUMMARY ***
Total pot $12 | Rake $0.24
Board [6h Ac 3d]
Seat 1: Brama Br (big blind) folded on the Flop
Seat 3: Ag3r0n (button) (small blind) collected ($11.76)


PokerStars Hand #176213439850:  Hold'em Limit ($3/$6 USD) - 2017/09/27 23:33:15 ET
Table 'Merapi' 6-max Seat #1 is the button
Seat 1: Brama Br ($498.96 in chips)
Seat 3: Ag3r0n ($133.66 in chips)
Brama Br: posts small blind $1
Ag3r0n: posts big blind $3
*** HOLE CARDS ***
Brama Br: raises $3 to $6
Ag3r0n: folds
Uncalled bet ($3) returned to Brama Br
Brama Br collected $6 from pot
Brama Br: doesn't show hand
*** SUMMARY ***
Total pot $6 | Rake $0
Seat 1: Brama Br (button) (small blind) collected ($6)
Seat 3: Ag3r0n (big blind) folded before Flop


PokerStars Hand #176213450212:  Hold'em Limit ($3/$6 USD) - 2017/09/27 23:33:54 ET
Table 'Merapi' 6-max Seat #1 is the button
Seat 1: Brama Br ($495.96 in chips)
Seat 3: Ag3r0n ($136.42 in chips)
Brama Br: posts small blind $1
Ag3r0n: posts big blind $3
*** HOLE CARDS ***
Brama Br: raises $3 to $6
Ag3r0n: calls $3
*** FLOP *** [5h 2c 5c]
Ag3r0n: checks
Brama Br: bets $3
Ag3r0n: calls $3
*** TURN *** [5h 2c 5c] [9d]
Ag3r0n: checks
Brama Br: checks
*** RIVER *** [5h 2c 5c 9d] [Ah]
Ag3r0n: checks
Brama Br: checks
*** SHOW DOWN ***
Ag3r0n: shows [Qc 8d] (a pair of Fives)
Brama Br: mucks hand
Ag3r0n collected $17.64 from pot
*** SUMMARY ***
Total pot $18 | Rake $0.36
Board [5h 2c 5c 9d Ah]
Seat 1: Brama Br (button) (small blind) mucked
Seat 3: Ag3r0n (big blind) showed [Qc 8d] and won ($17.64) with a pair of Fives


PokerStars Hand #176213448610:  Hold'em Limit ($3/$6 USD) - 2017/09/27 23:33:48 ET
Table 'Merapi' 6-max Seat #3 is the button
Seat 1: Brama Br ($494.96 in chips)
Seat 3: Ag3r0n ($137.42 in chips)
Ag3r0n: posts small blind $1
Brama Br: posts big blind $3
*** HOLE CARDS ***
Ag3r0n: folds
Uncalled bet ($2) returned to Brama Br
Brama Br collected $2 from pot
Brama Br: doesn't show hand
*** SUMMARY ***
Total pot $2 | Rake $0
Seat 1: Brama Br (big blind) collected ($2)
Seat 3: Ag3r0n (button) (small blind) folded before Flop


PokerStars Hand #176213455354:  Hold'em Limit ($3/$6 USD) - 2017/09/27 23:34:13 ET
Table 'Merapi' 6-max Seat #3 is the button
Seat 1: Brama Br ($486.96 in chips)
Seat 3: Ag3r0n ($145.06 in chips)
Ag3r0n: posts small blind $1
Brama Br: posts big blind $3
*** HOLE CARDS ***
Ag3r0n: raises $3 to $6
Brama Br: calls $3
*** FLOP *** [Ah 7h 9h]
Brama Br: checks
Ag3r0n: bets $3
Brama Br: raises $3 to $6
Ag3r0n: folds
Uncalled bet ($3) returned to Brama Br
Brama Br collected $17.64 from pot
Brama Br: doesn't show hand
*** SUMMARY ***
Total pot $18 | Rake $0.36
Board [Ah 7h 9h]
Seat 1: Brama Br (big blind) collected ($17.64)
Seat 3: Ag3r0n (button) (small blind) folded on the Flop


PokerStars Hand #176213459517:  Hold'em Limit ($3/$6 USD) - 2017/09/27 23:34:29 ET
Table 'Merapi' 6-max Seat #1 is the button
Seat 1: Brama Br ($495.60 in chips)
Seat 3: Ag3r0n ($136.06 in chips)
Brama Br: posts small blind $1
Ag3r0n: posts big blind $3
*** HOLE CARDS ***
Brama Br: raises $3 to $6
Ag3r0n: calls $3
*** FLOP *** [Ah Ts Kh]
Ag3r0n: checks
Brama Br: checks
*** TURN *** [Ah Ts Kh] [9d]
Ag3r0n: checks
Brama Br: bets $6
Ag3r0n: folds
Uncalled bet ($6) returned to Brama Br
Brama Br collected $11.76 from pot
Brama Br: doesn't show hand
*** SUMMARY ***
Total pot $12 | Rake $0.24
Board [Ah Ts Kh 9d]
Seat 1: Brama Br (button) (small blind) collected ($11.76)
Seat 3: Ag3r0n (big blind) folded on the Turn


PokerStars Hand #176213464118:  Hold'em Limit ($3/$6 USD) - 2017/09/27 23:34:46 ET
Table 'Merapi' 6-max Seat #3 is the button
Seat 1: Brama Br ($501.36 in chips)
Seat 3: Ag3r0n ($130.06 in chips)
Ag3r0n: posts small blind $1
Brama Br: posts big blind $3
*** HOLE CARDS ***
Ag3r0n: raises $3 to $6
Brama Br: raises $3 to $9
Ag3r0n: calls $3
*** FLOP *** [Ac 9s Qc]
Brama Br: bets $3
Ag3r0n: raises $3 to $6
Brama Br: calls $3
*** TURN *** [Ac 9s Qc] [Qh]
Brama Br: checks
Ag3r0n: bets $6
Brama Br: calls $6
*** RIVER *** [Ac 9s Qc Qh] [Kd]
Brama Br: checks
Ag3r0n: bets $6
Brama Br: calls $6
*** SHOW DOWN ***
Ag3r0n: shows [2d Ad] (two pair, Aces and Queens)
Brama Br: shows [As Jc] (two pair, Aces and Queens)
Brama Br collected $26.75 from pot
Ag3r0n collected $26.75 from pot
*** SUMMARY ***
Total pot $54 | Rake $0.50
Board [Ac 9s Qc Qh Kd]
Seat 1: Brama Br (big blind) showed [As Jc] and won ($26.75) with two pair, Aces and Queens
Seat 3: Ag3r0n (button) (small blind) showed [2d Ad] and won ($26.75) with two pair, Aces and Queens


PokerStars Hand #176213471752:  Hold'em Limit ($3/$6 USD) - 2017/09/27 23:35:15 ET
Table 'Merapi' 6-max Seat #1 is the button
Seat 1: Brama Br ($501.11 in chips)
Seat 3: Ag3r0n ($129.81 in chips)
Brama Br: posts small blind $1
Ag3r0n: posts big blind $3
*** HOLE CARDS ***
Brama Br: raises $3 to $6
Ag3r0n: calls $3
*** FLOP *** [Js 3s Th]
Ag3r0n: checks
Brama Br: bets $3
Ag3r0n: folds
Uncalled bet ($3) returned to Brama Br
Brama Br collected $11.76 from pot
Brama Br: doesn't show hand
*** SUMMARY ***
Total pot $12 | Rake $0.24
Board [Js 3s Th]
Seat 1: Brama Br (button) (small blind) collected ($11.76)
Seat 3: Ag3r0n (big blind) folded on the Flop


PokerStars Hand #176213478293:  Hold'em Limit ($3/$6 USD) - 2017/09/27 23:35:40 ET
Table 'Merapi' 6-max Seat #3 is the button
Seat 1: Brama Br ($506.87 in chips)
Seat 3: Ag3r0n ($123.81 in chips)
Ag3r0n: posts small blind $1
Brama Br: posts big blind $3
*** HOLE CARDS ***
Ag3r0n: raises $3 to $6
LouisB joins the table at seat #2
Brama Br: folds
Uncalled bet ($3) returned to Ag3r0n
Ag3r0n collected $6 from pot
Ag3r0n: doesn't show hand
*** SUMMARY ***
Total pot $6 | Rake $0
Seat 1: Brama Br (big blind) folded before Flop
Seat 3: Ag3r0n (button) (small blind) collected ($6)


PokerStars Hand #176213495660:  Hold'em Limit ($3/$6 USD) - 2017/09/27 23:36:45 ET
Table 'Merapi' 6-max Seat #1 is the button
Seat 1: Brama Br ($503.87 in chips)
Seat 3: Ag3r0n ($126.81 in chips)
Brama Br: posts small blind $1
Ag3r0n: posts big blind $3
*** HOLE CARDS ***
Brama Br: folds
Uncalled bet ($2) returned to Ag3r0n
Ag3r0n collected $2 from pot
Ag3r0n: doesn't show hand
*** SUMMARY ***
Total pot $2 | Rake $0
Seat 1: Brama Br (button) (small blind) folded before Flop
Seat 3: Ag3r0n (big blind) collected ($2)


PokerStars Hand #176213497657:  Hold'em Limit ($3/$6 USD) - 2017/09/27 23:36:53 ET
Table 'Merapi' 6-max Seat #3 is the button
Seat 1: Brama Br ($502.87 in chips)
Seat 3: Ag3r0n ($127.81 in chips)
Ag3r0n: posts small blind $1
Brama Br: posts big blind $3
*** HOLE CARDS ***
Ag3r0n: raises $3 to $6
Brama Br: calls $3
*** FLOP *** [6s 5s 3s]
Brama Br: checks
Ag3r0n: checks
*** TURN *** [6s 5s 3s] [8s]
Brama Br: bets $6
Ag3r0n: calls $6
*** RIVER *** [6s 5s 3s 8s] [5h]
Brama Br: checks
Ag3r0n: bets $6
Brama Br: folds
Uncalled bet ($6) returned to Ag3r0n
Ag3r0n collected $23.52 from pot
Ag3r0n: doesn't show hand
*** SUMMARY ***
Total pot $24 | Rake $0.48
Board [6s 5s 3s 8s 5h]
Seat 1: Brama Br (big blind) folded on the River
Seat 3: Ag3r0n (button) (small blind) collected ($23.52)


PokerStars Hand #176213549882:  Hold'em Limit ($3/$6 USD) - 2017/09/27 23:40:11 ET
Table 'Merapi' 6-max Seat #3 is the button
Seat 1: Brama Br ($428.48 in chips)
Seat 3: Ag3r0n ($155.98 in chips)
Ag3r0n: posts small blind $1
Brama Br: posts big blind $3
*** HOLE CARDS ***
Ag3r0n: raises $3 to $6
Brama Br: folds
Uncalled bet ($3) returned to Ag3r0n
Ag3r0n collected $6 from pot
Ag3r0n: doesn't show hand
*** SUMMARY ***
Total pot $6 | Rake $0
Seat 1: Brama Br (big blind) folded before Flop
Seat 3: Ag3r0n (button) (small blind) collected ($6)


PokerStars Hand #176213548227:  Hold'em Limit ($3/$6 USD) - 2017/09/27 23:40:05 ET
Table 'Merapi' 6-max Seat #1 is the button
Seat 1: Brama Br ($429.48 in chips)
Seat 3: Ag3r0n ($154.98 in chips)
Brama Br: posts small blind $1
LouisB: is sitting out
Ag3r0n: posts big blind $3
*** HOLE CARDS ***
Brama Br: folds
Uncalled bet ($2) returned to Ag3r0n
Ag3r0n collected $2 from pot
Ag3r0n: doesn't show hand
*** SUMMARY ***
Total pot $2 | Rake $0
Seat 1: Brama Br (button) (small blind) folded before Flop
Seat 3: Ag3r0n (big blind) collected ($2)


PokerStars Hand #176213552233:  Hold'em Limit ($3/$6 USD) - 2017/09/27 23:40:20 ET
Table 'Merapi' 6-max Seat #1 is the button
Seat 1: Brama Br ($425.48 in chips)
Seat 3: Ag3r0n ($158.98 in chips)
Brama Br: posts small blind $1
Ag3r0n: posts big blind $3
*** HOLE CARDS ***
Brama Br: folds
Uncalled bet ($2) returned to Ag3r0n
Brama Br leaves the table
Ag3r0n collected $2 from pot
Ag3r0n: doesn't show hand
*** SUMMARY ***
Total pot $2 | Rake $0
Seat 1: Brama Br (button) (small blind) folded before Flop
Seat 3: Ag3r0n (big blind) collected ($2)


