PokerStars Hand #165038920301:  Hold'em Limit ($3/$6 USD) - 2017/01/23 9:27:58 ET
Table 'Merak' 6-max Seat #3 is the button
Seat 3: ragz2riche5 ($227.24 in chips)
Seat 5: sim5sim5 ($72 in chips)
ragz2riche5: posts small blind $1
sim5sim5: posts big blind $3
*** HOLE CARDS ***
ragz2riche5: folds
Uncalled bet ($2) returned to sim5sim5
sim5sim5 collected $2 from pot
sim5sim5: doesn't show hand
*** SUMMARY ***
Total pot $2 | Rake $0
Seat 3: ragz2riche5 (button) (small blind) folded before Flop
Seat 5: sim5sim5 (big blind) collected ($2)


PokerStars Hand #165038925122:  Hold'em Limit ($3/$6 USD) - 2017/01/23 9:28:06 ET
Table 'Merak' 6-max Seat #5 is the button
Seat 3: ragz2riche5 ($226.24 in chips)
Seat 5: sim5sim5 ($73 in chips)
sim5sim5: posts small blind $1
ragz2riche5: posts big blind $3
*** HOLE CARDS ***
sim5sim5: raises $3 to $6
ragz2riche5: folds
Uncalled bet ($3) returned to sim5sim5
sim5sim5 collected $6 from pot
sim5sim5: doesn't show hand
*** SUMMARY ***
Total pot $6 | Rake $0
Seat 3: ragz2riche5 (big blind) folded before Flop
Seat 5: sim5sim5 (button) (small blind) collected ($6)


PokerStars Hand #165038940678:  Hold'em Limit ($3/$6 USD) - 2017/01/23 9:28:29 ET
Table 'Merak' 6-max Seat #3 is the button
Seat 3: ragz2riche5 ($223.24 in chips)
Seat 5: sim5sim5 ($76 in chips)
ragz2riche5: posts small blind $1
sim5sim5: posts big blind $3
*** HOLE CARDS ***
ragz2riche5: raises $3 to $6
sim5sim5: raises $3 to $9
TbIP-TbIP 88 leaves the table
ragz2riche5: calls $3
*** FLOP *** [5c 3h 8s]
sim5sim5: bets $3
ragz2riche5: calls $3
*** TURN *** [5c 3h 8s] [Tc]
sim5sim5: bets $6
ragz2riche5: raises $6 to $12
sim5sim5: calls $6
*** RIVER *** [5c 3h 8s Tc] [7d]
sim5sim5: checks
ragz2riche5: bets $6
sim5sim5: raises $6 to $12
ragz2riche5: calls $6
*** SHOW DOWN ***
sim5sim5: shows [7c 7h] (three of a kind, Sevens)
ragz2riche5: mucks hand
sim5sim5 collected $71.50 from pot
*** SUMMARY ***
Total pot $72 | Rake $0.50
Board [5c 3h 8s Tc 7d]
Seat 3: ragz2riche5 (button) (small blind) mucked
Seat 5: sim5sim5 (big blind) showed [7c 7h] and won ($71.50) with three of a kind, Sevens


PokerStars Hand #165038984817:  Hold'em Limit ($3/$6 USD) - 2017/01/23 9:29:37 ET
Table 'Merak' 6-max Seat #3 is the button
Seat 3: ragz2riche5 ($163.24 in chips)
Seat 5: sim5sim5 ($135 in chips)
ragz2riche5: posts small blind $1
sim5sim5: posts big blind $3
*** HOLE CARDS ***
ragz2riche5: calls $2
sim5sim5: checks
*** FLOP *** [2d 5h Kh]
sim5sim5: bets $3
ragz2riche5: calls $3
*** TURN *** [2d 5h Kh] [4d]
sim5sim5: checks
ragz2riche5: bets $6
sim5sim5: calls $6
*** RIVER *** [2d 5h Kh 4d] [9c]
sim5sim5: checks
ragz2riche5: bets $6
sim5sim5: calls $6
*** SHOW DOWN ***
ragz2riche5: shows [4s Kd] (two pair, Kings and Fours)
sim5sim5: mucks hand
ragz2riche5 collected $35.50 from pot
*** SUMMARY ***
Total pot $36 | Rake $0.50
Board [2d 5h Kh 4d 9c]
Seat 3: ragz2riche5 (button) (small blind) showed [4s Kd] and won ($35.50) with two pair, Kings and Fours
Seat 5: sim5sim5 (big blind) mucked


PokerStars Hand #165038961181:  Hold'em Limit ($3/$6 USD) - 2017/01/23 9:29:01 ET
Table 'Merak' 6-max Seat #5 is the button
Seat 3: ragz2riche5 ($187.24 in chips)
Seat 5: sim5sim5 ($111.50 in chips)
sim5sim5: posts small blind $1
ragz2riche5: posts big blind $3
*** HOLE CARDS ***
sim5sim5: raises $3 to $6
ragz2riche5: calls $3
*** FLOP *** [5d 7c 2h]
ragz2riche5: checks
sim5sim5: bets $3
ragz2riche5: raises $3 to $6
sim5sim5: calls $3
*** TURN *** [5d 7c 2h] [2c]
ragz2riche5: bets $6
sim5sim5: calls $6
*** RIVER *** [5d 7c 2h 2c] [Qs]
ragz2riche5: bets $6
sim5sim5: raises $6 to $12
ragz2riche5: folds
Uncalled bet ($6) returned to sim5sim5
sim5sim5 collected $47.50 from pot
sim5sim5: doesn't show hand
*** SUMMARY ***
Total pot $48 | Rake $0.50
Board [5d 7c 2h 2c Qs]
Seat 3: ragz2riche5 (big blind) folded on the River
Seat 5: sim5sim5 (button) (small blind) collected ($47.50)


PokerStars Hand #165039021880:  Hold'em Limit ($3/$6 USD) - 2017/01/23 9:30:33 ET
Table 'Merak' 6-max Seat #3 is the button
Seat 3: ragz2riche5 ($177.74 in chips)
Seat 5: sim5sim5 ($120 in chips)
ragz2riche5: posts small blind $1
sim5sim5: posts big blind $3
*** HOLE CARDS ***
ragz2riche5: raises $3 to $6
sim5sim5: calls $3
*** FLOP *** [6d Ad 3d]
sim5sim5: checks
ragz2riche5: bets $3
sim5sim5: folds
Uncalled bet ($3) returned to ragz2riche5
ragz2riche5 collected $11.76 from pot
ragz2riche5: doesn't show hand
*** SUMMARY ***
Total pot $12 | Rake $0.24
Board [6d Ad 3d]
Seat 3: ragz2riche5 (button) (small blind) collected ($11.76)
Seat 5: sim5sim5 (big blind) folded on the Flop


PokerStars Hand #165039012615:  Hold'em Limit ($3/$6 USD) - 2017/01/23 9:30:19 ET
Table 'Merak' 6-max Seat #5 is the button
Seat 3: ragz2riche5 ($180.74 in chips)
Seat 5: sim5sim5 ($117 in chips)
sim5sim5: posts small blind $1
ragz2riche5: posts big blind $3
*** HOLE CARDS ***
sim5sim5: raises $3 to $6
ragz2riche5: folds
Uncalled bet ($3) returned to sim5sim5
sim5sim5 collected $6 from pot
sim5sim5: doesn't show hand
*** SUMMARY ***
Total pot $6 | Rake $0
Seat 3: ragz2riche5 (big blind) folded before Flop
Seat 5: sim5sim5 (button) (small blind) collected ($6)


PokerStars Hand #165039519826:  Hold'em Limit ($3/$6 USD) - 2017/01/23 9:43:02 ET
Table 'Merak' 6-max Seat #6 is the button
Seat 4: perten ($89.21 in chips)
Seat 6: Priora158 ($71.77 in chips)
Priora158: posts small blind $1
perten: posts big blind $3
*** HOLE CARDS ***
Priora158: folds
Uncalled bet ($2) returned to perten
perten collected $2 from pot
perten: doesn't show hand
*** SUMMARY ***
Total pot $2 | Rake $0
Seat 4: perten (big blind) collected ($2)
Seat 6: Priora158 (button) (small blind) folded before Flop


PokerStars Hand #165039523112:  Hold'em Limit ($3/$6 USD) - 2017/01/23 9:43:07 ET
Table 'Merak' 6-max Seat #4 is the button
Seat 4: perten ($90.21 in chips)
Seat 6: Priora158 ($70.77 in chips)
perten: posts small blind $1
Priora158: posts big blind $3
*** HOLE CARDS ***
perten: raises $3 to $6
Priora158: calls $3
*** FLOP *** [Jc 8s 8h]
Priora158: checks
perten: bets $3
Priora158: folds
Uncalled bet ($3) returned to perten
perten collected $11.76 from pot
perten: doesn't show hand
*** SUMMARY ***
Total pot $12 | Rake $0.24
Board [Jc 8s 8h]
Seat 4: perten (button) (small blind) collected ($11.76)
Seat 6: Priora158 (big blind) folded on the Flop


PokerStars Hand #165039514663:  Hold'em Limit ($3/$6 USD) - 2017/01/23 9:42:54 ET
Table 'Merak' 6-max Seat #4 is the button
Seat 4: perten ($90.21 in chips)
Seat 6: Priora158 ($70.77 in chips)
perten: posts small blind $1
Priora158: posts big blind $3
*** HOLE CARDS ***
perten: folds
Uncalled bet ($2) returned to Priora158
Priora158 collected $2 from pot
*** SUMMARY ***
Total pot $2 | Rake $0
Seat 4: perten (button) (small blind) folded before Flop
Seat 6: Priora158 (big blind) collected ($2)


PokerStars Hand #165039511249:  Hold'em Limit ($3/$6 USD) - 2017/01/23 9:42:49 ET
Table 'Merak' 6-max Seat #6 is the button
Seat 4: perten ($89.21 in chips)
Seat 6: Priora158 ($71.77 in chips)
Priora158: posts small blind $1
tamnt10549 was removed from the table for failing to post
ragz2riche5 was removed from the table for failing to post
perten: posts big blind $3
*** HOLE CARDS ***
Priora158: folds
Uncalled bet ($2) returned to perten
perten collected $2 from pot
perten: doesn't show hand
*** SUMMARY ***
Total pot $2 | Rake $0
Seat 4: perten (big blind) collected ($2)
Seat 6: Priora158 (button) (small blind) folded before Flop


PokerStars Hand #165039507388:  Hold'em Limit ($3/$6 USD) - 2017/01/23 9:42:43 ET
Table 'Merak' 6-max Seat #4 is the button
Seat 4: perten ($90.21 in chips)
Seat 6: Priora158 ($70.77 in chips)
perten: posts small blind $1
PeterParka: is sitting out
Priora158: posts big blind $3
*** HOLE CARDS ***
perten: folds
Uncalled bet ($2) returned to Priora158
PeterParka leaves the table
Priora158 collected $2 from pot
*** SUMMARY ***
Total pot $2 | Rake $0
Seat 4: perten (button) (small blind) folded before Flop
Seat 6: Priora158 (big blind) collected ($2)


PokerStars Hand #165039533384:  Hold'em Limit ($3/$6 USD) - 2017/01/23 9:43:22 ET
Table 'Merak' 6-max Seat #6 is the button
Seat 4: perten ($95.97 in chips)
Seat 6: Priora158 ($64.77 in chips)
Priora158: posts small blind $1
perten: posts big blind $3
*** HOLE CARDS ***
Priora158: folds
Uncalled bet ($2) returned to perten
perten collected $2 from pot
*** SUMMARY ***
Total pot $2 | Rake $0
Seat 4: perten (big blind) collected ($2)
Seat 6: Priora158 (button) (small blind) folded before Flop


PokerStars Hand #165039537852:  Hold'em Limit ($3/$6 USD) - 2017/01/23 9:43:29 ET
Table 'Merak' 6-max Seat #4 is the button
Seat 4: perten ($96.97 in chips)
Seat 6: Priora158 ($63.77 in chips)
perten: posts small blind $1
Priora158: posts big blind $3
*** HOLE CARDS ***
perten: raises $3 to $6
Priora158: folds
Uncalled bet ($3) returned to perten
perten collected $6 from pot
perten: doesn't show hand
*** SUMMARY ***
Total pot $6 | Rake $0
Seat 4: perten (button) (small blind) collected ($6)
Seat 6: Priora158 (big blind) folded before Flop


