PokerStars Hand #167242597414:  Hold'em Limit ($3/$6 USD) - 2017/03/07 8:38:15 ET
Table 'Merak' 6-max Seat #3 is the button
Seat 3: slurpppy ($80 in chips)
Seat 4: TbIP-TbIP 88 ($72 in chips)
slurpppy: posts small blind $1
TbIP-TbIP 88: posts big blind $3
*** HOLE CARDS ***
slurpppy: folds
Uncalled bet ($2) returned to TbIP-TbIP 88
TbIP-TbIP 88 collected $2 from pot
TbIP-TbIP 88: doesn't show hand
*** SUMMARY ***
Total pot $2 | Rake $0
Seat 3: slurpppy (button) (small blind) folded before Flop
Seat 4: TbIP-TbIP 88 (big blind) collected ($2)


PokerStars Hand #167242602348:  Hold'em Limit ($3/$6 USD) - 2017/03/07 8:38:24 ET
Table 'Merak' 6-max Seat #4 is the button
Seat 3: slurpppy ($79 in chips)
Seat 4: TbIP-TbIP 88 ($73 in chips)
TbIP-TbIP 88: posts small blind $1
slurpppy: posts big blind $3
*** HOLE CARDS ***
RaisemyNut$ joins the table at seat #5
TbIP-TbIP 88: raises $3 to $6
slurpppy: calls $3
*** FLOP *** [Td 9d 4h]
slurpppy: checks
TbIP-TbIP 88: bets $3
slurpppy: raises $3 to $6
TbIP-TbIP 88: calls $3
*** TURN *** [Td 9d 4h] [6h]
slurpppy: bets $6
TbIP-TbIP 88: calls $6
*** RIVER *** [Td 9d 4h 6h] [Ks]
slurpppy: bets $6
TbIP-TbIP 88: folds
Uncalled bet ($6) returned to slurpppy
slurpppy collected $35.50 from pot
*** SUMMARY ***
Total pot $36 | Rake $0.50
Board [Td 9d 4h 6h Ks]
Seat 3: slurpppy (big blind) collected ($35.50)
Seat 4: TbIP-TbIP 88 (button) (small blind) folded on the River


PokerStars Hand #167242622916:  Hold'em Limit ($3/$6 USD) - 2017/03/07 8:39:01 ET
Table 'Merak' 6-max Seat #3 is the button
Seat 3: slurpppy ($96.50 in chips)
Seat 4: TbIP-TbIP 88 ($72 in chips)
slurpppy: posts small blind $1
TbIP-TbIP 88: posts big blind $3
*** HOLE CARDS ***
slurpppy: raises $3 to $6
swics1202 joins the table at seat #6
TbIP-TbIP 88: calls $3
*** FLOP *** [2s 8c Ac]
TbIP-TbIP 88: checks
slurpppy: bets $3
TbIP-TbIP 88: folds
Uncalled bet ($3) returned to slurpppy
slurpppy collected $11.76 from pot
*** SUMMARY ***
Total pot $12 | Rake $0.24
Board [2s 8c Ac]
Seat 3: slurpppy (button) (small blind) collected ($11.76)
Seat 4: TbIP-TbIP 88 (big blind) folded on the Flop


PokerStars Hand #167246260912:  Hold'em Limit ($3/$6 USD) - 2017/03/07 10:20:59 ET
Table 'Merak' 6-max Seat #1 is the button
Seat 1: Agrotait ($69 in chips)
Seat 3: slurpppy ($369.88 in chips)
Agrotait: posts small blind $1
slurpppy: posts big blind $3
*** HOLE CARDS ***
Brando Jr said, "gl"
Agrotait: raises $3 to $6
Brando Jr leaves the table
slurpppy: folds
Uncalled bet ($3) returned to Agrotait
Agrotait collected $6 from pot
Agrotait: doesn't show hand
*** SUMMARY ***
Total pot $6 | Rake $0
Seat 1: Agrotait (button) (small blind) collected ($6)
Seat 3: slurpppy (big blind) folded before Flop


PokerStars Hand #167246255606:  Hold'em Limit ($3/$6 USD) - 2017/03/07 10:20:51 ET
Table 'Merak' 6-max Seat #3 is the button
Seat 1: Agrotait ($72 in chips)
Seat 3: slurpppy ($366.88 in chips)
slurpppy: posts small blind $1
Brando Jr: is sitting out
HAL9QQQ: is sitting out
MMike1948: is sitting out
Agrotait: posts big blind $3
*** HOLE CARDS ***
slurpppy: raises $3 to $6
Agrotait: folds
Uncalled bet ($3) returned to slurpppy
slurpppy collected $6 from pot
*** SUMMARY ***
Total pot $6 | Rake $0
Seat 1: Agrotait (big blind) folded before Flop
Seat 3: slurpppy (button) (small blind) collected ($6)


PokerStars Hand #167246282282:  Hold'em Limit ($3/$6 USD) - 2017/03/07 10:21:32 ET
Table 'Merak' 6-max Seat #1 is the button
Seat 1: Agrotait ($66 in chips)
Seat 3: slurpppy ($372.64 in chips)
Agrotait: posts small blind $1
slurpppy: posts big blind $3
*** HOLE CARDS ***
Agrotait: folds
Uncalled bet ($2) returned to slurpppy
slurpppy collected $2 from pot
*** SUMMARY ***
Total pot $2 | Rake $0
Seat 1: Agrotait (button) (small blind) folded before Flop
Seat 3: slurpppy (big blind) collected ($2)


PokerStars Hand #167246294299:  Hold'em Limit ($3/$6 USD) - 2017/03/07 10:21:51 ET
Table 'Merak' 6-max Seat #3 is the button
Seat 1: Agrotait ($65 in chips)
Seat 3: slurpppy ($373.64 in chips)
slurpppy: posts small blind $1
Agrotait: posts big blind $3
*** HOLE CARDS ***
slurpppy: raises $3 to $6
Agrotait: calls $3
*** FLOP *** [Kh 4s 9h]
Agrotait: checks
slurpppy: bets $3
Agrotait: folds
Uncalled bet ($3) returned to slurpppy
slurpppy collected $11.76 from pot
*** SUMMARY ***
Total pot $12 | Rake $0.24
Board [Kh 4s 9h]
Seat 1: Agrotait (big blind) folded on the Flop
Seat 3: slurpppy (button) (small blind) collected ($11.76)


PokerStars Hand #167246268758:  Hold'em Limit ($3/$6 USD) - 2017/03/07 10:21:11 ET
Table 'Merak' 6-max Seat #3 is the button
Seat 1: Agrotait ($72 in chips)
Seat 3: slurpppy ($366.88 in chips)
MMike1948 leaves the table
slurpppy: posts small blind $1
Agrotait: posts big blind $3
*** HOLE CARDS ***
slurpppy: raises $3 to $6
Agrotait: calls $3
*** FLOP *** [8c 7c Ac]
Agrotait: checks
slurpppy: bets $3
Agrotait: folds
Uncalled bet ($3) returned to slurpppy
slurpppy collected $11.76 from pot
*** SUMMARY ***
Total pot $12 | Rake $0.24
Board [8c 7c Ac]
Seat 1: Agrotait (big blind) folded on the Flop
Seat 3: slurpppy (button) (small blind) collected ($11.76)


PokerStars Hand #167246322322:  Hold'em Limit ($3/$6 USD) - 2017/03/07 10:22:34 ET
Table 'Merak' 6-max Seat #3 is the button
Seat 1: Agrotait ($77.76 in chips)
Seat 3: slurpppy ($373.40 in chips)
slurpppy: posts small blind $1
Agrotait: posts big blind $3
*** HOLE CARDS ***
slurpppy: raises $3 to $6
Agrotait: raises $3 to $9
slurpppy: calls $3
*** FLOP *** [6d 5s Jc]
Agrotait: bets $3
slurpppy: calls $3
*** TURN *** [6d 5s Jc] [Qs]
Agrotait: checks
slurpppy: bets $6
Agrotait: calls $6
*** RIVER *** [6d 5s Jc Qs] [3s]
Agrotait: checks
slurpppy: bets $6
Agrotait: raises $6 to $12
slurpppy: calls $6
*** SHOW DOWN ***
Agrotait: shows [As 8s] (a flush, Ace high)
slurpppy: shows [9d Qc] (a pair of Queens)
Agrotait collected $59.50 from pot
*** SUMMARY ***
Total pot $60 | Rake $0.50
Board [6d 5s Jc Qs 3s]
Seat 1: Agrotait (big blind) showed [As 8s] and won ($59.50) with a flush, Ace high
Seat 3: slurpppy (button) (small blind) showed [9d Qc] and lost with a pair of Queens


PokerStars Hand #167246319059:  Hold'em Limit ($3/$6 USD) - 2017/03/07 10:22:29 ET
Table 'Merak' 6-max Seat #1 is the button
Seat 1: Agrotait ($78.76 in chips)
Seat 3: slurpppy ($372.40 in chips)
Agrotait: posts small blind $1
slurpppy: posts big blind $3
*** HOLE CARDS ***
Agrotait: folds
Uncalled bet ($2) returned to slurpppy
slurpppy collected $2 from pot
*** SUMMARY ***
Total pot $2 | Rake $0
Seat 1: Agrotait (button) (small blind) folded before Flop
Seat 3: slurpppy (big blind) collected ($2)


PokerStars Hand #167246315646:  Hold'em Limit ($3/$6 USD) - 2017/03/07 10:22:23 ET
Table 'Merak' 6-max Seat #3 is the button
Seat 1: Agrotait ($77.76 in chips)
Seat 3: slurpppy ($373.40 in chips)
slurpppy: posts small blind $1
Agrotait: posts big blind $3
*** HOLE CARDS ***
slurpppy: folds
Uncalled bet ($2) returned to Agrotait
Agrotait collected $2 from pot
Agrotait: doesn't show hand
*** SUMMARY ***
Total pot $2 | Rake $0
Seat 1: Agrotait (big blind) collected ($2)
Seat 3: slurpppy (button) (small blind) folded before Flop


PokerStars Hand #167246308752:  Hold'em Limit ($3/$6 USD) - 2017/03/07 10:22:13 ET
Table 'Merak' 6-max Seat #1 is the button
Seat 1: Agrotait ($72 in chips)
Seat 3: slurpppy ($379.40 in chips)
Agrotait: posts small blind $1
slurpppy: posts big blind $3
*** HOLE CARDS ***
Agrotait: raises $3 to $6
slurpppy: calls $3
*** FLOP *** [As Ts 3c]
HAL9QQQ leaves the table
slurpppy: checks
Agrotait: bets $3
slurpppy: folds
Uncalled bet ($3) returned to Agrotait
Agrotait collected $11.76 from pot
Agrotait: doesn't show hand
*** SUMMARY ***
Total pot $12 | Rake $0.24
Board [As Ts 3c]
Seat 1: Agrotait (button) (small blind) collected ($11.76)
Seat 3: slurpppy (big blind) folded on the Flop


PokerStars Hand #167246336210:  Hold'em Limit ($3/$6 USD) - 2017/03/07 10:22:55 ET
Table 'Merak' 6-max Seat #1 is the button
Seat 1: Agrotait ($107.26 in chips)
Seat 3: slurpppy ($343.40 in chips)
Agrotait: posts small blind $1
slurpppy: posts big blind $3
*** HOLE CARDS ***
Agrotait: raises $3 to $6
slurpppy: calls $3
*** FLOP *** [Jc Qd Qs]
slurpppy: checks
Agrotait: checks
*** TURN *** [Jc Qd Qs] [Jd]
slurpppy: bets $6
Agrotait: folds
Uncalled bet ($6) returned to slurpppy
slurpppy collected $11.76 from pot
*** SUMMARY ***
Total pot $12 | Rake $0.24
Board [Jc Qd Qs Jd]
Seat 1: Agrotait (button) (small blind) folded on the Turn
Seat 3: slurpppy (big blind) collected ($11.76)


PokerStars Hand #167246351592:  Hold'em Limit ($3/$6 USD) - 2017/03/07 10:23:19 ET
Table 'Merak' 6-max Seat #3 is the button
Seat 1: Agrotait ($101.26 in chips)
Seat 3: slurpppy ($349.16 in chips)
slurpppy: posts small blind $1
Agrotait: posts big blind $3
*** HOLE CARDS ***
slurpppy: raises $3 to $6
Agrotait: raises $3 to $9
slurpppy: calls $3
*** FLOP *** [Jh Qd 8c]
Agrotait: bets $3
slurpppy: calls $3
*** TURN *** [Jh Qd 8c] [2s]
Agrotait: bets $6
slurpppy: calls $6
*** RIVER *** [Jh Qd 8c 2s] [2c]
Agrotait: bets $6
slurpppy: calls $6
*** SHOW DOWN ***
Agrotait: shows [Td Ts] (two pair, Tens and Deuces)
slurpppy: mucks hand
Agrotait collected $47.50 from pot
*** SUMMARY ***
Total pot $48 | Rake $0.50
Board [Jh Qd 8c 2s 2c]
Seat 1: Agrotait (big blind) showed [Td Ts] and won ($47.50) with two pair, Tens and Deuces
Seat 3: slurpppy (button) (small blind) mucked


PokerStars Hand #167246378196:  Hold'em Limit ($3/$6 USD) - 2017/03/07 10:24:01 ET
Table 'Merak' 6-max Seat #3 is the button
Seat 1: Agrotait ($127.76 in chips)
Seat 3: slurpppy ($322.16 in chips)
slurpppy: posts small blind $1
Agrotait: posts big blind $3
*** HOLE CARDS ***
slurpppy: raises $3 to $6
Agrotait: folds
Uncalled bet ($3) returned to slurpppy
slurpppy collected $6 from pot
*** SUMMARY ***
Total pot $6 | Rake $0
Seat 1: Agrotait (big blind) folded before Flop
Seat 3: slurpppy (button) (small blind) collected ($6)


PokerStars Hand #167246373750:  Hold'em Limit ($3/$6 USD) - 2017/03/07 10:23:54 ET
Table 'Merak' 6-max Seat #1 is the button
Seat 1: Agrotait ($124.76 in chips)
Seat 3: slurpppy ($325.16 in chips)
Agrotait: posts small blind $1
slurpppy: posts big blind $3
*** HOLE CARDS ***
Agrotait: raises $3 to $6
slurpppy: folds
Uncalled bet ($3) returned to Agrotait
Agrotait collected $6 from pot
Agrotait: doesn't show hand
*** SUMMARY ***
Total pot $6 | Rake $0
Seat 1: Agrotait (button) (small blind) collected ($6)
Seat 3: slurpppy (big blind) folded before Flop


PokerStars Hand #167246406645:  Hold'em Limit ($3/$6 USD) - 2017/03/07 10:24:45 ET
Table 'Merak' 6-max Seat #3 is the button
Seat 1: Agrotait ($115.76 in chips)
Seat 3: slurpppy ($333.80 in chips)
slurpppy: posts small blind $1
Agrotait: posts big blind $3
*** HOLE CARDS ***
slurpppy: folds
Uncalled bet ($2) returned to Agrotait
Agrotait collected $2 from pot
Agrotait: doesn't show hand
*** SUMMARY ***
Total pot $2 | Rake $0
Seat 1: Agrotait (big blind) collected ($2)
Seat 3: slurpppy (button) (small blind) folded before Flop


PokerStars Hand #167246385368:  Hold'em Limit ($3/$6 USD) - 2017/03/07 10:24:12 ET
Table 'Merak' 6-max Seat #1 is the button
Seat 1: Agrotait ($124.76 in chips)
Seat 3: slurpppy ($325.16 in chips)
Agrotait: posts small blind $1
slurpppy: posts big blind $3
*** HOLE CARDS ***
Agrotait: raises $3 to $6
slurpppy: calls $3
*** FLOP *** [Qd Kh Kc]
slurpppy: checks
Agrotait: bets $3
slurpppy: raises $3 to $6
Agrotait: folds
Uncalled bet ($3) returned to slurpppy
slurpppy collected $17.64 from pot
*** SUMMARY ***
Total pot $18 | Rake $0.36
Board [Qd Kh Kc]
Seat 1: Agrotait (button) (small blind) folded on the Flop
Seat 3: slurpppy (big blind) collected ($17.64)


PokerStars Hand #167246435636:  Hold'em Limit ($3/$6 USD) - 2017/03/07 10:25:30 ET
Table 'Merak' 6-max Seat #3 is the button
Seat 1: Agrotait ($140.26 in chips)
Seat 3: slurpppy ($308.80 in chips)
slurpppy: posts small blind $1
Agrotait: posts big blind $3
*** HOLE CARDS ***
slurpppy: raises $3 to $6
Agrotait: calls $3
*** FLOP *** [Ts Td 4c]
Agrotait: checks
slurpppy: bets $3
Agrotait: calls $3
*** TURN *** [Ts Td 4c] [5s]
Agrotait: checks
slurpppy: bets $6
vitamin168 joins the table at seat #4
Agrotait: calls $6
*** RIVER *** [Ts Td 4c 5s] [9d]
Agrotait: checks
slurpppy: checks
*** SHOW DOWN ***
Agrotait: shows [Ks 7c] (a pair of Tens)
slurpppy: shows [As Qc] (a pair of Tens - Ace kicker)
slurpppy collected $29.50 from pot
*** SUMMARY ***
Total pot $30 | Rake $0.50
Board [Ts Td 4c 5s 9d]
Seat 1: Agrotait (big blind) showed [Ks 7c] and lost with a pair of Tens
Seat 3: slurpppy (button) (small blind) showed [As Qc] and won ($29.50) with a pair of Tens


PokerStars Hand #167246410336:  Hold'em Limit ($3/$6 USD) - 2017/03/07 10:24:50 ET
Table 'Merak' 6-max Seat #1 is the button
Seat 1: Agrotait ($116.76 in chips)
Seat 3: slurpppy ($332.80 in chips)
Agrotait: posts small blind $1
slurpppy: posts big blind $3
*** HOLE CARDS ***
Agrotait: raises $3 to $6
slurpppy: raises $3 to $9
Agrotait: calls $3
*** FLOP *** [7d 4d Qs]
slurpppy: bets $3
Agrotait: calls $3
*** TURN *** [7d 4d Qs] [Jh]
slurpppy: bets $6
Agrotait: calls $6
*** RIVER *** [7d 4d Qs Jh] [8h]
slurpppy: bets $6
Agrotait: calls $6
*** SHOW DOWN ***
slurpppy: shows [Ac 2h] (high card Ace)
Agrotait: shows [Qh Ts] (a pair of Queens)
Agrotait collected $47.50 from pot
*** SUMMARY ***
Total pot $48 | Rake $0.50
Board [7d 4d Qs Jh 8h]
Seat 1: Agrotait (button) (small blind) showed [Qh Ts] and won ($47.50) with a pair of Queens
Seat 3: slurpppy (big blind) showed [Ac 2h] and lost with high card Ace


PokerStars Hand #167246453765:  Hold'em Limit ($3/$6 USD) - 2017/03/07 10:25:58 ET
Table 'Merak' 6-max Seat #1 is the button
Seat 1: Agrotait ($125.26 in chips)
Seat 3: slurpppy ($323.30 in chips)
Agrotait: posts small blind $1
slurpppy: posts big blind $3
*** HOLE CARDS ***
Agrotait: raises $3 to $6
slurpppy: raises $3 to $9
Agrotait: calls $3
*** FLOP *** [5s 5d 2d]
slurpppy: bets $3
Agrotait: calls $3
*** TURN *** [5s 5d 2d] [Ah]
slurpppy: bets $6
Agrotait: calls $6
*** RIVER *** [5s 5d 2d Ah] [7c]
slurpppy: bets $6
Agrotait: calls $6
*** SHOW DOWN ***
slurpppy: shows [Qh 6d] (a pair of Fives)
Agrotait: shows [As 2h] (two pair, Aces and Fives)
Agrotait collected $47.50 from pot
*** SUMMARY ***
Total pot $48 | Rake $0.50
Board [5s 5d 2d Ah 7c]
Seat 1: Agrotait (button) (small blind) showed [As 2h] and won ($47.50) with two pair, Aces and Fives
Seat 3: slurpppy (big blind) showed [Qh 6d] and lost with a pair of Fives


PokerStars Hand #167246956304:  Hold'em Limit ($3/$6 USD) - 2017/03/07 10:38:51 ET
Table 'Merak' 6-max Seat #3 is the button
Seat 1: Agrotait ($125.26 in chips)
Seat 3: slurpppy ($322.34 in chips)
slurpppy: posts small blind $1
Agrotait: posts big blind $3
*** HOLE CARDS ***
Mirkoo68 leaves the table
slurpppy: raises $3 to $6
Agrotait: calls $3
*** FLOP *** [6c 3h Th]
Agrotait: checks
slurpppy: bets $3
Agrotait: calls $3
*** TURN *** [6c 3h Th] [8d]
Agrotait: checks
slurpppy: bets $6
Agrotait: folds
Uncalled bet ($6) returned to slurpppy
slurpppy collected $17.64 from pot
*** SUMMARY ***
Total pot $18 | Rake $0.36
Board [6c 3h Th 8d]
Seat 1: Agrotait (big blind) folded on the Turn
Seat 3: slurpppy (button) (small blind) collected ($17.64)


PokerStars Hand #167246974868:  Hold'em Limit ($3/$6 USD) - 2017/03/07 10:39:19 ET
Table 'Merak' 6-max Seat #1 is the button
Seat 1: Agrotait ($116.26 in chips)
Seat 3: slurpppy ($330.98 in chips)
Agrotait: posts small blind $1
slurpppy: posts big blind $3
*** HOLE CARDS ***
Agrotait: raises $3 to $6
slurpppy: raises $3 to $9
Agrotait: calls $3
*** FLOP *** [7s 9s Jh]
slurpppy: bets $3
Agrotait: raises $3 to $6
slurpppy: calls $3
*** TURN *** [7s 9s Jh] [3h]
slurpppy: checks
Agrotait: bets $6
slurpppy: calls $6
*** RIVER *** [7s 9s Jh 3h] [3s]
slurpppy: checks
Agrotait: bets $6
slurpppy: calls $6
*** SHOW DOWN ***
Agrotait: shows [Jc 9h] (two pair, Jacks and Nines)
slurpppy: mucks hand
Agrotait collected $53.50 from pot
*** SUMMARY ***
Total pot $54 | Rake $0.50
Board [7s 9s Jh 3h 3s]
Seat 1: Agrotait (button) (small blind) showed [Jc 9h] and won ($53.50) with two pair, Jacks and Nines
Seat 3: slurpppy (big blind) mucked


PokerStars Hand #167247005238:  Hold'em Limit ($3/$6 USD) - 2017/03/07 10:40:05 ET
Table 'Merak' 6-max Seat #3 is the button
Seat 1: Agrotait ($142.76 in chips)
Seat 3: slurpppy ($303.98 in chips)
slurpppy: posts small blind $1
Agrotait: posts big blind $3
*** HOLE CARDS ***
slurpppy: raises $3 to $6
Agrotait: calls $3
*** FLOP *** [2h Tc Th]
Agrotait: checks
slurpppy: bets $3
Agrotait: raises $3 to $6
vestimokrec joins the table at seat #4
slurpppy: calls $3
*** TURN *** [2h Tc Th] [5c]
Agrotait: bets $6
slurpppy: raises $6 to $12
Agrotait: raises $6 to $18
slurpppy: folds
Uncalled bet ($6) returned to Agrotait
Agrotait collected $47.50 from pot
Agrotait: doesn't show hand
*** SUMMARY ***
Total pot $48 | Rake $0.50
Board [2h Tc Th 5c]
Seat 1: Agrotait (big blind) collected ($47.50)
Seat 3: slurpppy (button) (small blind) folded on the Turn


PokerStars Hand #167247041394:  Hold'em Limit ($3/$6 USD) - 2017/03/07 10:41:01 ET
Table 'Merak' 6-max Seat #1 is the button
Seat 1: Agrotait ($166.26 in chips)
Seat 3: slurpppy ($279.98 in chips)
Agrotait: posts small blind $1
slurpppy: posts big blind $3
*** HOLE CARDS ***
Agrotait: raises $3 to $6
slurpppy: calls $3
*** FLOP *** [Kc Jh 6d]
slurpppy: checks
Agrotait: bets $3
slurpppy: folds
Uncalled bet ($3) returned to Agrotait
Agrotait collected $11.76 from pot
Agrotait: doesn't show hand
*** SUMMARY ***
Total pot $12 | Rake $0.24
Board [Kc Jh 6d]
Seat 1: Agrotait (button) (small blind) collected ($11.76)
Seat 3: slurpppy (big blind) folded on the Flop


PokerStars Hand #167247163515:  Hold'em Limit ($3/$6 USD) - 2017/03/07 10:44:07 ET
Table 'Merak' 6-max Seat #3 is the button
Seat 3: slurpppy ($213.98 in chips)
Seat 4: vestimokrec ($197.15 in chips)
slurpppy: posts small blind $1
vestimokrec: posts big blind $3
*** HOLE CARDS ***
slurpppy: folds
Uncalled bet ($2) returned to vestimokrec
vestimokrec collected $2 from pot
vestimokrec: doesn't show hand
*** SUMMARY ***
Total pot $2 | Rake $0
Seat 3: slurpppy (button) (small blind) folded before Flop
Seat 4: vestimokrec (big blind) collected ($2)


PokerStars Hand #167247141291:  Hold'em Limit ($3/$6 USD) - 2017/03/07 10:43:33 ET
Table 'Merak' 6-max Seat #4 is the button
Seat 3: slurpppy ($231.98 in chips)
Seat 4: vestimokrec ($179.65 in chips)
vestimokrec: posts small blind $1
Agrotait: is sitting out
slurpppy: posts big blind $3
*** HOLE CARDS ***
vestimokrec: raises $3 to $6
slurpppy: calls $3
*** FLOP *** [9s 7d Th]
slurpppy: checks
vestimokrec: checks
*** TURN *** [9s 7d Th] [6c]
slurpppy: bets $6
vestimokrec: calls $6
*** RIVER *** [9s 7d Th 6c] [2d]
slurpppy: bets $6
tttzzz joins the table at seat #2
vestimokrec: calls $6
*** SHOW DOWN ***
slurpppy: shows [5h 3c] (high card Ten)
vestimokrec: shows [3h 6h] (a pair of Sixes)
vestimokrec collected $35.50 from pot
*** SUMMARY ***
Total pot $36 | Rake $0.50
Board [9s 7d Th 6c 2d]
Seat 3: slurpppy (big blind) showed [5h 3c] and lost with high card Ten
Seat 4: vestimokrec (button) (small blind) showed [3h 6h] and won ($35.50) with a pair of Sixes


PokerStars Hand #167254776690:  Hold'em Limit ($3/$6 USD) - 2017/03/07 13:34:28 ET
Table 'Merak' 6-max Seat #4 is the button
Seat 3: slurpppy ($66.93 in chips)
Seat 4: vestimokrec ($125.87 in chips)
vestimokrec: posts small blind $1
TAROT333: is sitting out
slurpppy: posts big blind $3
*** HOLE CARDS ***
vestimokrec: folds
Uncalled bet ($2) returned to slurpppy
slurpppy collected $2 from pot
*** SUMMARY ***
Total pot $2 | Rake $0
Seat 3: slurpppy (big blind) collected ($2)
Seat 4: vestimokrec (button) (small blind) folded before Flop


PokerStars Hand #167254795968:  Hold'em Limit ($3/$6 USD) - 2017/03/07 13:34:50 ET
Table 'Merak' 6-max Seat #3 is the button
Seat 3: slurpppy ($67.93 in chips)
Seat 4: vestimokrec ($124.87 in chips)
slurpppy: posts small blind $1
vestimokrec: posts big blind $3
*** HOLE CARDS ***
slurpppy: folds
Uncalled bet ($2) returned to vestimokrec
vestimokrec collected $2 from pot
vestimokrec: doesn't show hand
*** SUMMARY ***
Total pot $2 | Rake $0
Seat 3: slurpppy (button) (small blind) folded before Flop
Seat 4: vestimokrec (big blind) collected ($2)


PokerStars Hand #167254801342:  Hold'em Limit ($3/$6 USD) - 2017/03/07 13:34:57 ET
Table 'Merak' 6-max Seat #4 is the button
Seat 3: slurpppy ($66.93 in chips)
Seat 4: vestimokrec ($125.87 in chips)
vestimokrec: posts small blind $1
slurpppy: posts big blind $3
*** HOLE CARDS ***
vestimokrec: raises $3 to $6
slurpppy: calls $3
*** FLOP *** [Th 8s As]
slurpppy: checks
vestimokrec: bets $3
TAROT333 leaves the table
slurpppy: raises $3 to $6
vestimokrec: calls $3
*** TURN *** [Th 8s As] [2c]
slurpppy: bets $6
vestimokrec: calls $6
*** RIVER *** [Th 8s As 2c] [5s]
slurpppy: bets $6
vestimokrec: folds
Uncalled bet ($6) returned to slurpppy
slurpppy collected $35.50 from pot
*** SUMMARY ***
Total pot $36 | Rake $0.50
Board [Th 8s As 2c 5s]
Seat 3: slurpppy (big blind) collected ($35.50)
Seat 4: vestimokrec (button) (small blind) folded on the River


PokerStars Hand #167254864833:  Hold'em Limit ($3/$6 USD) - 2017/03/07 13:36:10 ET
Table 'Merak' 6-max Seat #4 is the button
Seat 3: slurpppy ($69.43 in chips)
Seat 4: vestimokrec ($122.37 in chips)
vestimokrec: posts small blind $1
slurpppy: posts big blind $3
*** HOLE CARDS ***
vestimokrec: raises $3 to $6
slurpppy: folds
Uncalled bet ($3) returned to vestimokrec
vestimokrec collected $6 from pot
vestimokrec: doesn't show hand
*** SUMMARY ***
Total pot $6 | Rake $0
Seat 3: slurpppy (big blind) folded before Flop
Seat 4: vestimokrec (button) (small blind) collected ($6)


PokerStars Hand #167254901809:  Hold'em Limit ($3/$6 USD) - 2017/03/07 13:36:53 ET
Table 'Merak' 6-max Seat #4 is the button
Seat 3: slurpppy ($72.19 in chips)
Seat 4: vestimokrec ($119.37 in chips)
vestimokrec: posts small blind $1
slurpppy: posts big blind $3
*** HOLE CARDS ***
vestimokrec: raises $3 to $6
slurpppy: folds
Uncalled bet ($3) returned to vestimokrec
vestimokrec collected $6 from pot
vestimokrec: doesn't show hand
*** SUMMARY ***
Total pot $6 | Rake $0
Seat 3: slurpppy (big blind) folded before Flop
Seat 4: vestimokrec (button) (small blind) collected ($6)


PokerStars Hand #167254878570:  Hold'em Limit ($3/$6 USD) - 2017/03/07 13:36:26 ET
Table 'Merak' 6-max Seat #3 is the button
Seat 3: slurpppy ($66.43 in chips)
Seat 4: vestimokrec ($125.37 in chips)
slurpppy: posts small blind $1
vestimokrec: posts big blind $3
*** HOLE CARDS ***
slurpppy: raises $3 to $6
vestimokrec: calls $3
*** FLOP *** [Qs 8h Qh]
vestimokrec: checks
slurpppy: bets $3
vestimokrec: folds
Uncalled bet ($3) returned to slurpppy
slurpppy collected $11.76 from pot
*** SUMMARY ***
Total pot $12 | Rake $0.24
Board [Qs 8h Qh]
Seat 3: slurpppy (button) (small blind) collected ($11.76)
Seat 4: vestimokrec (big blind) folded on the Flop


PokerStars Hand #167254832222:  Hold'em Limit ($3/$6 USD) - 2017/03/07 13:35:32 ET
Table 'Merak' 6-max Seat #3 is the button
Seat 3: slurpppy ($84.43 in chips)
Seat 4: vestimokrec ($107.87 in chips)
slurpppy: posts small blind $1
vestimokrec: posts big blind $3
*** HOLE CARDS ***
slurpppy: raises $3 to $6
vestimokrec: calls $3
*** FLOP *** [5c 5d 9s]
vestimokrec: checks
slurpppy: bets $3
vestimokrec: calls $3
*** TURN *** [5c 5d 9s] [Qh]
vestimokrec: checks
slurpppy: checks
*** RIVER *** [5c 5d 9s Qh] [Ks]
vestimokrec: bets $6
slurpppy: calls $6
*** SHOW DOWN ***
vestimokrec: shows [Jc Tc] (a straight, Nine to King)
slurpppy: mucks hand
vestimokrec collected $29.50 from pot
*** SUMMARY ***
Total pot $30 | Rake $0.50
Board [5c 5d 9s Qh Ks]
Seat 3: slurpppy (button) (small blind) mucked
Seat 4: vestimokrec (big blind) showed [Jc Tc] and won ($29.50) with a straight, Nine to King


PokerStars Hand #167254930775:  Hold'em Limit ($3/$6 USD) - 2017/03/07 13:37:26 ET
Table 'Merak' 6-max Seat #4 is the button
Seat 3: slurpppy ($68.94 in chips)
Seat 4: vestimokrec ($122.12 in chips)
vestimokrec: posts small blind $1
slurpppy: posts big blind $3
*** HOLE CARDS ***
vestimokrec: raises $3 to $6
slurpppy: raises $3 to $9
vestimokrec: calls $3
*** FLOP *** [3d Ad Kh]
slurpppy: bets $3
vestimokrec: calls $3
*** TURN *** [3d Ad Kh] [9c]
slurpppy: bets $6
vestimokrec: calls $6
*** RIVER *** [3d Ad Kh 9c] [Ah]
slurpppy: bets $6
vestimokrec: calls $6
*** SHOW DOWN ***
slurpppy: shows [6h 7s] (a pair of Aces)
vestimokrec: shows [Qd Ks] (two pair, Aces and Kings)
vestimokrec collected $47.50 from pot
*** SUMMARY ***
Total pot $48 | Rake $0.50
Board [3d Ad Kh 9c Ah]
Seat 3: slurpppy (big blind) showed [6h 7s] and lost with a pair of Aces
Seat 4: vestimokrec (button) (small blind) showed [Qd Ks] and won ($47.50) with two pair, Aces and Kings


PokerStars Hand #167254908067:  Hold'em Limit ($3/$6 USD) - 2017/03/07 13:37:00 ET
Table 'Merak' 6-max Seat #3 is the button
Seat 3: slurpppy ($69.19 in chips)
Seat 4: vestimokrec ($122.37 in chips)
slurpppy: posts small blind $1
vestimokrec: posts big blind $3
*** HOLE CARDS ***
slurpppy: raises $3 to $6
vestimokrec: calls $3
*** FLOP *** [Jd Js 3h]
vestimokrec: checks
slurpppy: bets $3
vestimokrec: calls $3
*** TURN *** [Jd Js 3h] [Ac]
vestimokrec: checks
slurpppy: bets $6
vestimokrec: calls $6
*** RIVER *** [Jd Js 3h Ac] [Ts]
vestimokrec: checks
slurpppy: bets $6
vestimokrec: calls $6
*** SHOW DOWN ***
slurpppy: shows [Ah 2d] (two pair, Aces and Jacks)
vestimokrec: shows [As 7d] (two pair, Aces and Jacks)
vestimokrec collected $20.75 from pot
slurpppy collected $20.75 from pot
*** SUMMARY ***
Total pot $42 | Rake $0.50
Board [Jd Js 3h Ac Ts]
Seat 3: slurpppy (button) (small blind) showed [Ah 2d] and won ($20.75) with two pair, Aces and Jacks
Seat 4: vestimokrec (big blind) showed [As 7d] and won ($20.75) with two pair, Aces and Jacks


PokerStars Hand #167254951713:  Hold'em Limit ($3/$6 USD) - 2017/03/07 13:37:51 ET
Table 'Merak' 6-max Seat #3 is the button
Seat 3: slurpppy ($44.94 in chips)
Seat 4: vestimokrec ($145.62 in chips)
slurpppy: posts small blind $1
vestimokrec: posts big blind $3
*** HOLE CARDS ***
slurpppy: raises $3 to $6
vestimokrec: calls $3
*** FLOP *** [9s As Tc]
vestimokrec: checks
slurpppy: bets $3
vestimokrec: raises $3 to $6
slurpppy: calls $3
*** TURN *** [9s As Tc] [Ah]
vestimokrec: bets $6
slurpppy: raises $6 to $12
vestimokrec: calls $6
*** RIVER *** [9s As Tc Ah] [2h]
vestimokrec: checks
slurpppy: bets $6
vestimokrec: folds
Uncalled bet ($6) returned to slurpppy
slurpppy collected $47.50 from pot
*** SUMMARY ***
Total pot $48 | Rake $0.50
Board [9s As Tc Ah 2h]
Seat 3: slurpppy (button) (small blind) collected ($47.50)
Seat 4: vestimokrec (big blind) folded on the River


PokerStars Hand #167255025660:  Hold'em Limit ($3/$6 USD) - 2017/03/07 13:39:16 ET
Table 'Merak' 6-max Seat #3 is the button
Seat 3: slurpppy ($44.44 in chips)
Seat 4: vestimokrec ($145.12 in chips)
slurpppy: posts small blind $1
vestimokrec: posts big blind $3
*** HOLE CARDS ***
slurpppy: folds
Uncalled bet ($2) returned to vestimokrec
vestimokrec collected $2 from pot
vestimokrec: doesn't show hand
*** SUMMARY ***
Total pot $2 | Rake $0
Seat 3: slurpppy (button) (small blind) folded before Flop
Seat 4: vestimokrec (big blind) collected ($2)


PokerStars Hand #167254976456:  Hold'em Limit ($3/$6 USD) - 2017/03/07 13:38:19 ET
Table 'Merak' 6-max Seat #4 is the button
Seat 3: slurpppy ($68.44 in chips)
Seat 4: vestimokrec ($121.62 in chips)
vestimokrec: posts small blind $1
slurpppy: posts big blind $3
*** HOLE CARDS ***
vestimokrec: raises $3 to $6
slurpppy: raises $3 to $9
vestimokrec: calls $3
*** FLOP *** [4c 3d 5s]
slurpppy: bets $3
vestimokrec: calls $3
*** TURN *** [4c 3d 5s] [8s]
slurpppy: bets $6
MMike1948 joins the table at seat #5
vestimokrec: calls $6
*** RIVER *** [4c 3d 5s 8s] [2h]
andrey0709 joins the table at seat #2
slurpppy: bets $6
vestimokrec: calls $6
*** SHOW DOWN ***
slurpppy: shows [4h 5d] (two pair, Fives and Fours)
vestimokrec: shows [Ad Qd] (a straight, Ace to Five)
vestimokrec collected $47.50 from pot
*** SUMMARY ***
Total pot $48 | Rake $0.50
Board [4c 3d 5s 8s 2h]
Seat 3: slurpppy (big blind) showed [4h 5d] and lost with two pair, Fives and Fours
Seat 4: vestimokrec (button) (small blind) showed [Ad Qd] and won ($47.50) with a straight, Ace to Five


PokerStars Hand #167256476101:  Hold'em Limit ($3/$6 USD) - 2017/03/07 14:08:12 ET
Table 'Merak' 6-max Seat #2 is the button
Seat 2: pompier40 ($153.83 in chips)
Seat 5: MMike1948 ($148.35 in chips)
TAROT333 will be allowed to play after the button
pompier40: posts small blind $1
vestimokrec: is sitting out
MMike1948: posts big blind $3
*** HOLE CARDS ***
pompier40: raises $3 to $6
MMike1948: folds
Uncalled bet ($3) returned to pompier40
pompier40 collected $6 from pot
*** SUMMARY ***
Total pot $6 | Rake $0
Seat 2: pompier40 (button) (small blind) collected ($6)
Seat 5: MMike1948 (big blind) folded before Flop


PokerStars Hand #167262690685:  Hold'em Limit ($3/$6 USD) - 2017/03/07 16:10:01 ET
Table 'Merak' 6-max Seat #3 is the button
Seat 3: umbunga ($201.41 in chips)
Seat 6: GRAILKO ($114.06 in chips)
umbunga: posts small blind $1
MMike1948: is sitting out
GRAILKO: posts big blind $3
*** HOLE CARDS ***
umbunga: raises $3 to $6
GRAILKO: calls $3
*** FLOP *** [7d Th 2h]
GRAILKO: checks
umbunga: bets $3
GRAILKO: calls $3
*** TURN *** [7d Th 2h] [Ts]
MMike1948 leaves the table
GRAILKO: checks
umbunga: bets $6
GRAILKO: folds
Uncalled bet ($6) returned to umbunga
umbunga collected $17.64 from pot
umbunga: doesn't show hand
*** SUMMARY ***
Total pot $18 | Rake $0.36
Board [7d Th 2h Ts]
Seat 3: umbunga (button) (small blind) collected ($17.64)
Seat 6: GRAILKO (big blind) folded on the Turn


PokerStars Hand #167262709229:  Hold'em Limit ($3/$6 USD) - 2017/03/07 16:10:23 ET
Table 'Merak' 6-max Seat #6 is the button
Seat 3: umbunga ($210.05 in chips)
Seat 6: GRAILKO ($105.06 in chips)
GRAILKO: posts small blind $1
umbunga: posts big blind $3
*** HOLE CARDS ***
GRAILKO: raises $3 to $6
umbunga: calls $3
*** FLOP *** [Kh 5s 6h]
umbunga: checks
GRAILKO: bets $3
umbunga: folds
Uncalled bet ($3) returned to GRAILKO
GRAILKO collected $11.76 from pot
GRAILKO: doesn't show hand
*** SUMMARY ***
Total pot $12 | Rake $0.24
Board [Kh 5s 6h]
Seat 3: umbunga (big blind) folded on the Flop
Seat 6: GRAILKO (button) (small blind) collected ($11.76)


