PokerStars Hand #144249067183:  Hold'em Limit ($3/$6 USD) - 2015/11/23 0:15:52 ET
Table 'Mercury' 2-max Seat #1 is the button
Seat 1: Explosivo ($117 in chips)
Seat 2: Kosova1968 ($122.88 in chips)
Explosivo: posts small blind $1
Kosova1968: posts big blind $3
*** HOLE CARDS ***
Explosivo: raises $3 to $6
Kosova1968: calls $3
*** FLOP *** [8c Jc 6d]
Kosova1968: checks
Explosivo: bets $3
Kosova1968: calls $3
*** TURN *** [8c Jc 6d] [6c]
Kosova1968: checks
Explosivo: checks
*** RIVER *** [8c Jc 6d 6c] [Kd]
Kosova1968: bets $6
Explosivo: folds
Uncalled bet ($6) returned to Kosova1968
Kosova1968 collected $17.64 from pot
*** SUMMARY ***
Total pot $18 | Rake $0.36
Board [8c Jc 6d 6c Kd]
Seat 1: Explosivo (button) (small blind) folded on the River
Seat 2: Kosova1968 (big blind) collected ($17.64)


PokerStars Hand #144249051933:  Hold'em Limit ($3/$6 USD) - 2015/11/23 0:14:46 ET
Table 'Mercury' 2-max Seat #2 is the button
Seat 1: Explosivo ($120 in chips)
Seat 2: Kosova1968 ($120 in chips)
Kosova1968: posts small blind $1
Explosivo: posts big blind $3
*** HOLE CARDS ***
Kosova1968: calls $2
Explosivo: checks
*** FLOP *** [6h 5h Tc]
Explosivo: checks
Kosova1968: bets $3
Explosivo: folds
Uncalled bet ($3) returned to Kosova1968
Kosova1968 collected $5.88 from pot
*** SUMMARY ***
Total pot $6 | Rake $0.12
Board [6h 5h Tc]
Seat 1: Explosivo (big blind) folded on the Flop
Seat 2: Kosova1968 (button) (small blind) collected ($5.88)


PokerStars Hand #144249078642:  Hold'em Limit ($3/$6 USD) - 2015/11/23 0:16:40 ET
Table 'Mercury' 2-max Seat #2 is the button
Seat 1: Explosivo ($108 in chips)
Seat 2: Kosova1968 ($131.52 in chips)
Kosova1968: posts small blind $1
Explosivo: posts big blind $3
*** HOLE CARDS ***
Kosova1968: calls $2
Explosivo: raises $3 to $6
Kosova1968: calls $3
*** FLOP *** [9d Ks 2d]
Explosivo: bets $3
Kosova1968: calls $3
*** TURN *** [9d Ks 2d] [Th]
Explosivo: checks
Kosova1968: checks
*** RIVER *** [9d Ks 2d Th] [6s]
Explosivo: checks
Kosova1968: bets $6
Explosivo: folds
Uncalled bet ($6) returned to Kosova1968
Kosova1968 collected $17.64 from pot
Explosivo leaves the table
*** SUMMARY ***
Total pot $18 | Rake $0.36
Board [9d Ks 2d Th 6s]
Seat 1: Explosivo (big blind) folded on the River
Seat 2: Kosova1968 (button) (small blind) collected ($17.64)


