PokerStars Hand #149046241317:  Hold'em Limit ($3/$6 USD) - 2016/02/18 23:59:32 ET
Table 'Mercury II' 6-max Seat #3 is the button
Seat 3: Mudager ($149.50 in chips)
Seat 4: lanford ($89.76 in chips)
Mudager: posts small blind $1
lanford: posts big blind $3
*** HOLE CARDS ***
Mudager: raises $3 to $6
lanford: calls $3
*** FLOP *** [3s Jh 9h]
lanford: checks
Mudager: bets $3
lanford: raises $3 to $6
Mudager: folds
Uncalled bet ($3) returned to lanford
lanford collected $17.64 from pot
lanford: doesn't show hand
*** SUMMARY ***
Total pot $18 | Rake $0.36
Board [3s Jh 9h]
Seat 3: Mudager (button) (small blind) folded on the Flop
Seat 4: lanford (big blind) collected ($17.64)


PokerStars Hand #149046237734:  Hold'em Limit ($3/$6 USD) - 2016/02/18 23:59:17 ET
Table 'Mercury II' 6-max Seat #4 is the button
Seat 3: Mudager ($155.50 in chips)
Seat 4: lanford ($84 in chips)
lanford: posts small blind $1
Mudager: posts big blind $3
*** HOLE CARDS ***
lanford: raises $3 to $6
Mudager: calls $3
*** FLOP *** [8s Kd Kc]
Mudager: checks
lanford: bets $3
Mudager: folds
Uncalled bet ($3) returned to lanford
lanford collected $11.76 from pot
lanford: doesn't show hand
*** SUMMARY ***
Total pot $12 | Rake $0.24
Board [8s Kd Kc]
Seat 3: Mudager (big blind) folded on the Flop
Seat 4: lanford (button) (small blind) collected ($11.76)


PokerStars Hand #149046228472:  Hold'em Limit ($3/$6 USD) - 2016/02/18 23:58:41 ET
Table 'Mercury II' 6-max Seat #3 is the button
Seat 3: Mudager ($120 in chips)
Seat 4: lanford ($120 in chips)
Mudager: posts small blind $1
lanford: posts big blind $3
*** HOLE CARDS ***
Mudager: raises $3 to $6
lanford: calls $3
*** FLOP *** [7c 6h 3h]
lanford: checks
Mudager: bets $3
lanford: raises $3 to $6
Mudager: calls $3
*** TURN *** [7c 6h 3h] [As]
lanford: bets $6
Mudager: raises $6 to $12
lanford: raises $6 to $18
Mudager: calls $6
*** RIVER *** [7c 6h 3h As] [5h]
lanford: bets $6
Mudager: calls $6
*** SHOW DOWN ***
lanford: shows [9s 2d] (high card Ace)
Mudager: shows [6c 8s] (a pair of Sixes)
Mudager collected $71.50 from pot
*** SUMMARY ***
Total pot $72 | Rake $0.50
Board [7c 6h 3h As 5h]
Seat 3: Mudager (button) (small blind) showed [6c 8s] and won ($71.50) with a pair of Sixes
Seat 4: lanford (big blind) showed [9s 2d] and lost with high card Ace


PokerStars Hand #149046263093:  Hold'em Limit ($3/$6 USD) - 2016/02/19 0:00:56 ET
Table 'Mercury II' 6-max Seat #4 is the button
Seat 3: Mudager ($133.78 in chips)
Seat 4: lanford ($103.90 in chips)
lanford: posts small blind $1
Mudager: posts big blind $3
*** HOLE CARDS ***
lanford: raises $3 to $6
Mudager: folds
Uncalled bet ($3) returned to lanford
lanford collected $6 from pot
lanford: doesn't show hand
*** SUMMARY ***
Total pot $6 | Rake $0
Seat 3: Mudager (big blind) folded before Flop
Seat 4: lanford (button) (small blind) collected ($6)


PokerStars Hand #149046256540:  Hold'em Limit ($3/$6 USD) - 2016/02/19 0:00:31 ET
Table 'Mercury II' 6-max Seat #3 is the button
Seat 3: Mudager ($154.78 in chips)
Seat 4: lanford ($83.40 in chips)
Mudager: posts small blind $1
lanford: posts big blind $3
*** HOLE CARDS ***
Mudager: raises $3 to $6
lanford: calls $3
*** FLOP *** [6s 7c Jh]
lanford: bets $3
Mudager: calls $3
*** TURN *** [6s 7c Jh] [As]
lanford: bets $6
Mudager: calls $6
*** RIVER *** [6s 7c Jh As] [Ad]
lanford: bets $6
Mudager: calls $6
*** SHOW DOWN ***
lanford: shows [Qh 7s] (two pair, Aces and Sevens)
Mudager: mucks hand
lanford collected $41.50 from pot
*** SUMMARY ***
Total pot $42 | Rake $0.50
Board [6s 7c Jh As Ad]
Seat 3: Mudager (button) (small blind) mucked
Seat 4: lanford (big blind) showed [Qh 7s] and won ($41.50) with two pair, Aces and Sevens


PokerStars Hand #149046255039:  Hold'em Limit ($3/$6 USD) - 2016/02/19 0:00:26 ET
Table 'Mercury II' 6-max Seat #4 is the button
Seat 3: Mudager ($157.78 in chips)
Seat 4: lanford ($80.40 in chips)
lanford: posts small blind $1
Mudager: posts big blind $3
*** HOLE CARDS ***
lanford: raises $3 to $6
Mudager: folds
Uncalled bet ($3) returned to lanford
lanford collected $6 from pot
lanford: doesn't show hand
*** SUMMARY ***
Total pot $6 | Rake $0
Seat 3: Mudager (big blind) folded before Flop
Seat 4: lanford (button) (small blind) collected ($6)


PokerStars Hand #149046251289:  Hold'em Limit ($3/$6 USD) - 2016/02/19 0:00:11 ET
Table 'Mercury II' 6-max Seat #3 is the button
Seat 3: Mudager ($152.02 in chips)
Seat 4: lanford ($86.40 in chips)
Mudager: posts small blind $1
lanford: posts big blind $3
*** HOLE CARDS ***
Mudager: raises $3 to $6
lanford: calls $3
*** FLOP *** [8c 6s 9d]
lanford: checks
Mudager: bets $3
lanford: folds
Uncalled bet ($3) returned to Mudager
Mudager collected $11.76 from pot
Mudager: doesn't show hand
*** SUMMARY ***
Total pot $12 | Rake $0.24
Board [8c 6s 9d]
Seat 3: Mudager (button) (small blind) collected ($11.76)
Seat 4: lanford (big blind) folded on the Flop


PokerStars Hand #149046246215:  Hold'em Limit ($3/$6 USD) - 2016/02/18 23:59:51 ET
Table 'Mercury II' 6-max Seat #4 is the button
Seat 3: Mudager ($140.50 in chips)
Seat 4: lanford ($98.40 in chips)
lanford: posts small blind $1
Mudager: posts big blind $3
*** HOLE CARDS ***
lanford: raises $3 to $6
Mudager: raises $3 to $9
lanford: calls $3
*** FLOP *** [Kc Kd 6s]
Mudager: bets $3
lanford: calls $3
*** TURN *** [Kc Kd 6s] [3s]
Mudager: bets $6
lanford: folds
Uncalled bet ($6) returned to Mudager
Mudager collected $23.52 from pot
Mudager: doesn't show hand
*** SUMMARY ***
Total pot $24 | Rake $0.48
Board [Kc Kd 6s 3s]
Seat 3: Mudager (big blind) collected ($23.52)
Seat 4: lanford (button) (small blind) folded on the Turn


PokerStars Hand #149046275544:  Hold'em Limit ($3/$6 USD) - 2016/02/19 0:01:41 ET
Table 'Mercury II' 6-max Seat #4 is the button
Seat 3: Mudager ($148.28 in chips)
Seat 4: lanford ($88.90 in chips)
lanford: posts small blind $1
Mudager: posts big blind $3
*** HOLE CARDS ***
lanford: raises $3 to $6
Mudager: calls $3
*** FLOP *** [4c 9s 3c]
Mudager: checks
lanford: bets $3
Mudager: raises $3 to $6
lanford: calls $3
*** TURN *** [4c 9s 3c] [Jd]
Mudager: bets $6
lanford: raises $6 to $12
Mudager: calls $6
*** RIVER *** [4c 9s 3c Jd] [8h]
Mudager: checks
lanford: checks
*** SHOW DOWN ***
Mudager: shows [9h 8s] (two pair, Nines and Eights)
lanford: mucks hand
Mudager collected $47.50 from pot
*** SUMMARY ***
Total pot $48 | Rake $0.50
Board [4c 9s 3c Jd 8h]
Seat 3: Mudager (big blind) showed [9h 8s] and won ($47.50) with two pair, Nines and Eights
Seat 4: lanford (button) (small blind) mucked


PokerStars Hand #149046266237:  Hold'em Limit ($3/$6 USD) - 2016/02/19 0:01:08 ET
Table 'Mercury II' 6-max Seat #3 is the button
Seat 3: Mudager ($130.78 in chips)
Seat 4: lanford ($106.90 in chips)
Mudager: posts small blind $1
lanford: posts big blind $3
*** HOLE CARDS ***
Mudager: raises $3 to $6
lanford: calls $3
*** FLOP *** [9d 4c 5s]
lanford: checks
Mudager: checks
*** TURN *** [9d 4c 5s] [5c]
lanford: checks
Mudager: bets $6
lanford: calls $6
*** RIVER *** [9d 4c 5s 5c] [Td]
lanford: checks
Mudager: bets $6
lanford: calls $6
*** SHOW DOWN ***
Mudager: shows [Qc Th] (two pair, Tens and Fives)
lanford: mucks hand
Mudager collected $35.50 from pot
*** SUMMARY ***
Total pot $36 | Rake $0.50
Board [9d 4c 5s 5c Td]
Seat 3: Mudager (button) (small blind) showed [Qc Th] and won ($35.50) with two pair, Tens and Fives
Seat 4: lanford (big blind) mucked


PokerStars Hand #149046282839:  Hold'em Limit ($3/$6 USD) - 2016/02/19 0:02:08 ET
Table 'Mercury II' 6-max Seat #3 is the button
Seat 3: Mudager ($171.78 in chips)
Seat 4: lanford ($64.90 in chips)
Mudager: posts small blind $1
lanford: posts big blind $3
*** HOLE CARDS ***
Mudager: raises $3 to $6
lanford: calls $3
*** FLOP *** [5s 3s 2s]
lanford: checks
Mudager: bets $3
lanford: raises $3 to $6
Mudager: calls $3
*** TURN *** [5s 3s 2s] [8h]
lanford: bets $6
Mudager: calls $6
*** RIVER *** [5s 3s 2s 8h] [6s]
lanford: checks
Mudager: bets $6
lanford: calls $6
*** SHOW DOWN ***
Mudager: shows [Jh 3c] (a pair of Threes)
lanford: shows [5h 7s] (a flush, Seven high)
lanford collected $47.50 from pot
*** SUMMARY ***
Total pot $48 | Rake $0.50
Board [5s 3s 2s 8h 6s]
Seat 3: Mudager (button) (small blind) showed [Jh 3c] and lost with a pair of Threes
Seat 4: lanford (big blind) showed [5h 7s] and won ($47.50) with a flush, Seven high


PokerStars Hand #149046292256:  Hold'em Limit ($3/$6 USD) - 2016/02/19 0:02:42 ET
Table 'Mercury II' 6-max Seat #4 is the button
Seat 3: Mudager ($147.78 in chips)
Seat 4: lanford ($88.40 in chips)
lanford: posts small blind $1
Mudager: posts big blind $3
*** HOLE CARDS ***
lanford: raises $3 to $6
Mudager: calls $3
*** FLOP *** [2h 3s 6s]
Mudager: checks
lanford: checks
*** TURN *** [2h 3s 6s] [4d]
Mudager: bets $6
lanford: folds
Uncalled bet ($6) returned to Mudager
Mudager collected $11.76 from pot
Mudager: doesn't show hand
*** SUMMARY ***
Total pot $12 | Rake $0.24
Board [2h 3s 6s 4d]
Seat 3: Mudager (big blind) collected ($11.76)
Seat 4: lanford (button) (small blind) folded on the Turn


PokerStars Hand #149046297428:  Hold'em Limit ($3/$6 USD) - 2016/02/19 0:03:00 ET
Table 'Mercury II' 6-max Seat #3 is the button
Seat 3: Mudager ($153.54 in chips)
Seat 4: lanford ($82.40 in chips)
Mudager: posts small blind $1
lanford: posts big blind $3
*** HOLE CARDS ***
Mudager: raises $3 to $6
lanford: raises $3 to $9
Mudager: calls $3
*** FLOP *** [2d 6d Ad]
lanford: bets $3
Mudager: calls $3
*** TURN *** [2d 6d Ad] [Tc]
lanford: bets $6
Mudager: calls $6
*** RIVER *** [2d 6d Ad Tc] [4c]
lanford: bets $6
Mudager: calls $6
*** SHOW DOWN ***
lanford: shows [9d 9c] (a pair of Nines)
Mudager: mucks hand
lanford collected $47.50 from pot
*** SUMMARY ***
Total pot $48 | Rake $0.50
Board [2d 6d Ad Tc 4c]
Seat 3: Mudager (button) (small blind) mucked
Seat 4: lanford (big blind) showed [9d 9c] and won ($47.50) with a pair of Nines


PokerStars Hand #149046306785:  Hold'em Limit ($3/$6 USD) - 2016/02/19 0:03:33 ET
Table 'Mercury II' 6-max Seat #3 is the button
Seat 3: Mudager ($123.54 in chips)
Seat 4: lanford ($111.66 in chips)
Mudager: posts small blind $1
lanford: posts big blind $3
*** HOLE CARDS ***
Mudager: folds
Uncalled bet ($2) returned to lanford
lanford collected $2 from pot
lanford: doesn't show hand
*** SUMMARY ***
Total pot $2 | Rake $0
Seat 3: Mudager (button) (small blind) folded before Flop
Seat 4: lanford (big blind) collected ($2)


PokerStars Hand #149046302960:  Hold'em Limit ($3/$6 USD) - 2016/02/19 0:03:19 ET
Table 'Mercury II' 6-max Seat #4 is the button
Seat 3: Mudager ($129.54 in chips)
Seat 4: lanford ($105.90 in chips)
lanford: posts small blind $1
Mudager: posts big blind $3
*** HOLE CARDS ***
lanford: raises $3 to $6
Mudager: calls $3
*** FLOP *** [2d Tc 4d]
Mudager: checks
lanford: bets $3
Mudager: folds
Uncalled bet ($3) returned to lanford
lanford collected $11.76 from pot
lanford: doesn't show hand
*** SUMMARY ***
Total pot $12 | Rake $0.24
Board [2d Tc 4d]
Seat 3: Mudager (big blind) folded on the Flop
Seat 4: lanford (button) (small blind) collected ($11.76)


PokerStars Hand #149046308140:  Hold'em Limit ($3/$6 USD) - 2016/02/19 0:03:38 ET
Table 'Mercury II' 6-max Seat #4 is the button
Seat 3: Mudager ($122.54 in chips)
Seat 4: lanford ($112.66 in chips)
lanford: posts small blind $1
Mudager: posts big blind $3
*** HOLE CARDS ***
lanford: folds
Uncalled bet ($2) returned to Mudager
Mudager collected $2 from pot
Mudager: doesn't show hand
*** SUMMARY ***
Total pot $2 | Rake $0
Seat 3: Mudager (big blind) collected ($2)
Seat 4: lanford (button) (small blind) folded before Flop


PokerStars Hand #149046310019:  Hold'em Limit ($3/$6 USD) - 2016/02/19 0:03:44 ET
Table 'Mercury II' 6-max Seat #3 is the button
Seat 3: Mudager ($123.54 in chips)
Seat 4: lanford ($111.66 in chips)
Mudager: posts small blind $1
lanford: posts big blind $3
*** HOLE CARDS ***
Mudager: raises $3 to $6
lanford: calls $3
*** FLOP *** [7c 2d 2s]
lanford: checks
Mudager: bets $3
lanford: raises $3 to $6
Mudager: calls $3
*** TURN *** [7c 2d 2s] [5h]
lanford: bets $6
Mudager: calls $6
*** RIVER *** [7c 2d 2s 5h] [2c]
lanford: bets $6
Mudager: calls $6
*** SHOW DOWN ***
lanford: shows [7s Jh] (a full house, Deuces full of Sevens)
Mudager: mucks hand
lanford collected $47.50 from pot
*** SUMMARY ***
Total pot $48 | Rake $0.50
Board [7c 2d 2s 5h 2c]
Seat 3: Mudager (button) (small blind) mucked
Seat 4: lanford (big blind) showed [7s Jh] and won ($47.50) with a full house, Deuces full of Sevens


PokerStars Hand #149046317749:  Hold'em Limit ($3/$6 USD) - 2016/02/19 0:04:12 ET
Table 'Mercury II' 6-max Seat #3 is the button
Seat 3: Mudager ($121 in chips)
Seat 4: lanford ($134.16 in chips)
Mudager: posts small blind $1
lanford: posts big blind $3
*** HOLE CARDS ***
Mudager: raises $3 to $6
lanford: folds
Uncalled bet ($3) returned to Mudager
Mudager collected $6 from pot
Mudager: doesn't show hand
*** SUMMARY ***
Total pot $6 | Rake $0
Seat 3: Mudager (button) (small blind) collected ($6)
Seat 4: lanford (big blind) folded before Flop


PokerStars Hand #149046319545:  Hold'em Limit ($3/$6 USD) - 2016/02/19 0:04:18 ET
Table 'Mercury II' 6-max Seat #4 is the button
Seat 3: Mudager ($124 in chips)
Seat 4: lanford ($131.16 in chips)
lanford: posts small blind $1
Mudager: posts big blind $3
*** HOLE CARDS ***
lanford: folds
Uncalled bet ($2) returned to Mudager
Mudager collected $2 from pot
Mudager: doesn't show hand
*** SUMMARY ***
Total pot $2 | Rake $0
Seat 3: Mudager (big blind) collected ($2)
Seat 4: lanford (button) (small blind) folded before Flop


PokerStars Hand #149046322724:  Hold'em Limit ($3/$6 USD) - 2016/02/19 0:04:29 ET
Table 'Mercury II' 6-max Seat #3 is the button
Seat 3: Mudager ($125 in chips)
Seat 4: lanford ($130.16 in chips)
Mudager: posts small blind $1
lanford: posts big blind $3
*** HOLE CARDS ***
Mudager: raises $3 to $6
lanford: raises $3 to $9
Mudager: calls $3
*** FLOP *** [6d Jd 6c]
lanford: bets $3
Mudager: raises $3 to $6
lanford: calls $3
*** TURN *** [6d Jd 6c] [2c]
lanford: checks
Mudager: bets $6
lanford: calls $6
*** RIVER *** [6d Jd 6c 2c] [Ts]
lanford: checks
Mudager: bets $6
lanford: calls $6
*** SHOW DOWN ***
Mudager: shows [Jc 9s] (two pair, Jacks and Sixes)
lanford: mucks hand
Mudager collected $53.50 from pot
*** SUMMARY ***
Total pot $54 | Rake $0.50
Board [6d Jd 6c 2c Ts]
Seat 3: Mudager (button) (small blind) showed [Jc 9s] and won ($53.50) with two pair, Jacks and Sixes
Seat 4: lanford (big blind) mucked


PokerStars Hand #149046330859:  Hold'em Limit ($3/$6 USD) - 2016/02/19 0:04:58 ET
Table 'Mercury II' 6-max Seat #4 is the button
Seat 3: Mudager ($151.50 in chips)
Seat 4: lanford ($103.16 in chips)
lanford: posts small blind $1
Mudager: posts big blind $3
*** HOLE CARDS ***
lanford: raises $3 to $6
Mudager: folds
Uncalled bet ($3) returned to lanford
lanford collected $6 from pot
lanford: doesn't show hand
*** SUMMARY ***
Total pot $6 | Rake $0
Seat 3: Mudager (big blind) folded before Flop
Seat 4: lanford (button) (small blind) collected ($6)


PokerStars Hand #149046332800:  Hold'em Limit ($3/$6 USD) - 2016/02/19 0:05:05 ET
Table 'Mercury II' 6-max Seat #3 is the button
Seat 3: Mudager ($148.50 in chips)
Seat 4: lanford ($106.16 in chips)
Mudager: posts small blind $1
lanford: posts big blind $3
*** HOLE CARDS ***
Mudager: raises $3 to $6
lanford: calls $3
*** FLOP *** [9s Tc Js]
lanford: checks
Mudager: bets $3
lanford: raises $3 to $6
Mudager: calls $3
*** TURN *** [9s Tc Js] [Qc]
lanford: bets $6
Mudager: calls $6
*** RIVER *** [9s Tc Js Qc] [Jd]
lanford: bets $6
Mudager: calls $6
*** SHOW DOWN ***
lanford: shows [3s Ks] (a straight, Nine to King)
Mudager: mucks hand
lanford collected $47.50 from pot
*** SUMMARY ***
Total pot $48 | Rake $0.50
Board [9s Tc Js Qc Jd]
Seat 3: Mudager (button) (small blind) mucked
Seat 4: lanford (big blind) showed [3s Ks] and won ($47.50) with a straight, Nine to King


PokerStars Hand #149046339145:  Hold'em Limit ($3/$6 USD) - 2016/02/19 0:05:27 ET
Table 'Mercury II' 6-max Seat #4 is the button
Seat 3: Mudager ($124.50 in chips)
Seat 4: lanford ($129.66 in chips)
lanford: posts small blind $1
Mudager: posts big blind $3
*** HOLE CARDS ***
lanford: raises $3 to $6
Mudager: calls $3
*** FLOP *** [3h Ac Ts]
Mudager: checks
lanford: bets $3
Mudager: calls $3
*** TURN *** [3h Ac Ts] [9c]
Mudager: checks
lanford: checks
*** RIVER *** [3h Ac Ts 9c] [9h]
Mudager: bets $6
lanford: folds
Uncalled bet ($6) returned to Mudager
Mudager collected $17.64 from pot
Mudager: doesn't show hand
*** SUMMARY ***
Total pot $18 | Rake $0.36
Board [3h Ac Ts 9c 9h]
Seat 3: Mudager (big blind) collected ($17.64)
Seat 4: lanford (button) (small blind) folded on the River


PokerStars Hand #149046349124:  Hold'em Limit ($3/$6 USD) - 2016/02/19 0:06:03 ET
Table 'Mercury II' 6-max Seat #3 is the button
Seat 3: Mudager ($133.14 in chips)
Seat 4: lanford ($120.66 in chips)
Mudager: posts small blind $1
lanford: posts big blind $3
*** HOLE CARDS ***
Mudager: raises $3 to $6
lanford: raises $3 to $9
Mudager: calls $3
*** FLOP *** [3h Ks 5d]
lanford: bets $3
Mudager: calls $3
*** TURN *** [3h Ks 5d] [3d]
lanford: bets $6
Mudager: calls $6
*** RIVER *** [3h Ks 5d 3d] [9s]
lanford: bets $6
Mudager: calls $6
*** SHOW DOWN ***
lanford: shows [Jd Jc] (two pair, Jacks and Threes)
Mudager: mucks hand
lanford collected $47.50 from pot
*** SUMMARY ***
Total pot $48 | Rake $0.50
Board [3h Ks 5d 3d 9s]
Seat 3: Mudager (button) (small blind) mucked
Seat 4: lanford (big blind) showed [Jd Jc] and won ($47.50) with two pair, Jacks and Threes


PokerStars Hand #149046357005:  Hold'em Limit ($3/$6 USD) - 2016/02/19 0:06:31 ET
Table 'Mercury II' 6-max Seat #4 is the button
Seat 3: Mudager ($120 in chips)
Seat 4: lanford ($144.16 in chips)
lanford: posts small blind $1
Mudager: posts big blind $3
*** HOLE CARDS ***
lanford: folds
Uncalled bet ($2) returned to Mudager
lanford leaves the table
Mudager collected $2 from pot
Mudager: doesn't show hand
*** SUMMARY ***
Total pot $2 | Rake $0
Seat 3: Mudager (big blind) collected ($2)
Seat 4: lanford (button) (small blind) folded before Flop


