PokerStars Hand #162448353581:  Hold'em Limit ($3/$6 USD) - 2016/12/05 8:41:17 ET
Table 'Merga' 6-max Seat #4 is the button
Seat 3: Aria65 ($152.50 in chips)
Seat 4: Agrotait ($72 in chips)
Agrotait: posts small blind $1
Aria65: posts big blind $3
*** HOLE CARDS ***
Agrotait: folds
Uncalled bet ($2) returned to Aria65
Aria65 collected $2 from pot
Aria65: doesn't show hand
*** SUMMARY ***
Total pot $2 | Rake $0
Seat 3: Aria65 (big blind) collected ($2)
Seat 4: Agrotait (button) (small blind) folded before Flop


PokerStars Hand #162448357464:  Hold'em Limit ($3/$6 USD) - 2016/12/05 8:41:24 ET
Table 'Merga' 6-max Seat #3 is the button
Seat 3: Aria65 ($153.50 in chips)
Seat 4: Agrotait ($71 in chips)
Aria65: posts small blind $1
Agrotait: posts big blind $3
*** HOLE CARDS ***
Aria65: raises $3 to $6
Agrotait: calls $3
*** FLOP *** [Qh Jc 8s]
Agrotait: checks
Aria65: bets $3
GoliafUa joins the table at seat #5
Agrotait: folds
Uncalled bet ($3) returned to Aria65
Aria65 collected $11.76 from pot
Aria65: doesn't show hand
*** SUMMARY ***
Total pot $12 | Rake $0.24
Board [Qh Jc 8s]
Seat 3: Aria65 (button) (small blind) collected ($11.76)
Seat 4: Agrotait (big blind) folded on the Flop


PokerStars Hand #162448332587:  Hold'em Limit ($3/$6 USD) - 2016/12/05 8:40:43 ET
Table 'Merga' 6-max Seat #3 is the button
Seat 3: Aria65 ($120 in chips)
Seat 4: Agrotait ($72 in chips)
Aria65: posts small blind $1
Agrotait: posts big blind $3
*** HOLE CARDS ***
Aria65: raises $3 to $6
Agrotait: raises $3 to $9
Aria65: calls $3
*** FLOP *** [8c As Js]
Agrotait: bets $3
Aria65: raises $3 to $6
Agrotait: calls $3
*** TURN *** [8c As Js] [8h]
Agrotait: bets $6
Aria65: raises $6 to $12
Agrotait: calls $6
*** RIVER *** [8c As Js 8h] [7h]
Agrotait: checks
Aria65: bets $6
Agrotait: calls $6
*** SHOW DOWN ***
Aria65: shows [6s 8s] (three of a kind, Eights)
Agrotait: mucks hand
Aria65 collected $65.50 from pot
*** SUMMARY ***
Total pot $66 | Rake $0.50
Board [8c As Js 8h 7h]
Seat 3: Aria65 (button) (small blind) showed [6s 8s] and won ($65.50) with three of a kind, Eights
Seat 4: Agrotait (big blind) mucked


PokerStars Hand #162448372769:  Hold'em Limit ($3/$6 USD) - 2016/12/05 8:41:49 ET
Table 'Merga' 6-max Seat #4 is the button
Seat 3: Aria65 ($159.26 in chips)
Seat 4: Agrotait ($65 in chips)
Agrotait: posts small blind $1
Aria65: posts big blind $3
*** HOLE CARDS ***
Agrotait: raises $3 to $6
Aria65: calls $3
*** FLOP *** [9c 2c 7c]
Aria65: checks
Agrotait: bets $3
Aria65: folds
Uncalled bet ($3) returned to Agrotait
Agrotait collected $11.76 from pot
Agrotait: doesn't show hand
*** SUMMARY ***
Total pot $12 | Rake $0.24
Board [9c 2c 7c]
Seat 3: Aria65 (big blind) folded on the Flop
Seat 4: Agrotait (button) (small blind) collected ($11.76)


PokerStars Hand #162448386337:  Hold'em Limit ($3/$6 USD) - 2016/12/05 8:42:12 ET
Table 'Merga' 6-max Seat #3 is the button
Seat 3: Aria65 ($153.26 in chips)
Seat 4: Agrotait ($70.76 in chips)
Aria65: posts small blind $1
Agrotait: posts big blind $3
*** HOLE CARDS ***
Aria65: raises $3 to $6
Agrotait: calls $3
*** FLOP *** [Jh Ks 2s]
Agrotait: bets $3
Aria65: calls $3
*** TURN *** [Jh Ks 2s] [3c]
Agrotait: bets $6
Aria65: calls $6
*** RIVER *** [Jh Ks 2s 3c] [Ah]
Agrotait: checks
Aria65: checks
*** SHOW DOWN ***
Agrotait: shows [3s 4s] (a pair of Threes)
Aria65: shows [Ts Tc] (a pair of Tens)
Aria65 collected $29.50 from pot
*** SUMMARY ***
Total pot $30 | Rake $0.50
Board [Jh Ks 2s 3c Ah]
Seat 3: Aria65 (button) (small blind) showed [Ts Tc] and won ($29.50) with a pair of Tens
Seat 4: Agrotait (big blind) showed [3s 4s] and lost with a pair of Threes


PokerStars Hand #162448428083:  Hold'em Limit ($3/$6 USD) - 2016/12/05 8:43:21 ET
Table 'Merga' 6-max Seat #3 is the button
Seat 3: Aria65 ($119.76 in chips)
Seat 4: Agrotait ($119.50 in chips)
Aria65: posts small blind $1
Agrotait: posts big blind $3
*** HOLE CARDS ***
Aria65: folds
Uncalled bet ($2) returned to Agrotait
Agrotait collected $2 from pot
Agrotait: doesn't show hand
*** SUMMARY ***
Total pot $2 | Rake $0
Seat 3: Aria65 (button) (small blind) folded before Flop
Seat 4: Agrotait (big blind) collected ($2)


PokerStars Hand #162448431691:  Hold'em Limit ($3/$6 USD) - 2016/12/05 8:43:27 ET
Table 'Merga' 6-max Seat #4 is the button
Seat 3: Aria65 ($118.76 in chips)
Seat 4: Agrotait ($120.50 in chips)
Agrotait: posts small blind $1
Aria65: posts big blind $3
*** HOLE CARDS ***
Agrotait: raises $3 to $6
Aria65: raises $3 to $9
Agrotait: calls $3
*** FLOP *** [Qc 2h 4s]
Aria65: checks
Agrotait: bets $3
Aria65: calls $3
*** TURN *** [Qc 2h 4s] [Qh]
Aria65: checks
Agrotait: checks
*** RIVER *** [Qc 2h 4s Qh] [9d]
Aria65: checks
Agrotait: checks
*** SHOW DOWN ***
Aria65: shows [Ks Td] (a pair of Queens)
Agrotait: mucks hand
Aria65 collected $23.52 from pot
*** SUMMARY ***
Total pot $24 | Rake $0.48
Board [Qc 2h 4s Qh 9d]
Seat 3: Aria65 (big blind) showed [Ks Td] and won ($23.52) with a pair of Queens
Seat 4: Agrotait (button) (small blind) mucked


PokerStars Hand #162448453681:  Hold'em Limit ($3/$6 USD) - 2016/12/05 8:44:03 ET
Table 'Merga' 6-max Seat #4 is the button
Seat 3: Aria65 ($129.28 in chips)
Seat 4: Agrotait ($109.50 in chips)
Agrotait: posts small blind $1
Aria65: posts big blind $3
*** HOLE CARDS ***
Agrotait: folds
Uncalled bet ($2) returned to Aria65
Aria65 collected $2 from pot
*** SUMMARY ***
Total pot $2 | Rake $0
Seat 3: Aria65 (big blind) collected ($2)
Seat 4: Agrotait (button) (small blind) folded before Flop


PokerStars Hand #162448397264:  Hold'em Limit ($3/$6 USD) - 2016/12/05 8:42:30 ET
Table 'Merga' 6-max Seat #4 is the button
Seat 3: Aria65 ($167.76 in chips)
Seat 4: Agrotait ($72 in chips)
Agrotait: posts small blind $1
Aria65: posts big blind $3
*** HOLE CARDS ***
Agrotait: raises $3 to $6
Aria65: calls $3
*** FLOP *** [2d Kh 6h]
Aria65: bets $3
Agrotait: raises $3 to $6
Aria65: calls $3
*** TURN *** [2d Kh 6h] [8s]
Aria65: checks
Agrotait: bets $6
Aria65: raises $6 to $12
Agrotait: raises $6 to $18
Aria65: raises $6 to $24
Betting is capped
Agrotait: calls $6
*** RIVER *** [2d Kh 6h 8s] [9s]
Aria65: bets $6
Agrotait: raises $6 to $12
Aria65: calls $6
*** SHOW DOWN ***
Agrotait: shows [Kc Ks] (three of a kind, Kings)
Aria65: mucks hand
Agrotait collected $95.50 from pot
*** SUMMARY ***
Total pot $96 | Rake $0.50
Board [2d Kh 6h 8s 9s]
Seat 3: Aria65 (big blind) mucked
Seat 4: Agrotait (button) (small blind) showed [Kc Ks] and won ($95.50) with three of a kind, Kings


PokerStars Hand #162448450648:  Hold'em Limit ($3/$6 USD) - 2016/12/05 8:43:58 ET
Table 'Merga' 6-max Seat #3 is the button
Seat 3: Aria65 ($130.28 in chips)
Seat 4: Agrotait ($108.50 in chips)
Aria65: posts small blind $1
Agrotait: posts big blind $3
*** HOLE CARDS ***
Aria65: folds
Uncalled bet ($2) returned to Agrotait
Agrotait collected $2 from pot
Agrotait: doesn't show hand
*** SUMMARY ***
Total pot $2 | Rake $0
Seat 3: Aria65 (button) (small blind) folded before Flop
Seat 4: Agrotait (big blind) collected ($2)


PokerStars Hand #162448456407:  Hold'em Limit ($3/$6 USD) - 2016/12/05 8:44:08 ET
Table 'Merga' 6-max Seat #3 is the button
Seat 3: Aria65 ($130.28 in chips)
Seat 4: Agrotait ($108.50 in chips)
Aria65: posts small blind $1
Agrotait: posts big blind $3
*** HOLE CARDS ***
Aria65: folds
Uncalled bet ($2) returned to Agrotait
Agrotait collected $2 from pot
Agrotait: doesn't show hand
*** SUMMARY ***
Total pot $2 | Rake $0
Seat 3: Aria65 (button) (small blind) folded before Flop
Seat 4: Agrotait (big blind) collected ($2)


PokerStars Hand #162448459463:  Hold'em Limit ($3/$6 USD) - 2016/12/05 8:44:13 ET
Table 'Merga' 6-max Seat #4 is the button
Seat 3: Aria65 ($129.28 in chips)
Seat 4: Agrotait ($109.50 in chips)
Agrotait: posts small blind $1
Aria65: posts big blind $3
*** HOLE CARDS ***
Agrotait: raises $3 to $6
Aria65: raises $3 to $9
Agrotait: calls $3
*** FLOP *** [3c 8h 5d]
Aria65: bets $3
Agrotait: calls $3
*** TURN *** [3c 8h 5d] [Kc]
Aria65: bets $6
Agrotait: calls $6
*** RIVER *** [3c 8h 5d Kc] [2s]
Aria65: bets $6
Agrotait: raises $6 to $12
Aria65: folds
Uncalled bet ($6) returned to Agrotait
Agrotait collected $47.50 from pot
Agrotait: doesn't show hand
*** SUMMARY ***
Total pot $48 | Rake $0.50
Board [3c 8h 5d Kc 2s]
Seat 3: Aria65 (big blind) folded on the River
Seat 4: Agrotait (button) (small blind) collected ($47.50)


PokerStars Hand #162448475977:  Hold'em Limit ($3/$6 USD) - 2016/12/05 8:44:41 ET
Table 'Merga' 6-max Seat #3 is the button
Seat 3: Aria65 ($105.28 in chips)
Seat 4: Agrotait ($133 in chips)
Aria65: posts small blind $1
Agrotait: posts big blind $3
*** HOLE CARDS ***
Aria65: folds
Uncalled bet ($2) returned to Agrotait
Aria65 leaves the table
Agrotait collected $2 from pot
Agrotait: doesn't show hand
*** SUMMARY ***
Total pot $2 | Rake $0
Seat 3: Aria65 (button) (small blind) folded before Flop
Seat 4: Agrotait (big blind) collected ($2)


