PokerStars Hand #176050958653:  Hold'em Limit ($3/$6 USD) - 2017/09/24 6:01:50 ET
Table 'Merga' 6-max Seat #5 is the button
Seat 5: igorkabmw ($50.50 in chips)
Seat 6: krossguard ($99 in chips)
igorkabmw: posts small blind $1
krossguard: posts big blind $3
*** HOLE CARDS ***
xcgxcg2005 joins the table at seat #3
igorkabmw: folds
Uncalled bet ($2) returned to krossguard
krossguard collected $2 from pot
krossguard: doesn't show hand
*** SUMMARY ***
Total pot $2 | Rake $0
Seat 5: igorkabmw (button) (small blind) folded before Flop
Seat 6: krossguard (big blind) collected ($2)


PokerStars Hand #176050950973:  Hold'em Limit ($3/$6 USD) - 2017/09/24 6:01:31 ET
Table 'Merga' 6-max Seat #6 is the button
Seat 5: igorkabmw ($30 in chips)
Seat 6: krossguard ($120 in chips)
krossguard: posts small blind $1
igorkabmw: posts big blind $3
*** HOLE CARDS ***
krossguard: raises $3 to $6
igorkabmw: calls $3
*** FLOP *** [9d 3d Tc]
igorkabmw: bets $3
krossguard: calls $3
*** TURN *** [9d 3d Tc] [Js]
igorkabmw: bets $6
krossguard: calls $6
*** RIVER *** [9d 3d Tc Js] [6c]
igorkabmw: bets $6
krossguard: calls $6
*** SHOW DOWN ***
igorkabmw: shows [Kc 5c] (high card King)
krossguard: mucks hand
igorkabmw collected $41.50 from pot
*** SUMMARY ***
Total pot $42 | Rake $0.50
Board [9d 3d Tc Js 6c]
Seat 5: igorkabmw (big blind) showed [Kc 5c] and won ($41.50) with high card King
Seat 6: krossguard (button) (small blind) mucked


PokerStars Hand #176054483169:  Hold'em Limit ($3/$6 USD) - 2017/09/24 8:16:16 ET
Table 'Merga' 6-max Seat #5 is the button
Seat 4: Veter A. Y. ($166.44 in chips)
Seat 5: masterblstr8 ($328.23 in chips)
masterblstr8: posts small blind $1
SEQUOIA2012: is sitting out
Veter A. Y.: posts big blind $3
*** HOLE CARDS ***
masterblstr8: raises $3 to $6
Veter A. Y.: folds
Uncalled bet ($3) returned to masterblstr8
masterblstr8 collected $6 from pot
masterblstr8: doesn't show hand
*** SUMMARY ***
Total pot $6 | Rake $0
Seat 4: Veter A. Y. (big blind) folded before Flop
Seat 5: masterblstr8 (button) (small blind) collected ($6)


PokerStars Hand #176054486918:  Hold'em Limit ($3/$6 USD) - 2017/09/24 8:16:23 ET
Table 'Merga' 6-max Seat #4 is the button
Seat 4: Veter A. Y. ($163.44 in chips)
Seat 5: masterblstr8 ($331.23 in chips)
Veter A. Y.: posts small blind $1
masterblstr8: posts big blind $3
*** HOLE CARDS ***
Veter A. Y.: calls $2
masterblstr8: checks
*** FLOP *** [9s 9c 8c]
masterblstr8: bets $3
Veter A. Y.: calls $3
*** TURN *** [9s 9c 8c] [6s]
masterblstr8: bets $6
Veter A. Y.: raises $6 to $12
masterblstr8: folds
Uncalled bet ($6) returned to Veter A. Y.
Veter A. Y. collected $23.52 from pot
Veter A. Y.: doesn't show hand
*** SUMMARY ***
Total pot $24 | Rake $0.48
Board [9s 9c 8c 6s]
Seat 4: Veter A. Y. (button) (small blind) collected ($23.52)
Seat 5: masterblstr8 (big blind) folded on the Turn


PokerStars Hand #176054495475:  Hold'em Limit ($3/$6 USD) - 2017/09/24 8:16:40 ET
Table 'Merga' 6-max Seat #5 is the button
Seat 4: Veter A. Y. ($174.96 in chips)
Seat 5: masterblstr8 ($319.23 in chips)
masterblstr8: posts small blind $1
Veter A. Y.: posts big blind $3
*** HOLE CARDS ***
masterblstr8: raises $3 to $6
Veter A. Y.: calls $3
*** FLOP *** [Ks Kc 8h]
Veter A. Y.: checks
masterblstr8: bets $3
Veter A. Y.: calls $3
*** TURN *** [Ks Kc 8h] [Tc]
Veter A. Y.: checks
masterblstr8: checks
*** RIVER *** [Ks Kc 8h Tc] [Ah]
Veter A. Y.: bets $6
masterblstr8: folds
Uncalled bet ($6) returned to Veter A. Y.
Veter A. Y. collected $17.64 from pot
Veter A. Y.: doesn't show hand
*** SUMMARY ***
Total pot $18 | Rake $0.36
Board [Ks Kc 8h Tc Ah]
Seat 4: Veter A. Y. (big blind) collected ($17.64)
Seat 5: masterblstr8 (button) (small blind) folded on the River


PokerStars Hand #176054515895:  Hold'em Limit ($3/$6 USD) - 2017/09/24 8:17:21 ET
Table 'Merga' 6-max Seat #4 is the button
Seat 4: Veter A. Y. ($183.60 in chips)
Seat 5: masterblstr8 ($310.23 in chips)
Veter A. Y.: posts small blind $1
masterblstr8: posts big blind $3
*** HOLE CARDS ***
Veter A. Y.: folds
Uncalled bet ($2) returned to masterblstr8
masterblstr8 collected $2 from pot
masterblstr8: doesn't show hand
*** SUMMARY ***
Total pot $2 | Rake $0
Seat 4: Veter A. Y. (button) (small blind) folded before Flop
Seat 5: masterblstr8 (big blind) collected ($2)


PokerStars Hand #176054518388:  Hold'em Limit ($3/$6 USD) - 2017/09/24 8:17:26 ET
Table 'Merga' 6-max Seat #5 is the button
Seat 4: Veter A. Y. ($182.60 in chips)
Seat 5: masterblstr8 ($311.23 in chips)
masterblstr8: posts small blind $1
Veter A. Y.: posts big blind $3
*** HOLE CARDS ***
masterblstr8: raises $3 to $6
Veter A. Y.: calls $3
*** FLOP *** [8s 5s Qh]
alasad444 joins the table at seat #1
Veter A. Y.: checks
masterblstr8: bets $3
Veter A. Y.: folds
Uncalled bet ($3) returned to masterblstr8
masterblstr8 collected $11.76 from pot
masterblstr8: doesn't show hand
*** SUMMARY ***
Total pot $12 | Rake $0.24
Board [8s 5s Qh]
Seat 4: Veter A. Y. (big blind) folded on the Flop
Seat 5: masterblstr8 (button) (small blind) collected ($11.76)


PokerStars Hand #176054530902:  Hold'em Limit ($3/$6 USD) - 2017/09/24 8:17:51 ET
Table 'Merga' 6-max Seat #4 is the button
Seat 4: Veter A. Y. ($176.60 in chips)
Seat 5: masterblstr8 ($316.99 in chips)
Veter A. Y.: posts small blind $1
masterblstr8: posts big blind $3
*** HOLE CARDS ***
Dubris144 joins the table at seat #3
Veter A. Y.: folds
Uncalled bet ($2) returned to masterblstr8
masterblstr8 collected $2 from pot
masterblstr8: doesn't show hand
*** SUMMARY ***
Total pot $2 | Rake $0
Seat 4: Veter A. Y. (button) (small blind) folded before Flop
Seat 5: masterblstr8 (big blind) collected ($2)


PokerStars Hand #176055548692:  Hold'em Limit ($3/$6 USD) - 2017/09/24 8:50:15 ET
Table 'Merga' 6-max Seat #2 is the button
Seat 2: Psynto ($73 in chips)
Seat 4: DECAlpha ($151.90 in chips)
Psynto: posts small blind $1
DECAlpha: posts big blind $3
*** HOLE CARDS ***
Psynto: raises $3 to $6
DECAlpha: calls $3
*** FLOP *** [7h 5s 4d]
DECAlpha: checks
Psynto: bets $3
DECAlpha: calls $3
*** TURN *** [7h 5s 4d] [Kc]
xcgxcg2005 leaves the table
DECAlpha: checks
Psynto: bets $6
DECAlpha: calls $6
*** RIVER *** [7h 5s 4d Kc] [8d]
DECAlpha: checks
Psynto: bets $6
DECAlpha: folds
Uncalled bet ($6) returned to Psynto
Psynto collected $29.50 from pot
Psynto: doesn't show hand
*** SUMMARY ***
Total pot $30 | Rake $0.50
Board [7h 5s 4d Kc 8d]
Seat 2: Psynto (button) (small blind) collected ($29.50)
Seat 4: DECAlpha (big blind) folded on the River


