PokerStars Hand #145773519955:  Hold'em Limit ($3/$6 USD) - 2015/12/22 21:26:29 ET
Table 'Meriones' 2-max Seat #1 is the button
Seat 1: REZOLUTION84 ($99.95 in chips)
Seat 2: ShovingRags ($199.17 in chips)
REZOLUTION84: posts small blind $1
ShovingRags: posts big blind $3
*** HOLE CARDS ***
REZOLUTION84: raises $3 to $6
ShovingRags: calls $3
*** FLOP *** [9h 5s Qc]
ShovingRags: checks
REZOLUTION84: checks
*** TURN *** [9h 5s Qc] [2s]
ShovingRags: bets $6
REZOLUTION84: folds
Uncalled bet ($6) returned to ShovingRags
ShovingRags collected $11.76 from pot
*** SUMMARY ***
Total pot $12 | Rake $0.24
Board [9h 5s Qc 2s]
Seat 1: REZOLUTION84 (button) (small blind) folded on the Turn
Seat 2: ShovingRags (big blind) collected ($11.76)


PokerStars Hand #145773517743:  Hold'em Limit ($3/$6 USD) - 2015/12/22 21:26:24 ET
Table 'Meriones' 2-max Seat #2 is the button
Seat 1: REZOLUTION84 ($98.95 in chips)
Seat 2: ShovingRags ($200.17 in chips)
ShovingRags: posts small blind $1
REZOLUTION84: posts big blind $3
*** HOLE CARDS ***
ShovingRags: folds
Uncalled bet ($2) returned to REZOLUTION84
REZOLUTION84 collected $2 from pot
REZOLUTION84: doesn't show hand
*** SUMMARY ***
Total pot $2 | Rake $0
Seat 1: REZOLUTION84 (big blind) collected ($2)
Seat 2: ShovingRags (button) (small blind) folded before Flop


PokerStars Hand #145773512365:  Hold'em Limit ($3/$6 USD) - 2015/12/22 21:26:13 ET
Table 'Meriones' 2-max Seat #1 is the button
Seat 1: REZOLUTION84 ($93.19 in chips)
Seat 2: ShovingRags ($206.17 in chips)
REZOLUTION84: posts small blind $1
ShovingRags: posts big blind $3
*** HOLE CARDS ***
REZOLUTION84: raises $3 to $6
ShovingRags: calls $3
*** FLOP *** [9h 3d 2h]
ShovingRags: checks
REZOLUTION84: checks
*** TURN *** [9h 3d 2h] [5h]
ShovingRags: checks
REZOLUTION84: bets $6
ShovingRags: folds
Uncalled bet ($6) returned to REZOLUTION84
REZOLUTION84 collected $11.76 from pot
*** SUMMARY ***
Total pot $12 | Rake $0.24
Board [9h 3d 2h 5h]
Seat 1: REZOLUTION84 (button) (small blind) collected ($11.76)
Seat 2: ShovingRags (big blind) folded on the Turn


PokerStars Hand #145773547704:  Hold'em Limit ($3/$6 USD) - 2015/12/22 21:27:28 ET
Table 'Meriones' 2-max Seat #1 is the button
Seat 1: REZOLUTION84 ($121.09 in chips)
Seat 2: ShovingRags ($176.93 in chips)
REZOLUTION84: posts small blind $1
ShovingRags: posts big blind $3
*** HOLE CARDS ***
REZOLUTION84: raises $3 to $6
ShovingRags: calls $3
*** FLOP *** [4d Ad 3d]
ShovingRags: checks
REZOLUTION84: bets $3
ShovingRags: folds
Uncalled bet ($3) returned to REZOLUTION84
REZOLUTION84 collected $11.76 from pot
REZOLUTION84: doesn't show hand
*** SUMMARY ***
Total pot $12 | Rake $0.24
Board [4d Ad 3d]
Seat 1: REZOLUTION84 (button) (small blind) collected ($11.76)
Seat 2: ShovingRags (big blind) folded on the Flop


PokerStars Hand #145773545402:  Hold'em Limit ($3/$6 USD) - 2015/12/22 21:27:23 ET
Table 'Meriones' 2-max Seat #2 is the button
Seat 1: REZOLUTION84 ($120.09 in chips)
Seat 2: ShovingRags ($177.93 in chips)
ShovingRags: posts small blind $1
REZOLUTION84: posts big blind $3
*** HOLE CARDS ***
ShovingRags: folds
Uncalled bet ($2) returned to REZOLUTION84
REZOLUTION84 collected $2 from pot
REZOLUTION84: doesn't show hand
*** SUMMARY ***
Total pot $2 | Rake $0
Seat 1: REZOLUTION84 (big blind) collected ($2)
Seat 2: ShovingRags (button) (small blind) folded before Flop


PokerStars Hand #145773540108:  Hold'em Limit ($3/$6 USD) - 2015/12/22 21:27:12 ET
Table 'Meriones' 2-max Seat #1 is the button
Seat 1: REZOLUTION84 ($111.45 in chips)
Seat 2: ShovingRags ($186.93 in chips)
REZOLUTION84: posts small blind $1
ShovingRags: posts big blind $3
*** HOLE CARDS ***
REZOLUTION84: raises $3 to $6
ShovingRags: calls $3
*** FLOP *** [3d Qs 5c]
ShovingRags: checks
REZOLUTION84: bets $3
ShovingRags: calls $3
*** TURN *** [3d Qs 5c] [Qh]
ShovingRags: checks
REZOLUTION84: bets $6
ShovingRags: folds
Uncalled bet ($6) returned to REZOLUTION84
REZOLUTION84 collected $17.64 from pot
REZOLUTION84: doesn't show hand
*** SUMMARY ***
Total pot $18 | Rake $0.36
Board [3d Qs 5c Qh]
Seat 1: REZOLUTION84 (button) (small blind) collected ($17.64)
Seat 2: ShovingRags (big blind) folded on the Turn


PokerStars Hand #145773537666:  Hold'em Limit ($3/$6 USD) - 2015/12/22 21:27:07 ET
Table 'Meriones' 2-max Seat #2 is the button
Seat 1: REZOLUTION84 ($110.45 in chips)
Seat 2: ShovingRags ($187.93 in chips)
ShovingRags: posts small blind $1
REZOLUTION84: posts big blind $3
*** HOLE CARDS ***
ShovingRags: folds
Uncalled bet ($2) returned to REZOLUTION84
REZOLUTION84 collected $2 from pot
REZOLUTION84: doesn't show hand
*** SUMMARY ***
Total pot $2 | Rake $0
Seat 1: REZOLUTION84 (big blind) collected ($2)
Seat 2: ShovingRags (button) (small blind) folded before Flop


PokerStars Hand #145773535286:  Hold'em Limit ($3/$6 USD) - 2015/12/22 21:27:02 ET
Table 'Meriones' 2-max Seat #1 is the button
Seat 1: REZOLUTION84 ($111.45 in chips)
Seat 2: ShovingRags ($186.93 in chips)
REZOLUTION84: posts small blind $1
ShovingRags: posts big blind $3
*** HOLE CARDS ***
REZOLUTION84: folds
Uncalled bet ($2) returned to ShovingRags
ShovingRags collected $2 from pot
*** SUMMARY ***
Total pot $2 | Rake $0
Seat 1: REZOLUTION84 (button) (small blind) folded before Flop
Seat 2: ShovingRags (big blind) collected ($2)


PokerStars Hand #145773532881:  Hold'em Limit ($3/$6 USD) - 2015/12/22 21:26:57 ET
Table 'Meriones' 2-max Seat #2 is the button
Seat 1: REZOLUTION84 ($114.45 in chips)
Seat 2: ShovingRags ($183.93 in chips)
ShovingRags: posts small blind $1
REZOLUTION84: posts big blind $3
*** HOLE CARDS ***
ShovingRags: raises $3 to $6
REZOLUTION84: folds
Uncalled bet ($3) returned to ShovingRags
ShovingRags collected $6 from pot
*** SUMMARY ***
Total pot $6 | Rake $0
Seat 1: REZOLUTION84 (big blind) folded before Flop
Seat 2: ShovingRags (button) (small blind) collected ($6)


PokerStars Hand #145773530674:  Hold'em Limit ($3/$6 USD) - 2015/12/22 21:26:52 ET
Table 'Meriones' 2-max Seat #1 is the button
Seat 1: REZOLUTION84 ($111.45 in chips)
Seat 2: ShovingRags ($186.93 in chips)
REZOLUTION84: posts small blind $1
ShovingRags: posts big blind $3
*** HOLE CARDS ***
REZOLUTION84: raises $3 to $6
ShovingRags: folds
Uncalled bet ($3) returned to REZOLUTION84
REZOLUTION84 collected $6 from pot
REZOLUTION84: doesn't show hand
*** SUMMARY ***
Total pot $6 | Rake $0
Seat 1: REZOLUTION84 (button) (small blind) collected ($6)
Seat 2: ShovingRags (big blind) folded before Flop


PokerStars Hand #145773525414:  Hold'em Limit ($3/$6 USD) - 2015/12/22 21:26:41 ET
Table 'Meriones' 2-max Seat #2 is the button
Seat 1: REZOLUTION84 ($93.95 in chips)
Seat 2: ShovingRags ($204.93 in chips)
ShovingRags: posts small blind $1
REZOLUTION84: posts big blind $3
*** HOLE CARDS ***
ShovingRags: raises $3 to $6
REZOLUTION84: calls $3
*** FLOP *** [Kd Qd 2c]
REZOLUTION84: checks
ShovingRags: checks
*** TURN *** [Kd Qd 2c] [8h]
REZOLUTION84: bets $6
ShovingRags: raises $6 to $12
REZOLUTION84: raises $6 to $18
ShovingRags: folds
Uncalled bet ($6) returned to REZOLUTION84
REZOLUTION84 collected $35.50 from pot
REZOLUTION84: doesn't show hand
*** SUMMARY ***
Total pot $36 | Rake $0.50
Board [Kd Qd 2c 8h]
Seat 1: REZOLUTION84 (big blind) collected ($35.50)
Seat 2: ShovingRags (button) (small blind) folded on the Turn


PokerStars Hand #145773574346:  Hold'em Limit ($3/$6 USD) - 2015/12/22 21:28:24 ET
Table 'Meriones' 2-max Seat #1 is the button
Seat 1: REZOLUTION84 ($90.85 in chips)
Seat 2: ShovingRags ($205.71 in chips)
REZOLUTION84: posts small blind $1
ShovingRags: posts big blind $3
*** HOLE CARDS ***
REZOLUTION84: raises $3 to $6
ShovingRags: calls $3
*** FLOP *** [5d Qd 2c]
ShovingRags: checks
REZOLUTION84: bets $3
ShovingRags: calls $3
*** TURN *** [5d Qd 2c] [3s]
ShovingRags: checks
REZOLUTION84: checks
*** RIVER *** [5d Qd 2c 3s] [4h]
ShovingRags: checks
REZOLUTION84: bets $6
ShovingRags: folds
Uncalled bet ($6) returned to REZOLUTION84
REZOLUTION84 collected $17.64 from pot
REZOLUTION84: doesn't show hand
*** SUMMARY ***
Total pot $18 | Rake $0.36
Board [5d Qd 2c 3s 4h]
Seat 1: REZOLUTION84 (button) (small blind) collected ($17.64)
Seat 2: ShovingRags (big blind) folded on the River


PokerStars Hand #145773569333:  Hold'em Limit ($3/$6 USD) - 2015/12/22 21:28:14 ET
Table 'Meriones' 2-max Seat #2 is the button
Seat 1: REZOLUTION84 ($96.85 in chips)
Seat 2: ShovingRags ($199.95 in chips)
ShovingRags: posts small blind $1
REZOLUTION84: posts big blind $3
*** HOLE CARDS ***
ShovingRags: raises $3 to $6
REZOLUTION84: calls $3
*** FLOP *** [9c 9h 6h]
REZOLUTION84: checks
ShovingRags: checks
*** TURN *** [9c 9h 6h] [Js]
REZOLUTION84: checks
ShovingRags: bets $6
REZOLUTION84: folds
Uncalled bet ($6) returned to ShovingRags
ShovingRags collected $11.76 from pot
*** SUMMARY ***
Total pot $12 | Rake $0.24
Board [9c 9h 6h Js]
Seat 1: REZOLUTION84 (big blind) folded on the Turn
Seat 2: ShovingRags (button) (small blind) collected ($11.76)


PokerStars Hand #145773566965:  Hold'em Limit ($3/$6 USD) - 2015/12/22 21:28:09 ET
Table 'Meriones' 2-max Seat #1 is the button
Seat 1: REZOLUTION84 ($93.85 in chips)
Seat 2: ShovingRags ($202.95 in chips)
REZOLUTION84: posts small blind $1
ShovingRags: posts big blind $3
*** HOLE CARDS ***
REZOLUTION84: raises $3 to $6
ShovingRags: folds
Uncalled bet ($3) returned to REZOLUTION84
REZOLUTION84 collected $6 from pot
REZOLUTION84: doesn't show hand
*** SUMMARY ***
Total pot $6 | Rake $0
Seat 1: REZOLUTION84 (button) (small blind) collected ($6)
Seat 2: ShovingRags (big blind) folded before Flop


PokerStars Hand #145773560041:  Hold'em Limit ($3/$6 USD) - 2015/12/22 21:27:54 ET
Table 'Meriones' 2-max Seat #2 is the button
Seat 1: REZOLUTION84 ($117.85 in chips)
Seat 2: ShovingRags ($179.45 in chips)
ShovingRags: posts small blind $1
REZOLUTION84: posts big blind $3
*** HOLE CARDS ***
ShovingRags: raises $3 to $6
REZOLUTION84: raises $3 to $9
ShovingRags: calls $3
*** FLOP *** [Jh Qd 5h]
REZOLUTION84: bets $3
ShovingRags: calls $3
*** TURN *** [Jh Qd 5h] [5c]
REZOLUTION84: bets $6
ShovingRags: raises $6 to $12
REZOLUTION84: calls $6
*** RIVER *** [Jh Qd 5h 5c] [3d]
REZOLUTION84: checks
ShovingRags: bets $6
REZOLUTION84: folds
Uncalled bet ($6) returned to ShovingRags
ShovingRags collected $47.50 from pot
*** SUMMARY ***
Total pot $48 | Rake $0.50
Board [Jh Qd 5h 5c 3d]
Seat 1: REZOLUTION84 (big blind) folded on the River
Seat 2: ShovingRags (button) (small blind) collected ($47.50)


PokerStars Hand #145773557612:  Hold'em Limit ($3/$6 USD) - 2015/12/22 21:27:49 ET
Table 'Meriones' 2-max Seat #1 is the button
Seat 1: REZOLUTION84 ($114.85 in chips)
Seat 2: ShovingRags ($182.45 in chips)
REZOLUTION84: posts small blind $1
ShovingRags: posts big blind $3
*** HOLE CARDS ***
REZOLUTION84: raises $3 to $6
ShovingRags: folds
Uncalled bet ($3) returned to REZOLUTION84
REZOLUTION84 collected $6 from pot
REZOLUTION84: doesn't show hand
*** SUMMARY ***
Total pot $6 | Rake $0
Seat 1: REZOLUTION84 (button) (small blind) collected ($6)
Seat 2: ShovingRags (big blind) folded before Flop


PokerStars Hand #145773551311:  Hold'em Limit ($3/$6 USD) - 2015/12/22 21:27:36 ET
Table 'Meriones' 2-max Seat #2 is the button
Seat 1: REZOLUTION84 ($126.85 in chips)
Seat 2: ShovingRags ($170.93 in chips)
ShovingRags: posts small blind $1
REZOLUTION84: posts big blind $3
*** HOLE CARDS ***
ShovingRags: raises $3 to $6
REZOLUTION84: calls $3
*** FLOP *** [Qs Qh 8c]
REZOLUTION84: checks
ShovingRags: checks
*** TURN *** [Qs Qh 8c] [7c]
REZOLUTION84: checks
ShovingRags: bets $6
REZOLUTION84: calls $6
*** RIVER *** [Qs Qh 8c 7c] [2h]
REZOLUTION84: checks
ShovingRags: bets $6
REZOLUTION84: folds
Uncalled bet ($6) returned to ShovingRags
ShovingRags collected $23.52 from pot
*** SUMMARY ***
Total pot $24 | Rake $0.48
Board [Qs Qh 8c 7c 2h]
Seat 1: REZOLUTION84 (big blind) folded on the River
Seat 2: ShovingRags (button) (small blind) collected ($23.52)


PokerStars Hand #145773606033:  Hold'em Limit ($3/$6 USD) - 2015/12/22 21:29:32 ET
Table 'Meriones' 2-max Seat #1 is the button
Seat 1: REZOLUTION84 ($69.64 in chips)
Seat 2: ShovingRags ($234.71 in chips)
REZOLUTION84: posts small blind $1
ShovingRags: posts big blind $3
*** HOLE CARDS ***
REZOLUTION84: raises $3 to $6
ShovingRags: folds
Uncalled bet ($3) returned to REZOLUTION84
REZOLUTION84 collected $6 from pot
REZOLUTION84: doesn't show hand
*** SUMMARY ***
Total pot $6 | Rake $0
Seat 1: REZOLUTION84 (button) (small blind) collected ($6)
Seat 2: ShovingRags (big blind) folded before Flop


PokerStars Hand #145773603831:  Hold'em Limit ($3/$6 USD) - 2015/12/22 21:29:27 ET
Table 'Meriones' 2-max Seat #2 is the button
Seat 1: REZOLUTION84 ($68.64 in chips)
Seat 2: ShovingRags ($235.71 in chips)
ShovingRags: posts small blind $1
REZOLUTION84: posts big blind $3
*** HOLE CARDS ***
ShovingRags: folds
Uncalled bet ($2) returned to REZOLUTION84
REZOLUTION84 collected $2 from pot
REZOLUTION84: doesn't show hand
*** SUMMARY ***
Total pot $2 | Rake $0
Seat 1: REZOLUTION84 (big blind) collected ($2)
Seat 2: ShovingRags (button) (small blind) folded before Flop


PokerStars Hand #145773598632:  Hold'em Limit ($3/$6 USD) - 2015/12/22 21:29:16 ET
Table 'Meriones' 2-max Seat #1 is the button
Seat 1: REZOLUTION84 ($60 in chips)
Seat 2: ShovingRags ($244.71 in chips)
REZOLUTION84: posts small blind $1
ShovingRags: posts big blind $3
*** HOLE CARDS ***
REZOLUTION84: raises $3 to $6
ShovingRags: calls $3
*** FLOP *** [6c Jh Qh]
ShovingRags: checks
REZOLUTION84: bets $3
ShovingRags: calls $3
*** TURN *** [6c Jh Qh] [Kh]
ShovingRags: checks
REZOLUTION84: bets $6
ShovingRags: folds
Uncalled bet ($6) returned to REZOLUTION84
REZOLUTION84 collected $17.64 from pot
REZOLUTION84: doesn't show hand
*** SUMMARY ***
Total pot $18 | Rake $0.36
Board [6c Jh Qh Kh]
Seat 1: REZOLUTION84 (button) (small blind) collected ($17.64)
Seat 2: ShovingRags (big blind) folded on the Turn


PokerStars Hand #145773592299:  Hold'em Limit ($3/$6 USD) - 2015/12/22 21:29:03 ET
Table 'Meriones' 2-max Seat #2 is the button
Seat 1: REZOLUTION84 ($74.49 in chips)
Seat 2: ShovingRags ($221.21 in chips)
ShovingRags: posts small blind $1
REZOLUTION84: posts big blind $3
*** HOLE CARDS ***
ShovingRags: raises $3 to $6
REZOLUTION84: calls $3
*** FLOP *** [3h 3d 2h]
REZOLUTION84: checks
ShovingRags: checks
*** TURN *** [3h 3d 2h] [Js]
REZOLUTION84: bets $6
ShovingRags: raises $6 to $12
REZOLUTION84: calls $6
*** RIVER *** [3h 3d 2h Js] [6d]
REZOLUTION84: checks
ShovingRags: bets $6
REZOLUTION84: calls $6
*** SHOW DOWN ***
ShovingRags: shows [Jh 9d] (two pair, Jacks and Threes)
REZOLUTION84: mucks hand
ShovingRags collected $47.50 from pot
*** SUMMARY ***
Total pot $48 | Rake $0.50
Board [3h 3d 2h Js 6d]
Seat 1: REZOLUTION84 (big blind) mucked
Seat 2: ShovingRags (button) (small blind) showed [Jh 9d] and won ($47.50) with two pair, Jacks and Threes


PokerStars Hand #145773588495:  Hold'em Limit ($3/$6 USD) - 2015/12/22 21:28:54 ET
Table 'Meriones' 2-max Seat #1 is the button
Seat 1: REZOLUTION84 ($75.49 in chips)
Seat 2: ShovingRags ($220.21 in chips)
REZOLUTION84: posts small blind $1
ShovingRags: posts big blind $3
*** HOLE CARDS ***
REZOLUTION84: folds
Uncalled bet ($2) returned to ShovingRags
ShovingRags collected $2 from pot
*** SUMMARY ***
Total pot $2 | Rake $0
Seat 1: REZOLUTION84 (button) (small blind) folded before Flop
Seat 2: ShovingRags (big blind) collected ($2)


PokerStars Hand #145773581990:  Hold'em Limit ($3/$6 USD) - 2015/12/22 21:28:41 ET
Table 'Meriones' 2-max Seat #2 is the button
Seat 1: REZOLUTION84 ($99.49 in chips)
Seat 2: ShovingRags ($196.71 in chips)
ShovingRags: posts small blind $1
REZOLUTION84: posts big blind $3
*** HOLE CARDS ***
ShovingRags: raises $3 to $6
REZOLUTION84: raises $3 to $9
ShovingRags: calls $3
*** FLOP *** [Jh Qh 4h]
REZOLUTION84: bets $3
ShovingRags: calls $3
*** TURN *** [Jh Qh 4h] [9h]
REZOLUTION84: bets $6
ShovingRags: calls $6
*** RIVER *** [Jh Qh 4h 9h] [7h]
REZOLUTION84: bets $6
ShovingRags: calls $6
*** SHOW DOWN ***
REZOLUTION84: shows [9d 9s] (a flush, Queen high)
ShovingRags: shows [Ad 5h] (a flush, Queen high - Five higher)
ShovingRags collected $47.50 from pot
*** SUMMARY ***
Total pot $48 | Rake $0.50
Board [Jh Qh 4h 9h 7h]
Seat 1: REZOLUTION84 (big blind) showed [9d 9s] and lost with a flush, Queen high
Seat 2: ShovingRags (button) (small blind) showed [Ad 5h] and won ($47.50) with a flush, Queen high


PokerStars Hand #145773633268:  Hold'em Limit ($3/$6 USD) - 2015/12/22 21:30:29 ET
Table 'Meriones' 2-max Seat #1 is the button
Seat 1: REZOLUTION84 ($97.02 in chips)
Seat 2: ShovingRags ($206.21 in chips)
REZOLUTION84: posts small blind $1
ShovingRags: posts big blind $3
*** HOLE CARDS ***
REZOLUTION84: raises $3 to $6
ShovingRags: raises $3 to $9
REZOLUTION84: calls $3
*** FLOP *** [4s 6c Jd]
ShovingRags: bets $3
REZOLUTION84: folds
Uncalled bet ($3) returned to ShovingRags
ShovingRags collected $17.64 from pot
*** SUMMARY ***
Total pot $18 | Rake $0.36
Board [4s 6c Jd]
Seat 1: REZOLUTION84 (button) (small blind) folded on the Flop
Seat 2: ShovingRags (big blind) collected ($17.64)


PokerStars Hand #145773627183:  Hold'em Limit ($3/$6 USD) - 2015/12/22 21:30:17 ET
Table 'Meriones' 2-max Seat #2 is the button
Seat 1: REZOLUTION84 ($112.02 in chips)
Seat 2: ShovingRags ($191.71 in chips)
ShovingRags: posts small blind $1
REZOLUTION84: posts big blind $3
*** HOLE CARDS ***
ShovingRags: raises $3 to $6
REZOLUTION84: calls $3
*** FLOP *** [6c 2c 6d]
REZOLUTION84: checks
ShovingRags: bets $3
REZOLUTION84: calls $3
*** TURN *** [6c 2c 6d] [9c]
REZOLUTION84: checks
ShovingRags: bets $6
REZOLUTION84: calls $6
*** RIVER *** [6c 2c 6d 9c] [5s]
REZOLUTION84: checks
ShovingRags: checks
*** SHOW DOWN ***
REZOLUTION84: shows [Qh Tc] (a pair of Sixes)
ShovingRags: shows [Ah 2h] (two pair, Sixes and Deuces)
ShovingRags collected $29.50 from pot
*** SUMMARY ***
Total pot $30 | Rake $0.50
Board [6c 2c 6d 9c 5s]
Seat 1: REZOLUTION84 (big blind) showed [Qh Tc] and lost with a pair of Sixes
Seat 2: ShovingRags (button) (small blind) showed [Ah 2h] and won ($29.50) with two pair, Sixes and Deuces


PokerStars Hand #145773624572:  Hold'em Limit ($3/$6 USD) - 2015/12/22 21:30:11 ET
Table 'Meriones' 2-max Seat #1 is the button
Seat 1: REZOLUTION84 ($109.02 in chips)
Seat 2: ShovingRags ($194.71 in chips)
REZOLUTION84: posts small blind $1
ShovingRags: posts big blind $3
*** HOLE CARDS ***
REZOLUTION84: raises $3 to $6
ShovingRags: folds
Uncalled bet ($3) returned to REZOLUTION84
REZOLUTION84 collected $6 from pot
REZOLUTION84: doesn't show hand
*** SUMMARY ***
Total pot $6 | Rake $0
Seat 1: REZOLUTION84 (button) (small blind) collected ($6)
Seat 2: ShovingRags (big blind) folded before Flop


PokerStars Hand #145773622147:  Hold'em Limit ($3/$6 USD) - 2015/12/22 21:30:06 ET
Table 'Meriones' 2-max Seat #2 is the button
Seat 1: REZOLUTION84 ($108.02 in chips)
Seat 2: ShovingRags ($195.71 in chips)
ShovingRags: posts small blind $1
REZOLUTION84: posts big blind $3
*** HOLE CARDS ***
ShovingRags: folds
Uncalled bet ($2) returned to REZOLUTION84
REZOLUTION84 collected $2 from pot
REZOLUTION84: doesn't show hand
*** SUMMARY ***
Total pot $2 | Rake $0
Seat 1: REZOLUTION84 (big blind) collected ($2)
Seat 2: ShovingRags (button) (small blind) folded before Flop


PokerStars Hand #145773614583:  Hold'em Limit ($3/$6 USD) - 2015/12/22 21:29:50 ET
Table 'Meriones' 2-max Seat #1 is the button
Seat 1: REZOLUTION84 ($75.52 in chips)
Seat 2: ShovingRags ($228.71 in chips)
REZOLUTION84: posts small blind $1
ShovingRags: posts big blind $3
*** HOLE CARDS ***
REZOLUTION84: raises $3 to $6
ShovingRags: calls $3
*** FLOP *** [2c Ks 3s]
ShovingRags: checks
REZOLUTION84: bets $3
ShovingRags: calls $3
*** TURN *** [2c Ks 3s] [9c]
ShovingRags: checks
REZOLUTION84: bets $6
ShovingRags: raises $6 to $12
REZOLUTION84: raises $6 to $18
ShovingRags: calls $6
*** RIVER *** [2c Ks 3s 9c] [Ah]
ShovingRags: checks
REZOLUTION84: bets $6
ShovingRags: calls $6
*** SHOW DOWN ***
REZOLUTION84: shows [7d Kd] (a pair of Kings)
ShovingRags: mucks hand
REZOLUTION84 collected $65.50 from pot
*** SUMMARY ***
Total pot $66 | Rake $0.50
Board [2c Ks 3s 9c Ah]
Seat 1: REZOLUTION84 (button) (small blind) showed [7d Kd] and won ($65.50) with a pair of Kings
Seat 2: ShovingRags (big blind) mucked


PokerStars Hand #145773608559:  Hold'em Limit ($3/$6 USD) - 2015/12/22 21:29:37 ET
Table 'Meriones' 2-max Seat #2 is the button
Seat 1: REZOLUTION84 ($72.64 in chips)
Seat 2: ShovingRags ($231.71 in chips)
ShovingRags: posts small blind $1
REZOLUTION84: posts big blind $3
*** HOLE CARDS ***
ShovingRags: calls $2
REZOLUTION84: checks
*** FLOP *** [6s Th Kc]
REZOLUTION84: checks
ShovingRags: checks
*** TURN *** [6s Th Kc] [5c]
REZOLUTION84: checks
ShovingRags: checks
*** RIVER *** [6s Th Kc 5c] [Ad]
REZOLUTION84: checks
ShovingRags: checks
*** SHOW DOWN ***
REZOLUTION84: shows [Qd 9s] (high card Ace)
ShovingRags: mucks hand
REZOLUTION84 collected $5.88 from pot
*** SUMMARY ***
Total pot $6 | Rake $0.12
Board [6s Th Kc 5c Ad]
Seat 1: REZOLUTION84 (big blind) showed [Qd 9s] and won ($5.88) with high card Ace
Seat 2: ShovingRags (button) (small blind) mucked


PokerStars Hand #145773663591:  Hold'em Limit ($3/$6 USD) - 2015/12/22 21:31:34 ET
Table 'Meriones' 2-max Seat #1 is the button
Seat 1: REZOLUTION84 ($74.44 in chips)
Seat 2: ShovingRags ($229.81 in chips)
REZOLUTION84: posts small blind $1
ShovingRags: posts big blind $3
*** HOLE CARDS ***
REZOLUTION84: raises $3 to $6
ShovingRags: calls $3
*** FLOP *** [6h Js 6d]
ShovingRags: checks
REZOLUTION84: bets $3
ShovingRags: folds
Uncalled bet ($3) returned to REZOLUTION84
REZOLUTION84 collected $11.76 from pot
REZOLUTION84: doesn't show hand
*** SUMMARY ***
Total pot $12 | Rake $0.24
Board [6h Js 6d]
Seat 1: REZOLUTION84 (button) (small blind) collected ($11.76)
Seat 2: ShovingRags (big blind) folded on the Flop


PokerStars Hand #145773658061:  Hold'em Limit ($3/$6 USD) - 2015/12/22 21:31:22 ET
Table 'Meriones' 2-max Seat #2 is the button
Seat 1: REZOLUTION84 ($74.50 in chips)
Seat 2: ShovingRags ($229.87 in chips)
ShovingRags: posts small blind $1
REZOLUTION84: posts big blind $3
*** HOLE CARDS ***
ShovingRags: calls $2
REZOLUTION84: checks
*** FLOP *** [Ad 4d 7d]
REZOLUTION84: checks
ShovingRags: checks
*** TURN *** [Ad 4d 7d] [7h]
REZOLUTION84: checks
ShovingRags: checks
*** RIVER *** [Ad 4d 7d 7h] [9h]
REZOLUTION84: checks
ShovingRags: checks
*** SHOW DOWN ***
REZOLUTION84: shows [Jd 3h] (a pair of Sevens)
ShovingRags: shows [Jh 2h] (a pair of Sevens)
REZOLUTION84 collected $2.94 from pot
ShovingRags collected $2.94 from pot
*** SUMMARY ***
Total pot $6 | Rake $0.12
Board [Ad 4d 7d 7h 9h]
Seat 1: REZOLUTION84 (big blind) showed [Jd 3h] and won ($2.94) with a pair of Sevens
Seat 2: ShovingRags (button) (small blind) showed [Jh 2h] and won ($2.94) with a pair of Sevens


PokerStars Hand #145773649201:  Hold'em Limit ($3/$6 USD) - 2015/12/22 21:31:04 ET
Table 'Meriones' 2-max Seat #1 is the button
Seat 1: REZOLUTION84 ($60 in chips)
Seat 2: ShovingRags ($244.87 in chips)
REZOLUTION84: posts small blind $1
ShovingRags: posts big blind $3
*** HOLE CARDS ***
REZOLUTION84: raises $3 to $6
ShovingRags: calls $3
*** FLOP *** [4d 9d Tc]
ShovingRags: checks
REZOLUTION84: bets $3
ShovingRags: calls $3
*** TURN *** [4d 9d Tc] [Qc]
ShovingRags: checks
REZOLUTION84: bets $6
ShovingRags: calls $6
*** RIVER *** [4d 9d Tc Qc] [Qh]
ShovingRags: checks
REZOLUTION84: bets $6
ShovingRags: folds
Uncalled bet ($6) returned to REZOLUTION84
REZOLUTION84 collected $29.50 from pot
REZOLUTION84: doesn't show hand
*** SUMMARY ***
Total pot $30 | Rake $0.50
Board [4d 9d Tc Qc Qh]
Seat 1: REZOLUTION84 (button) (small blind) collected ($29.50)
Seat 2: ShovingRags (big blind) folded on the River


PokerStars Hand #145773643750:  Hold'em Limit ($3/$6 USD) - 2015/12/22 21:30:52 ET
Table 'Meriones' 2-max Seat #2 is the button
Seat 1: REZOLUTION84 ($75.02 in chips)
Seat 2: ShovingRags ($227.37 in chips)
ShovingRags: posts small blind $1
REZOLUTION84: posts big blind $3
*** HOLE CARDS ***
ShovingRags: raises $3 to $6
REZOLUTION84: calls $3
*** FLOP *** [Kh Ah Ad]
REZOLUTION84: checks
ShovingRags: checks
*** TURN *** [Kh Ah Ad] [4c]
REZOLUTION84: checks
ShovingRags: bets $6
REZOLUTION84: calls $6
*** RIVER *** [Kh Ah Ad 4c] [4d]
REZOLUTION84: checks
ShovingRags: bets $6
REZOLUTION84: calls $6
*** SHOW DOWN ***
ShovingRags: shows [Th As] (a full house, Aces full of Fours)
REZOLUTION84: mucks hand
ShovingRags collected $35.50 from pot
*** SUMMARY ***
Total pot $36 | Rake $0.50
Board [Kh Ah Ad 4c 4d]
Seat 1: REZOLUTION84 (big blind) mucked
Seat 2: ShovingRags (button) (small blind) showed [Th As] and won ($35.50) with a full house, Aces full of Fours


PokerStars Hand #145773641614:  Hold'em Limit ($3/$6 USD) - 2015/12/22 21:30:47 ET
Table 'Meriones' 2-max Seat #1 is the button
Seat 1: REZOLUTION84 ($76.02 in chips)
Seat 2: ShovingRags ($226.37 in chips)
REZOLUTION84: posts small blind $1
ShovingRags: posts big blind $3
*** HOLE CARDS ***
REZOLUTION84: folds
Uncalled bet ($2) returned to ShovingRags
ShovingRags collected $2 from pot
*** SUMMARY ***
Total pot $2 | Rake $0
Seat 1: REZOLUTION84 (button) (small blind) folded before Flop
Seat 2: ShovingRags (big blind) collected ($2)


PokerStars Hand #145773636783:  Hold'em Limit ($3/$6 USD) - 2015/12/22 21:30:37 ET
Table 'Meriones' 2-max Seat #2 is the button
Seat 1: REZOLUTION84 ($88.02 in chips)
Seat 2: ShovingRags ($214.85 in chips)
ShovingRags: posts small blind $1
REZOLUTION84: posts big blind $3
*** HOLE CARDS ***
ShovingRags: raises $3 to $6
REZOLUTION84: raises $3 to $9
ShovingRags: calls $3
*** FLOP *** [3d Ts Ks]
REZOLUTION84: bets $3
ShovingRags: calls $3
*** TURN *** [3d Ts Ks] [6c]
REZOLUTION84: checks
ShovingRags: bets $6
REZOLUTION84: folds
Uncalled bet ($6) returned to ShovingRags
ShovingRags collected $23.52 from pot
*** SUMMARY ***
Total pot $24 | Rake $0.48
Board [3d Ts Ks 6c]
Seat 1: REZOLUTION84 (big blind) folded on the Turn
Seat 2: ShovingRags (button) (small blind) collected ($23.52)


PokerStars Hand #145773692847:  Hold'em Limit ($3/$6 USD) - 2015/12/22 21:32:36 ET
Table 'Meriones' 2-max Seat #1 is the button
Seat 1: REZOLUTION84 ($125.22 in chips)
Seat 2: ShovingRags ($177.69 in chips)
REZOLUTION84: posts small blind $1
ShovingRags: posts big blind $3
*** HOLE CARDS ***
REZOLUTION84: raises $3 to $6
ShovingRags: calls $3
*** FLOP *** [5h Qc 2h]
ShovingRags: checks
REZOLUTION84: bets $3
ShovingRags: raises $3 to $6
REZOLUTION84: folds
Uncalled bet ($3) returned to ShovingRags
ShovingRags collected $17.64 from pot
*** SUMMARY ***
Total pot $18 | Rake $0.36
Board [5h Qc 2h]
Seat 1: REZOLUTION84 (button) (small blind) folded on the Flop
Seat 2: ShovingRags (big blind) collected ($17.64)


PokerStars Hand #145773690545:  Hold'em Limit ($3/$6 USD) - 2015/12/22 21:32:31 ET
Table 'Meriones' 2-max Seat #2 is the button
Seat 1: REZOLUTION84 ($124.22 in chips)
Seat 2: ShovingRags ($178.69 in chips)
ShovingRags: posts small blind $1
REZOLUTION84: posts big blind $3
*** HOLE CARDS ***
ShovingRags: folds
Uncalled bet ($2) returned to REZOLUTION84
REZOLUTION84 collected $2 from pot
REZOLUTION84: doesn't show hand
*** SUMMARY ***
Total pot $2 | Rake $0
Seat 1: REZOLUTION84 (big blind) collected ($2)
Seat 2: ShovingRags (button) (small blind) folded before Flop


PokerStars Hand #145773686876:  Hold'em Limit ($3/$6 USD) - 2015/12/22 21:32:23 ET
Table 'Meriones' 2-max Seat #1 is the button
Seat 1: REZOLUTION84 ($118.46 in chips)
Seat 2: ShovingRags ($184.69 in chips)
REZOLUTION84: posts small blind $1
ShovingRags: posts big blind $3
*** HOLE CARDS ***
REZOLUTION84: raises $3 to $6
ShovingRags: calls $3
*** FLOP *** [Qd 4c Jc]
ShovingRags: checks
REZOLUTION84: bets $3
ShovingRags: folds
Uncalled bet ($3) returned to REZOLUTION84
REZOLUTION84 collected $11.76 from pot
REZOLUTION84: doesn't show hand
*** SUMMARY ***
Total pot $12 | Rake $0.24
Board [Qd 4c Jc]
Seat 1: REZOLUTION84 (button) (small blind) collected ($11.76)
Seat 2: ShovingRags (big blind) folded on the Flop


PokerStars Hand #145773679628:  Hold'em Limit ($3/$6 USD) - 2015/12/22 21:32:08 ET
Table 'Meriones' 2-max Seat #2 is the button
Seat 1: REZOLUTION84 ($82.96 in chips)
Seat 2: ShovingRags ($220.69 in chips)
ShovingRags: posts small blind $1
REZOLUTION84: posts big blind $3
*** HOLE CARDS ***
ShovingRags: raises $3 to $6
REZOLUTION84: raises $3 to $9
ShovingRags: calls $3
*** FLOP *** [7h Kd 6c]
REZOLUTION84: bets $3
ShovingRags: calls $3
*** TURN *** [7h Kd 6c] [6s]
REZOLUTION84: bets $6
ShovingRags: raises $6 to $12
REZOLUTION84: calls $6
*** RIVER *** [7h Kd 6c 6s] [9d]
REZOLUTION84: checks
ShovingRags: bets $6
REZOLUTION84: raises $6 to $12
ShovingRags: calls $6
*** SHOW DOWN ***
REZOLUTION84: shows [8h Th] (a straight, Six to Ten)
ShovingRags: mucks hand
REZOLUTION84 collected $71.50 from pot
*** SUMMARY ***
Total pot $72 | Rake $0.50
Board [7h Kd 6c 6s 9d]
Seat 1: REZOLUTION84 (big blind) showed [8h Th] and won ($71.50) with a straight, Six to Ten
Seat 2: ShovingRags (button) (small blind) mucked


PokerStars Hand #145773676197:  Hold'em Limit ($3/$6 USD) - 2015/12/22 21:32:00 ET
Table 'Meriones' 2-max Seat #1 is the button
Seat 1: REZOLUTION84 ($77.20 in chips)
Seat 2: ShovingRags ($226.69 in chips)
REZOLUTION84: posts small blind $1
ShovingRags: posts big blind $3
*** HOLE CARDS ***
REZOLUTION84: raises $3 to $6
ShovingRags: calls $3
*** FLOP *** [9h 7s 8s]
ShovingRags: checks
REZOLUTION84: bets $3
ShovingRags: folds
Uncalled bet ($3) returned to REZOLUTION84
REZOLUTION84 collected $11.76 from pot
REZOLUTION84: doesn't show hand
*** SUMMARY ***
Total pot $12 | Rake $0.24
Board [9h 7s 8s]
Seat 1: REZOLUTION84 (button) (small blind) collected ($11.76)
Seat 2: ShovingRags (big blind) folded on the Flop


PokerStars Hand #145773673647:  Hold'em Limit ($3/$6 USD) - 2015/12/22 21:31:55 ET
Table 'Meriones' 2-max Seat #2 is the button
Seat 1: REZOLUTION84 ($80.20 in chips)
Seat 2: ShovingRags ($223.69 in chips)
ShovingRags: posts small blind $1
REZOLUTION84: posts big blind $3
*** HOLE CARDS ***
ShovingRags: raises $3 to $6
REZOLUTION84: folds
Uncalled bet ($3) returned to ShovingRags
ShovingRags collected $6 from pot
*** SUMMARY ***
Total pot $6 | Rake $0
Seat 1: REZOLUTION84 (big blind) folded before Flop
Seat 2: ShovingRags (button) (small blind) collected ($6)


PokerStars Hand #145773671099:  Hold'em Limit ($3/$6 USD) - 2015/12/22 21:31:50 ET
Table 'Meriones' 2-max Seat #1 is the button
Seat 1: REZOLUTION84 ($77.20 in chips)
Seat 2: ShovingRags ($226.69 in chips)
REZOLUTION84: posts small blind $1
ShovingRags: posts big blind $3
*** HOLE CARDS ***
REZOLUTION84: raises $3 to $6
ShovingRags: folds
Uncalled bet ($3) returned to REZOLUTION84
REZOLUTION84 collected $6 from pot
REZOLUTION84: doesn't show hand
*** SUMMARY ***
Total pot $6 | Rake $0
Seat 1: REZOLUTION84 (button) (small blind) collected ($6)
Seat 2: ShovingRags (big blind) folded before Flop


PokerStars Hand #145773667306:  Hold'em Limit ($3/$6 USD) - 2015/12/22 21:31:42 ET
Table 'Meriones' 2-max Seat #2 is the button
Seat 1: REZOLUTION84 ($80.20 in chips)
Seat 2: ShovingRags ($223.81 in chips)
ShovingRags: posts small blind $1
REZOLUTION84: posts big blind $3
*** HOLE CARDS ***
ShovingRags: calls $2
REZOLUTION84: checks
*** FLOP *** [Kd 5s Ad]
REZOLUTION84: checks
ShovingRags: bets $3
REZOLUTION84: folds
Uncalled bet ($3) returned to ShovingRags
ShovingRags collected $5.88 from pot
*** SUMMARY ***
Total pot $6 | Rake $0.12
Board [Kd 5s Ad]
Seat 1: REZOLUTION84 (big blind) folded on the Flop
Seat 2: ShovingRags (button) (small blind) collected ($5.88)


PokerStars Hand #145773716465:  Hold'em Limit ($3/$6 USD) - 2015/12/22 21:33:26 ET
Table 'Meriones' 2-max Seat #1 is the button
Seat 1: REZOLUTION84 ($162.86 in chips)
Seat 2: ShovingRags ($138.33 in chips)
REZOLUTION84: posts small blind $1
ShovingRags: posts big blind $3
*** HOLE CARDS ***
REZOLUTION84: raises $3 to $6
ShovingRags: calls $3
*** FLOP *** [5h Qc 5c]
ShovingRags: checks
REZOLUTION84: bets $3
ShovingRags: folds
Uncalled bet ($3) returned to REZOLUTION84
REZOLUTION84 collected $11.76 from pot
REZOLUTION84: doesn't show hand
*** SUMMARY ***
Total pot $12 | Rake $0.24
Board [5h Qc 5c]
Seat 1: REZOLUTION84 (button) (small blind) collected ($11.76)
Seat 2: ShovingRags (big blind) folded on the Flop


PokerStars Hand #145773710752:  Hold'em Limit ($3/$6 USD) - 2015/12/22 21:33:14 ET
Table 'Meriones' 2-max Seat #2 is the button
Seat 1: REZOLUTION84 ($145.36 in chips)
Seat 2: ShovingRags ($156.33 in chips)
ShovingRags: posts small blind $1
REZOLUTION84: posts big blind $3
*** HOLE CARDS ***
ShovingRags: raises $3 to $6
REZOLUTION84: raises $3 to $9
ShovingRags: calls $3
*** FLOP *** [3d Tc Ah]
REZOLUTION84: bets $3
ShovingRags: calls $3
*** TURN *** [3d Tc Ah] [9s]
REZOLUTION84: bets $6
ShovingRags: calls $6
*** RIVER *** [3d Tc Ah 9s] [Kh]
REZOLUTION84: checks
ShovingRags: checks
*** SHOW DOWN ***
REZOLUTION84: shows [7d 7s] (a pair of Sevens)
ShovingRags: mucks hand
REZOLUTION84 collected $35.50 from pot
*** SUMMARY ***
Total pot $36 | Rake $0.50
Board [3d Tc Ah 9s Kh]
Seat 1: REZOLUTION84 (big blind) showed [7d 7s] and won ($35.50) with a pair of Sevens
Seat 2: ShovingRags (button) (small blind) mucked


PokerStars Hand #145773708507:  Hold'em Limit ($3/$6 USD) - 2015/12/22 21:33:09 ET
Table 'Meriones' 2-max Seat #1 is the button
Seat 1: REZOLUTION84 ($142.36 in chips)
Seat 2: ShovingRags ($159.33 in chips)
REZOLUTION84: posts small blind $1
ShovingRags: posts big blind $3
*** HOLE CARDS ***
REZOLUTION84: raises $3 to $6
ShovingRags: folds
Uncalled bet ($3) returned to REZOLUTION84
REZOLUTION84 collected $6 from pot
REZOLUTION84: doesn't show hand
*** SUMMARY ***
Total pot $6 | Rake $0
Seat 1: REZOLUTION84 (button) (small blind) collected ($6)
Seat 2: ShovingRags (big blind) folded before Flop


PokerStars Hand #145773704448:  Hold'em Limit ($3/$6 USD) - 2015/12/22 21:33:00 ET
Table 'Meriones' 2-max Seat #2 is the button
Seat 1: REZOLUTION84 ($133.72 in chips)
Seat 2: ShovingRags ($168.33 in chips)
ShovingRags: posts small blind $1
REZOLUTION84: posts big blind $3
*** HOLE CARDS ***
ShovingRags: raises $3 to $6
REZOLUTION84: raises $3 to $9
ShovingRags: calls $3
*** FLOP *** [Ks 8s 5s]
REZOLUTION84: bets $3
ShovingRags: folds
Uncalled bet ($3) returned to REZOLUTION84
REZOLUTION84 collected $17.64 from pot
REZOLUTION84: doesn't show hand
*** SUMMARY ***
Total pot $18 | Rake $0.36
Board [Ks 8s 5s]
Seat 1: REZOLUTION84 (big blind) collected ($17.64)
Seat 2: ShovingRags (button) (small blind) folded on the Flop


PokerStars Hand #145773702275:  Hold'em Limit ($3/$6 USD) - 2015/12/22 21:32:56 ET
Table 'Meriones' 2-max Seat #1 is the button
Seat 1: REZOLUTION84 ($130.72 in chips)
Seat 2: ShovingRags ($171.33 in chips)
REZOLUTION84: posts small blind $1
ShovingRags: posts big blind $3
*** HOLE CARDS ***
REZOLUTION84: raises $3 to $6
ShovingRags: folds
Uncalled bet ($3) returned to REZOLUTION84
REZOLUTION84 collected $6 from pot
REZOLUTION84: doesn't show hand
*** SUMMARY ***
Total pot $6 | Rake $0
Seat 1: REZOLUTION84 (button) (small blind) collected ($6)
Seat 2: ShovingRags (big blind) folded before Flop


PokerStars Hand #145773696617:  Hold'em Limit ($3/$6 USD) - 2015/12/22 21:32:44 ET
Table 'Meriones' 2-max Seat #2 is the button
Seat 1: REZOLUTION84 ($116.22 in chips)
Seat 2: ShovingRags ($186.33 in chips)
ShovingRags: posts small blind $1
REZOLUTION84: posts big blind $3
*** HOLE CARDS ***
ShovingRags: raises $3 to $6
REZOLUTION84: calls $3
*** FLOP *** [Kh Jh Td]
REZOLUTION84: checks
ShovingRags: bets $3
REZOLUTION84: calls $3
*** TURN *** [Kh Jh Td] [Ah]
REZOLUTION84: checks
ShovingRags: bets $6
REZOLUTION84: raises $6 to $12
ShovingRags: folds
Uncalled bet ($6) returned to REZOLUTION84
REZOLUTION84 collected $29.50 from pot
REZOLUTION84: doesn't show hand
*** SUMMARY ***
Total pot $30 | Rake $0.50
Board [Kh Jh Td Ah]
Seat 1: REZOLUTION84 (big blind) collected ($29.50)
Seat 2: ShovingRags (button) (small blind) folded on the Turn


PokerStars Hand #145773743922:  Hold'em Limit ($3/$6 USD) - 2015/12/22 21:34:24 ET
Table 'Meriones' 2-max Seat #1 is the button
Seat 1: REZOLUTION84 ($150.14 in chips)
Seat 2: ShovingRags ($149.13 in chips)
REZOLUTION84: posts small blind $1
ShovingRags: posts big blind $3
*** HOLE CARDS ***
REZOLUTION84: raises $3 to $6
ShovingRags: calls $3
*** FLOP *** [Ah 2h 5s]
ShovingRags: checks
REZOLUTION84: bets $3
ShovingRags: raises $3 to $6
REZOLUTION84: calls $3
*** TURN *** [Ah 2h 5s] [Qh]
ShovingRags: bets $6
REZOLUTION84: raises $6 to $12
ShovingRags: calls $6
*** RIVER *** [Ah 2h 5s Qh] [Kd]
ShovingRags: checks
REZOLUTION84: bets $6
ShovingRags: calls $6
*** SHOW DOWN ***
REZOLUTION84: shows [6h Ac] (a pair of Aces)
ShovingRags: mucks hand
REZOLUTION84 collected $59.50 from pot
*** SUMMARY ***
Total pot $60 | Rake $0.50
Board [Ah 2h 5s Qh Kd]
Seat 1: REZOLUTION84 (button) (small blind) showed [6h Ac] and won ($59.50) with a pair of Aces
Seat 2: ShovingRags (big blind) mucked


PokerStars Hand #145773738926:  Hold'em Limit ($3/$6 USD) - 2015/12/22 21:34:14 ET
Table 'Meriones' 2-max Seat #2 is the button
Seat 1: REZOLUTION84 ($162.14 in chips)
Seat 2: ShovingRags ($137.61 in chips)
ShovingRags: posts small blind $1
REZOLUTION84: posts big blind $3
*** HOLE CARDS ***
ShovingRags: raises $3 to $6
REZOLUTION84: calls $3
*** FLOP *** [9s Ts 2s]
REZOLUTION84: checks
ShovingRags: checks
*** TURN *** [9s Ts 2s] [3c]
REZOLUTION84: bets $6
ShovingRags: raises $6 to $12
REZOLUTION84: folds
Uncalled bet ($6) returned to ShovingRags
ShovingRags collected $23.52 from pot
*** SUMMARY ***
Total pot $24 | Rake $0.48
Board [9s Ts 2s 3c]
Seat 1: REZOLUTION84 (big blind) folded on the Turn
Seat 2: ShovingRags (button) (small blind) collected ($23.52)


PokerStars Hand #145773735325:  Hold'em Limit ($3/$6 USD) - 2015/12/22 21:34:06 ET
Table 'Meriones' 2-max Seat #1 is the button
Seat 1: REZOLUTION84 ($156.38 in chips)
Seat 2: ShovingRags ($143.61 in chips)
REZOLUTION84: posts small blind $1
ShovingRags: posts big blind $3
*** HOLE CARDS ***
REZOLUTION84: raises $3 to $6
ShovingRags: calls $3
*** FLOP *** [7c 9c Ks]
ShovingRags: checks
REZOLUTION84: bets $3
ShovingRags: folds
Uncalled bet ($3) returned to REZOLUTION84
REZOLUTION84 collected $11.76 from pot
REZOLUTION84: doesn't show hand
*** SUMMARY ***
Total pot $12 | Rake $0.24
Board [7c 9c Ks]
Seat 1: REZOLUTION84 (button) (small blind) collected ($11.76)
Seat 2: ShovingRags (big blind) folded on the Flop


PokerStars Hand #145773731963:  Hold'em Limit ($3/$6 USD) - 2015/12/22 21:33:59 ET
Table 'Meriones' 2-max Seat #2 is the button
Seat 1: REZOLUTION84 ($162.38 in chips)
Seat 2: ShovingRags ($137.85 in chips)
ShovingRags: posts small blind $1
REZOLUTION84: posts big blind $3
*** HOLE CARDS ***
ShovingRags: raises $3 to $6
REZOLUTION84: calls $3
*** FLOP *** [As 2s 4d]
REZOLUTION84: checks
ShovingRags: bets $3
REZOLUTION84: folds
Uncalled bet ($3) returned to ShovingRags
ShovingRags collected $11.76 from pot
*** SUMMARY ***
Total pot $12 | Rake $0.24
Board [As 2s 4d]
Seat 1: REZOLUTION84 (big blind) folded on the Flop
Seat 2: ShovingRags (button) (small blind) collected ($11.76)


PokerStars Hand #145773727167:  Hold'em Limit ($3/$6 USD) - 2015/12/22 21:33:49 ET
Table 'Meriones' 2-max Seat #1 is the button
Seat 1: REZOLUTION84 ($174.38 in chips)
Seat 2: ShovingRags ($126.33 in chips)
REZOLUTION84: posts small blind $1
ShovingRags: posts big blind $3
*** HOLE CARDS ***
REZOLUTION84: raises $3 to $6
ShovingRags: calls $3
*** FLOP *** [Ah 3s 6h]
ShovingRags: checks
REZOLUTION84: bets $3
ShovingRags: raises $3 to $6
REZOLUTION84: calls $3
*** TURN *** [Ah 3s 6h] [9d]
ShovingRags: bets $6
REZOLUTION84: folds
Uncalled bet ($6) returned to ShovingRags
ShovingRags collected $23.52 from pot
*** SUMMARY ***
Total pot $24 | Rake $0.48
Board [Ah 3s 6h 9d]
Seat 1: REZOLUTION84 (button) (small blind) folded on the Turn
Seat 2: ShovingRags (big blind) collected ($23.52)


PokerStars Hand #145773721564:  Hold'em Limit ($3/$6 USD) - 2015/12/22 21:33:37 ET
Table 'Meriones' 2-max Seat #2 is the button
Seat 1: REZOLUTION84 ($168.62 in chips)
Seat 2: ShovingRags ($132.33 in chips)
ShovingRags: posts small blind $1
REZOLUTION84: posts big blind $3
*** HOLE CARDS ***
ShovingRags: raises $3 to $6
REZOLUTION84: calls $3
*** FLOP *** [7d 5c 9h]
REZOLUTION84: checks
ShovingRags: checks
*** TURN *** [7d 5c 9h] [4h]
REZOLUTION84: checks
ShovingRags: checks
*** RIVER *** [7d 5c 9h 4h] [3s]
REZOLUTION84: bets $6
ShovingRags: folds
Uncalled bet ($6) returned to REZOLUTION84
REZOLUTION84 collected $11.76 from pot
REZOLUTION84: doesn't show hand
*** SUMMARY ***
Total pot $12 | Rake $0.24
Board [7d 5c 9h 4h 3s]
Seat 1: REZOLUTION84 (big blind) collected ($11.76)
Seat 2: ShovingRags (button) (small blind) folded on the River


PokerStars Hand #145773772845:  Hold'em Limit ($3/$6 USD) - 2015/12/22 21:35:25 ET
Table 'Meriones' 2-max Seat #2 is the button
Seat 1: REZOLUTION84 ($160.14 in chips)
Seat 2: ShovingRags ($137.13 in chips)
ShovingRags: posts small blind $1
REZOLUTION84: posts big blind $3
*** HOLE CARDS ***
ShovingRags: raises $3 to $6
REZOLUTION84: folds
Uncalled bet ($3) returned to ShovingRags
ShovingRags collected $6 from pot
*** SUMMARY ***
Total pot $6 | Rake $0
Seat 1: REZOLUTION84 (big blind) folded before Flop
Seat 2: ShovingRags (button) (small blind) collected ($6)


PokerStars Hand #145773765887:  Hold'em Limit ($3/$6 USD) - 2015/12/22 21:35:10 ET
Table 'Meriones' 2-max Seat #1 is the button
Seat 1: REZOLUTION84 ($178.14 in chips)
Seat 2: ShovingRags ($119.63 in chips)
REZOLUTION84: posts small blind $1
ShovingRags: posts big blind $3
*** HOLE CARDS ***
REZOLUTION84: raises $3 to $6
ShovingRags: calls $3
*** FLOP *** [5h 7d 3s]
ShovingRags: checks
REZOLUTION84: bets $3
ShovingRags: raises $3 to $6
REZOLUTION84: calls $3
*** TURN *** [5h 7d 3s] [4d]
ShovingRags: bets $6
REZOLUTION84: calls $6
*** RIVER *** [5h 7d 3s 4d] [Th]
ShovingRags: bets $6
REZOLUTION84: folds
Uncalled bet ($6) returned to ShovingRags
ShovingRags collected $35.50 from pot
*** SUMMARY ***
Total pot $36 | Rake $0.50
Board [5h 7d 3s 4d Th]
Seat 1: REZOLUTION84 (button) (small blind) folded on the River
Seat 2: ShovingRags (big blind) collected ($35.50)


PokerStars Hand #145773760307:  Hold'em Limit ($3/$6 USD) - 2015/12/22 21:34:59 ET
Table 'Meriones' 2-max Seat #2 is the button
Seat 1: REZOLUTION84 ($154.64 in chips)
Seat 2: ShovingRags ($143.63 in chips)
ShovingRags: posts small blind $1
REZOLUTION84: posts big blind $3
*** HOLE CARDS ***
ShovingRags: raises $3 to $6
REZOLUTION84: raises $3 to $9
ShovingRags: calls $3
*** FLOP *** [Qs Ac Ks]
REZOLUTION84: bets $3
ShovingRags: calls $3
*** TURN *** [Qs Ac Ks] [Tc]
REZOLUTION84: bets $6
ShovingRags: calls $6
*** RIVER *** [Qs Ac Ks Tc] [As]
REZOLUTION84: bets $6
ShovingRags: calls $6
*** SHOW DOWN ***
REZOLUTION84: shows [Jh Jc] (a straight, Ten to Ace)
ShovingRags: mucks hand
REZOLUTION84 collected $47.50 from pot
*** SUMMARY ***
Total pot $48 | Rake $0.50
Board [Qs Ac Ks Tc As]
Seat 1: REZOLUTION84 (big blind) showed [Jh Jc] and won ($47.50) with a straight, Ten to Ace
Seat 2: ShovingRags (button) (small blind) mucked


PokerStars Hand #145773758152:  Hold'em Limit ($3/$6 USD) - 2015/12/22 21:34:54 ET
Table 'Meriones' 2-max Seat #1 is the button
Seat 1: REZOLUTION84 ($155.64 in chips)
Seat 2: ShovingRags ($142.63 in chips)
REZOLUTION84: posts small blind $1
ShovingRags: posts big blind $3
*** HOLE CARDS ***
REZOLUTION84: folds
Uncalled bet ($2) returned to ShovingRags
ShovingRags collected $2 from pot
*** SUMMARY ***
Total pot $2 | Rake $0
Seat 1: REZOLUTION84 (button) (small blind) folded before Flop
Seat 2: ShovingRags (big blind) collected ($2)


PokerStars Hand #145773751615:  Hold'em Limit ($3/$6 USD) - 2015/12/22 21:34:40 ET
Table 'Meriones' 2-max Seat #2 is the button
Seat 1: REZOLUTION84 ($179.64 in chips)
Seat 2: ShovingRags ($119.13 in chips)
ShovingRags: posts small blind $1
REZOLUTION84: posts big blind $3
*** HOLE CARDS ***
ShovingRags: raises $3 to $6
REZOLUTION84: calls $3
*** FLOP *** [As Kc 9s]
REZOLUTION84: checks
ShovingRags: bets $3
REZOLUTION84: raises $3 to $6
ShovingRags: calls $3
*** TURN *** [As Kc 9s] [6c]
REZOLUTION84: bets $6
ShovingRags: raises $6 to $12
REZOLUTION84: calls $6
*** RIVER *** [As Kc 9s 6c] [2h]
REZOLUTION84: checks
ShovingRags: bets $6
REZOLUTION84: folds
Uncalled bet ($6) returned to ShovingRags
ShovingRags collected $47.50 from pot
*** SUMMARY ***
Total pot $48 | Rake $0.50
Board [As Kc 9s 6c 2h]
Seat 1: REZOLUTION84 (big blind) folded on the River
Seat 2: ShovingRags (button) (small blind) collected ($47.50)


PokerStars Hand #145773788173:  Hold'em Limit ($3/$6 USD) - 2015/12/22 21:35:58 ET
Table 'Meriones' 2-max Seat #1 is the button
Seat 1: REZOLUTION84 ($109.14 in chips)
Seat 2: ShovingRags ($187.13 in chips)
REZOLUTION84: posts small blind $1
ShovingRags: posts big blind $3
*** HOLE CARDS ***
REZOLUTION84: raises $3 to $6
ShovingRags: raises $3 to $9
REZOLUTION84: raises $3 to $12
Betting is capped
ShovingRags: calls $3
*** FLOP *** [Jh 8d 3c]
ShovingRags: checks
REZOLUTION84: bets $3
ShovingRags: calls $3
*** TURN *** [Jh 8d 3c] [Th]
ShovingRags: checks
REZOLUTION84: bets $6
ShovingRags: calls $6
*** RIVER *** [Jh 8d 3c Th] [9c]
ShovingRags: bets $6
REZOLUTION84: calls $6
*** SHOW DOWN ***
ShovingRags: shows [7c Kd] (a straight, Seven to Jack)
REZOLUTION84: mucks hand
ShovingRags collected $53.50 from pot
*** SUMMARY ***
Total pot $54 | Rake $0.50
Board [Jh 8d 3c Th 9c]
Seat 1: REZOLUTION84 (button) (small blind) mucked
Seat 2: ShovingRags (big blind) showed [7c Kd] and won ($53.50) with a straight, Seven to Jack


PokerStars Hand #145773783382:  Hold'em Limit ($3/$6 USD) - 2015/12/22 21:35:48 ET
Table 'Meriones' 2-max Seat #2 is the button
Seat 1: REZOLUTION84 ($127.14 in chips)
Seat 2: ShovingRags ($169.63 in chips)
ShovingRags: posts small blind $1
REZOLUTION84: posts big blind $3
*** HOLE CARDS ***
ShovingRags: raises $3 to $6
REZOLUTION84: raises $3 to $9
ShovingRags: calls $3
*** FLOP *** [8s 6c 9c]
REZOLUTION84: bets $3
ShovingRags: calls $3
*** TURN *** [8s 6c 9c] [Th]
REZOLUTION84: bets $6
ShovingRags: raises $6 to $12
REZOLUTION84: folds
Uncalled bet ($6) returned to ShovingRags
ShovingRags collected $35.50 from pot
*** SUMMARY ***
Total pot $36 | Rake $0.50
Board [8s 6c 9c Th]
Seat 1: REZOLUTION84 (big blind) folded on the Turn
Seat 2: ShovingRags (button) (small blind) collected ($35.50)


PokerStars Hand #145773776176:  Hold'em Limit ($3/$6 USD) - 2015/12/22 21:35:32 ET
Table 'Meriones' 2-max Seat #1 is the button
Seat 1: REZOLUTION84 ($157.14 in chips)
Seat 2: ShovingRags ($140.13 in chips)
REZOLUTION84: posts small blind $1
ShovingRags: posts big blind $3
*** HOLE CARDS ***
REZOLUTION84: raises $3 to $6
ShovingRags: calls $3
*** FLOP *** [5c Ac 6d]
ShovingRags: checks
REZOLUTION84: bets $3
ShovingRags: raises $3 to $6
REZOLUTION84: calls $3
*** TURN *** [5c Ac 6d] [8s]
ShovingRags: bets $6
REZOLUTION84: raises $6 to $12
ShovingRags: calls $6
*** RIVER *** [5c Ac 6d 8s] [4s]
ShovingRags: checks
REZOLUTION84: bets $6
ShovingRags: calls $6
*** SHOW DOWN ***
REZOLUTION84: shows [Qs Tc] (high card Ace)
ShovingRags: shows [Qd 8c] (a pair of Eights)
ShovingRags collected $59.50 from pot
*** SUMMARY ***
Total pot $60 | Rake $0.50
Board [5c Ac 6d 8s 4s]
Seat 1: REZOLUTION84 (button) (small blind) showed [Qs Tc] and lost with high card Ace
Seat 2: ShovingRags (big blind) showed [Qd 8c] and won ($59.50) with a pair of Eights


