PokerStars Hand #165820402073:  Hold'em Limit ($3/$6 USD) - 2017/02/07 5:47:40 ET
Table 'Meriones' 6-max Seat #3 is the button
Seat 2: Fabulous108 ($88.45 in chips)
Seat 3: Luanto 14 ($264.30 in chips)
Luanto 14: posts small blind $1
vestimokrec: is sitting out
Fabulous108: posts big blind $3
*** HOLE CARDS ***
Luanto 14: raises $3 to $6
Fabulous108: calls $3
*** FLOP *** [Td 5c Jc]
Fabulous108: checks
Luanto 14: bets $3
Fabulous108: calls $3
*** TURN *** [Td 5c Jc] [Tc]
Fabulous108: checks
Luanto 14: bets $6
Fabulous108: calls $6
*** RIVER *** [Td 5c Jc Tc] [Kd]
vestimokrec leaves the table
Fabulous108: checks
DirtyDouble2 leaves the table
Luanto 14: bets $6
Fabulous108: folds
Uncalled bet ($6) returned to Luanto 14
Luanto 14 collected $29.50 from pot
Luanto 14: doesn't show hand
*** SUMMARY ***
Total pot $30 | Rake $0.50
Board [Td 5c Jc Tc Kd]
Seat 2: Fabulous108 (big blind) folded on the River
Seat 3: Luanto 14 (button) (small blind) collected ($29.50)


PokerStars Hand #165820416550:  Hold'em Limit ($3/$6 USD) - 2017/02/07 5:48:10 ET
Table 'Meriones' 6-max Seat #2 is the button
Seat 2: Fabulous108 ($73.45 in chips)
Seat 3: Luanto 14 ($278.80 in chips)
Fabulous108: posts small blind $1
Luanto 14: posts big blind $3
*** HOLE CARDS ***
Fabulous108: raises $3 to $6
Luanto 14: calls $3
*** FLOP *** [4d Ks 6d]
Luanto 14: checks
Fabulous108: bets $3
Luanto 14: calls $3
*** TURN *** [4d Ks 6d] [3h]
Luanto 14: checks
Fabulous108: checks
*** RIVER *** [4d Ks 6d 3h] [Kc]
Luanto 14: bets $6
Fabulous108: calls $6
*** SHOW DOWN ***
Luanto 14: shows [Ah 6s] (two pair, Kings and Sixes)
Fabulous108: mucks hand
Luanto 14 collected $29.50 from pot
*** SUMMARY ***
Total pot $30 | Rake $0.50
Board [4d Ks 6d 3h Kc]
Seat 2: Fabulous108 (button) (small blind) mucked
Seat 3: Luanto 14 (big blind) showed [Ah 6s] and won ($29.50) with two pair, Kings and Sixes


