PokerStars Hand #145012809561:  Hold'em Limit ($3/$6 USD) - 2015/12/08 6:14:24 ET
Table 'Meriones III' 2-max Seat #1 is the button
Seat 1: Kosova1968 ($92.50 in chips)
Seat 2: MTails ($99 in chips)
Kosova1968: posts small blind $1
MTails: posts big blind $3
*** HOLE CARDS ***
Kosova1968: raises $3 to $6
MTails: calls $3
*** FLOP *** [Kh Js Qs]
MTails: checks
Kosova1968: checks
*** TURN *** [Kh Js Qs] [8h]
MTails: bets $6
Kosova1968: raises $6 to $12
MTails: calls $6
*** RIVER *** [Kh Js Qs 8h] [7c]
MTails: checks
Kosova1968: bets $6
MTails: calls $6
*** SHOW DOWN ***
Kosova1968: shows [Kd Jh] (two pair, Kings and Jacks)
MTails: mucks hand
Kosova1968 collected $47.50 from pot
*** SUMMARY ***
Total pot $48 | Rake $0.50
Board [Kh Js Qs 8h 7c]
Seat 1: Kosova1968 (button) (small blind) showed [Kd Jh] and won ($47.50) with two pair, Kings and Jacks
Seat 2: MTails (big blind) mucked


PokerStars Hand #145012833418:  Hold'em Limit ($3/$6 USD) - 2015/12/08 6:15:14 ET
Table 'Meriones III' 2-max Seat #2 is the button
Seat 1: Kosova1968 ($112.50 in chips)
Seat 2: MTails ($77.50 in chips)
MTails: posts small blind $1
Kosova1968: posts big blind $3
*** HOLE CARDS ***
MTails: raises $3 to $6
Kosova1968: calls $3
*** FLOP *** [4c As Jd]
Kosova1968: checks
MTails: bets $3
Kosova1968: calls $3
*** TURN *** [4c As Jd] [2c]
Kosova1968: checks
MTails: bets $6
Kosova1968: raises $6 to $12
MTails: calls $6
*** RIVER *** [4c As Jd 2c] [Ah]
Kosova1968: bets $6
MTails: raises $6 to $12
Kosova1968: calls $6
*** SHOW DOWN ***
MTails: shows [Ac 7c] (three of a kind, Aces)
Kosova1968: shows [7h Ad] (three of a kind, Aces)
Kosova1968 collected $32.75 from pot
MTails collected $32.75 from pot
*** SUMMARY ***
Total pot $66 | Rake $0.50
Board [4c As Jd 2c Ah]
Seat 1: Kosova1968 (big blind) showed [7h Ad] and won ($32.75) with three of a kind, Aces
Seat 2: MTails (button) (small blind) showed [Ac 7c] and won ($32.75) with three of a kind, Aces


PokerStars Hand #145012824821:  Hold'em Limit ($3/$6 USD) - 2015/12/08 6:14:56 ET
Table 'Meriones III' 2-max Seat #1 is the button
Seat 1: Kosova1968 ($136.50 in chips)
Seat 2: MTails ($54 in chips)
Kosova1968: posts small blind $1
MTails: posts big blind $3
*** HOLE CARDS ***
Kosova1968: raises $3 to $6
MTails: calls $3
*** FLOP *** [9s 5d 3c]
MTails: checks
Kosova1968: checks
*** TURN *** [9s 5d 3c] [Jc]
MTails: bets $6
Kosova1968: raises $6 to $12
MTails: raises $6 to $18
Kosova1968: calls $6
*** RIVER *** [9s 5d 3c Jc] [Qc]
MTails: bets $6
Kosova1968: folds
Uncalled bet ($6) returned to MTails
MTails collected $47.50 from pot
*** SUMMARY ***
Total pot $48 | Rake $0.50
Board [9s 5d 3c Jc Qc]
Seat 1: Kosova1968 (button) (small blind) folded on the River
Seat 2: MTails (big blind) collected ($47.50)


PokerStars Hand #145012817010:  Hold'em Limit ($3/$6 USD) - 2015/12/08 6:14:40 ET
Table 'Meriones III' 2-max Seat #2 is the button
Seat 1: Kosova1968 ($116 in chips)
Seat 2: MTails ($75 in chips)
MTails: posts small blind $1
Kosova1968: posts big blind $3
*** HOLE CARDS ***
MTails: raises $3 to $6
Kosova1968: calls $3
*** FLOP *** [6h Ks Jh]
Kosova1968: bets $3
MTails: calls $3
*** TURN *** [6h Ks Jh] [5c]
Kosova1968: checks
MTails: bets $6
Kosova1968: calls $6
*** RIVER *** [6h Ks Jh 5c] [Jc]
Kosova1968: bets $6
MTails: calls $6
*** SHOW DOWN ***
Kosova1968: shows [Td Jd] (three of a kind, Jacks)
MTails: mucks hand
Kosova1968 collected $41.50 from pot
*** SUMMARY ***
Total pot $42 | Rake $0.50
Board [6h Ks Jh 5c Jc]
Seat 1: Kosova1968 (big blind) showed [Td Jd] and won ($41.50) with three of a kind, Jacks
Seat 2: MTails (button) (small blind) mucked


PokerStars Hand #145012843790:  Hold'em Limit ($3/$6 USD) - 2015/12/08 6:15:36 ET
Table 'Meriones III' 2-max Seat #1 is the button
Seat 1: Kosova1968 ($112.25 in chips)
Seat 2: MTails ($77.25 in chips)
Kosova1968: posts small blind $1
MTails: posts big blind $3
*** HOLE CARDS ***
Kosova1968: raises $3 to $6
MTails: raises $3 to $9
Kosova1968: calls $3
*** FLOP *** [4h 6h 8h]
MTails: bets $3
Kosova1968: calls $3
*** TURN *** [4h 6h 8h] [Qh]
MTails: bets $6
Kosova1968: calls $6
*** RIVER *** [4h 6h 8h Qh] [Js]
MTails: bets $6
Kosova1968: calls $6
*** SHOW DOWN ***
MTails: shows [9s Th] (a flush, Queen high)
Kosova1968: shows [6c 8s] (two pair, Eights and Sixes)
MTails collected $47.50 from pot
*** SUMMARY ***
Total pot $48 | Rake $0.50
Board [4h 6h 8h Qh Js]
Seat 1: Kosova1968 (button) (small blind) showed [6c 8s] and lost with two pair, Eights and Sixes
Seat 2: MTails (big blind) showed [9s Th] and won ($47.50) with a flush, Queen high


PokerStars Hand #145012851530:  Hold'em Limit ($3/$6 USD) - 2015/12/08 6:15:53 ET
Table 'Meriones III' 2-max Seat #2 is the button
Seat 1: Kosova1968 ($88.25 in chips)
Seat 2: MTails ($100.75 in chips)
MTails: posts small blind $1
Kosova1968: posts big blind $3
*** HOLE CARDS ***
MTails: folds
Uncalled bet ($2) returned to Kosova1968
Kosova1968 collected $2 from pot
*** SUMMARY ***
Total pot $2 | Rake $0
Seat 1: Kosova1968 (big blind) collected ($2)
Seat 2: MTails (button) (small blind) folded before Flop


PokerStars Hand #145012853532:  Hold'em Limit ($3/$6 USD) - 2015/12/08 6:15:57 ET
Table 'Meriones III' 2-max Seat #1 is the button
Seat 1: Kosova1968 ($89.25 in chips)
Seat 2: MTails ($99.75 in chips)
Kosova1968: posts small blind $1
MTails: posts big blind $3
*** HOLE CARDS ***
Kosova1968: raises $3 to $6
MTails: raises $3 to $9
Kosova1968: calls $3
*** FLOP *** [7c Jd 2s]
MTails: bets $3
Kosova1968: folds
Uncalled bet ($3) returned to MTails
MTails collected $17.64 from pot
*** SUMMARY ***
Total pot $18 | Rake $0.36
Board [7c Jd 2s]
Seat 1: Kosova1968 (button) (small blind) folded on the Flop
Seat 2: MTails (big blind) collected ($17.64)


PokerStars Hand #145012858580:  Hold'em Limit ($3/$6 USD) - 2015/12/08 6:16:07 ET
Table 'Meriones III' 2-max Seat #2 is the button
Seat 1: Kosova1968 ($80.25 in chips)
Seat 2: MTails ($108.39 in chips)
MTails: posts small blind $1
Kosova1968: posts big blind $3
*** HOLE CARDS ***
MTails: raises $3 to $6
Kosova1968: calls $3
*** FLOP *** [Tc 2h 8h]
Kosova1968: bets $3
MTails: raises $3 to $6
Kosova1968: calls $3
*** TURN *** [Tc 2h 8h] [2d]
Kosova1968: bets $6
MTails: raises $6 to $12
Kosova1968: folds
Uncalled bet ($6) returned to MTails
MTails collected $35.50 from pot
*** SUMMARY ***
Total pot $36 | Rake $0.50
Board [Tc 2h 8h 2d]
Seat 1: Kosova1968 (big blind) folded on the Turn
Seat 2: MTails (button) (small blind) collected ($35.50)


PokerStars Hand #145012866521:  Hold'em Limit ($3/$6 USD) - 2015/12/08 6:16:24 ET
Table 'Meriones III' 2-max Seat #1 is the button
Seat 1: Kosova1968 ($62.25 in chips)
Seat 2: MTails ($125.89 in chips)
Kosova1968: posts small blind $1
MTails: posts big blind $3
*** HOLE CARDS ***
Kosova1968: calls $2
MTails: raises $3 to $6
Kosova1968: calls $3
*** FLOP *** [6c 5c 2c]
MTails: bets $3
Kosova1968: folds
Uncalled bet ($3) returned to MTails
MTails collected $11.76 from pot
*** SUMMARY ***
Total pot $12 | Rake $0.24
Board [6c 5c 2c]
Seat 1: Kosova1968 (button) (small blind) folded on the Flop
Seat 2: MTails (big blind) collected ($11.76)


PokerStars Hand #145012878222:  Hold'em Limit ($3/$6 USD) - 2015/12/08 6:16:48 ET
Table 'Meriones III' 2-max Seat #1 is the button
Seat 1: Kosova1968 ($56 in chips)
Seat 2: MTails ($131.40 in chips)
Kosova1968: posts small blind $1
MTails: posts big blind $3
*** HOLE CARDS ***
Kosova1968: raises $3 to $6
MTails: calls $3
*** FLOP *** [9s 2d 8s]
MTails: checks
Kosova1968: bets $3
MTails: calls $3
*** TURN *** [9s 2d 8s] [3d]
MTails: checks
Kosova1968: bets $6
MTails: calls $6
*** RIVER *** [9s 2d 8s 3d] [5d]
MTails: checks
Kosova1968: bets $6
MTails: folds
Uncalled bet ($6) returned to Kosova1968
Kosova1968 collected $29.50 from pot
*** SUMMARY ***
Total pot $30 | Rake $0.50
Board [9s 2d 8s 3d 5d]
Seat 1: Kosova1968 (button) (small blind) collected ($29.50)
Seat 2: MTails (big blind) folded on the River


PokerStars Hand #145012871624:  Hold'em Limit ($3/$6 USD) - 2015/12/08 6:16:34 ET
Table 'Meriones III' 2-max Seat #2 is the button
Seat 1: Kosova1968 ($56.25 in chips)
Seat 2: MTails ($131.65 in chips)
MTails: posts small blind $1
Kosova1968: posts big blind $3
*** HOLE CARDS ***
MTails: raises $3 to $6
Kosova1968: calls $3
*** FLOP *** [As Td Tc]
Kosova1968: checks
MTails: bets $3
Kosova1968: calls $3
*** TURN *** [As Td Tc] [Jh]
Kosova1968: checks
MTails: checks
*** RIVER *** [As Td Tc Jh] [8s]
Kosova1968: bets $6
MTails: calls $6
*** SHOW DOWN ***
Kosova1968: shows [5h Ks] (a pair of Tens)
MTails: shows [6s Kd] (a pair of Tens)
Kosova1968 collected $14.75 from pot
MTails collected $14.75 from pot
*** SUMMARY ***
Total pot $30 | Rake $0.50
Board [As Td Tc Jh 8s]
Seat 1: Kosova1968 (big blind) showed [5h Ks] and won ($14.75) with a pair of Tens
Seat 2: MTails (button) (small blind) showed [6s Kd] and won ($14.75) with a pair of Tens


PokerStars Hand #145012894059:  Hold'em Limit ($3/$6 USD) - 2015/12/08 6:17:21 ET
Table 'Meriones III' 2-max Seat #1 is the button
Seat 1: Kosova1968 ($46.50 in chips)
Seat 2: MTails ($139.90 in chips)
Kosova1968: posts small blind $1
MTails: posts big blind $3
*** HOLE CARDS ***
Kosova1968: calls $2
MTails: raises $3 to $6
Kosova1968: calls $3
*** FLOP *** [Qs Td Kh]
MTails: bets $3
Kosova1968: folds
Uncalled bet ($3) returned to MTails
MTails collected $11.76 from pot
*** SUMMARY ***
Total pot $12 | Rake $0.24
Board [Qs Td Kh]
Seat 1: Kosova1968 (button) (small blind) folded on the Flop
Seat 2: MTails (big blind) collected ($11.76)


PokerStars Hand #145012885913:  Hold'em Limit ($3/$6 USD) - 2015/12/08 6:17:04 ET
Table 'Meriones III' 2-max Seat #2 is the button
Seat 1: Kosova1968 ($70.50 in chips)
Seat 2: MTails ($116.40 in chips)
MTails: posts small blind $1
Kosova1968: posts big blind $3
*** HOLE CARDS ***
MTails: raises $3 to $6
Kosova1968: calls $3
*** FLOP *** [Qs 7c 7s]
Kosova1968: bets $3
MTails: raises $3 to $6
Kosova1968: calls $3
*** TURN *** [Qs 7c 7s] [8c]
Kosova1968: checks
MTails: bets $6
Kosova1968: calls $6
*** RIVER *** [Qs 7c 7s 8c] [Ts]
Kosova1968: bets $6
MTails: calls $6
*** SHOW DOWN ***
Kosova1968: shows [2d 2c] (two pair, Sevens and Deuces)
MTails: shows [7d Jd] (three of a kind, Sevens)
MTails collected $47.50 from pot
*** SUMMARY ***
Total pot $48 | Rake $0.50
Board [Qs 7c 7s 8c Ts]
Seat 1: Kosova1968 (big blind) showed [2d 2c] and lost with two pair, Sevens and Deuces
Seat 2: MTails (button) (small blind) showed [7d Jd] and won ($47.50) with three of a kind, Sevens


PokerStars Hand #145012907151:  Hold'em Limit ($3/$6 USD) - 2015/12/08 6:17:49 ET
Table 'Meriones III' 2-max Seat #1 is the button
Seat 1: Kosova1968 ($25.50 in chips)
Seat 2: MTails ($160.16 in chips)
Kosova1968: posts small blind $1
MTails: posts big blind $3
*** HOLE CARDS ***
Kosova1968: raises $3 to $6
MTails: calls $3
*** FLOP *** [Kd Js 7d]
MTails: checks
Kosova1968: bets $3
MTails: folds
Uncalled bet ($3) returned to Kosova1968
Kosova1968 collected $11.76 from pot
*** SUMMARY ***
Total pot $12 | Rake $0.24
Board [Kd Js 7d]
Seat 1: Kosova1968 (button) (small blind) collected ($11.76)
Seat 2: MTails (big blind) folded on the Flop


PokerStars Hand #145012899032:  Hold'em Limit ($3/$6 USD) - 2015/12/08 6:17:32 ET
Table 'Meriones III' 2-max Seat #2 is the button
Seat 1: Kosova1968 ($40.50 in chips)
Seat 2: MTails ($145.66 in chips)
MTails: posts small blind $1
Kosova1968: posts big blind $3
*** HOLE CARDS ***
MTails: raises $3 to $6
Kosova1968: calls $3
*** FLOP *** [6d Jh 5s]
Kosova1968: bets $3
MTails: calls $3
*** TURN *** [6d Jh 5s] [Ts]
Kosova1968: checks
MTails: checks
*** RIVER *** [6d Jh 5s Ts] [As]
Kosova1968: checks
MTails: bets $6
Kosova1968: calls $6
*** SHOW DOWN ***
MTails: shows [Ac 7d] (a pair of Aces)
Kosova1968: mucks hand
MTails collected $29.50 from pot
*** SUMMARY ***
Total pot $30 | Rake $0.50
Board [6d Jh 5s Ts As]
Seat 1: Kosova1968 (big blind) mucked
Seat 2: MTails (button) (small blind) showed [Ac 7d] and won ($29.50) with a pair of Aces


PokerStars Hand #145012929681:  Hold'em Limit ($3/$6 USD) - 2015/12/08 6:18:36 ET
Table 'Meriones III' 2-max Seat #1 is the button
Seat 1: Kosova1968 ($26.78 in chips)
Seat 2: MTails ($157.66 in chips)
Kosova1968: posts small blind $1
MTails: posts big blind $3
*** HOLE CARDS ***
Kosova1968: folds
Uncalled bet ($2) returned to MTails
MTails collected $2 from pot
*** SUMMARY ***
Total pot $2 | Rake $0
Seat 1: Kosova1968 (button) (small blind) folded before Flop
Seat 2: MTails (big blind) collected ($2)


PokerStars Hand #145012924052:  Hold'em Limit ($3/$6 USD) - 2015/12/08 6:18:24 ET
Table 'Meriones III' 2-max Seat #2 is the button
Seat 1: Kosova1968 ($15.26 in chips)
Seat 2: MTails ($169.66 in chips)
MTails: posts small blind $1
Kosova1968: posts big blind $3
*** HOLE CARDS ***
MTails: raises $3 to $6
Kosova1968: raises $3 to $9
MTails: calls $3
*** FLOP *** [6d Kd 2s]
Kosova1968: bets $3
MTails: calls $3
*** TURN *** [6d Kd 2s] [As]
Kosova1968: bets $3.26 and is all-in
MTails: folds
Uncalled bet ($3.26) returned to Kosova1968
Kosova1968 collected $23.52 from pot
*** SUMMARY ***
Total pot $24 | Rake $0.48
Board [6d Kd 2s As]
Seat 1: Kosova1968 (big blind) collected ($23.52)
Seat 2: MTails (button) (small blind) folded on the Turn


PokerStars Hand #145012921757:  Hold'em Limit ($3/$6 USD) - 2015/12/08 6:18:19 ET
Table 'Meriones III' 2-max Seat #1 is the button
Seat 1: Kosova1968 ($16.26 in chips)
Seat 2: MTails ($168.66 in chips)
Kosova1968: posts small blind $1
MTails: posts big blind $3
*** HOLE CARDS ***
Kosova1968: folds
Uncalled bet ($2) returned to MTails
MTails collected $2 from pot
MTails: doesn't show hand
*** SUMMARY ***
Total pot $2 | Rake $0
Seat 1: Kosova1968 (button) (small blind) folded before Flop
Seat 2: MTails (big blind) collected ($2)


PokerStars Hand #145012911686:  Hold'em Limit ($3/$6 USD) - 2015/12/08 6:17:58 ET
Table 'Meriones III' 2-max Seat #2 is the button
Seat 1: Kosova1968 ($31.26 in chips)
Seat 2: MTails ($154.16 in chips)
MTails: posts small blind $1
Kosova1968: posts big blind $3
*** HOLE CARDS ***
MTails: raises $3 to $6
Kosova1968: calls $3
*** FLOP *** [Ac 8s 5h]
Kosova1968: checks
MTails: bets $3
Kosova1968: calls $3
*** TURN *** [Ac 8s 5h] [7c]
Kosova1968: checks
MTails: bets $6
Kosova1968: calls $6
*** RIVER *** [Ac 8s 5h 7c] [8c]
Kosova1968: checks
MTails: bets $6
Kosova1968: folds
Uncalled bet ($6) returned to MTails
MTails collected $29.50 from pot
*** SUMMARY ***
Total pot $30 | Rake $0.50
Board [Ac 8s 5h 7c 8c]
Seat 1: Kosova1968 (big blind) folded on the River
Seat 2: MTails (button) (small blind) collected ($29.50)


PokerStars Hand #145012941012:  Hold'em Limit ($3/$6 USD) - 2015/12/08 6:18:59 ET
Table 'Meriones III' 2-max Seat #1 is the button
Seat 1: Kosova1968 ($19.78 in chips)
Seat 2: MTails ($164.42 in chips)
Kosova1968: posts small blind $1
MTails: posts big blind $3
*** HOLE CARDS ***
Kosova1968: raises $3 to $6
MTails: calls $3
*** FLOP *** [Jh Jc 4c]
MTails: checks
Kosova1968: checks
*** TURN *** [Jh Jc 4c] [3s]
MTails: bets $6
Kosova1968: folds
Uncalled bet ($6) returned to MTails
MTails collected $11.76 from pot
*** SUMMARY ***
Total pot $12 | Rake $0.24
Board [Jh Jc 4c 3s]
Seat 1: Kosova1968 (button) (small blind) folded on the Turn
Seat 2: MTails (big blind) collected ($11.76)


PokerStars Hand #145012936288:  Hold'em Limit ($3/$6 USD) - 2015/12/08 6:18:49 ET
Table 'Meriones III' 2-max Seat #2 is the button
Seat 1: Kosova1968 ($25.78 in chips)
Seat 2: MTails ($158.66 in chips)
MTails: posts small blind $1
Kosova1968: posts big blind $3
*** HOLE CARDS ***
MTails: raises $3 to $6
Kosova1968: calls $3
*** FLOP *** [2d Th Ac]
Kosova1968: checks
MTails: bets $3
Kosova1968: folds
Uncalled bet ($3) returned to MTails
MTails collected $11.76 from pot
*** SUMMARY ***
Total pot $12 | Rake $0.24
Board [2d Th Ac]
Seat 1: Kosova1968 (big blind) folded on the Flop
Seat 2: MTails (button) (small blind) collected ($11.76)


PokerStars Hand #145012934046:  Hold'em Limit ($3/$6 USD) - 2015/12/08 6:18:45 ET
Table 'Meriones III' 2-max Seat #1 is the button
Seat 1: Kosova1968 ($26.78 in chips)
Seat 2: MTails ($157.66 in chips)
Kosova1968: posts small blind $1
MTails: posts big blind $3
*** HOLE CARDS ***
Kosova1968: folds
Uncalled bet ($2) returned to MTails
MTails collected $2 from pot
*** SUMMARY ***
Total pot $2 | Rake $0
Seat 1: Kosova1968 (button) (small blind) folded before Flop
Seat 2: MTails (big blind) collected ($2)


PokerStars Hand #145012931808:  Hold'em Limit ($3/$6 USD) - 2015/12/08 6:18:40 ET
Table 'Meriones III' 2-max Seat #2 is the button
Seat 1: Kosova1968 ($25.78 in chips)
Seat 2: MTails ($158.66 in chips)
MTails: posts small blind $1
Kosova1968: posts big blind $3
*** HOLE CARDS ***
MTails: folds
Uncalled bet ($2) returned to Kosova1968
Kosova1968 collected $2 from pot
*** SUMMARY ***
Total pot $2 | Rake $0
Seat 1: Kosova1968 (big blind) collected ($2)
Seat 2: MTails (button) (small blind) folded before Flop


PokerStars Hand #145012946606:  Hold'em Limit ($3/$6 USD) - 2015/12/08 6:19:11 ET
Table 'Meriones III' 2-max Seat #2 is the button
Seat 1: Kosova1968 ($13.78 in chips)
Seat 2: MTails ($170.18 in chips)
MTails: posts small blind $1
Kosova1968: posts big blind $3
*** HOLE CARDS ***
MTails: raises $3 to $6
Kosova1968: raises $3 to $9
MTails: calls $3
*** FLOP *** [Ad Ts Jd]
Kosova1968: bets $3
MTails: folds
Uncalled bet ($3) returned to Kosova1968
Kosova1968 collected $17.64 from pot
*** SUMMARY ***
Total pot $18 | Rake $0.36
Board [Ad Ts Jd]
Seat 1: Kosova1968 (big blind) collected ($17.64)
Seat 2: MTails (button) (small blind) folded on the Flop


PokerStars Hand #145012974447:  Hold'em Limit ($3/$6 USD) - 2015/12/08 6:20:09 ET
Table 'Meriones III' 2-max Seat #2 is the button
Seat 1: Kosova1968 ($53.56 in chips)
Seat 2: MTails ($129.18 in chips)
MTails: posts small blind $1
Kosova1968: posts big blind $3
*** HOLE CARDS ***
MTails: folds
Uncalled bet ($2) returned to Kosova1968
Kosova1968 collected $2 from pot
*** SUMMARY ***
Total pot $2 | Rake $0
Seat 1: Kosova1968 (big blind) collected ($2)
Seat 2: MTails (button) (small blind) folded before Flop


PokerStars Hand #145012972296:  Hold'em Limit ($3/$6 USD) - 2015/12/08 6:20:04 ET
Table 'Meriones III' 2-max Seat #1 is the button
Seat 1: Kosova1968 ($54.56 in chips)
Seat 2: MTails ($128.18 in chips)
Kosova1968: posts small blind $1
MTails: posts big blind $3
*** HOLE CARDS ***
Kosova1968: folds
Uncalled bet ($2) returned to MTails
MTails collected $2 from pot
MTails: doesn't show hand
*** SUMMARY ***
Total pot $2 | Rake $0
Seat 1: Kosova1968 (button) (small blind) folded before Flop
Seat 2: MTails (big blind) collected ($2)


PokerStars Hand #145012962939:  Hold'em Limit ($3/$6 USD) - 2015/12/08 6:19:45 ET
Table 'Meriones III' 2-max Seat #2 is the button
Seat 1: Kosova1968 ($31.06 in chips)
Seat 2: MTails ($152.18 in chips)
MTails: posts small blind $1
Kosova1968: posts big blind $3
*** HOLE CARDS ***
MTails: raises $3 to $6
Kosova1968: raises $3 to $9
MTails: calls $3
*** FLOP *** [Tc Jc Ac]
Kosova1968: checks
MTails: bets $3
Kosova1968: calls $3
*** TURN *** [Tc Jc Ac] [9s]
Kosova1968: checks
MTails: bets $6
Kosova1968: raises $6 to $12
MTails: calls $6
*** RIVER *** [Tc Jc Ac 9s] [Jh]
Kosova1968: bets $6
MTails: folds
Uncalled bet ($6) returned to Kosova1968
Kosova1968 collected $47.50 from pot
*** SUMMARY ***
Total pot $48 | Rake $0.50
Board [Tc Jc Ac 9s Jh]
Seat 1: Kosova1968 (big blind) collected ($47.50)
Seat 2: MTails (button) (small blind) folded on the River


PokerStars Hand #145012951952:  Hold'em Limit ($3/$6 USD) - 2015/12/08 6:19:22 ET
Table 'Meriones III' 2-max Seat #1 is the button
Seat 1: Kosova1968 ($22.42 in chips)
Seat 2: MTails ($161.18 in chips)
Kosova1968: posts small blind $1
MTails: posts big blind $3
*** HOLE CARDS ***
Kosova1968: calls $2
MTails: raises $3 to $6
Kosova1968: raises $3 to $9
MTails: calls $3
*** FLOP *** [Jd 8d 5d]
MTails: checks
Kosova1968: checks
*** TURN *** [Jd 8d 5d] [Ac]
MTails: checks
Kosova1968: bets $6
MTails: folds
Uncalled bet ($6) returned to Kosova1968
Kosova1968 collected $17.64 from pot
Kosova1968: shows [4c 9c] (high card Ace)
*** SUMMARY ***
Total pot $18 | Rake $0.36
Board [Jd 8d 5d Ac]
Seat 1: Kosova1968 (button) (small blind) collected ($17.64)
Seat 2: MTails (big blind) folded on the Turn


PokerStars Hand #145012985614:  Hold'em Limit ($3/$6 USD) - 2015/12/08 6:20:32 ET
Table 'Meriones III' 2-max Seat #1 is the button
Seat 1: Kosova1968 ($38.56 in chips)
Seat 2: MTails ($143.68 in chips)
Kosova1968: posts small blind $1
MTails: posts big blind $3
*** HOLE CARDS ***
Kosova1968: raises $3 to $6
MTails: calls $3
*** FLOP *** [2h 2s 9d]
MTails: checks
Kosova1968: checks
*** TURN *** [2h 2s 9d] [2d]
MTails: bets $6
Kosova1968: calls $6
*** RIVER *** [2h 2s 9d 2d] [6c]
MTails: bets $6
Kosova1968: calls $6
*** SHOW DOWN ***
MTails: shows [8s Ad] (three of a kind, Deuces)
Kosova1968: shows [7d As] (three of a kind, Deuces)
MTails collected $17.75 from pot
Kosova1968 collected $17.75 from pot
*** SUMMARY ***
Total pot $36 | Rake $0.50
Board [2h 2s 9d 2d 6c]
Seat 1: Kosova1968 (button) (small blind) showed [7d As] and won ($17.75) with three of a kind, Deuces
Seat 2: MTails (big blind) showed [8s Ad] and won ($17.75) with three of a kind, Deuces


PokerStars Hand #145012979081:  Hold'em Limit ($3/$6 USD) - 2015/12/08 6:20:18 ET
Table 'Meriones III' 2-max Seat #2 is the button
Seat 1: Kosova1968 ($53.56 in chips)
Seat 2: MTails ($129.18 in chips)
MTails: posts small blind $1
Kosova1968: posts big blind $3
*** HOLE CARDS ***
MTails: raises $3 to $6
Kosova1968: calls $3
*** FLOP *** [8d Ks 6s]
Kosova1968: bets $3
MTails: calls $3
*** TURN *** [8d Ks 6s] [9d]
Kosova1968: bets $6
MTails: raises $6 to $12
Kosova1968: folds
Uncalled bet ($6) returned to MTails
MTails collected $29.50 from pot
MTails: doesn't show hand
*** SUMMARY ***
Total pot $30 | Rake $0.50
Board [8d Ks 6s 9d]
Seat 1: Kosova1968 (big blind) folded on the Turn
Seat 2: MTails (button) (small blind) collected ($29.50)


PokerStars Hand #145012999366:  Hold'em Limit ($3/$6 USD) - 2015/12/08 6:21:00 ET
Table 'Meriones III' 2-max Seat #1 is the button
Seat 1: Kosova1968 ($49.83 in chips)
Seat 2: MTails ($131.43 in chips)
Kosova1968: posts small blind $1
MTails: posts big blind $3
*** HOLE CARDS ***
Kosova1968: raises $3 to $6
MTails: folds
Uncalled bet ($3) returned to Kosova1968
Kosova1968 collected $6 from pot
*** SUMMARY ***
Total pot $6 | Rake $0
Seat 1: Kosova1968 (button) (small blind) collected ($6)
Seat 2: MTails (big blind) folded before Flop


PokerStars Hand #145012991552:  Hold'em Limit ($3/$6 USD) - 2015/12/08 6:20:44 ET
Table 'Meriones III' 2-max Seat #2 is the button
Seat 1: Kosova1968 ($38.31 in chips)
Seat 2: MTails ($143.43 in chips)
MTails: posts small blind $1
Kosova1968: posts big blind $3
*** HOLE CARDS ***
MTails: raises $3 to $6
Kosova1968: calls $3
*** FLOP *** [2s Kd Jc]
Kosova1968: checks
MTails: bets $3
Kosova1968: raises $3 to $6
MTails: calls $3
*** TURN *** [2s Kd Jc] [As]
Kosova1968: checks
MTails: checks
*** RIVER *** [2s Kd Jc As] [7c]
Kosova1968: bets $6
MTails: folds
Uncalled bet ($6) returned to Kosova1968
Kosova1968 collected $23.52 from pot
*** SUMMARY ***
Total pot $24 | Rake $0.48
Board [2s Kd Jc As 7c]
Seat 1: Kosova1968 (big blind) collected ($23.52)
Seat 2: MTails (button) (small blind) folded on the River


PokerStars Hand #145013010870:  Hold'em Limit ($3/$6 USD) - 2015/12/08 6:21:24 ET
Table 'Meriones III' 2-max Seat #1 is the button
Seat 1: Kosova1968 ($73.33 in chips)
Seat 2: MTails ($107.43 in chips)
Kosova1968: posts small blind $1
MTails: posts big blind $3
*** HOLE CARDS ***
Kosova1968: raises $3 to $6
MTails: calls $3
*** FLOP *** [6h 5s 8d]
MTails: checks
Kosova1968: checks
*** TURN *** [6h 5s 8d] [5c]
MTails: bets $6
Kosova1968: calls $6
*** RIVER *** [6h 5s 8d 5c] [2s]
MTails: bets $6
Kosova1968: calls $6
*** SHOW DOWN ***
MTails: shows [Ts 6s] (two pair, Sixes and Fives)
Kosova1968: mucks hand
MTails collected $35.50 from pot
*** SUMMARY ***
Total pot $36 | Rake $0.50
Board [6h 5s 8d 5c 2s]
Seat 1: Kosova1968 (button) (small blind) mucked
Seat 2: MTails (big blind) showed [Ts 6s] and won ($35.50) with two pair, Sixes and Fives


PokerStars Hand #145013029440:  Hold'em Limit ($3/$6 USD) - 2015/12/08 6:22:02 ET
Table 'Meriones III' 2-max Seat #2 is the button
Seat 1: Kosova1968 ($36.33 in chips)
Seat 2: MTails ($143.43 in chips)
MTails: posts small blind $1
Kosova1968: posts big blind $3
*** HOLE CARDS ***
MTails: raises $3 to $6
Kosova1968: calls $3
*** FLOP *** [6d Ks 6s]
Kosova1968: checks
MTails: bets $3
Kosova1968: folds
Uncalled bet ($3) returned to MTails
MTails collected $11.76 from pot
*** SUMMARY ***
Total pot $12 | Rake $0.24
Board [6d Ks 6s]
Seat 1: Kosova1968 (big blind) folded on the Flop
Seat 2: MTails (button) (small blind) collected ($11.76)


PokerStars Hand #145013027205:  Hold'em Limit ($3/$6 USD) - 2015/12/08 6:21:58 ET
Table 'Meriones III' 2-max Seat #1 is the button
Seat 1: Kosova1968 ($37.33 in chips)
Seat 2: MTails ($142.43 in chips)
Kosova1968: posts small blind $1
MTails: posts big blind $3
*** HOLE CARDS ***
Kosova1968: folds
Uncalled bet ($2) returned to MTails
MTails collected $2 from pot
MTails: doesn't show hand
*** SUMMARY ***
Total pot $2 | Rake $0
Seat 1: Kosova1968 (button) (small blind) folded before Flop
Seat 2: MTails (big blind) collected ($2)


PokerStars Hand #145013018733:  Hold'em Limit ($3/$6 USD) - 2015/12/08 6:21:40 ET
Table 'Meriones III' 2-max Seat #2 is the button
Seat 1: Kosova1968 ($55.33 in chips)
Seat 2: MTails ($124.93 in chips)
MTails: posts small blind $1
Kosova1968: posts big blind $3
*** HOLE CARDS ***
MTails: raises $3 to $6
Kosova1968: calls $3
*** FLOP *** [4s 2s 8h]
Kosova1968: bets $3
MTails: raises $3 to $6
Kosova1968: calls $3
*** TURN *** [4s 2s 8h] [Ts]
Kosova1968: checks
MTails: bets $6
Kosova1968: calls $6
*** RIVER *** [4s 2s 8h Ts] [6s]
Kosova1968: checks
MTails: checks
*** SHOW DOWN ***
Kosova1968: shows [Kc 2c] (a pair of Deuces)
MTails: shows [4h 3h] (a pair of Fours)
MTails collected $35.50 from pot
*** SUMMARY ***
Total pot $36 | Rake $0.50
Board [4s 2s 8h Ts 6s]
Seat 1: Kosova1968 (big blind) showed [Kc 2c] and lost with a pair of Deuces
Seat 2: MTails (button) (small blind) showed [4h 3h] and won ($35.50) with a pair of Fours


PokerStars Hand #145013033593:  Hold'em Limit ($3/$6 USD) - 2015/12/08 6:22:11 ET
Table 'Meriones III' 2-max Seat #1 is the button
Seat 1: Kosova1968 ($30.33 in chips)
Seat 2: MTails ($149.19 in chips)
Kosova1968: posts small blind $1
MTails: posts big blind $3
*** HOLE CARDS ***
Kosova1968: raises $3 to $6
MTails: calls $3
*** FLOP *** [Ts 3c 7h]
MTails: checks
Kosova1968: checks
*** TURN *** [Ts 3c 7h] [9s]
MTails: bets $6
Kosova1968: raises $6 to $12
MTails: calls $6
*** RIVER *** [Ts 3c 7h 9s] [3d]
MTails: checks
Kosova1968: bets $6
MTails: calls $6
*** SHOW DOWN ***
Kosova1968: shows [8c Jd] (a straight, Seven to Jack)
MTails: mucks hand
Kosova1968 collected $47.50 from pot
*** SUMMARY ***
Total pot $48 | Rake $0.50
Board [Ts 3c 7h 9s 3d]
Seat 1: Kosova1968 (button) (small blind) showed [8c Jd] and won ($47.50) with a straight, Seven to Jack
Seat 2: MTails (big blind) mucked


PokerStars Hand #145013041823:  Hold'em Limit ($3/$6 USD) - 2015/12/08 6:22:28 ET
Table 'Meriones III' 2-max Seat #2 is the button
Seat 1: Kosova1968 ($53.83 in chips)
Seat 2: MTails ($125.19 in chips)
MTails: posts small blind $1
Kosova1968: posts big blind $3
*** HOLE CARDS ***
MTails: raises $3 to $6
Kosova1968: raises $3 to $9
MTails: calls $3
*** FLOP *** [2h 5d 7s]
Kosova1968: bets $3
MTails: calls $3
*** TURN *** [2h 5d 7s] [2c]
Kosova1968: checks
MTails: checks
*** RIVER *** [2h 5d 7s 2c] [3h]
Kosova1968: checks
MTails: checks
*** SHOW DOWN ***
Kosova1968: shows [Kc Qs] (a pair of Deuces)
MTails: mucks hand
Kosova1968 collected $23.52 from pot
*** SUMMARY ***
Total pot $24 | Rake $0.48
Board [2h 5d 7s 2c 3h]
Seat 1: Kosova1968 (big blind) showed [Kc Qs] and won ($23.52) with a pair of Deuces
Seat 2: MTails (button) (small blind) mucked


PokerStars Hand #145013066111:  Hold'em Limit ($3/$6 USD) - 2015/12/08 6:23:18 ET
Table 'Meriones III' 2-max Seat #1 is the button
Seat 1: Kosova1968 ($91.37 in chips)
Seat 2: MTails ($86.19 in chips)
Kosova1968: posts small blind $1
MTails: posts big blind $3
*** HOLE CARDS ***
Kosova1968: folds
Uncalled bet ($2) returned to MTails
MTails collected $2 from pot
MTails: doesn't show hand
*** SUMMARY ***
Total pot $2 | Rake $0
Seat 1: Kosova1968 (button) (small blind) folded before Flop
Seat 2: MTails (big blind) collected ($2)


PokerStars Hand #145013058237:  Hold'em Limit ($3/$6 USD) - 2015/12/08 6:23:02 ET
Table 'Meriones III' 2-max Seat #2 is the button
Seat 1: Kosova1968 ($79.85 in chips)
Seat 2: MTails ($98.19 in chips)
MTails: posts small blind $1
Kosova1968: posts big blind $3
*** HOLE CARDS ***
MTails: raises $3 to $6
Kosova1968: raises $3 to $9
MTails: calls $3
*** FLOP *** [Th 6s Js]
Kosova1968: bets $3
MTails: calls $3
*** TURN *** [Th 6s Js] [Kd]
Kosova1968: checks
MTails: checks
*** RIVER *** [Th 6s Js Kd] [7s]
Kosova1968: bets $6
MTails: folds
Uncalled bet ($6) returned to Kosova1968
Kosova1968 collected $23.52 from pot
*** SUMMARY ***
Total pot $24 | Rake $0.48
Board [Th 6s Js Kd 7s]
Seat 1: Kosova1968 (big blind) collected ($23.52)
Seat 2: MTails (button) (small blind) folded on the River


PokerStars Hand #145013049949:  Hold'em Limit ($3/$6 USD) - 2015/12/08 6:22:45 ET
Table 'Meriones III' 2-max Seat #1 is the button
Seat 1: Kosova1968 ($65.35 in chips)
Seat 2: MTails ($113.19 in chips)
Kosova1968: posts small blind $1
MTails: posts big blind $3
*** HOLE CARDS ***
Kosova1968: raises $3 to $6
MTails: raises $3 to $9
Kosova1968: calls $3
*** FLOP *** [2h 8h Qh]
MTails: bets $3
Kosova1968: raises $3 to $6
MTails: calls $3
*** TURN *** [2h 8h Qh] [2c]
MTails: checks
Kosova1968: checks
*** RIVER *** [2h 8h Qh 2c] [4h]
MTails: checks
Kosova1968: bets $6
MTails: folds
Uncalled bet ($6) returned to Kosova1968
Kosova1968 collected $29.50 from pot
*** SUMMARY ***
Total pot $30 | Rake $0.50
Board [2h 8h Qh 2c 4h]
Seat 1: Kosova1968 (button) (small blind) collected ($29.50)
Seat 2: MTails (big blind) folded on the River


PokerStars Hand #145013068272:  Hold'em Limit ($3/$6 USD) - 2015/12/08 6:23:23 ET
Table 'Meriones III' 2-max Seat #2 is the button
Seat 1: Kosova1968 ($90.37 in chips)
Seat 2: MTails ($87.19 in chips)
MTails: posts small blind $1
Kosova1968: posts big blind $3
*** HOLE CARDS ***
MTails: raises $3 to $6
Kosova1968: calls $3
*** FLOP *** [2h Qd 6d]
Kosova1968: checks
MTails: bets $3
Kosova1968: raises $3 to $6
MTails: calls $3
*** TURN *** [2h Qd 6d] [Tc]
Kosova1968: checks
MTails: checks
*** RIVER *** [2h Qd 6d Tc] [Ac]
Kosova1968: bets $6
MTails: calls $6
*** SHOW DOWN ***
Kosova1968: shows [6c 3c] (a pair of Sixes)
MTails: mucks hand
Kosova1968 collected $35.50 from pot
*** SUMMARY ***
Total pot $36 | Rake $0.50
Board [2h Qd 6d Tc Ac]
Seat 1: Kosova1968 (big blind) showed [6c 3c] and won ($35.50) with a pair of Sixes
Seat 2: MTails (button) (small blind) mucked


PokerStars Hand #145013093133:  Hold'em Limit ($3/$6 USD) - 2015/12/08 6:24:14 ET
Table 'Meriones III' 2-max Seat #1 is the button
Seat 1: Kosova1968 ($101.37 in chips)
Seat 2: MTails ($74.69 in chips)
Kosova1968: posts small blind $1
MTails: posts big blind $3
*** HOLE CARDS ***
Kosova1968: folds
Uncalled bet ($2) returned to MTails
MTails collected $2 from pot
*** SUMMARY ***
Total pot $2 | Rake $0
Seat 1: Kosova1968 (button) (small blind) folded before Flop
Seat 2: MTails (big blind) collected ($2)


PokerStars Hand #145013082400:  Hold'em Limit ($3/$6 USD) - 2015/12/08 6:23:51 ET
Table 'Meriones III' 2-max Seat #2 is the button
Seat 1: Kosova1968 ($131.37 in chips)
Seat 2: MTails ($45.19 in chips)
MTails: posts small blind $1
Kosova1968: posts big blind $3
*** HOLE CARDS ***
MTails: raises $3 to $6
Kosova1968: raises $3 to $9
MTails: calls $3
*** FLOP *** [8c 8s 3h]
Kosova1968: checks
MTails: bets $3
Kosova1968: calls $3
*** TURN *** [8c 8s 3h] [9d]
Kosova1968: bets $6
MTails: raises $6 to $12
Kosova1968: calls $6
*** RIVER *** [8c 8s 3h 9d] [6s]
Kosova1968: checks
MTails: bets $6
Kosova1968: calls $6
*** SHOW DOWN ***
MTails: shows [Qs Qc] (two pair, Queens and Eights)
Kosova1968: mucks hand
MTails collected $59.50 from pot
*** SUMMARY ***
Total pot $60 | Rake $0.50
Board [8c 8s 3h 9d 6s]
Seat 1: Kosova1968 (big blind) mucked
Seat 2: MTails (button) (small blind) showed [Qs Qc] and won ($59.50) with two pair, Queens and Eights


PokerStars Hand #145013075675:  Hold'em Limit ($3/$6 USD) - 2015/12/08 6:23:38 ET
Table 'Meriones III' 2-max Seat #1 is the button
Seat 1: Kosova1968 ($107.87 in chips)
Seat 2: MTails ($69.19 in chips)
Kosova1968: posts small blind $1
MTails: posts big blind $3
*** HOLE CARDS ***
Kosova1968: raises $3 to $6
MTails: calls $3
*** FLOP *** [8s 4s 2h]
MTails: checks
Kosova1968: checks
*** TURN *** [8s 4s 2h] [6s]
MTails: bets $6
Kosova1968: raises $6 to $12
MTails: calls $6
*** RIVER *** [8s 4s 2h 6s] [Kh]
MTails: bets $6
Kosova1968: calls $6
*** SHOW DOWN ***
MTails: shows [7h 3s] (high card King)
Kosova1968: shows [6d 7s] (a pair of Sixes)
Kosova1968 collected $47.50 from pot
*** SUMMARY ***
Total pot $48 | Rake $0.50
Board [8s 4s 2h 6s Kh]
Seat 1: Kosova1968 (button) (small blind) showed [6d 7s] and won ($47.50) with a pair of Sixes
Seat 2: MTails (big blind) showed [7h 3s] and lost with high card King


PokerStars Hand #145013095294:  Hold'em Limit ($3/$6 USD) - 2015/12/08 6:24:18 ET
Table 'Meriones III' 2-max Seat #2 is the button
Seat 1: Kosova1968 ($100.37 in chips)
Seat 2: MTails ($75.69 in chips)
MTails: posts small blind $1
Kosova1968: posts big blind $3
*** HOLE CARDS ***
MTails: raises $3 to $6
Kosova1968: calls $3
*** FLOP *** [8d 2h 4s]
Kosova1968: bets $3
MTails: calls $3
*** TURN *** [8d 2h 4s] [3d]
Kosova1968: bets $6
MTails: calls $6
*** RIVER *** [8d 2h 4s 3d] [4d]
Kosova1968: checks
MTails: bets $6
Kosova1968: calls $6
*** SHOW DOWN ***
MTails: shows [9c 5c] (a pair of Fours)
Kosova1968: shows [Kc 5s] (a pair of Fours - King kicker)
Kosova1968 collected $41.50 from pot
*** SUMMARY ***
Total pot $42 | Rake $0.50
Board [8d 2h 4s 3d 4d]
Seat 1: Kosova1968 (big blind) showed [Kc 5s] and won ($41.50) with a pair of Fours
Seat 2: MTails (button) (small blind) showed [9c 5c] and lost with a pair of Fours


PokerStars Hand #145013104932:  Hold'em Limit ($3/$6 USD) - 2015/12/08 6:24:38 ET
Table 'Meriones III' 2-max Seat #1 is the button
Seat 1: Kosova1968 ($120.87 in chips)
Seat 2: MTails ($54.69 in chips)
Kosova1968: posts small blind $1
MTails: posts big blind $3
*** HOLE CARDS ***
Kosova1968: raises $3 to $6
MTails: calls $3
*** FLOP *** [Jd Th Ts]
MTails: checks
Kosova1968: checks
*** TURN *** [Jd Th Ts] [3h]
MTails: bets $6
Kosova1968: calls $6
*** RIVER *** [Jd Th Ts 3h] [Qc]
MTails: checks
Kosova1968: bets $6
MTails: calls $6
*** SHOW DOWN ***
Kosova1968: shows [6s 6h] (two pair, Tens and Sixes)
MTails: mucks hand
Kosova1968 collected $35.50 from pot
*** SUMMARY ***
Total pot $36 | Rake $0.50
Board [Jd Th Ts 3h Qc]
Seat 1: Kosova1968 (button) (small blind) showed [6s 6h] and won ($35.50) with two pair, Tens and Sixes
Seat 2: MTails (big blind) mucked


PokerStars Hand #145013118529:  Hold'em Limit ($3/$6 USD) - 2015/12/08 6:25:06 ET
Table 'Meriones III' 2-max Seat #1 is the button
Seat 1: Kosova1968 ($149.89 in chips)
Seat 2: MTails ($84.69 in chips)
Kosova1968: posts small blind $1
MTails: posts big blind $3
*** HOLE CARDS ***
Kosova1968: raises $3 to $6
MTails: calls $3
*** FLOP *** [3d 5c 4h]
MTails: checks
Kosova1968: checks
*** TURN *** [3d 5c 4h] [Ts]
MTails: bets $6
Kosova1968: raises $6 to $12
MTails: raises $6 to $18
Kosova1968: calls $6
*** RIVER *** [3d 5c 4h Ts] [Kh]
MTails: bets $6
Kosova1968: calls $6
*** SHOW DOWN ***
MTails: shows [7s 6s] (a straight, Three to Seven)
Kosova1968: mucks hand
MTails collected $59.50 from pot
*** SUMMARY ***
Total pot $60 | Rake $0.50
Board [3d 5c 4h Ts Kh]
Seat 1: Kosova1968 (button) (small blind) mucked
Seat 2: MTails (big blind) showed [7s 6s] and won ($59.50) with a straight, Three to Seven


PokerStars Hand #145013111683:  Hold'em Limit ($3/$6 USD) - 2015/12/08 6:24:52 ET
Table 'Meriones III' 2-max Seat #2 is the button
Seat 1: Kosova1968 ($138.37 in chips)
Seat 2: MTails ($36.69 in chips)
MTails: posts small blind $1
Kosova1968: posts big blind $3
*** HOLE CARDS ***
MTails: raises $3 to $6
Kosova1968: raises $3 to $9
MTails: calls $3
*** FLOP *** [9s Kd Jc]
Kosova1968: bets $3
MTails: calls $3
*** TURN *** [9s Kd Jc] [2h]
Kosova1968: checks
MTails: checks
*** RIVER *** [9s Kd Jc 2h] [8d]
Kosova1968: bets $6
MTails: folds
Uncalled bet ($6) returned to Kosova1968
Kosova1968 collected $23.52 from pot
*** SUMMARY ***
Total pot $24 | Rake $0.48
Board [9s Kd Jc 2h 8d]
Seat 1: Kosova1968 (big blind) collected ($23.52)
Seat 2: MTails (button) (small blind) folded on the River


PokerStars Hand #145013127256:  Hold'em Limit ($3/$6 USD) - 2015/12/08 6:25:24 ET
Table 'Meriones III' 2-max Seat #2 is the button
Seat 1: Kosova1968 ($119.89 in chips)
Seat 2: MTails ($114.19 in chips)
MTails: posts small blind $1
Kosova1968: posts big blind $3
*** HOLE CARDS ***
MTails: raises $3 to $6
Kosova1968: calls $3
*** FLOP *** [Ad Qs 6d]
Kosova1968: checks
MTails: bets $3
Kosova1968: calls $3
*** TURN *** [Ad Qs 6d] [Qd]
Kosova1968: checks
MTails: bets $6
Kosova1968: raises $6 to $12
MTails: calls $6
*** RIVER *** [Ad Qs 6d Qd] [9s]
Kosova1968: bets $6
MTails: calls $6
*** SHOW DOWN ***
Kosova1968: shows [Qc 7c] (three of a kind, Queens)
MTails: mucks hand
Kosova1968 collected $53.50 from pot
*** SUMMARY ***
Total pot $54 | Rake $0.50
Board [Ad Qs 6d Qd 9s]
Seat 1: Kosova1968 (big blind) showed [Qc 7c] and won ($53.50) with three of a kind, Queens
Seat 2: MTails (button) (small blind) mucked


PokerStars Hand #145013159199:  Hold'em Limit ($3/$6 USD) - 2015/12/08 6:26:30 ET
Table 'Meriones III' 2-max Seat #1 is the button
Seat 1: Kosova1968 ($179.17 in chips)
Seat 2: MTails ($53.19 in chips)
Kosova1968: posts small blind $1
MTails: posts big blind $3
*** HOLE CARDS ***
Kosova1968: folds
Uncalled bet ($2) returned to MTails
MTails collected $2 from pot
MTails: doesn't show hand
*** SUMMARY ***
Total pot $2 | Rake $0
Seat 1: Kosova1968 (button) (small blind) folded before Flop
Seat 2: MTails (big blind) collected ($2)


PokerStars Hand #145013156762:  Hold'em Limit ($3/$6 USD) - 2015/12/08 6:26:25 ET
Table 'Meriones III' 2-max Seat #2 is the button
Seat 1: Kosova1968 ($178.17 in chips)
Seat 2: MTails ($54.19 in chips)
MTails: posts small blind $1
Kosova1968: posts big blind $3
*** HOLE CARDS ***
MTails: folds
Uncalled bet ($2) returned to Kosova1968
Kosova1968 collected $2 from pot
*** SUMMARY ***
Total pot $2 | Rake $0
Seat 1: Kosova1968 (big blind) collected ($2)
Seat 2: MTails (button) (small blind) folded before Flop


PokerStars Hand #145013151722:  Hold'em Limit ($3/$6 USD) - 2015/12/08 6:26:15 ET
Table 'Meriones III' 2-max Seat #1 is the button
Seat 1: Kosova1968 ($172.41 in chips)
Seat 2: MTails ($60.19 in chips)
Kosova1968: posts small blind $1
MTails: posts big blind $3
*** HOLE CARDS ***
Kosova1968: raises $3 to $6
MTails: calls $3
*** FLOP *** [Qc 9s 2d]
MTails: checks
Kosova1968: checks
*** TURN *** [Qc 9s 2d] [Ts]
MTails: checks
Kosova1968: bets $6
MTails: folds
Uncalled bet ($6) returned to Kosova1968
Kosova1968 collected $11.76 from pot
*** SUMMARY ***
Total pot $12 | Rake $0.24
Board [Qc 9s 2d Ts]
Seat 1: Kosova1968 (button) (small blind) collected ($11.76)
Seat 2: MTails (big blind) folded on the Turn


PokerStars Hand #145013136764:  Hold'em Limit ($3/$6 USD) - 2015/12/08 6:25:44 ET
Table 'Meriones III' 2-max Seat #1 is the button
Seat 1: Kosova1968 ($146.39 in chips)
Seat 2: MTails ($87.19 in chips)
Kosova1968: posts small blind $1
MTails: posts big blind $3
*** HOLE CARDS ***
Kosova1968: raises $3 to $6
MTails: calls $3
*** FLOP *** [Th 3s 6d]
MTails: checks
Kosova1968: bets $3
MTails: calls $3
*** TURN *** [Th 3s 6d] [2h]
MTails: checks
Kosova1968: bets $6
MTails: calls $6
*** RIVER *** [Th 3s 6d 2h] [Ts]
MTails: checks
Kosova1968: bets $6
MTails: folds
Uncalled bet ($6) returned to Kosova1968
Kosova1968 collected $29.50 from pot
*** SUMMARY ***
Total pot $30 | Rake $0.50
Board [Th 3s 6d 2h Ts]
Seat 1: Kosova1968 (button) (small blind) collected ($29.50)
Seat 2: MTails (big blind) folded on the River


PokerStars Hand #145013145022:  Hold'em Limit ($3/$6 USD) - 2015/12/08 6:26:01 ET
Table 'Meriones III' 2-max Seat #2 is the button
Seat 1: Kosova1968 ($160.89 in chips)
Seat 2: MTails ($72.19 in chips)
MTails: posts small blind $1
Kosova1968: posts big blind $3
*** HOLE CARDS ***
MTails: raises $3 to $6
Kosova1968: raises $3 to $9
MTails: calls $3
*** FLOP *** [6s 3h Ah]
Kosova1968: bets $3
MTails: calls $3
*** TURN *** [6s 3h Ah] [Kd]
Kosova1968: checks
MTails: checks
*** RIVER *** [6s 3h Ah Kd] [4c]
Kosova1968: bets $6
MTails: folds
Uncalled bet ($6) returned to Kosova1968
Kosova1968 collected $23.52 from pot
*** SUMMARY ***
Total pot $24 | Rake $0.48
Board [6s 3h Ah Kd 4c]
Seat 1: Kosova1968 (big blind) collected ($23.52)
Seat 2: MTails (button) (small blind) folded on the River


PokerStars Hand #145013171467:  Hold'em Limit ($3/$6 USD) - 2015/12/08 6:26:56 ET
Table 'Meriones III' 2-max Seat #1 is the button
Seat 1: Kosova1968 ($154.17 in chips)
Seat 2: MTails ($77.69 in chips)
Kosova1968: posts small blind $1
MTails: posts big blind $3
*** HOLE CARDS ***
Kosova1968: raises $3 to $6
MTails: calls $3
*** FLOP *** [2s 2h Td]
MTails: checks
Kosova1968: checks
*** TURN *** [2s 2h Td] [Ac]
MTails: checks
Kosova1968: bets $6
MTails: raises $6 to $12
Kosova1968: calls $6
*** RIVER *** [2s 2h Td Ac] [5s]
MTails: bets $6
Kosova1968: calls $6
*** SHOW DOWN ***
MTails: shows [Jd As] (two pair, Aces and Deuces)
Kosova1968: shows [8d Tc] (two pair, Tens and Deuces)
MTails collected $47.50 from pot
*** SUMMARY ***
Total pot $48 | Rake $0.50
Board [2s 2h Td Ac 5s]
Seat 1: Kosova1968 (button) (small blind) showed [8d Tc] and lost with two pair, Tens and Deuces
Seat 2: MTails (big blind) showed [Jd As] and won ($47.50) with two pair, Aces and Deuces


PokerStars Hand #145013162018:  Hold'em Limit ($3/$6 USD) - 2015/12/08 6:26:36 ET
Table 'Meriones III' 2-max Seat #2 is the button
Seat 1: Kosova1968 ($178.17 in chips)
Seat 2: MTails ($54.19 in chips)
MTails: posts small blind $1
Kosova1968: posts big blind $3
*** HOLE CARDS ***
MTails: raises $3 to $6
Kosova1968: raises $3 to $9
MTails: calls $3
*** FLOP *** [7s Tc Qh]
Kosova1968: checks
MTails: bets $3
Kosova1968: calls $3
*** TURN *** [7s Tc Qh] [9c]
Kosova1968: checks
MTails: bets $6
Kosova1968: calls $6
*** RIVER *** [7s Tc Qh 9c] [6d]
Kosova1968: bets $6
MTails: calls $6
*** SHOW DOWN ***
Kosova1968: shows [6c 9d] (two pair, Nines and Sixes)
MTails: shows [7d 7c] (three of a kind, Sevens)
MTails collected $47.50 from pot
*** SUMMARY ***
Total pot $48 | Rake $0.50
Board [7s Tc Qh 9c 6d]
Seat 1: Kosova1968 (big blind) showed [6c 9d] and lost with two pair, Nines and Sixes
Seat 2: MTails (button) (small blind) showed [7d 7c] and won ($47.50) with three of a kind, Sevens


PokerStars Hand #145013191961:  Hold'em Limit ($3/$6 USD) - 2015/12/08 6:27:38 ET
Table 'Meriones III' 2-max Seat #1 is the button
Seat 1: Kosova1968 ($171.67 in chips)
Seat 2: MTails ($59.19 in chips)
Kosova1968: posts small blind $1
MTails: posts big blind $3
*** HOLE CARDS ***
Kosova1968: raises $3 to $6
MTails: folds
Uncalled bet ($3) returned to Kosova1968
Kosova1968 collected $6 from pot
*** SUMMARY ***
Total pot $6 | Rake $0
Seat 1: Kosova1968 (button) (small blind) collected ($6)
Seat 2: MTails (big blind) folded before Flop


PokerStars Hand #145013208687:  Hold'em Limit ($3/$6 USD) - 2015/12/08 6:28:12 ET
Table 'Meriones III' 2-max Seat #1 is the button
Seat 1: Kosova1968 ($166.43 in chips)
Seat 2: MTails ($63.69 in chips)
Kosova1968: posts small blind $1
MTails: posts big blind $3
*** HOLE CARDS ***
Kosova1968: raises $3 to $6
MTails: folds
Uncalled bet ($3) returned to Kosova1968
Kosova1968 collected $6 from pot
*** SUMMARY ***
Total pot $6 | Rake $0
Seat 1: Kosova1968 (button) (small blind) collected ($6)
Seat 2: MTails (big blind) folded before Flop


PokerStars Hand #145013211169:  Hold'em Limit ($3/$6 USD) - 2015/12/08 6:28:17 ET
Table 'Meriones III' 2-max Seat #2 is the button
Seat 1: Kosova1968 ($169.43 in chips)
Seat 2: MTails ($60.69 in chips)
MTails: posts small blind $1
Kosova1968: posts big blind $3
*** HOLE CARDS ***
MTails: raises $3 to $6
Kosova1968: calls $3
*** FLOP *** [3h 2h Jh]
Kosova1968: checks
MTails: bets $3
Kosova1968: calls $3
*** TURN *** [3h 2h Jh] [Qc]
Kosova1968: checks
MTails: bets $6
Kosova1968: calls $6
*** RIVER *** [3h 2h Jh Qc] [9h]
Kosova1968: bets $6
MTails: calls $6
*** SHOW DOWN ***
Kosova1968: shows [2d Ad] (a pair of Deuces)
MTails: shows [Qs Ac] (a pair of Queens)
MTails collected $41.50 from pot
*** SUMMARY ***
Total pot $42 | Rake $0.50
Board [3h 2h Jh Qc 9h]
Seat 1: Kosova1968 (big blind) showed [2d Ad] and lost with a pair of Deuces
Seat 2: MTails (button) (small blind) showed [Qs Ac] and won ($41.50) with a pair of Queens


PokerStars Hand #145013206487:  Hold'em Limit ($3/$6 USD) - 2015/12/08 6:28:07 ET
Table 'Meriones III' 2-max Seat #2 is the button
Seat 1: Kosova1968 ($165.43 in chips)
Seat 2: MTails ($64.69 in chips)
MTails: posts small blind $1
Kosova1968: posts big blind $3
*** HOLE CARDS ***
MTails: folds
Uncalled bet ($2) returned to Kosova1968
Kosova1968 collected $2 from pot
*** SUMMARY ***
Total pot $2 | Rake $0
Seat 1: Kosova1968 (big blind) collected ($2)
Seat 2: MTails (button) (small blind) folded before Flop


PokerStars Hand #145013202230:  Hold'em Limit ($3/$6 USD) - 2015/12/08 6:27:59 ET
Table 'Meriones III' 2-max Seat #1 is the button
Seat 1: Kosova1968 ($159.67 in chips)
Seat 2: MTails ($70.69 in chips)
Kosova1968: posts small blind $1
MTails: posts big blind $3
*** HOLE CARDS ***
Kosova1968: raises $3 to $6
MTails: calls $3
*** FLOP *** [Td 4s Qc]
MTails: checks
Kosova1968: bets $3
MTails: folds
Uncalled bet ($3) returned to Kosova1968
Kosova1968 collected $11.76 from pot
*** SUMMARY ***
Total pot $12 | Rake $0.24
Board [Td 4s Qc]
Seat 1: Kosova1968 (button) (small blind) collected ($11.76)
Seat 2: MTails (big blind) folded on the Flop


PokerStars Hand #145013196194:  Hold'em Limit ($3/$6 USD) - 2015/12/08 6:27:46 ET
Table 'Meriones III' 2-max Seat #2 is the button
Seat 1: Kosova1968 ($174.67 in chips)
Seat 2: MTails ($56.19 in chips)
MTails: posts small blind $1
Kosova1968: posts big blind $3
*** HOLE CARDS ***
MTails: raises $3 to $6
Kosova1968: calls $3
*** FLOP *** [Qs Jd 3h]
Kosova1968: bets $3
MTails: calls $3
*** TURN *** [Qs Jd 3h] [As]
Kosova1968: bets $6
MTails: raises $6 to $12
Kosova1968: folds
Uncalled bet ($6) returned to MTails
MTails collected $29.50 from pot
*** SUMMARY ***
Total pot $30 | Rake $0.50
Board [Qs Jd 3h As]
Seat 1: Kosova1968 (big blind) folded on the Turn
Seat 2: MTails (button) (small blind) collected ($29.50)


PokerStars Hand #145013229499:  Hold'em Limit ($3/$6 USD) - 2015/12/08 6:28:55 ET
Table 'Meriones III' 2-max Seat #2 is the button
Seat 1: Kosova1968 ($171.93 in chips)
Seat 2: MTails ($57.19 in chips)
MTails: posts small blind $1
Kosova1968: posts big blind $3
*** HOLE CARDS ***
MTails: raises $3 to $6
Kosova1968: calls $3
*** FLOP *** [9s Qh 4c]
Kosova1968: bets $3
MTails: calls $3
*** TURN *** [9s Qh 4c] [8c]
Kosova1968: checks
MTails: bets $6
Kosova1968: calls $6
*** RIVER *** [9s Qh 4c 8c] [2d]
Kosova1968: checks
MTails: bets $6
Kosova1968: folds
Uncalled bet ($6) returned to MTails
MTails collected $29.50 from pot
*** SUMMARY ***
Total pot $30 | Rake $0.50
Board [9s Qh 4c 8c 2d]
Seat 1: Kosova1968 (big blind) folded on the River
Seat 2: MTails (button) (small blind) collected ($29.50)


PokerStars Hand #145013221067:  Hold'em Limit ($3/$6 USD) - 2015/12/08 6:28:37 ET
Table 'Meriones III' 2-max Seat #1 is the button
Seat 1: Kosova1968 ($148.43 in chips)
Seat 2: MTails ($81.19 in chips)
Kosova1968: posts small blind $1
MTails: posts big blind $3
*** HOLE CARDS ***
Kosova1968: raises $3 to $6
MTails: calls $3
*** FLOP *** [5c Td Kh]
MTails: checks
Kosova1968: checks
*** TURN *** [5c Td Kh] [6h]
MTails: bets $6
Kosova1968: calls $6
*** RIVER *** [5c Td Kh 6h] [Ks]
MTails: checks
Kosova1968: bets $6
MTails: raises $6 to $12
Kosova1968: calls $6
*** SHOW DOWN ***
MTails: shows [7h Qd] (a pair of Kings)
Kosova1968: shows [3s 5d] (two pair, Kings and Fives)
Kosova1968 collected $47.50 from pot
*** SUMMARY ***
Total pot $48 | Rake $0.50
Board [5c Td Kh 6h Ks]
Seat 1: Kosova1968 (button) (small blind) showed [3s 5d] and won ($47.50) with two pair, Kings and Fives
Seat 2: MTails (big blind) showed [7h Qd] and lost with a pair of Kings


PokerStars Hand #145013237275:  Hold'em Limit ($3/$6 USD) - 2015/12/08 6:29:11 ET
Table 'Meriones III' 2-max Seat #1 is the button
Seat 1: Kosova1968 ($156.93 in chips)
Seat 2: MTails ($71.69 in chips)
Kosova1968: posts small blind $1
MTails: posts big blind $3
*** HOLE CARDS ***
Kosova1968: raises $3 to $6
MTails: calls $3
*** FLOP *** [2s 4s Kd]
MTails: checks
Kosova1968: checks
*** TURN *** [2s 4s Kd] [Ad]
MTails: checks
Kosova1968: checks
*** RIVER *** [2s 4s Kd Ad] [Ah]
MTails: bets $6
Kosova1968: calls $6
*** SHOW DOWN ***
MTails: shows [6s 4d] (two pair, Aces and Fours)
Kosova1968: shows [2h 7h] (two pair, Aces and Deuces)
MTails collected $23.52 from pot
*** SUMMARY ***
Total pot $24 | Rake $0.48
Board [2s 4s Kd Ad Ah]
Seat 1: Kosova1968 (button) (small blind) showed [2h 7h] and lost with two pair, Aces and Deuces
Seat 2: MTails (big blind) showed [6s 4d] and won ($23.52) with two pair, Aces and Fours


PokerStars Hand #145013252593:  Hold'em Limit ($3/$6 USD) - 2015/12/08 6:29:42 ET
Table 'Meriones III' 2-max Seat #1 is the button
Seat 1: Kosova1968 ($159.43 in chips)
Seat 2: MTails ($68.21 in chips)
Kosova1968: posts small blind $1
MTails: posts big blind $3
*** HOLE CARDS ***
Kosova1968: folds
Uncalled bet ($2) returned to MTails
MTails collected $2 from pot
MTails: doesn't show hand
*** SUMMARY ***
Total pot $2 | Rake $0
Seat 1: Kosova1968 (button) (small blind) folded before Flop
Seat 2: MTails (big blind) collected ($2)


PokerStars Hand #145013244882:  Hold'em Limit ($3/$6 USD) - 2015/12/08 6:29:26 ET
Table 'Meriones III' 2-max Seat #2 is the button
Seat 1: Kosova1968 ($144.93 in chips)
Seat 2: MTails ($83.21 in chips)
MTails: posts small blind $1
Kosova1968: posts big blind $3
*** HOLE CARDS ***
MTails: raises $3 to $6
Kosova1968: calls $3
*** FLOP *** [2h As 6s]
Kosova1968: checks
MTails: bets $3
Kosova1968: calls $3
*** TURN *** [2h As 6s] [Jd]
Kosova1968: checks
MTails: bets $6
Kosova1968: calls $6
*** RIVER *** [2h As 6s Jd] [4c]
Kosova1968: checks
MTails: checks
*** SHOW DOWN ***
Kosova1968: shows [6h Qd] (a pair of Sixes)
MTails: mucks hand
Kosova1968 collected $29.50 from pot
*** SUMMARY ***
Total pot $30 | Rake $0.50
Board [2h As 6s Jd 4c]
Seat 1: Kosova1968 (big blind) showed [6h Qd] and won ($29.50) with a pair of Sixes
Seat 2: MTails (button) (small blind) mucked


PokerStars Hand #145013254892:  Hold'em Limit ($3/$6 USD) - 2015/12/08 6:29:47 ET
Table 'Meriones III' 2-max Seat #2 is the button
Seat 1: Kosova1968 ($158.43 in chips)
Seat 2: MTails ($69.21 in chips)
MTails: posts small blind $1
Kosova1968: posts big blind $3
*** HOLE CARDS ***
MTails: raises $3 to $6
Kosova1968: raises $3 to $9
MTails: calls $3
*** FLOP *** [4s Ad 3c]
Kosova1968: checks
MTails: bets $3
Kosova1968: calls $3
*** TURN *** [4s Ad 3c] [4c]
Kosova1968: checks
MTails: bets $6
Kosova1968: calls $6
*** RIVER *** [4s Ad 3c 4c] [7c]
Kosova1968: checks
MTails: bets $6
Kosova1968: raises $6 to $12
MTails: calls $6
*** SHOW DOWN ***
Kosova1968: shows [As 8d] (two pair, Aces and Fours)
MTails: mucks hand
Kosova1968 collected $59.50 from pot
*** SUMMARY ***
Total pot $60 | Rake $0.50
Board [4s Ad 3c 4c 7c]
Seat 1: Kosova1968 (big blind) showed [As 8d] and won ($59.50) with two pair, Aces and Fours
Seat 2: MTails (button) (small blind) mucked


PokerStars Hand #145013274120:  Hold'em Limit ($3/$6 USD) - 2015/12/08 6:30:25 ET
Table 'Meriones III' 2-max Seat #2 is the button
Seat 1: Kosova1968 ($214.43 in chips)
Seat 2: MTails ($72.21 in chips)
MTails: posts small blind $1
Kosova1968: posts big blind $3
*** HOLE CARDS ***
MTails: folds
Uncalled bet ($2) returned to Kosova1968
Kosova1968 collected $2 from pot
*** SUMMARY ***
Total pot $2 | Rake $0
Seat 1: Kosova1968 (big blind) collected ($2)
Seat 2: MTails (button) (small blind) folded before Flop


PokerStars Hand #145013264194:  Hold'em Limit ($3/$6 USD) - 2015/12/08 6:30:05 ET
Table 'Meriones III' 2-max Seat #1 is the button
Seat 1: Kosova1968 ($187.93 in chips)
Seat 2: MTails ($39.21 in chips)
Kosova1968: posts small blind $1
MTails: posts big blind $3
*** HOLE CARDS ***
Kosova1968: raises $3 to $6
MTails: calls $3
*** FLOP *** [4s 6h 2c]
MTails: checks
Kosova1968: bets $3
MTails: calls $3
*** TURN *** [4s 6h 2c] [Th]
MTails: checks
Kosova1968: bets $6
MTails: raises $6 to $12
Kosova1968: raises $6 to $18
MTails: calls $6
*** RIVER *** [4s 6h 2c Th] [5d]
MTails: checks
Kosova1968: bets $6
MTails: folds
Uncalled bet ($6) returned to Kosova1968
Kosova1968 collected $53.50 from pot
*** SUMMARY ***
Total pot $54 | Rake $0.50
Board [4s 6h 2c Th 5d]
Seat 1: Kosova1968 (button) (small blind) collected ($53.50)
Seat 2: MTails (big blind) folded on the River


PokerStars Hand #145013298821:  Hold'em Limit ($3/$6 USD) - 2015/12/08 6:31:15 ET
Table 'Meriones III' 2-max Seat #1 is the button
Seat 1: Kosova1968 ($220.93 in chips)
Seat 2: MTails ($64.71 in chips)
Kosova1968: posts small blind $1
MTails: posts big blind $3
*** HOLE CARDS ***
Kosova1968: raises $3 to $6
MTails: calls $3
*** FLOP *** [5d Kc 8c]
MTails: checks
Kosova1968: bets $3
MTails: raises $3 to $6
Kosova1968: calls $3
*** TURN *** [5d Kc 8c] [As]
MTails: checks
Kosova1968: checks
*** RIVER *** [5d Kc 8c As] [3s]
MTails: bets $6
Kosova1968: raises $6 to $12
MTails: calls $6
*** SHOW DOWN ***
Kosova1968: shows [Ah 8s] (two pair, Aces and Eights)
MTails: mucks hand
Kosova1968 collected $47.50 from pot
*** SUMMARY ***
Total pot $48 | Rake $0.50
Board [5d Kc 8c As 3s]
Seat 1: Kosova1968 (button) (small blind) showed [Ah 8s] and won ($47.50) with two pair, Aces and Eights
Seat 2: MTails (big blind) mucked


PokerStars Hand #145013288147:  Hold'em Limit ($3/$6 USD) - 2015/12/08 6:30:54 ET
Table 'Meriones III' 2-max Seat #2 is the button
Seat 1: Kosova1968 ($197.43 in chips)
Seat 2: MTails ($88.71 in chips)
MTails: posts small blind $1
Kosova1968: posts big blind $3
*** HOLE CARDS ***
MTails: raises $3 to $6
Kosova1968: calls $3
*** FLOP *** [Ah 3s Jc]
Kosova1968: checks
MTails: bets $3
Kosova1968: raises $3 to $6
MTails: calls $3
*** TURN *** [Ah 3s Jc] [2d]
Kosova1968: checks
MTails: bets $6
Kosova1968: calls $6
*** RIVER *** [Ah 3s Jc 2d] [2s]
Kosova1968: checks
MTails: bets $6
Kosova1968: calls $6
*** SHOW DOWN ***
MTails: shows [9c 7c] (a pair of Deuces)
Kosova1968: shows [Qc Th] (a pair of Deuces - Ace+Queen kicker)
Kosova1968 collected $47.50 from pot
*** SUMMARY ***
Total pot $48 | Rake $0.50
Board [Ah 3s Jc 2d 2s]
Seat 1: Kosova1968 (big blind) showed [Qc Th] and won ($47.50) with a pair of Deuces
Seat 2: MTails (button) (small blind) showed [9c 7c] and lost with a pair of Deuces


PokerStars Hand #145013276210:  Hold'em Limit ($3/$6 USD) - 2015/12/08 6:30:30 ET
Table 'Meriones III' 2-max Seat #1 is the button
Seat 1: Kosova1968 ($215.43 in chips)
Seat 2: MTails ($71.21 in chips)
Kosova1968: posts small blind $1
MTails: posts big blind $3
*** HOLE CARDS ***
Kosova1968: raises $3 to $6
MTails: raises $3 to $9
Kosova1968: calls $3
*** FLOP *** [Kc 9c Td]
MTails: bets $3
Kosova1968: calls $3
*** TURN *** [Kc 9c Td] [9d]
MTails: bets $6
Kosova1968: calls $6
*** RIVER *** [Kc 9c Td 9d] [Th]
MTails: checks
Kosova1968: checks
*** SHOW DOWN ***
MTails: shows [Qc Kh] (two pair, Kings and Tens)
Kosova1968: mucks hand
MTails collected $35.50 from pot
*** SUMMARY ***
Total pot $36 | Rake $0.50
Board [Kc 9c Td 9d Th]
Seat 1: Kosova1968 (button) (small blind) mucked
Seat 2: MTails (big blind) showed [Qc Kh] and won ($35.50) with two pair, Kings and Tens


PokerStars Hand #145013332273:  Hold'em Limit ($3/$6 USD) - 2015/12/08 6:32:21 ET
Table 'Meriones III' 2-max Seat #1 is the button
Seat 1: Kosova1968 ($246.69 in chips)
Seat 2: MTails ($97.21 in chips)
Kosova1968: posts small blind $1
MTails: posts big blind $3
*** HOLE CARDS ***
Kosova1968: folds
Uncalled bet ($2) returned to MTails
MTails collected $2 from pot
MTails: doesn't show hand
*** SUMMARY ***
Total pot $2 | Rake $0
Seat 1: Kosova1968 (button) (small blind) folded before Flop
Seat 2: MTails (big blind) collected ($2)


PokerStars Hand #145013322177:  Hold'em Limit ($3/$6 USD) - 2015/12/08 6:32:01 ET
Table 'Meriones III' 2-max Seat #2 is the button
Seat 1: Kosova1968 ($267.69 in chips)
Seat 2: MTails ($76.71 in chips)
MTails: posts small blind $1
Kosova1968: posts big blind $3
*** HOLE CARDS ***
MTails: raises $3 to $6
Kosova1968: calls $3
*** FLOP *** [6h 8d 4d]
Kosova1968: bets $3
MTails: calls $3
*** TURN *** [6h 8d 4d] [7s]
Kosova1968: bets $6
MTails: raises $6 to $12
Kosova1968: calls $6
*** RIVER *** [6h 8d 4d 7s] [4c]
Kosova1968: checks
MTails: bets $6
Kosova1968: folds
Uncalled bet ($6) returned to MTails
MTails collected $41.50 from pot
*** SUMMARY ***
Total pot $42 | Rake $0.50
Board [6h 8d 4d 7s 4c]
Seat 1: Kosova1968 (big blind) folded on the River
Seat 2: MTails (button) (small blind) collected ($41.50)


PokerStars Hand #145013334779:  Hold'em Limit ($3/$6 USD) - 2015/12/08 6:32:26 ET
Table 'Meriones III' 2-max Seat #2 is the button
Seat 1: Kosova1968 ($245.69 in chips)
Seat 2: MTails ($98.21 in chips)
MTails: posts small blind $1
Kosova1968: posts big blind $3
*** HOLE CARDS ***
MTails: raises $3 to $6
Kosova1968: raises $3 to $9
MTails: calls $3
*** FLOP *** [Ac Kd 8h]
Kosova1968: checks
MTails: checks
*** TURN *** [Ac Kd 8h] [5h]
Kosova1968: bets $6
MTails: folds
Uncalled bet ($6) returned to Kosova1968
Kosova1968 collected $17.64 from pot
*** SUMMARY ***
Total pot $18 | Rake $0.36
Board [Ac Kd 8h 5h]
Seat 1: Kosova1968 (big blind) collected ($17.64)
Seat 2: MTails (button) (small blind) folded on the Turn


PokerStars Hand #145013310834:  Hold'em Limit ($3/$6 USD) - 2015/12/08 6:31:39 ET
Table 'Meriones III' 2-max Seat #2 is the button
Seat 1: Kosova1968 ($244.43 in chips)
Seat 2: MTails ($40.71 in chips)
MTails: posts small blind $1
Kosova1968: posts big blind $3
*** HOLE CARDS ***
MTails: raises $3 to $6
Kosova1968: calls $3
*** FLOP *** [Js Tc 2h]
Kosova1968: bets $3
MTails: folds
Uncalled bet ($3) returned to Kosova1968
Kosova1968 collected $11.76 from pot
Kosova1968: shows [Qh 4c] (high card Queen)
*** SUMMARY ***
Total pot $12 | Rake $0.24
Board [Js Tc 2h]
Seat 1: Kosova1968 (big blind) collected ($11.76)
Seat 2: MTails (button) (small blind) folded on the Flop


PokerStars Hand #145013315246:  Hold'em Limit ($3/$6 USD) - 2015/12/08 6:31:48 ET
Table 'Meriones III' 2-max Seat #1 is the button
Seat 1: Kosova1968 ($250.19 in chips)
Seat 2: MTails ($94.71 in chips)
Kosova1968: posts small blind $1
MTails: posts big blind $3
*** HOLE CARDS ***
Kosova1968: raises $3 to $6
MTails: calls $3
*** FLOP *** [4h Js 9d]
MTails: checks
Kosova1968: checks
*** TURN *** [4h Js 9d] [2c]
MTails: bets $6
Kosova1968: calls $6
*** RIVER *** [4h Js 9d 2c] [5s]
MTails: checks
Kosova1968: bets $6
MTails: calls $6
*** SHOW DOWN ***
Kosova1968: shows [Ks Qd] (high card King)
MTails: mucks hand
Kosova1968 collected $35.50 from pot
*** SUMMARY ***
Total pot $36 | Rake $0.50
Board [4h Js 9d 2c 5s]
Seat 1: Kosova1968 (button) (small blind) showed [Ks Qd] and won ($35.50) with high card King
Seat 2: MTails (big blind) mucked


PokerStars Hand #145013353424:  Hold'em Limit ($3/$6 USD) - 2015/12/08 6:33:03 ET
Table 'Meriones III' 2-max Seat #1 is the button
Seat 1: Kosova1968 ($256.97 in chips)
Seat 2: MTails ($85.97 in chips)
Kosova1968: posts small blind $1
MTails: posts big blind $3
*** HOLE CARDS ***
Kosova1968: raises $3 to $6
MTails: calls $3
*** FLOP *** [9d 3s 8d]
MTails: checks
Kosova1968: bets $3
MTails: calls $3
*** TURN *** [9d 3s 8d] [2s]
MTails: checks
Kosova1968: bets $6
MTails: raises $6 to $12
Kosova1968: raises $6 to $18
MTails: calls $6
*** RIVER *** [9d 3s 8d 2s] [Ah]
MTails: checks
Kosova1968: bets $6
MTails: raises $6 to $12
Kosova1968: calls $6
*** SHOW DOWN ***
MTails: shows [Ac 9c] (two pair, Aces and Nines)
Kosova1968: shows [Jd Js] (a pair of Jacks)
MTails collected $77.50 from pot
*** SUMMARY ***
Total pot $78 | Rake $0.50
Board [9d 3s 8d 2s Ah]
Seat 1: Kosova1968 (button) (small blind) showed [Jd Js] and lost with a pair of Jacks
Seat 2: MTails (big blind) showed [Ac 9c] and won ($77.50) with two pair, Aces and Nines


PokerStars Hand #145013363546:  Hold'em Limit ($3/$6 USD) - 2015/12/08 6:33:24 ET
Table 'Meriones III' 2-max Seat #2 is the button
Seat 1: Kosova1968 ($217.97 in chips)
Seat 2: MTails ($124.47 in chips)
MTails: posts small blind $1
Kosova1968: posts big blind $3
*** HOLE CARDS ***
MTails: raises $3 to $6
Kosova1968: calls $3
*** FLOP *** [Jh 6s Ks]
Kosova1968: checks
MTails: bets $3
Kosova1968: folds
Uncalled bet ($3) returned to MTails
MTails collected $11.76 from pot
*** SUMMARY ***
Total pot $12 | Rake $0.24
Board [Jh 6s Ks]
Seat 1: Kosova1968 (big blind) folded on the Flop
Seat 2: MTails (button) (small blind) collected ($11.76)


PokerStars Hand #145013368119:  Hold'em Limit ($3/$6 USD) - 2015/12/08 6:33:33 ET
Table 'Meriones III' 2-max Seat #1 is the button
Seat 1: Kosova1968 ($211.97 in chips)
Seat 2: MTails ($130.23 in chips)
Kosova1968: posts small blind $1
MTails: posts big blind $3
*** HOLE CARDS ***
Kosova1968: raises $3 to $6
MTails: calls $3
*** FLOP *** [8s 4d 9s]
MTails: checks
Kosova1968: checks
*** TURN *** [8s 4d 9s] [6h]
MTails: bets $6
Kosova1968: calls $6
*** RIVER *** [8s 4d 9s 6h] [Ac]
MTails: checks
Kosova1968: bets $6
MTails: folds
Uncalled bet ($6) returned to Kosova1968
Kosova1968 collected $23.52 from pot
*** SUMMARY ***
Total pot $24 | Rake $0.48
Board [8s 4d 9s 6h Ac]
Seat 1: Kosova1968 (button) (small blind) collected ($23.52)
Seat 2: MTails (big blind) folded on the River


PokerStars Hand #145013341183:  Hold'em Limit ($3/$6 USD) - 2015/12/08 6:32:39 ET
Table 'Meriones III' 2-max Seat #1 is the button
Seat 1: Kosova1968 ($254.33 in chips)
Seat 2: MTails ($89.21 in chips)
Kosova1968: posts small blind $1
MTails: posts big blind $3
*** HOLE CARDS ***
Kosova1968: raises $3 to $6
MTails: calls $3
*** FLOP *** [2s Qd 4s]
MTails: checks
Kosova1968: checks
*** TURN *** [2s Qd 4s] [2c]
MTails: bets $6
Kosova1968: folds
Uncalled bet ($6) returned to MTails
MTails collected $11.76 from pot
*** SUMMARY ***
Total pot $12 | Rake $0.24
Board [2s Qd 4s 2c]
Seat 1: Kosova1968 (button) (small blind) folded on the Turn
Seat 2: MTails (big blind) collected ($11.76)


PokerStars Hand #145013347096:  Hold'em Limit ($3/$6 USD) - 2015/12/08 6:32:51 ET
Table 'Meriones III' 2-max Seat #2 is the button
Seat 1: Kosova1968 ($248.33 in chips)
Seat 2: MTails ($94.97 in chips)
MTails: posts small blind $1
Kosova1968: posts big blind $3
*** HOLE CARDS ***
MTails: raises $3 to $6
Kosova1968: raises $3 to $9
MTails: calls $3
*** FLOP *** [Js Ac Ad]
Kosova1968: checks
MTails: checks
*** TURN *** [Js Ac Ad] [6d]
Kosova1968: bets $6
MTails: folds
Uncalled bet ($6) returned to Kosova1968
Kosova1968 collected $17.64 from pot
*** SUMMARY ***
Total pot $18 | Rake $0.36
Board [Js Ac Ad 6d]
Seat 1: Kosova1968 (big blind) collected ($17.64)
Seat 2: MTails (button) (small blind) folded on the Turn


PokerStars Hand #145013390255:  Hold'em Limit ($3/$6 USD) - 2015/12/08 6:34:17 ET
Table 'Meriones III' 2-max Seat #2 is the button
Seat 1: Kosova1968 ($219.99 in chips)
Seat 2: MTails ($120.73 in chips)
MTails: posts small blind $1
Kosova1968: posts big blind $3
*** HOLE CARDS ***
MTails: raises $3 to $6
Kosova1968: calls $3
*** FLOP *** [Qc 4s 6s]
Kosova1968: bets $3
MTails: raises $3 to $6
Kosova1968: calls $3
*** TURN *** [Qc 4s 6s] [7s]
Kosova1968: checks
MTails: bets $6
Kosova1968: calls $6
*** RIVER *** [Qc 4s 6s 7s] [6c]
Kosova1968: checks
MTails: bets $6
Kosova1968: calls $6
*** SHOW DOWN ***
MTails: shows [Qd As] (two pair, Queens and Sixes)
Kosova1968: mucks hand
MTails collected $47.50 from pot
*** SUMMARY ***
Total pot $48 | Rake $0.50
Board [Qc 4s 6s 7s 6c]
Seat 1: Kosova1968 (big blind) mucked
Seat 2: MTails (button) (small blind) showed [Qd As] and won ($47.50) with two pair, Queens and Sixes


PokerStars Hand #145013375610:  Hold'em Limit ($3/$6 USD) - 2015/12/08 6:33:48 ET
Table 'Meriones III' 2-max Seat #2 is the button
Seat 1: Kosova1968 ($223.49 in chips)
Seat 2: MTails ($118.23 in chips)
MTails: posts small blind $1
Kosova1968: posts big blind $3
*** HOLE CARDS ***
MTails: raises $3 to $6
Kosova1968: calls $3
*** FLOP *** [2c 2s Ks]
Kosova1968: checks
MTails: bets $3
Kosova1968: calls $3
*** TURN *** [2c 2s Ks] [6c]
Kosova1968: checks
MTails: bets $6
Kosova1968: calls $6
*** RIVER *** [2c 2s Ks 6c] [4c]
Kosova1968: checks
MTails: checks
*** SHOW DOWN ***
Kosova1968: shows [4h Ah] (two pair, Fours and Deuces)
MTails: mucks hand
Kosova1968 collected $29.50 from pot
*** SUMMARY ***
Total pot $30 | Rake $0.50
Board [2c 2s Ks 6c 4c]
Seat 1: Kosova1968 (big blind) showed [4h Ah] and won ($29.50) with two pair, Fours and Deuces
Seat 2: MTails (button) (small blind) mucked


PokerStars Hand #145013383546:  Hold'em Limit ($3/$6 USD) - 2015/12/08 6:34:04 ET
Table 'Meriones III' 2-max Seat #1 is the button
Seat 1: Kosova1968 ($237.99 in chips)
Seat 2: MTails ($103.23 in chips)
Kosova1968: posts small blind $1
MTails: posts big blind $3
*** HOLE CARDS ***
Kosova1968: raises $3 to $6
MTails: calls $3
*** FLOP *** [6d Ah 9s]
MTails: checks
Kosova1968: checks
*** TURN *** [6d Ah 9s] [8d]
MTails: bets $6
Kosova1968: calls $6
*** RIVER *** [6d Ah 9s 8d] [6c]
MTails: bets $6
Kosova1968: calls $6
*** SHOW DOWN ***
MTails: shows [Tc 7s] (a straight, Six to Ten)
Kosova1968: shows [5s 5c] (two pair, Sixes and Fives)
MTails collected $35.50 from pot
*** SUMMARY ***
Total pot $36 | Rake $0.50
Board [6d Ah 9s 8d 6c]
Seat 1: Kosova1968 (button) (small blind) showed [5s 5c] and lost with two pair, Sixes and Fives
Seat 2: MTails (big blind) showed [Tc 7s] and won ($35.50) with a straight, Six to Ten


PokerStars Hand #145013420027:  Hold'em Limit ($3/$6 USD) - 2015/12/08 6:35:16 ET
Table 'Meriones III' 2-max Seat #1 is the button
Seat 1: Kosova1968 ($192.49 in chips)
Seat 2: MTails ($146.73 in chips)
Kosova1968: posts small blind $1
MTails: posts big blind $3
*** HOLE CARDS ***
Kosova1968: raises $3 to $6
MTails: raises $3 to $9
Kosova1968: calls $3
*** FLOP *** [4d 8h As]
MTails: bets $3
Kosova1968: folds
Uncalled bet ($3) returned to MTails
MTails collected $17.64 from pot
*** SUMMARY ***
Total pot $18 | Rake $0.36
Board [4d 8h As]
Seat 1: Kosova1968 (button) (small blind) folded on the Flop
Seat 2: MTails (big blind) collected ($17.64)


PokerStars Hand #145013424986:  Hold'em Limit ($3/$6 USD) - 2015/12/08 6:35:26 ET
Table 'Meriones III' 2-max Seat #2 is the button
Seat 1: Kosova1968 ($183.49 in chips)
Seat 2: MTails ($155.37 in chips)
MTails: posts small blind $1
Kosova1968: posts big blind $3
*** HOLE CARDS ***
MTails: folds
Uncalled bet ($2) returned to Kosova1968
Kosova1968 collected $2 from pot
*** SUMMARY ***
Total pot $2 | Rake $0
Seat 1: Kosova1968 (big blind) collected ($2)
Seat 2: MTails (button) (small blind) folded before Flop


PokerStars Hand #145013427169:  Hold'em Limit ($3/$6 USD) - 2015/12/08 6:35:30 ET
Table 'Meriones III' 2-max Seat #1 is the button
Seat 1: Kosova1968 ($184.49 in chips)
Seat 2: MTails ($154.37 in chips)
Kosova1968: posts small blind $1
MTails: posts big blind $3
*** HOLE CARDS ***
Kosova1968: raises $3 to $6
MTails: calls $3
*** FLOP *** [4h 5c 3c]
MTails: checks
Kosova1968: checks
*** TURN *** [4h 5c 3c] [9d]
MTails: bets $6
Kosova1968: calls $6
*** RIVER *** [4h 5c 3c 9d] [Tc]
MTails: checks
Kosova1968: bets $6
MTails: folds
Uncalled bet ($6) returned to Kosova1968
Kosova1968 collected $23.52 from pot
*** SUMMARY ***
Total pot $24 | Rake $0.48
Board [4h 5c 3c 9d Tc]
Seat 1: Kosova1968 (button) (small blind) collected ($23.52)
Seat 2: MTails (big blind) folded on the River


PokerStars Hand #145013401718:  Hold'em Limit ($3/$6 USD) - 2015/12/08 6:34:39 ET
Table 'Meriones III' 2-max Seat #1 is the button
Seat 1: Kosova1968 ($195.99 in chips)
Seat 2: MTails ($144.23 in chips)
Kosova1968: posts small blind $1
MTails: posts big blind $3
*** HOLE CARDS ***
Kosova1968: raises $3 to $6
MTails: raises $3 to $9
Kosova1968: calls $3
*** FLOP *** [3c 4c Jd]
MTails: bets $3
Kosova1968: calls $3
*** TURN *** [3c 4c Jd] [3h]
MTails: bets $6
Kosova1968: calls $6
*** RIVER *** [3c 4c Jd 3h] [5c]
MTails: checks
Kosova1968: bets $6
MTails: folds
Uncalled bet ($6) returned to Kosova1968
Kosova1968 collected $35.50 from pot
*** SUMMARY ***
Total pot $36 | Rake $0.50
Board [3c 4c Jd 3h 5c]
Seat 1: Kosova1968 (button) (small blind) collected ($35.50)
Seat 2: MTails (big blind) folded on the River


PokerStars Hand #145013409640:  Hold'em Limit ($3/$6 USD) - 2015/12/08 6:34:55 ET
Table 'Meriones III' 2-max Seat #2 is the button
Seat 1: Kosova1968 ($213.49 in chips)
Seat 2: MTails ($126.23 in chips)
MTails: posts small blind $1
Kosova1968: posts big blind $3
*** HOLE CARDS ***
MTails: raises $3 to $6
Kosova1968: calls $3
*** FLOP *** [9d 3d 7s]
Kosova1968: checks
MTails: bets $3
Kosova1968: calls $3
*** TURN *** [9d 3d 7s] [6d]
Kosova1968: bets $6
MTails: raises $6 to $12
Kosova1968: calls $6
*** RIVER *** [9d 3d 7s 6d] [Kc]
Kosova1968: checks
MTails: bets $6
Kosova1968: folds
Uncalled bet ($6) returned to MTails
MTails collected $41.50 from pot
*** SUMMARY ***
Total pot $42 | Rake $0.50
Board [9d 3d 7s 6d Kc]
Seat 1: Kosova1968 (big blind) folded on the River
Seat 2: MTails (button) (small blind) collected ($41.50)


PokerStars Hand #145013442526:  Hold'em Limit ($3/$6 USD) - 2015/12/08 6:36:00 ET
Table 'Meriones III' 2-max Seat #1 is the button
Seat 1: Kosova1968 ($213.51 in chips)
Seat 2: MTails ($124.37 in chips)
Kosova1968: posts small blind $1
MTails: posts big blind $3
*** HOLE CARDS ***
Kosova1968: raises $3 to $6
MTails: calls $3
*** FLOP *** [3s 5c 5d]
MTails: checks
Kosova1968: checks
*** TURN *** [3s 5c 5d] [7d]
MTails: checks
Kosova1968: checks
*** RIVER *** [3s 5c 5d 7d] [Kh]
MTails: checks
Kosova1968: bets $6
MTails: folds
Uncalled bet ($6) returned to Kosova1968
Kosova1968 collected $11.76 from pot
*** SUMMARY ***
Total pot $12 | Rake $0.24
Board [3s 5c 5d 7d Kh]
Seat 1: Kosova1968 (button) (small blind) collected ($11.76)
Seat 2: MTails (big blind) folded on the River


PokerStars Hand #145013449556:  Hold'em Limit ($3/$6 USD) - 2015/12/08 6:36:14 ET
Table 'Meriones III' 2-max Seat #2 is the button
Seat 1: Kosova1968 ($219.27 in chips)
Seat 2: MTails ($118.37 in chips)
MTails: posts small blind $1
Kosova1968: posts big blind $3
*** HOLE CARDS ***
MTails: raises $3 to $6
Kosova1968: calls $3
*** FLOP *** [Kd Ts 8s]
Kosova1968: bets $3
MTails: calls $3
*** TURN *** [Kd Ts 8s] [8c]
Kosova1968: checks
MTails: checks
*** RIVER *** [Kd Ts 8s 8c] [Td]
Kosova1968: bets $6
MTails: calls $6
*** SHOW DOWN ***
Kosova1968: shows [3c Ad] (two pair, Tens and Eights)
MTails: shows [Ah 4c] (two pair, Tens and Eights)
Kosova1968 collected $14.75 from pot
MTails collected $14.75 from pot
*** SUMMARY ***
Total pot $30 | Rake $0.50
Board [Kd Ts 8s 8c Td]
Seat 1: Kosova1968 (big blind) showed [3c Ad] and won ($14.75) with two pair, Tens and Eights
Seat 2: MTails (button) (small blind) showed [Ah 4c] and won ($14.75) with two pair, Tens and Eights


PokerStars Hand #145013455992:  Hold'em Limit ($3/$6 USD) - 2015/12/08 6:36:27 ET
Table 'Meriones III' 2-max Seat #1 is the button
Seat 1: Kosova1968 ($219.02 in chips)
Seat 2: MTails ($118.12 in chips)
Kosova1968: posts small blind $1
MTails: posts big blind $3
*** HOLE CARDS ***
Kosova1968: raises $3 to $6
MTails: calls $3
*** FLOP *** [Jd Js Jh]
MTails: checks
Kosova1968: checks
*** TURN *** [Jd Js Jh] [7d]
MTails: bets $6
Kosova1968: folds
Uncalled bet ($6) returned to MTails
MTails collected $11.76 from pot
*** SUMMARY ***
Total pot $12 | Rake $0.24
Board [Jd Js Jh 7d]
Seat 1: Kosova1968 (button) (small blind) folded on the Turn
Seat 2: MTails (big blind) collected ($11.76)


PokerStars Hand #145013435216:  Hold'em Limit ($3/$6 USD) - 2015/12/08 6:35:46 ET
Table 'Meriones III' 2-max Seat #2 is the button
Seat 1: Kosova1968 ($196.01 in chips)
Seat 2: MTails ($142.37 in chips)
MTails: posts small blind $1
Kosova1968: posts big blind $3
*** HOLE CARDS ***
MTails: raises $3 to $6
Kosova1968: raises $3 to $9
MTails: calls $3
*** FLOP *** [Jc 8c 7d]
Kosova1968: bets $3
MTails: calls $3
*** TURN *** [Jc 8c 7d] [As]
Kosova1968: checks
MTails: checks
*** RIVER *** [Jc 8c 7d As] [5s]
Kosova1968: bets $6
MTails: calls $6
*** SHOW DOWN ***
Kosova1968: shows [8s Kd] (a pair of Eights)
MTails: mucks hand
Kosova1968 collected $35.50 from pot
*** SUMMARY ***
Total pot $36 | Rake $0.50
Board [Jc 8c 7d As 5s]
Seat 1: Kosova1968 (big blind) showed [8s Kd] and won ($35.50) with a pair of Eights
Seat 2: MTails (button) (small blind) mucked


PokerStars Hand #145013475848:  Hold'em Limit ($3/$6 USD) - 2015/12/08 6:37:06 ET
Table 'Meriones III' 2-max Seat #2 is the button
Seat 1: Kosova1968 ($224.29 in chips)
Seat 2: MTails ($111.63 in chips)
MTails: posts small blind $1
Kosova1968: posts big blind $3
*** HOLE CARDS ***
MTails: raises $3 to $6
Kosova1968: calls $3
*** FLOP *** [Ah Kh Td]
Kosova1968: bets $3
MTails: calls $3
*** TURN *** [Ah Kh Td] [8c]
Kosova1968: checks
MTails: bets $6
Kosova1968: calls $6
*** RIVER *** [Ah Kh Td 8c] [Tc]
Kosova1968: checks
MTails: bets $6
Kosova1968: calls $6
*** SHOW DOWN ***
MTails: shows [6c 7d] (a pair of Tens)
Kosova1968: shows [Qd 4s] (a pair of Tens - Ace+King+Queen kicker)
Kosova1968 collected $41.50 from pot
*** SUMMARY ***
Total pot $42 | Rake $0.50
Board [Ah Kh Td 8c Tc]
Seat 1: Kosova1968 (big blind) showed [Qd 4s] and won ($41.50) with a pair of Tens
Seat 2: MTails (button) (small blind) showed [6c 7d] and lost with a pair of Tens


PokerStars Hand #145013484072:  Hold'em Limit ($3/$6 USD) - 2015/12/08 6:37:22 ET
Table 'Meriones III' 2-max Seat #1 is the button
Seat 1: Kosova1968 ($244.79 in chips)
Seat 2: MTails ($90.63 in chips)
Kosova1968: posts small blind $1
MTails: posts big blind $3
*** HOLE CARDS ***
Kosova1968: raises $3 to $6
MTails: folds
Uncalled bet ($3) returned to Kosova1968
Kosova1968 collected $6 from pot
*** SUMMARY ***
Total pot $6 | Rake $0
Seat 1: Kosova1968 (button) (small blind) collected ($6)
Seat 2: MTails (big blind) folded before Flop


PokerStars Hand #145013487308:  Hold'em Limit ($3/$6 USD) - 2015/12/08 6:37:29 ET
Table 'Meriones III' 2-max Seat #2 is the button
Seat 1: Kosova1968 ($247.79 in chips)
Seat 2: MTails ($87.63 in chips)
MTails: posts small blind $1
Kosova1968: posts big blind $3
*** HOLE CARDS ***
MTails: raises $3 to $6
Kosova1968: calls $3
*** FLOP *** [2c Ks Kh]
Kosova1968: checks
MTails: bets $3
Kosova1968: raises $3 to $6
MTails: calls $3
*** TURN *** [2c Ks Kh] [Qs]
Kosova1968: checks
MTails: checks
*** RIVER *** [2c Ks Kh Qs] [4s]
Kosova1968: bets $6
MTails: folds
Uncalled bet ($6) returned to Kosova1968
Kosova1968 collected $23.52 from pot
*** SUMMARY ***
Total pot $24 | Rake $0.48
Board [2c Ks Kh Qs 4s]
Seat 1: Kosova1968 (big blind) collected ($23.52)
Seat 2: MTails (button) (small blind) folded on the River


PokerStars Hand #145013468992:  Hold'em Limit ($3/$6 USD) - 2015/12/08 6:36:52 ET
Table 'Meriones III' 2-max Seat #1 is the button
Seat 1: Kosova1968 ($212.77 in chips)
Seat 2: MTails ($123.63 in chips)
Kosova1968: posts small blind $1
MTails: posts big blind $3
*** HOLE CARDS ***
Kosova1968: raises $3 to $6
MTails: calls $3
*** FLOP *** [9s Kc 5d]
MTails: checks
Kosova1968: checks
*** TURN *** [9s Kc 5d] [4s]
MTails: bets $6
Kosova1968: calls $6
*** RIVER *** [9s Kc 5d 4s] [Ah]
MTails: checks
Kosova1968: checks
*** SHOW DOWN ***
MTails: shows [5h 6s] (a pair of Fives)
Kosova1968: shows [8s 8h] (a pair of Eights)
Kosova1968 collected $23.52 from pot
*** SUMMARY ***
Total pot $24 | Rake $0.48
Board [9s Kc 5d 4s Ah]
Seat 1: Kosova1968 (button) (small blind) showed [8s 8h] and won ($23.52) with a pair of Eights
Seat 2: MTails (big blind) showed [5h 6s] and lost with a pair of Fives


PokerStars Hand #145013461123:  Hold'em Limit ($3/$6 USD) - 2015/12/08 6:36:37 ET
Table 'Meriones III' 2-max Seat #2 is the button
Seat 1: Kosova1968 ($213.02 in chips)
Seat 2: MTails ($123.88 in chips)
MTails: posts small blind $1
Kosova1968: posts big blind $3
*** HOLE CARDS ***
MTails: raises $3 to $6
Kosova1968: calls $3
*** FLOP *** [6c 5h 3s]
Kosova1968: bets $3
MTails: calls $3
*** TURN *** [6c 5h 3s] [7s]
Kosova1968: checks
MTails: bets $6
Kosova1968: calls $6
*** RIVER *** [6c 5h 3s 7s] [4s]
Kosova1968: bets $6
MTails: calls $6
*** SHOW DOWN ***
Kosova1968: shows [Jc Ac] (a straight, Three to Seven)
MTails: shows [5c 6s] (a straight, Three to Seven)
Kosova1968 collected $20.75 from pot
MTails collected $20.75 from pot
*** SUMMARY ***
Total pot $42 | Rake $0.50
Board [6c 5h 3s 7s 4s]
Seat 1: Kosova1968 (big blind) showed [Jc Ac] and won ($20.75) with a straight, Three to Seven
Seat 2: MTails (button) (small blind) showed [5c 6s] and won ($20.75) with a straight, Three to Seven


PokerStars Hand #145013499561:  Hold'em Limit ($3/$6 USD) - 2015/12/08 6:37:53 ET
Table 'Meriones III' 2-max Seat #2 is the button
Seat 1: Kosova1968 ($258.31 in chips)
Seat 2: MTails ($76.63 in chips)
MTails: posts small blind $1
Kosova1968: posts big blind $3
*** HOLE CARDS ***
MTails: raises $3 to $6
Kosova1968: calls $3
*** FLOP *** [7h Kc 2c]
Kosova1968: bets $3
MTails: calls $3
*** TURN *** [7h Kc 2c] [Ks]
Kosova1968: bets $6
MTails: calls $6
*** RIVER *** [7h Kc 2c Ks] [3c]
Kosova1968: bets $6
MTails: folds
Uncalled bet ($6) returned to Kosova1968
Kosova1968 collected $29.50 from pot
*** SUMMARY ***
Total pot $30 | Rake $0.50
Board [7h Kc 2c Ks 3c]
Seat 1: Kosova1968 (big blind) collected ($29.50)
Seat 2: MTails (button) (small blind) folded on the River


PokerStars Hand #145013506813:  Hold'em Limit ($3/$6 USD) - 2015/12/08 6:38:07 ET
Table 'Meriones III' 2-max Seat #1 is the button
Seat 1: Kosova1968 ($272.81 in chips)
Seat 2: MTails ($61.63 in chips)
Kosova1968: posts small blind $1
MTails: posts big blind $3
*** HOLE CARDS ***
Kosova1968: raises $3 to $6
MTails: calls $3
*** FLOP *** [5d Ad 9d]
MTails: checks
Kosova1968: checks
*** TURN *** [5d Ad 9d] [Jc]
MTails: checks
Kosova1968: bets $6
MTails: raises $6 to $12
Kosova1968: calls $6
*** RIVER *** [5d Ad 9d Jc] [7s]
MTails: bets $6
Kosova1968: calls $6
*** SHOW DOWN ***
MTails: shows [As 6h] (a pair of Aces)
Kosova1968: shows [6s 9c] (a pair of Nines)
MTails collected $47.50 from pot
*** SUMMARY ***
Total pot $48 | Rake $0.50
Board [5d Ad 9d Jc 7s]
Seat 1: Kosova1968 (button) (small blind) showed [6s 9c] and lost with a pair of Nines
Seat 2: MTails (big blind) showed [As 6h] and won ($47.50) with a pair of Aces


PokerStars Hand #145013515740:  Hold'em Limit ($3/$6 USD) - 2015/12/08 6:38:24 ET
Table 'Meriones III' 2-max Seat #2 is the button
Seat 1: Kosova1968 ($248.81 in chips)
Seat 2: MTails ($85.13 in chips)
MTails: posts small blind $1
Kosova1968: posts big blind $3
*** HOLE CARDS ***
MTails: raises $3 to $6
Kosova1968: calls $3
*** FLOP *** [4d As 8s]
Kosova1968: bets $3
MTails: calls $3
*** TURN *** [4d As 8s] [Kh]
Kosova1968: bets $6
MTails: raises $6 to $12
Kosova1968: calls $6
*** RIVER *** [4d As 8s Kh] [Qh]
Kosova1968: checks
MTails: checks
*** SHOW DOWN ***
Kosova1968: shows [Kd 5c] (a pair of Kings)
MTails: mucks hand
Kosova1968 collected $41.50 from pot
*** SUMMARY ***
Total pot $42 | Rake $0.50
Board [4d As 8s Kh Qh]
Seat 1: Kosova1968 (big blind) showed [Kd 5c] and won ($41.50) with a pair of Kings
Seat 2: MTails (button) (small blind) mucked


PokerStars Hand #145013497171:  Hold'em Limit ($3/$6 USD) - 2015/12/08 6:37:48 ET
Table 'Meriones III' 2-max Seat #1 is the button
Seat 1: Kosova1968 ($259.31 in chips)
Seat 2: MTails ($75.63 in chips)
Kosova1968: posts small blind $1
MTails: posts big blind $3
*** HOLE CARDS ***
Kosova1968: folds
Uncalled bet ($2) returned to MTails
MTails collected $2 from pot
MTails: doesn't show hand
*** SUMMARY ***
Total pot $2 | Rake $0
Seat 1: Kosova1968 (button) (small blind) folded before Flop
Seat 2: MTails (big blind) collected ($2)


PokerStars Hand #145013530013:  Hold'em Limit ($3/$6 USD) - 2015/12/08 6:38:52 ET
Table 'Meriones III' 2-max Seat #2 is the button
Seat 1: Kosova1968 ($275.07 in chips)
Seat 2: MTails ($58.13 in chips)
MTails: posts small blind $1
Kosova1968: posts big blind $3
*** HOLE CARDS ***
MTails: raises $3 to $6
Kosova1968: raises $3 to $9
MTails: calls $3
*** FLOP *** [As 6h Qc]
Kosova1968: bets $3
MTails: calls $3
*** TURN *** [As 6h Qc] [6c]
Kosova1968: bets $6
MTails: raises $6 to $12
Kosova1968: calls $6
*** RIVER *** [As 6h Qc 6c] [4c]
Kosova1968: checks
MTails: bets $6
Kosova1968: raises $6 to $12
MTails: calls $6
*** SHOW DOWN ***
Kosova1968: shows [7c 8c] (a flush, Queen high)
MTails: mucks hand
Kosova1968 collected $71.50 from pot
*** SUMMARY ***
Total pot $72 | Rake $0.50
Board [As 6h Qc 6c 4c]
Seat 1: Kosova1968 (big blind) showed [7c 8c] and won ($71.50) with a flush, Queen high
Seat 2: MTails (button) (small blind) mucked


PokerStars Hand #145013538708:  Hold'em Limit ($3/$6 USD) - 2015/12/08 6:39:10 ET
Table 'Meriones III' 2-max Seat #1 is the button
Seat 1: Kosova1968 ($310.57 in chips)
Seat 2: MTails ($22.13 in chips)
Kosova1968: posts small blind $1
MTails: posts big blind $3
*** HOLE CARDS ***
Kosova1968: raises $3 to $6
MTails: calls $3
*** FLOP *** [9d Kc 6d]
MTails: checks
Kosova1968: checks
*** TURN *** [9d Kc 6d] [Jh]
MTails: bets $6
Kosova1968: calls $6
*** RIVER *** [9d Kc 6d Jh] [7c]
MTails: checks
Kosova1968: checks
*** SHOW DOWN ***
MTails: shows [5s 6h] (a pair of Sixes)
Kosova1968: shows [Qd Ac] (high card Ace)
MTails collected $23.52 from pot
*** SUMMARY ***
Total pot $24 | Rake $0.48
Board [9d Kc 6d Jh 7c]
Seat 1: Kosova1968 (button) (small blind) showed [Qd Ac] and lost with high card Ace
Seat 2: MTails (big blind) showed [5s 6h] and won ($23.52) with a pair of Sixes


PokerStars Hand #145013546442:  Hold'em Limit ($3/$6 USD) - 2015/12/08 6:39:25 ET
Table 'Meriones III' 2-max Seat #2 is the button
Seat 1: Kosova1968 ($298.57 in chips)
Seat 2: MTails ($33.65 in chips)
MTails: posts small blind $1
Kosova1968: posts big blind $3
*** HOLE CARDS ***
MTails: raises $3 to $6
Kosova1968: calls $3
*** FLOP *** [Jd 9d Ah]
Kosova1968: checks
MTails: bets $3
Kosova1968: calls $3
*** TURN *** [Jd 9d Ah] [Ad]
Kosova1968: checks
MTails: bets $6
Kosova1968: calls $6
*** RIVER *** [Jd 9d Ah Ad] [7h]
Kosova1968: checks
MTails: checks
*** SHOW DOWN ***
Kosova1968: shows [2h Js] (two pair, Aces and Jacks)
MTails: mucks hand
Kosova1968 collected $29.50 from pot
*** SUMMARY ***
Total pot $30 | Rake $0.50
Board [Jd 9d Ah Ad 7h]
Seat 1: Kosova1968 (big blind) showed [2h Js] and won ($29.50) with two pair, Aces and Jacks
Seat 2: MTails (button) (small blind) mucked


PokerStars Hand #145013523952:  Hold'em Limit ($3/$6 USD) - 2015/12/08 6:38:41 ET
Table 'Meriones III' 2-max Seat #1 is the button
Seat 1: Kosova1968 ($269.31 in chips)
Seat 2: MTails ($64.13 in chips)
Kosova1968: posts small blind $1
MTails: posts big blind $3
*** HOLE CARDS ***
Kosova1968: raises $3 to $6
MTails: calls $3
*** FLOP *** [5h 8s Kd]
MTails: checks
Kosova1968: checks
*** TURN *** [5h 8s Kd] [Jc]
MTails: checks
Kosova1968: bets $6
MTails: folds
Uncalled bet ($6) returned to Kosova1968
Kosova1968 collected $11.76 from pot
*** SUMMARY ***
Total pot $12 | Rake $0.24
Board [5h 8s Kd Jc]
Seat 1: Kosova1968 (button) (small blind) collected ($11.76)
Seat 2: MTails (big blind) folded on the Turn


PokerStars Hand #145013586720:  Hold'em Limit ($3/$6 USD) - 2015/12/08 6:40:44 ET
Table 'Meriones III' 2-max Seat #1 is the button
Seat 1: Kosova1968 ($308.92 in chips)
Seat 2: MTails ($81.80 in chips)
Kosova1968: posts small blind $1
MTails: posts big blind $3
*** HOLE CARDS ***
Kosova1968: folds
Uncalled bet ($2) returned to MTails
MTails collected $2 from pot
MTails: doesn't show hand
*** SUMMARY ***
Total pot $2 | Rake $0
Seat 1: Kosova1968 (button) (small blind) folded before Flop
Seat 2: MTails (big blind) collected ($2)


PokerStars Hand #145013570521:  Hold'em Limit ($3/$6 USD) - 2015/12/08 6:40:12 ET
Table 'Meriones III' 2-max Seat #2 is the button
Seat 1: Kosova1968 ($294.42 in chips)
Seat 2: MTails ($36.80 in chips)
MTails: posts small blind $1
Kosova1968: posts big blind $3
*** HOLE CARDS ***
MTails: raises $3 to $6
Kosova1968: calls $3
*** FLOP *** [Ts 9d 7c]
Kosova1968: checks
MTails: bets $3
Kosova1968: calls $3
*** TURN *** [Ts 9d 7c] [7h]
Kosova1968: checks
MTails: bets $6
Kosova1968: calls $6
*** RIVER *** [Ts 9d 7c 7h] [6h]
Kosova1968: bets $6
MTails: folds
Uncalled bet ($6) returned to Kosova1968
Kosova1968 collected $29.50 from pot
*** SUMMARY ***
Total pot $30 | Rake $0.50
Board [Ts 9d 7c 7h 6h]
Seat 1: Kosova1968 (big blind) collected ($29.50)
Seat 2: MTails (button) (small blind) folded on the River


PokerStars Hand #145013555904:  Hold'em Limit ($3/$6 USD) - 2015/12/08 6:39:43 ET
Table 'Meriones III' 2-max Seat #1 is the button
Seat 1: Kosova1968 ($313.07 in chips)
Seat 2: MTails ($18.65 in chips)
Kosova1968: posts small blind $1
MTails: posts big blind $3
*** HOLE CARDS ***
Kosova1968: raises $3 to $6
MTails: raises $3 to $9
Kosova1968: calls $3
*** FLOP *** [5s 2h 2s]
MTails: bets $3
Kosova1968: calls $3
*** TURN *** [5s 2h 2s] [2d]
MTails: bets $6
Kosova1968: calls $6
*** RIVER *** [5s 2h 2s 2d] [8s]
MTails: bets $0.65 and is all-in
Kosova1968: calls $0.65
*** SHOW DOWN ***
MTails: shows [7s Ts] (a flush, Ten high)
Kosova1968: shows [Jc 3c] (three of a kind, Deuces)
MTails collected $36.80 from pot
*** SUMMARY ***
Total pot $37.30 | Rake $0.50
Board [5s 2h 2s 2d 8s]
Seat 1: Kosova1968 (button) (small blind) showed [Jc 3c] and lost with three of a kind, Deuces
Seat 2: MTails (big blind) showed [7s Ts] and won ($36.80) with a flush, Ten high


PokerStars Hand #145013588989:  Hold'em Limit ($3/$6 USD) - 2015/12/08 6:40:48 ET
Table 'Meriones III' 2-max Seat #2 is the button
Seat 1: Kosova1968 ($307.92 in chips)
Seat 2: MTails ($82.80 in chips)
MTails: posts small blind $1
Kosova1968: posts big blind $3
*** HOLE CARDS ***
MTails: raises $3 to $6
Kosova1968: raises $3 to $9
MTails: calls $3
*** FLOP *** [8s 7d 5s]
Kosova1968: bets $3
MTails: calls $3
*** TURN *** [8s 7d 5s] [As]
Kosova1968: bets $6
MTails: folds
Uncalled bet ($6) returned to Kosova1968
Kosova1968 collected $23.52 from pot
*** SUMMARY ***
Total pot $24 | Rake $0.48
Board [8s 7d 5s As]
Seat 1: Kosova1968 (big blind) collected ($23.52)
Seat 2: MTails (button) (small blind) folded on the Turn


PokerStars Hand #145013602214:  Hold'em Limit ($3/$6 USD) - 2015/12/08 6:41:14 ET
Table 'Meriones III' 2-max Seat #2 is the button
Seat 1: Kosova1968 ($325.20 in chips)
Seat 2: MTails ($64.80 in chips)
MTails: posts small blind $1
Kosova1968: posts big blind $3
*** HOLE CARDS ***
MTails: folds
Uncalled bet ($2) returned to Kosova1968
Kosova1968 collected $2 from pot
*** SUMMARY ***
Total pot $2 | Rake $0
Seat 1: Kosova1968 (big blind) collected ($2)
Seat 2: MTails (button) (small blind) folded before Flop


PokerStars Hand #145013595833:  Hold'em Limit ($3/$6 USD) - 2015/12/08 6:41:02 ET
Table 'Meriones III' 2-max Seat #1 is the button
Seat 1: Kosova1968 ($319.44 in chips)
Seat 2: MTails ($70.80 in chips)
Kosova1968: posts small blind $1
MTails: posts big blind $3
*** HOLE CARDS ***
Kosova1968: raises $3 to $6
MTails: calls $3
*** FLOP *** [Qs 3c Ad]
MTails: checks
Kosova1968: checks
*** TURN *** [Qs 3c Ad] [3h]
MTails: checks
Kosova1968: bets $6
MTails: folds
Uncalled bet ($6) returned to Kosova1968
Kosova1968 collected $11.76 from pot
*** SUMMARY ***
Total pot $12 | Rake $0.24
Board [Qs 3c Ad 3h]
Seat 1: Kosova1968 (button) (small blind) collected ($11.76)
Seat 2: MTails (big blind) folded on the Turn


PokerStars Hand #145013604539:  Hold'em Limit ($3/$6 USD) - 2015/12/08 6:41:19 ET
Table 'Meriones III' 2-max Seat #1 is the button
Seat 1: Kosova1968 ($326.20 in chips)
Seat 2: MTails ($63.80 in chips)
Kosova1968: posts small blind $1
MTails: posts big blind $3
*** HOLE CARDS ***
Kosova1968: raises $3 to $6
MTails: calls $3
*** FLOP *** [5h 8s Ac]
MTails: checks
Kosova1968: checks
*** TURN *** [5h 8s Ac] [7h]
MTails: bets $6
Kosova1968: raises $6 to $12
MTails: calls $6
*** RIVER *** [5h 8s Ac 7h] [6h]
MTails: checks
Kosova1968: bets $6
MTails: raises $6 to $12
Kosova1968: raises $6 to $18
MTails: calls $6
*** SHOW DOWN ***
Kosova1968: shows [8h 9h] (a straight flush, Five to Nine)
MTails: mucks hand
Kosova1968 collected $71.50 from pot
*** SUMMARY ***
Total pot $72 | Rake $0.50
Board [5h 8s Ac 7h 6h]
Seat 1: Kosova1968 (button) (small blind) showed [8h 9h] and won ($71.50) with a straight flush, Five to Nine
Seat 2: MTails (big blind) mucked


PokerStars Hand #145013613780:  Hold'em Limit ($3/$6 USD) - 2015/12/08 6:41:37 ET
Table 'Meriones III' 2-max Seat #2 is the button
Seat 1: Kosova1968 ($361.70 in chips)
Seat 2: MTails ($27.80 in chips)
MTails: posts small blind $1
Kosova1968: posts big blind $3
*** HOLE CARDS ***
MTails: folds
Uncalled bet ($2) returned to Kosova1968
Kosova1968 collected $2 from pot
*** SUMMARY ***
Total pot $2 | Rake $0
Seat 1: Kosova1968 (big blind) collected ($2)
Seat 2: MTails (button) (small blind) folded before Flop


PokerStars Hand #145013624028:  Hold'em Limit ($3/$6 USD) - 2015/12/08 6:41:57 ET
Table 'Meriones III' 2-max Seat #2 is the button
Seat 1: Kosova1968 ($368.46 in chips)
Seat 2: MTails ($160.80 in chips)
MTails: posts small blind $1
Kosova1968: posts big blind $3
*** HOLE CARDS ***
MTails: raises $3 to $6
Kosova1968: raises $3 to $9
MTails: calls $3
*** FLOP *** [2c 5d 6c]
Kosova1968: bets $3
MTails: calls $3
*** TURN *** [2c 5d 6c] [6h]
Kosova1968: bets $6
MTails: raises $6 to $12
Kosova1968: calls $6
*** RIVER *** [2c 5d 6c 6h] [Qs]
Kosova1968: checks
MTails: bets $6
Kosova1968: calls $6
*** SHOW DOWN ***
MTails: shows [7c 8s] (a pair of Sixes)
Kosova1968: shows [3s 5c] (two pair, Sixes and Fives)
Kosova1968 collected $59.50 from pot
*** SUMMARY ***
Total pot $60 | Rake $0.50
Board [2c 5d 6c 6h Qs]
Seat 1: Kosova1968 (big blind) showed [3s 5c] and won ($59.50) with two pair, Sixes and Fives
Seat 2: MTails (button) (small blind) showed [7c 8s] and lost with a pair of Sixes


PokerStars Hand #145013634334:  Hold'em Limit ($3/$6 USD) - 2015/12/08 6:42:16 ET
Table 'Meriones III' 2-max Seat #1 is the button
Seat 1: Kosova1968 ($397.96 in chips)
Seat 2: MTails ($130.80 in chips)
Kosova1968: posts small blind $1
MTails: posts big blind $3
*** HOLE CARDS ***
Kosova1968: raises $3 to $6
MTails: calls $3
*** FLOP *** [Qc Jh 2c]
MTails: checks
Kosova1968: bets $3
MTails: raises $3 to $6
Kosova1968: calls $3
*** TURN *** [Qc Jh 2c] [4d]
MTails: bets $6
Kosova1968: raises $6 to $12
MTails: raises $6 to $18
Kosova1968: folds
Uncalled bet ($6) returned to MTails
MTails collected $47.50 from pot
*** SUMMARY ***
Total pot $48 | Rake $0.50
Board [Qc Jh 2c 4d]
Seat 1: Kosova1968 (button) (small blind) folded on the Turn
Seat 2: MTails (big blind) collected ($47.50)


PokerStars Hand #145013616369:  Hold'em Limit ($3/$6 USD) - 2015/12/08 6:41:42 ET
Table 'Meriones III' 2-max Seat #1 is the button
Seat 1: Kosova1968 ($362.70 in chips)
Seat 2: MTails ($26.80 in chips)
Kosova1968: posts small blind $1
MTails: posts big blind $3
*** HOLE CARDS ***
Kosova1968: raises $3 to $6
MTails: calls $3
*** FLOP *** [4s Jd Td]
MTails: checks
Kosova1968: checks
*** TURN *** [4s Jd Td] [Jh]
MTails: checks
Kosova1968: bets $6
MTails: folds
Uncalled bet ($6) returned to Kosova1968
Kosova1968 collected $11.76 from pot
*** SUMMARY ***
Total pot $12 | Rake $0.24
Board [4s Jd Td Jh]
Seat 1: Kosova1968 (button) (small blind) collected ($11.76)
Seat 2: MTails (big blind) folded on the Turn


PokerStars Hand #145013663880:  Hold'em Limit ($3/$6 USD) - 2015/12/08 6:43:13 ET
Table 'Meriones III' 2-max Seat #2 is the button
Seat 1: Kosova1968 ($370.46 in chips)
Seat 2: MTails ($156.80 in chips)
MTails: posts small blind $1
Kosova1968: posts big blind $3
*** HOLE CARDS ***
MTails: folds
Uncalled bet ($2) returned to Kosova1968
Kosova1968 collected $2 from pot
*** SUMMARY ***
Total pot $2 | Rake $0
Seat 1: Kosova1968 (big blind) collected ($2)
Seat 2: MTails (button) (small blind) folded before Flop


PokerStars Hand #145013655798:  Hold'em Limit ($3/$6 USD) - 2015/12/08 6:42:58 ET
Table 'Meriones III' 2-max Seat #1 is the button
Seat 1: Kosova1968 ($352.96 in chips)
Seat 2: MTails ($174.80 in chips)
Kosova1968: posts small blind $1
MTails: posts big blind $3
*** HOLE CARDS ***
Kosova1968: raises $3 to $6
MTails: calls $3
*** FLOP *** [3c Jh 5h]
MTails: checks
Kosova1968: checks
*** TURN *** [3c Jh 5h] [Kc]
MTails: bets $6
Kosova1968: calls $6
*** RIVER *** [3c Jh 5h Kc] [7s]
MTails: checks
Kosova1968: bets $6
MTails: calls $6
*** SHOW DOWN ***
Kosova1968: shows [5s 6s] (a pair of Fives)
MTails: mucks hand
Kosova1968 collected $35.50 from pot
*** SUMMARY ***
Total pot $36 | Rake $0.50
Board [3c Jh 5h Kc 7s]
Seat 1: Kosova1968 (button) (small blind) showed [5s 6s] and won ($35.50) with a pair of Fives
Seat 2: MTails (big blind) mucked


PokerStars Hand #145013645806:  Hold'em Limit ($3/$6 USD) - 2015/12/08 6:42:39 ET
Table 'Meriones III' 2-max Seat #2 is the button
Seat 1: Kosova1968 ($373.96 in chips)
Seat 2: MTails ($154.30 in chips)
MTails: posts small blind $1
Kosova1968: posts big blind $3
*** HOLE CARDS ***
MTails: raises $3 to $6
Kosova1968: calls $3
*** FLOP *** [7c Qd Kd]
Kosova1968: bets $3
MTails: calls $3
*** TURN *** [7c Qd Kd] [9s]
Kosova1968: checks
MTails: bets $6
Kosova1968: calls $6
*** RIVER *** [7c Qd Kd 9s] [8h]
Kosova1968: checks
MTails: bets $6
Kosova1968: calls $6
*** SHOW DOWN ***
MTails: shows [9d Kc] (two pair, Kings and Nines)
Kosova1968: mucks hand
MTails collected $41.50 from pot
*** SUMMARY ***
Total pot $42 | Rake $0.50
Board [7c Qd Kd 9s 8h]
Seat 1: Kosova1968 (big blind) mucked
Seat 2: MTails (button) (small blind) showed [9d Kc] and won ($41.50) with two pair, Kings and Nines


PokerStars Hand #145013666179:  Hold'em Limit ($3/$6 USD) - 2015/12/08 6:43:17 ET
Table 'Meriones III' 2-max Seat #1 is the button
Seat 1: Kosova1968 ($371.46 in chips)
Seat 2: MTails ($155.80 in chips)
Kosova1968: posts small blind $1
MTails: posts big blind $3
*** HOLE CARDS ***
Kosova1968: raises $3 to $6
MTails: calls $3
*** FLOP *** [Jd Qs 8d]
MTails: checks
Kosova1968: bets $3
MTails: raises $3 to $6
Kosova1968: raises $3 to $9
MTails: calls $3
*** TURN *** [Jd Qs 8d] [2h]
MTails: checks
Kosova1968: bets $6
MTails: calls $6
*** RIVER *** [Jd Qs 8d 2h] [9d]
MTails: checks
Kosova1968: checks
*** SHOW DOWN ***
MTails: shows [Js 7s] (a pair of Jacks)
Kosova1968: shows [8s Qc] (two pair, Queens and Eights)
Kosova1968 collected $41.50 from pot
*** SUMMARY ***
Total pot $42 | Rake $0.50
Board [Jd Qs 8d 2h 9d]
Seat 1: Kosova1968 (button) (small blind) showed [8s Qc] and won ($41.50) with two pair, Queens and Eights
Seat 2: MTails (big blind) showed [Js 7s] and lost with a pair of Jacks


PokerStars Hand #145013694950:  Hold'em Limit ($3/$6 USD) - 2015/12/08 6:44:12 ET
Table 'Meriones III' 2-max Seat #2 is the button
Seat 1: Kosova1968 ($391.46 in chips)
Seat 2: MTails ($134.30 in chips)
MTails: posts small blind $1
Kosova1968: posts big blind $3
*** HOLE CARDS ***
MTails: raises $3 to $6
Kosova1968: calls $3
*** FLOP *** [Kh 5c 9d]
Kosova1968: bets $3
MTails: raises $3 to $6
Kosova1968: calls $3
*** TURN *** [Kh 5c 9d] [As]
Kosova1968: checks
MTails: bets $6
Kosova1968: calls $6
*** RIVER *** [Kh 5c 9d As] [2h]
Kosova1968: checks
MTails: checks
*** SHOW DOWN ***
Kosova1968: shows [Kd 7s] (a pair of Kings)
MTails: mucks hand
Kosova1968 collected $35.50 from pot
*** SUMMARY ***
Total pot $36 | Rake $0.50
Board [Kh 5c 9d As 2h]
Seat 1: Kosova1968 (big blind) showed [Kd 7s] and won ($35.50) with a pair of Kings
Seat 2: MTails (button) (small blind) mucked


PokerStars Hand #145013684374:  Hold'em Limit ($3/$6 USD) - 2015/12/08 6:43:52 ET
Table 'Meriones III' 2-max Seat #1 is the button
Seat 1: Kosova1968 ($409.46 in chips)
Seat 2: MTails ($116.80 in chips)
Kosova1968: posts small blind $1
MTails: posts big blind $3
*** HOLE CARDS ***
Kosova1968: raises $3 to $6
MTails: calls $3
*** FLOP *** [2c Kd 9d]
MTails: checks
Kosova1968: bets $3
MTails: raises $3 to $6
Kosova1968: calls $3
*** TURN *** [2c Kd 9d] [Ac]
MTails: checks
Kosova1968: bets $6
MTails: calls $6
*** RIVER *** [2c Kd 9d Ac] [Jh]
MTails: checks
Kosova1968: checks
*** SHOW DOWN ***
MTails: shows [Ts 9h] (a pair of Nines)
Kosova1968: shows [Qd 4d] (high card Ace)
MTails collected $35.50 from pot
*** SUMMARY ***
Total pot $36 | Rake $0.50
Board [2c Kd 9d Ac Jh]
Seat 1: Kosova1968 (button) (small blind) showed [Qd 4d] and lost with high card Ace
Seat 2: MTails (big blind) showed [Ts 9h] and won ($35.50) with a pair of Nines


PokerStars Hand #145013703980:  Hold'em Limit ($3/$6 USD) - 2015/12/08 6:44:29 ET
Table 'Meriones III' 2-max Seat #1 is the button
Seat 1: Kosova1968 ($408.96 in chips)
Seat 2: MTails ($116.30 in chips)
Kosova1968: posts small blind $1
MTails: posts big blind $3
*** HOLE CARDS ***
Kosova1968: raises $3 to $6
MTails: folds
Uncalled bet ($3) returned to Kosova1968
Kosova1968 collected $6 from pot
*** SUMMARY ***
Total pot $6 | Rake $0
Seat 1: Kosova1968 (button) (small blind) collected ($6)
Seat 2: MTails (big blind) folded before Flop


PokerStars Hand #145013675593:  Hold'em Limit ($3/$6 USD) - 2015/12/08 6:43:35 ET
Table 'Meriones III' 2-max Seat #2 is the button
Seat 1: Kosova1968 ($391.96 in chips)
Seat 2: MTails ($134.80 in chips)
MTails: posts small blind $1
Kosova1968: posts big blind $3
*** HOLE CARDS ***
MTails: raises $3 to $6
Kosova1968: raises $3 to $9
MTails: calls $3
*** FLOP *** [Jh 7h 4s]
Kosova1968: bets $3
MTails: calls $3
*** TURN *** [Jh 7h 4s] [5d]
Kosova1968: bets $6
MTails: calls $6
*** RIVER *** [Jh 7h 4s 5d] [Th]
Kosova1968: bets $6
MTails: folds
Uncalled bet ($6) returned to Kosova1968
Kosova1968 collected $35.50 from pot
*** SUMMARY ***
Total pot $36 | Rake $0.50
Board [Jh 7h 4s 5d Th]
Seat 1: Kosova1968 (big blind) collected ($35.50)
Seat 2: MTails (button) (small blind) folded on the River


PokerStars Hand #145013724290:  Hold'em Limit ($3/$6 USD) - 2015/12/08 6:45:08 ET
Table 'Meriones III' 2-max Seat #1 is the button
Seat 1: Kosova1968 ($438.46 in chips)
Seat 2: MTails ($86.30 in chips)
Kosova1968: posts small blind $1
MTails: posts big blind $3
*** HOLE CARDS ***
Kosova1968: raises $3 to $6
MTails: calls $3
*** FLOP *** [Td 3d 2h]
MTails: checks
Kosova1968: bets $3
MTails: calls $3
*** TURN *** [Td 3d 2h] [5c]
MTails: checks
Kosova1968: checks
*** RIVER *** [Td 3d 2h 5c] [Jh]
MTails: checks
Kosova1968: bets $6
MTails: calls $6
*** SHOW DOWN ***
Kosova1968: shows [6d 8h] (high card Jack)
MTails: shows [6s Ah] (high card Ace)
MTails collected $29.50 from pot
*** SUMMARY ***
Total pot $30 | Rake $0.50
Board [Td 3d 2h 5c Jh]
Seat 1: Kosova1968 (button) (small blind) showed [6d 8h] and lost with high card Jack
Seat 2: MTails (big blind) showed [6s Ah] and won ($29.50) with high card Ace


PokerStars Hand #145013732487:  Hold'em Limit ($3/$6 USD) - 2015/12/08 6:45:23 ET
Table 'Meriones III' 2-max Seat #2 is the button
Seat 1: Kosova1968 ($423.46 in chips)
Seat 2: MTails ($100.80 in chips)
MTails: posts small blind $1
Kosova1968: posts big blind $3
*** HOLE CARDS ***
MTails: raises $3 to $6
Kosova1968: raises $3 to $9
MTails: calls $3
*** FLOP *** [9s 8s 6d]
Kosova1968: checks
MTails: bets $3
Kosova1968: calls $3
*** TURN *** [9s 8s 6d] [5s]
Kosova1968: bets $6
MTails: calls $6
*** RIVER *** [9s 8s 6d 5s] [3d]
Kosova1968: bets $6
MTails: calls $6
*** SHOW DOWN ***
Kosova1968: shows [3h 5h] (two pair, Fives and Threes)
MTails: mucks hand
Kosova1968 collected $47.50 from pot
*** SUMMARY ***
Total pot $48 | Rake $0.50
Board [9s 8s 6d 5s 3d]
Seat 1: Kosova1968 (big blind) showed [3h 5h] and won ($47.50) with two pair, Fives and Threes
Seat 2: MTails (button) (small blind) mucked


PokerStars Hand #145013706846:  Hold'em Limit ($3/$6 USD) - 2015/12/08 6:44:34 ET
Table 'Meriones III' 2-max Seat #2 is the button
Seat 1: Kosova1968 ($411.96 in chips)
Seat 2: MTails ($113.30 in chips)
MTails: posts small blind $1
Kosova1968: posts big blind $3
*** HOLE CARDS ***
MTails: raises $3 to $6
Kosova1968: raises $3 to $9
MTails: calls $3
*** FLOP *** [4c 3c 6h]
Kosova1968: bets $3
MTails: raises $3 to $6
Kosova1968: calls $3
*** TURN *** [4c 3c 6h] [6d]
Kosova1968: checks
MTails: checks
*** RIVER *** [4c 3c 6h 6d] [2s]
Kosova1968: bets $6
MTails: raises $6 to $12
Kosova1968: raises $6 to $18
MTails: folds
Uncalled bet ($6) returned to Kosova1968
Kosova1968 collected $53.50 from pot
*** SUMMARY ***
Total pot $54 | Rake $0.50
Board [4c 3c 6h 6d 2s]
Seat 1: Kosova1968 (big blind) collected ($53.50)
Seat 2: MTails (button) (small blind) folded on the River


PokerStars Hand #145013741238:  Hold'em Limit ($3/$6 USD) - 2015/12/08 6:45:40 ET
Table 'Meriones III' 2-max Seat #1 is the button
Seat 1: Kosova1968 ($446.96 in chips)
Seat 2: MTails ($76.80 in chips)
Kosova1968: posts small blind $1
MTails: posts big blind $3
*** HOLE CARDS ***
Kosova1968: raises $3 to $6
MTails: calls $3
*** FLOP *** [Ad 6s 7h]
MTails: checks
Kosova1968: bets $3
MTails: raises $3 to $6
Kosova1968: calls $3
*** TURN *** [Ad 6s 7h] [9h]
MTails: checks
Kosova1968: bets $6
MTails: raises $6 to $12
Kosova1968: calls $6
*** RIVER *** [Ad 6s 7h 9h] [8c]
MTails: checks
Kosova1968: bets $6
MTails: calls $6
*** SHOW DOWN ***
Kosova1968: shows [Kc 8h] (a pair of Eights)
MTails: shows [Kd As] (a pair of Aces)
MTails collected $59.50 from pot
*** SUMMARY ***
Total pot $60 | Rake $0.50
Board [Ad 6s 7h 9h 8c]
Seat 1: Kosova1968 (button) (small blind) showed [Kc 8h] and lost with a pair of Eights
Seat 2: MTails (big blind) showed [Kd As] and won ($59.50) with a pair of Aces


PokerStars Hand #145013752600:  Hold'em Limit ($3/$6 USD) - 2015/12/08 6:46:01 ET
Table 'Meriones III' 2-max Seat #2 is the button
Seat 1: Kosova1968 ($416.96 in chips)
Seat 2: MTails ($106.30 in chips)
MTails: posts small blind $1
Kosova1968: posts big blind $3
*** HOLE CARDS ***
MTails: raises $3 to $6
Kosova1968: calls $3
*** FLOP *** [4h 4s 2s]
Kosova1968: bets $3
MTails: calls $3
*** TURN *** [4h 4s 2s] [Th]
Kosova1968: checks
MTails: bets $6
Kosova1968: calls $6
*** RIVER *** [4h 4s 2s Th] [7s]
Kosova1968: checks
MTails: bets $6
Kosova1968: folds
Uncalled bet ($6) returned to MTails
MTails collected $29.50 from pot
*** SUMMARY ***
Total pot $30 | Rake $0.50
Board [4h 4s 2s Th 7s]
Seat 1: Kosova1968 (big blind) folded on the River
Seat 2: MTails (button) (small blind) collected ($29.50)


PokerStars Hand #145013763288:  Hold'em Limit ($3/$6 USD) - 2015/12/08 6:46:22 ET
Table 'Meriones III' 2-max Seat #1 is the button
Seat 1: Kosova1968 ($401.96 in chips)
Seat 2: MTails ($120.80 in chips)
Kosova1968: posts small blind $1
MTails: posts big blind $3
*** HOLE CARDS ***
Kosova1968: raises $3 to $6
MTails: calls $3
*** FLOP *** [2h Kh 5d]
MTails: checks
Kosova1968: checks
*** TURN *** [2h Kh 5d] [As]
MTails: checks
Kosova1968: checks
*** RIVER *** [2h Kh 5d As] [Jh]
MTails: checks
Kosova1968: bets $6
MTails: raises $6 to $12
Kosova1968: calls $6
*** SHOW DOWN ***
MTails: shows [Js 2d] (two pair, Jacks and Deuces)
Kosova1968: shows [Jd Qc] (a pair of Jacks)
MTails collected $35.50 from pot
*** SUMMARY ***
Total pot $36 | Rake $0.50
Board [2h Kh 5d As Jh]
Seat 1: Kosova1968 (button) (small blind) showed [Jd Qc] and lost with a pair of Jacks
Seat 2: MTails (big blind) showed [Js 2d] and won ($35.50) with two pair, Jacks and Deuces


PokerStars Hand #145013773126:  Hold'em Limit ($3/$6 USD) - 2015/12/08 6:46:40 ET
Table 'Meriones III' 2-max Seat #2 is the button
Seat 1: Kosova1968 ($383.96 in chips)
Seat 2: MTails ($138.30 in chips)
MTails: posts small blind $1
Kosova1968: posts big blind $3
*** HOLE CARDS ***
MTails: raises $3 to $6
Kosova1968: calls $3
*** FLOP *** [Jc Kh 3d]
Kosova1968: bets $3
MTails: raises $3 to $6
Kosova1968: calls $3
*** TURN *** [Jc Kh 3d] [Ac]
Kosova1968: bets $6
MTails: calls $6
*** RIVER *** [Jc Kh 3d Ac] [7s]
Kosova1968: bets $6
MTails: calls $6
*** SHOW DOWN ***
Kosova1968: shows [5c Ad] (a pair of Aces)
MTails: mucks hand
Kosova1968 collected $47.50 from pot
*** SUMMARY ***
Total pot $48 | Rake $0.50
Board [Jc Kh 3d Ac 7s]
Seat 1: Kosova1968 (big blind) showed [5c Ad] and won ($47.50) with a pair of Aces
Seat 2: MTails (button) (small blind) mucked


PokerStars Hand #145013804345:  Hold'em Limit ($3/$6 USD) - 2015/12/08 6:47:39 ET
Table 'Meriones III' 2-max Seat #1 is the button
Seat 1: Kosova1968 ($415.96 in chips)
Seat 2: MTails ($104.94 in chips)
Kosova1968: posts small blind $1
MTails: posts big blind $3
*** HOLE CARDS ***
Kosova1968: raises $3 to $6
MTails: folds
Uncalled bet ($3) returned to Kosova1968
Kosova1968 collected $6 from pot
*** SUMMARY ***
Total pot $6 | Rake $0
Seat 1: Kosova1968 (button) (small blind) collected ($6)
Seat 2: MTails (big blind) folded before Flop


PokerStars Hand #145013797166:  Hold'em Limit ($3/$6 USD) - 2015/12/08 6:47:26 ET
Table 'Meriones III' 2-max Seat #2 is the button
Seat 1: Kosova1968 ($424.96 in chips)
Seat 2: MTails ($96.30 in chips)
MTails: posts small blind $1
Kosova1968: posts big blind $3
*** HOLE CARDS ***
MTails: raises $3 to $6
Kosova1968: calls $3
*** FLOP *** [Ac Qc 7s]
Kosova1968: bets $3
MTails: calls $3
*** TURN *** [Ac Qc 7s] [5s]
Kosova1968: checks
MTails: bets $6
Kosova1968: folds
Uncalled bet ($6) returned to MTails
MTails collected $17.64 from pot
MTails: doesn't show hand
*** SUMMARY ***
Total pot $18 | Rake $0.36
Board [Ac Qc 7s 5s]
Seat 1: Kosova1968 (big blind) folded on the Turn
Seat 2: MTails (button) (small blind) collected ($17.64)


PokerStars Hand #145013785439:  Hold'em Limit ($3/$6 USD) - 2015/12/08 6:47:04 ET
Table 'Meriones III' 2-max Seat #1 is the button
Seat 1: Kosova1968 ($407.46 in chips)
Seat 2: MTails ($114.30 in chips)
Kosova1968: posts small blind $1
MTails: posts big blind $3
*** HOLE CARDS ***
Kosova1968: raises $3 to $6
MTails: calls $3
*** FLOP *** [6s 4c 3c]
MTails: checks
Kosova1968: checks
*** TURN *** [6s 4c 3c] [6h]
MTails: bets $6
Kosova1968: raises $6 to $12
MTails: calls $6
*** RIVER *** [6s 4c 3c 6h] [Ad]
MTails: checks
Kosova1968: checks
*** SHOW DOWN ***
MTails: shows [Jh Tc] (a pair of Sixes)
Kosova1968: shows [7h Qs] (a pair of Sixes - Ace+Queen kicker)
Kosova1968 collected $35.50 from pot
*** SUMMARY ***
Total pot $36 | Rake $0.50
Board [6s 4c 3c 6h Ad]
Seat 1: Kosova1968 (button) (small blind) showed [7h Qs] and won ($35.50) with a pair of Sixes
Seat 2: MTails (big blind) showed [Jh Tc] and lost with a pair of Sixes


PokerStars Hand #145013807101:  Hold'em Limit ($3/$6 USD) - 2015/12/08 6:47:44 ET
Table 'Meriones III' 2-max Seat #2 is the button
Seat 1: Kosova1968 ($418.96 in chips)
Seat 2: MTails ($101.94 in chips)
MTails: posts small blind $1
Kosova1968: posts big blind $3
*** HOLE CARDS ***
MTails: raises $3 to $6
Kosova1968: raises $3 to $9
MTails: calls $3
*** FLOP *** [9h 2h 5c]
Kosova1968: checks
MTails: checks
*** TURN *** [9h 2h 5c] [3h]
Kosova1968: bets $6
MTails: calls $6
*** RIVER *** [9h 2h 5c 3h] [3c]
Kosova1968: checks
MTails: checks
*** SHOW DOWN ***
Kosova1968: shows [Kh 6c] (a pair of Threes)
MTails: mucks hand
Kosova1968 collected $29.50 from pot
*** SUMMARY ***
Total pot $30 | Rake $0.50
Board [9h 2h 5c 3h 3c]
Seat 1: Kosova1968 (big blind) showed [Kh 6c] and won ($29.50) with a pair of Threes
Seat 2: MTails (button) (small blind) mucked


PokerStars Hand #145013826521:  Hold'em Limit ($3/$6 USD) - 2015/12/08 6:48:21 ET
Table 'Meriones III' 2-max Seat #2 is the button
Seat 1: Kosova1968 ($421.46 in chips)
Seat 2: MTails ($98.46 in chips)
MTails: posts small blind $1
Kosova1968: posts big blind $3
*** HOLE CARDS ***
MTails: raises $3 to $6
Kosova1968: raises $3 to $9
MTails: calls $3
*** FLOP *** [8h 3h 2h]
Kosova1968: checks
MTails: bets $3
Kosova1968: calls $3
*** TURN *** [8h 3h 2h] [6d]
Kosova1968: checks
MTails: bets $6
Kosova1968: calls $6
*** RIVER *** [8h 3h 2h 6d] [Qh]
Kosova1968: checks
MTails: bets $6
Kosova1968: calls $6
*** SHOW DOWN ***
MTails: shows [9d 4s] (high card Queen)
Kosova1968: shows [Jc Ks] (high card King)
Kosova1968 collected $47.50 from pot
*** SUMMARY ***
Total pot $48 | Rake $0.50
Board [8h 3h 2h 6d Qh]
Seat 1: Kosova1968 (big blind) showed [Jc Ks] and won ($47.50) with high card King
Seat 2: MTails (button) (small blind) showed [9d 4s] and lost with high card Queen


PokerStars Hand #145013816057:  Hold'em Limit ($3/$6 USD) - 2015/12/08 6:48:01 ET
Table 'Meriones III' 2-max Seat #1 is the button
Seat 1: Kosova1968 ($433.46 in chips)
Seat 2: MTails ($86.94 in chips)
Kosova1968: posts small blind $1
MTails: posts big blind $3
*** HOLE CARDS ***
Kosova1968: raises $3 to $6
MTails: calls $3
*** FLOP *** [2h 6h Js]
MTails: checks
Kosova1968: checks
*** TURN *** [2h 6h Js] [Ks]
MTails: checks
Kosova1968: bets $6
MTails: calls $6
*** RIVER *** [2h 6h Js Ks] [Ts]
MTails: checks
Kosova1968: checks
*** SHOW DOWN ***
MTails: shows [2d 9c] (a pair of Deuces)
Kosova1968: shows [7s Qh] (high card King)
MTails collected $23.52 from pot
*** SUMMARY ***
Total pot $24 | Rake $0.48
Board [2h 6h Js Ks Ts]
Seat 1: Kosova1968 (button) (small blind) showed [7s Qh] and lost with high card King
Seat 2: MTails (big blind) showed [2d 9c] and won ($23.52) with a pair of Deuces


PokerStars Hand #145013837977:  Hold'em Limit ($3/$6 USD) - 2015/12/08 6:48:43 ET
Table 'Meriones III' 2-max Seat #1 is the button
Seat 1: Kosova1968 ($444.96 in chips)
Seat 2: MTails ($74.46 in chips)
Kosova1968: posts small blind $1
MTails: posts big blind $3
*** HOLE CARDS ***
Kosova1968: raises $3 to $6
MTails: calls $3
*** FLOP *** [Jd Jh 9c]
MTails: checks
Kosova1968: bets $3
MTails: raises $3 to $6
Kosova1968: calls $3
*** TURN *** [Jd Jh 9c] [Ts]
MTails: bets $6
Kosova1968: calls $6
*** RIVER *** [Jd Jh 9c Ts] [7d]
MTails: bets $6
Kosova1968: calls $6
*** SHOW DOWN ***
MTails: shows [9h 2d] (two pair, Jacks and Nines)
Kosova1968: mucks hand
MTails collected $47.50 from pot
*** SUMMARY ***
Total pot $48 | Rake $0.50
Board [Jd Jh 9c Ts 7d]
Seat 1: Kosova1968 (button) (small blind) mucked
Seat 2: MTails (big blind) showed [9h 2d] and won ($47.50) with two pair, Jacks and Nines


PokerStars Hand #145013868681:  Hold'em Limit ($3/$6 USD) - 2015/12/08 6:49:41 ET
Table 'Meriones III' 2-max Seat #1 is the button
Seat 1: Kosova1968 ($457.96 in chips)
Seat 2: MTails ($59.96 in chips)
Kosova1968: posts small blind $1
MTails: posts big blind $3
*** HOLE CARDS ***
Kosova1968: folds
Uncalled bet ($2) returned to MTails
MTails collected $2 from pot
MTails: doesn't show hand
*** SUMMARY ***
Total pot $2 | Rake $0
Seat 1: Kosova1968 (button) (small blind) folded before Flop
Seat 2: MTails (big blind) collected ($2)


PokerStars Hand #145013860336:  Hold'em Limit ($3/$6 USD) - 2015/12/08 6:49:25 ET
Table 'Meriones III' 2-max Seat #2 is the button
Seat 1: Kosova1968 ($443.46 in chips)
Seat 2: MTails ($74.96 in chips)
MTails: posts small blind $1
Kosova1968: posts big blind $3
*** HOLE CARDS ***
MTails: raises $3 to $6
Kosova1968: raises $3 to $9
MTails: calls $3
*** FLOP *** [2c Td 4s]
Kosova1968: checks
MTails: bets $3
Kosova1968: raises $3 to $6
MTails: calls $3
*** TURN *** [2c Td 4s] [5h]
Kosova1968: bets $6
MTails: folds
Uncalled bet ($6) returned to Kosova1968
Kosova1968 collected $29.50 from pot
*** SUMMARY ***
Total pot $30 | Rake $0.50
Board [2c Td 4s 5h]
Seat 1: Kosova1968 (big blind) collected ($29.50)
Seat 2: MTails (button) (small blind) folded on the Turn


PokerStars Hand #145013857833:  Hold'em Limit ($3/$6 USD) - 2015/12/08 6:49:21 ET
Table 'Meriones III' 2-max Seat #1 is the button
Seat 1: Kosova1968 ($444.46 in chips)
Seat 2: MTails ($73.96 in chips)
Kosova1968: posts small blind $1
MTails: posts big blind $3
*** HOLE CARDS ***
Kosova1968: folds
Uncalled bet ($2) returned to MTails
MTails collected $2 from pot
MTails: doesn't show hand
*** SUMMARY ***
Total pot $2 | Rake $0
Seat 1: Kosova1968 (button) (small blind) folded before Flop
Seat 2: MTails (big blind) collected ($2)


PokerStars Hand #145013849160:  Hold'em Limit ($3/$6 USD) - 2015/12/08 6:49:04 ET
Table 'Meriones III' 2-max Seat #2 is the button
Seat 1: Kosova1968 ($420.96 in chips)
Seat 2: MTails ($97.96 in chips)
MTails: posts small blind $1
Kosova1968: posts big blind $3
*** HOLE CARDS ***
MTails: raises $3 to $6
Kosova1968: calls $3
*** FLOP *** [9s 5d 2d]
Kosova1968: bets $3
MTails: raises $3 to $6
Kosova1968: calls $3
*** TURN *** [9s 5d 2d] [Jh]
Kosova1968: bets $6
MTails: calls $6
*** RIVER *** [9s 5d 2d Jh] [Kc]
Kosova1968: bets $6
MTails: calls $6
*** SHOW DOWN ***
Kosova1968: shows [Kh 4s] (a pair of Kings)
MTails: mucks hand
Kosova1968 collected $47.50 from pot
*** SUMMARY ***
Total pot $48 | Rake $0.50
Board [9s 5d 2d Jh Kc]
Seat 1: Kosova1968 (big blind) showed [Kh 4s] and won ($47.50) with a pair of Kings
Seat 2: MTails (button) (small blind) mucked


PokerStars Hand #145013885191:  Hold'em Limit ($3/$6 USD) - 2015/12/08 6:50:14 ET
Table 'Meriones III' 2-max Seat #2 is the button
Seat 1: Kosova1968 ($482.98 in chips)
Seat 2: MTails ($33.96 in chips)
MTails: posts small blind $1
Kosova1968: posts big blind $3
*** HOLE CARDS ***
MTails: folds
Uncalled bet ($2) returned to Kosova1968
Kosova1968 collected $2 from pot
*** SUMMARY ***
Total pot $2 | Rake $0
Seat 1: Kosova1968 (big blind) collected ($2)
Seat 2: MTails (button) (small blind) folded before Flop


PokerStars Hand #145013877986:  Hold'em Limit ($3/$6 USD) - 2015/12/08 6:49:59 ET
Table 'Meriones III' 2-max Seat #1 is the button
Seat 1: Kosova1968 ($468.48 in chips)
Seat 2: MTails ($48.96 in chips)
Kosova1968: posts small blind $1
MTails: posts big blind $3
*** HOLE CARDS ***
Kosova1968: raises $3 to $6
MTails: calls $3
*** FLOP *** [7d 5h 3d]
MTails: checks
Kosova1968: bets $3
MTails: calls $3
*** TURN *** [7d 5h 3d] [As]
MTails: checks
Kosova1968: bets $6
MTails: calls $6
*** RIVER *** [7d 5h 3d As] [Jc]
MTails: checks
Kosova1968: checks
*** SHOW DOWN ***
MTails: shows [Th Kc] (high card Ace)
Kosova1968: shows [5c Kh] (a pair of Fives)
Kosova1968 collected $29.50 from pot
*** SUMMARY ***
Total pot $30 | Rake $0.50
Board [7d 5h 3d As Jc]
Seat 1: Kosova1968 (button) (small blind) showed [5c Kh] and won ($29.50) with a pair of Fives
Seat 2: MTails (big blind) showed [Th Kc] and lost with high card Ace


PokerStars Hand #145013871324:  Hold'em Limit ($3/$6 USD) - 2015/12/08 6:49:47 ET
Table 'Meriones III' 2-max Seat #2 is the button
Seat 1: Kosova1968 ($456.96 in chips)
Seat 2: MTails ($60.96 in chips)
MTails: posts small blind $1
Kosova1968: posts big blind $3
*** HOLE CARDS ***
MTails: raises $3 to $6
Kosova1968: raises $3 to $9
MTails: calls $3
*** FLOP *** [Ah 9h 4s]
Kosova1968: bets $3
MTails: calls $3
*** TURN *** [Ah 9h 4s] [3h]
Kosova1968: bets $6
MTails: folds
Uncalled bet ($6) returned to Kosova1968
Kosova1968 collected $23.52 from pot
*** SUMMARY ***
Total pot $24 | Rake $0.48
Board [Ah 9h 4s 3h]
Seat 1: Kosova1968 (big blind) collected ($23.52)
Seat 2: MTails (button) (small blind) folded on the Turn


PokerStars Hand #145013887544:  Hold'em Limit ($3/$6 USD) - 2015/12/08 6:50:18 ET
Table 'Meriones III' 2-max Seat #1 is the button
Seat 1: Kosova1968 ($483.98 in chips)
Seat 2: MTails ($32.96 in chips)
Kosova1968: posts small blind $1
MTails: posts big blind $3
*** HOLE CARDS ***
Kosova1968: raises $3 to $6
MTails: calls $3
*** FLOP *** [Qh 4c Js]
MTails: checks
Kosova1968: bets $3
MTails: calls $3
*** TURN *** [Qh 4c Js] [3c]
MTails: checks
Kosova1968: checks
*** RIVER *** [Qh 4c Js 3c] [3s]
MTails: checks
Kosova1968: bets $6
MTails: folds
Uncalled bet ($6) returned to Kosova1968
Kosova1968 collected $17.64 from pot
*** SUMMARY ***
Total pot $18 | Rake $0.36
Board [Qh 4c Js 3c 3s]
Seat 1: Kosova1968 (button) (small blind) collected ($17.64)
Seat 2: MTails (big blind) folded on the River


PokerStars Hand #145013907487:  Hold'em Limit ($3/$6 USD) - 2015/12/08 6:50:57 ET
Table 'Meriones III' 2-max Seat #1 is the button
Seat 1: Kosova1968 ($510.12 in chips)
Seat 2: MTails ($205.96 in chips)
Kosova1968: posts small blind $1
MTails: posts big blind $3
*** HOLE CARDS ***
Kosova1968: raises $3 to $6
MTails: calls $3
*** FLOP *** [7c 3s 9h]
MTails: checks
Kosova1968: bets $3
MTails: calls $3
*** TURN *** [7c 3s 9h] [4c]
MTails: checks
Kosova1968: bets $6
MTails: calls $6
*** RIVER *** [7c 3s 9h 4c] [Kh]
MTails: checks
Kosova1968: bets $6
MTails: folds
Uncalled bet ($6) returned to Kosova1968
MTails said, "5-10"
Kosova1968 collected $29.50 from pot
*** SUMMARY ***
Total pot $30 | Rake $0.50
Board [7c 3s 9h 4c Kh]
Seat 1: Kosova1968 (button) (small blind) collected ($29.50)
Seat 2: MTails (big blind) folded on the River


PokerStars Hand #145013897571:  Hold'em Limit ($3/$6 USD) - 2015/12/08 6:50:38 ET
Table 'Meriones III' 2-max Seat #2 is the button
Seat 1: Kosova1968 ($492.62 in chips)
Seat 2: MTails ($223.96 in chips)
MTails: posts small blind $1
Kosova1968: posts big blind $3
*** HOLE CARDS ***
MTails: raises $3 to $6
Kosova1968: raises $3 to $9
MTails: calls $3
*** FLOP *** [7d 6s Ad]
Kosova1968: checks
MTails: bets $3
Kosova1968: calls $3
*** TURN *** [7d 6s Ad] [9h]
Kosova1968: checks
MTails: bets $6
Kosova1968: calls $6
*** RIVER *** [7d 6s Ad 9h] [6h]
Kosova1968: checks
MTails: checks
*** SHOW DOWN ***
Kosova1968: shows [9c Qd] (two pair, Nines and Sixes)
MTails: mucks hand
Kosova1968 collected $35.50 from pot
*** SUMMARY ***
Total pot $36 | Rake $0.50
Board [7d 6s Ad 9h 6h]
Seat 1: Kosova1968 (big blind) showed [9c Qd] and won ($35.50) with two pair, Nines and Sixes
Seat 2: MTails (button) (small blind) mucked


