PokerStars Hand #154725981385:  Hold'em Limit ($3/$6 USD) - 2016/06/14 11:50:16 ET
Table 'Meriones' 6-max Seat #3 is the button
Seat 2: Touran2006 ($84.46 in chips)
Seat 3: kolaz03 ($72 in chips)
kolaz03: posts small blind $1
TbIP-TbIP 88: is sitting out
Touran2006: posts big blind $3
*** HOLE CARDS ***
TbIP-TbIP 88 leaves the table
kolaz03: folds
Uncalled bet ($2) returned to Touran2006
Touran2006 collected $2 from pot
Touran2006: doesn't show hand
*** SUMMARY ***
Total pot $2 | Rake $0
Seat 2: Touran2006 (big blind) collected ($2)
Seat 3: kolaz03 (button) (small blind) folded before Flop


PokerStars Hand #154725987689:  Hold'em Limit ($3/$6 USD) - 2016/06/14 11:50:26 ET
Table 'Meriones' 6-max Seat #2 is the button
Seat 2: Touran2006 ($85.46 in chips)
Seat 3: kolaz03 ($72 in chips)
Touran2006: posts small blind $1
kolaz03: posts big blind $3
*** HOLE CARDS ***
Touran2006: folds
Uncalled bet ($2) returned to kolaz03
kolaz03 collected $2 from pot
kolaz03: doesn't show hand
belik555 joins the table at seat #4
*** SUMMARY ***
Total pot $2 | Rake $0
Seat 2: Touran2006 (button) (small blind) folded before Flop
Seat 3: kolaz03 (big blind) collected ($2)


PokerStars Hand #154725995193:  Hold'em Limit ($3/$6 USD) - 2016/06/14 11:50:34 ET
Table 'Meriones' 6-max Seat #3 is the button
Seat 3: kolaz03 ($73 in chips)
Seat 4: belik555 ($72 in chips)
kolaz03: posts small blind $1
belik555: posts big blind $3
*** HOLE CARDS ***
kolaz03: folds
Uncalled bet ($2) returned to belik555
belik555 collected $2 from pot
belik555: doesn't show hand
*** SUMMARY ***
Total pot $2 | Rake $0
Seat 3: kolaz03 (button) (small blind) folded before Flop
Seat 4: belik555 (big blind) collected ($2)


