PokerStars Hand #146492775990:  Hold'em Limit ($3/$6 USD) - 2016/01/05 2:11:39 ET
Table 'Merope' 2-max Seat #1 is the button
Seat 1: Sharp(Gosu) ($87 in chips)
Seat 2: Mendeman ($152.50 in chips)
Sharp(Gosu): posts small blind $1
Mendeman: posts big blind $3
*** HOLE CARDS ***
Sharp(Gosu): raises $3 to $6
Mendeman: calls $3
*** FLOP *** [Tc 7s 7h]
Mendeman: checks
Sharp(Gosu): bets $3
Mendeman: calls $3
*** TURN *** [Tc 7s 7h] [Kh]
Mendeman: checks
Sharp(Gosu): bets $6
Mendeman: folds
Uncalled bet ($6) returned to Sharp(Gosu)
Sharp(Gosu) collected $17.64 from pot
Sharp(Gosu): doesn't show hand
*** SUMMARY ***
Total pot $18 | Rake $0.36
Board [Tc 7s 7h Kh]
Seat 1: Sharp(Gosu) (button) (small blind) collected ($17.64)
Seat 2: Mendeman (big blind) folded on the Turn


PokerStars Hand #146492765053:  Hold'em Limit ($3/$6 USD) - 2016/01/05 2:11:02 ET
Table 'Merope' 2-max Seat #2 is the button
Seat 1: Sharp(Gosu) ($120 in chips)
Seat 2: Mendeman ($120 in chips)
Mendeman: posts small blind $1
Sharp(Gosu): posts big blind $3
*** HOLE CARDS ***
Mendeman: raises $3 to $6
Sharp(Gosu): calls $3
*** FLOP *** [Ac Qh 5h]
Sharp(Gosu): checks
Mendeman: bets $3
Sharp(Gosu): calls $3
*** TURN *** [Ac Qh 5h] [Th]
Sharp(Gosu): checks
Mendeman: bets $6
Sharp(Gosu): raises $6 to $12
Mendeman: raises $6 to $18
Sharp(Gosu): calls $6
*** RIVER *** [Ac Qh 5h Th] [3d]
Sharp(Gosu): checks
Mendeman: bets $6
Sharp(Gosu): calls $6
*** SHOW DOWN ***
Mendeman: shows [9h 3h] (a flush, Queen high)
Sharp(Gosu): mucks hand
Mendeman collected $65.50 from pot
*** SUMMARY ***
Total pot $66 | Rake $0.50
Board [Ac Qh 5h Th 3d]
Seat 1: Sharp(Gosu) (big blind) mucked
Seat 2: Mendeman (button) (small blind) showed [9h 3h] and won ($65.50) with a flush, Queen high


PokerStars Hand #146492791434:  Hold'em Limit ($3/$6 USD) - 2016/01/05 2:12:32 ET
Table 'Merope' 2-max Seat #2 is the button
Seat 1: Sharp(Gosu) ($85.64 in chips)
Seat 2: Mendeman ($153.14 in chips)
Mendeman: posts small blind $1
Sharp(Gosu): posts big blind $3
*** HOLE CARDS ***
Mendeman: raises $3 to $6
Sharp(Gosu): raises $3 to $9
Mendeman: calls $3
*** FLOP *** [4h 8h 9s]
Sharp(Gosu): bets $3
Mendeman: calls $3
*** TURN *** [4h 8h 9s] [Ks]
Sharp(Gosu): bets $6
Mendeman: raises $6 to $12
Sharp(Gosu): calls $6
*** RIVER *** [4h 8h 9s Ks] [Qh]
Sharp(Gosu): checks
Mendeman: bets $6
Sharp(Gosu): calls $6
*** SHOW DOWN ***
Mendeman: shows [Kc 8d] (two pair, Kings and Eights)
Sharp(Gosu): mucks hand
Mendeman collected $59.50 from pot
*** SUMMARY ***
Total pot $60 | Rake $0.50
Board [4h 8h 9s Ks Qh]
Seat 1: Sharp(Gosu) (big blind) mucked
Seat 2: Mendeman (button) (small blind) showed [Kc 8d] and won ($59.50) with two pair, Kings and Eights


PokerStars Hand #146492789792:  Hold'em Limit ($3/$6 USD) - 2016/01/05 2:12:26 ET
Table 'Merope' 2-max Seat #1 is the button
Seat 1: Sharp(Gosu) ($86.64 in chips)
Seat 2: Mendeman ($152.14 in chips)
Sharp(Gosu): posts small blind $1
Mendeman: posts big blind $3
*** HOLE CARDS ***
Sharp(Gosu): folds
Uncalled bet ($2) returned to Mendeman
Mendeman collected $2 from pot
Mendeman: doesn't show hand
*** SUMMARY ***
Total pot $2 | Rake $0
Seat 1: Sharp(Gosu) (button) (small blind) folded before Flop
Seat 2: Mendeman (big blind) collected ($2)


PokerStars Hand #146492782772:  Hold'em Limit ($3/$6 USD) - 2016/01/05 2:12:02 ET
Table 'Merope' 2-max Seat #2 is the button
Seat 1: Sharp(Gosu) ($95.64 in chips)
Seat 2: Mendeman ($143.50 in chips)
Mendeman: posts small blind $1
Sharp(Gosu): posts big blind $3
*** HOLE CARDS ***
Mendeman: calls $2
Sharp(Gosu): checks
*** FLOP *** [Kc Jh 7s]
Sharp(Gosu): checks
Mendeman: checks
*** TURN *** [Kc Jh 7s] [9h]
Sharp(Gosu): bets $6
Mendeman: calls $6
*** RIVER *** [Kc Jh 7s 9h] [8s]
Sharp(Gosu): checks
Mendeman: bets $6
Sharp(Gosu): folds
Uncalled bet ($6) returned to Mendeman
Mendeman collected $17.64 from pot
Mendeman: doesn't show hand
*** SUMMARY ***
Total pot $18 | Rake $0.36
Board [Kc Jh 7s 9h 8s]
Seat 1: Sharp(Gosu) (big blind) folded on the River
Seat 2: Mendeman (button) (small blind) collected ($17.64)


PokerStars Hand #146492804635:  Hold'em Limit ($3/$6 USD) - 2016/01/05 2:13:17 ET
Table 'Merope' 2-max Seat #1 is the button
Seat 1: Sharp(Gosu) ($47.64 in chips)
Seat 2: Mendeman ($190.28 in chips)
Sharp(Gosu): posts small blind $1
Mendeman: posts big blind $3
*** HOLE CARDS ***
Sharp(Gosu): raises $3 to $6
Mendeman: raises $3 to $9
Sharp(Gosu): calls $3
*** FLOP *** [2d 6d 2s]
Mendeman: bets $3
Sharp(Gosu): calls $3
*** TURN *** [2d 6d 2s] [9d]
Mendeman: bets $6
Sharp(Gosu): raises $6 to $12
Mendeman: calls $6
*** RIVER *** [2d 6d 2s 9d] [8s]
Mendeman: checks
Sharp(Gosu): checks
*** SHOW DOWN ***
Mendeman: shows [Ah 9h] (two pair, Nines and Deuces)
Sharp(Gosu): mucks hand
Mendeman collected $47.50 from pot
*** SUMMARY ***
Total pot $48 | Rake $0.50
Board [2d 6d 2s 9d 8s]
Seat 1: Sharp(Gosu) (button) (small blind) mucked
Seat 2: Mendeman (big blind) showed [Ah 9h] and won ($47.50) with two pair, Nines and Deuces


PokerStars Hand #146492803038:  Hold'em Limit ($3/$6 USD) - 2016/01/05 2:13:12 ET
Table 'Merope' 2-max Seat #2 is the button
Seat 1: Sharp(Gosu) ($46.64 in chips)
Seat 2: Mendeman ($191.28 in chips)
Mendeman: posts small blind $1
Sharp(Gosu): posts big blind $3
*** HOLE CARDS ***
Mendeman: folds
Uncalled bet ($2) returned to Sharp(Gosu)
Sharp(Gosu) collected $2 from pot
Sharp(Gosu): doesn't show hand
*** SUMMARY ***
Total pot $2 | Rake $0
Seat 1: Sharp(Gosu) (big blind) collected ($2)
Seat 2: Mendeman (button) (small blind) folded before Flop


PokerStars Hand #146492798178:  Hold'em Limit ($3/$6 USD) - 2016/01/05 2:12:55 ET
Table 'Merope' 2-max Seat #1 is the button
Seat 1: Sharp(Gosu) ($55.64 in chips)
Seat 2: Mendeman ($182.64 in chips)
Sharp(Gosu): posts small blind $1
Mendeman: posts big blind $3
*** HOLE CARDS ***
Sharp(Gosu): raises $3 to $6
Mendeman: calls $3
*** FLOP *** [5s 9c 2c]
Mendeman: bets $3
Sharp(Gosu): calls $3
*** TURN *** [5s 9c 2c] [Tc]
Mendeman: bets $6
Sharp(Gosu): folds
Uncalled bet ($6) returned to Mendeman
Mendeman collected $17.64 from pot
Mendeman: doesn't show hand
*** SUMMARY ***
Total pot $18 | Rake $0.36
Board [5s 9c 2c Tc]
Seat 1: Sharp(Gosu) (button) (small blind) folded on the Turn
Seat 2: Mendeman (big blind) collected ($17.64)


PokerStars Hand #146492813072:  Hold'em Limit ($3/$6 USD) - 2016/01/05 2:13:46 ET
Table 'Merope' 2-max Seat #1 is the button
Seat 1: Sharp(Gosu) ($24.64 in chips)
Seat 2: Mendeman ($212.78 in chips)
Sharp(Gosu): posts small blind $1
Mendeman: posts big blind $3
*** HOLE CARDS ***
Sharp(Gosu): raises $3 to $6
Mendeman: calls $3
*** FLOP *** [5d 4s Kc]
Mendeman: bets $3
Sharp(Gosu): raises $3 to $6
Mendeman: calls $3
*** TURN *** [5d 4s Kc] [Js]
Mendeman: bets $6
Sharp(Gosu): raises $6 to $12
Mendeman: calls $6
*** RIVER *** [5d 4s Kc Js] [3s]
Mendeman: bets $6
Sharp(Gosu): calls $0.64 and is all-in
Uncalled bet ($5.36) returned to Mendeman
*** SHOW DOWN ***
Mendeman: shows [6d Kh] (a pair of Kings)
Sharp(Gosu): shows [Jd 9c] (a pair of Jacks)
Mendeman collected $48.78 from pot
*** SUMMARY ***
Total pot $49.28 | Rake $0.50
Board [5d 4s Kc Js 3s]
Seat 1: Sharp(Gosu) (button) (small blind) showed [Jd 9c] and lost with a pair of Jacks
Seat 2: Mendeman (big blind) showed [6d Kh] and won ($48.78) with a pair of Kings


PokerStars Hand #146492827152:  Hold'em Limit ($3/$6 USD) - 2016/01/05 2:14:33 ET
Table 'Merope' 2-max Seat #2 is the button
Seat 1: Sharp(Gosu) ($64.76 in chips)
Seat 2: Mendeman ($231.92 in chips)
Mendeman: posts small blind $1
Sharp(Gosu): posts big blind $3
*** HOLE CARDS ***
Mendeman: raises $3 to $6
Sharp(Gosu): calls $3
*** FLOP *** [2s 8c Js]
Sharp(Gosu): checks
Mendeman: bets $3
Sharp(Gosu): calls $3
*** TURN *** [2s 8c Js] [2c]
Sharp(Gosu): checks
Mendeman: checks
*** RIVER *** [2s 8c Js 2c] [5s]
Sharp(Gosu): checks
Mendeman: bets $6
Sharp(Gosu): calls $6
*** SHOW DOWN ***
Mendeman: shows [4d 4h] (two pair, Fours and Deuces)
Sharp(Gosu): mucks hand
Mendeman collected $29.50 from pot
*** SUMMARY ***
Total pot $30 | Rake $0.50
Board [2s 8c Js 2c 5s]
Seat 1: Sharp(Gosu) (big blind) mucked
Seat 2: Mendeman (button) (small blind) showed [4d 4h] and won ($29.50) with two pair, Fours and Deuces


PokerStars Hand #146492825555:  Hold'em Limit ($3/$6 USD) - 2016/01/05 2:14:28 ET
Table 'Merope' 2-max Seat #1 is the button
Seat 1: Sharp(Gosu) ($65.76 in chips)
Seat 2: Mendeman ($230.92 in chips)
Sharp(Gosu): posts small blind $1
Mendeman: posts big blind $3
*** HOLE CARDS ***
Sharp(Gosu): folds
Uncalled bet ($2) returned to Mendeman
Mendeman collected $2 from pot
Mendeman: doesn't show hand
*** SUMMARY ***
Total pot $2 | Rake $0
Seat 1: Sharp(Gosu) (button) (small blind) folded before Flop
Seat 2: Mendeman (big blind) collected ($2)


PokerStars Hand #146492820974:  Hold'em Limit ($3/$6 USD) - 2016/01/05 2:14:12 ET
Table 'Merope' 2-max Seat #2 is the button
Seat 1: Sharp(Gosu) ($60 in chips)
Seat 2: Mendeman ($236.92 in chips)
Mendeman: posts small blind $1
Sharp(Gosu): posts big blind $3
*** HOLE CARDS ***
Mendeman: calls $2
Sharp(Gosu): checks
*** FLOP *** [2c 7c 6c]
Sharp(Gosu): bets $3
Mendeman: calls $3
*** TURN *** [2c 7c 6c] [Kc]
Sharp(Gosu): bets $6
Mendeman: folds
Uncalled bet ($6) returned to Sharp(Gosu)
Sharp(Gosu) collected $11.76 from pot
Sharp(Gosu): doesn't show hand
*** SUMMARY ***
Total pot $12 | Rake $0.24
Board [2c 7c 6c Kc]
Seat 1: Sharp(Gosu) (big blind) collected ($11.76)
Seat 2: Mendeman (button) (small blind) folded on the Turn


PokerStars Hand #146492836514:  Hold'em Limit ($3/$6 USD) - 2016/01/05 2:15:05 ET
Table 'Merope' 2-max Seat #1 is the button
Seat 1: Sharp(Gosu) ($49.76 in chips)
Seat 2: Mendeman ($246.42 in chips)
Sharp(Gosu): posts small blind $1
Mendeman: posts big blind $3
*** HOLE CARDS ***
Sharp(Gosu): raises $3 to $6
Mendeman: calls $3
*** FLOP *** [2s 6d Jc]
Mendeman: checks
Sharp(Gosu): bets $3
Mendeman: calls $3
*** TURN *** [2s 6d Jc] [Ks]
Mendeman: checks
Sharp(Gosu): bets $6
Mendeman: calls $6
*** RIVER *** [2s 6d Jc Ks] [9d]
Mendeman: checks
Sharp(Gosu): bets $6
Mendeman: folds
Uncalled bet ($6) returned to Sharp(Gosu)
Sharp(Gosu) collected $29.50 from pot
Sharp(Gosu): doesn't show hand
*** SUMMARY ***
Total pot $30 | Rake $0.50
Board [2s 6d Jc Ks 9d]
Seat 1: Sharp(Gosu) (button) (small blind) collected ($29.50)
Seat 2: Mendeman (big blind) folded on the River


PokerStars Hand #146492853002:  Hold'em Limit ($3/$6 USD) - 2016/01/05 2:16:00 ET
Table 'Merope' 2-max Seat #1 is the button
Seat 1: Sharp(Gosu) ($65.26 in chips)
Seat 2: Mendeman ($230.42 in chips)
Sharp(Gosu): posts small blind $1
Mendeman: posts big blind $3
*** HOLE CARDS ***
Sharp(Gosu): raises $3 to $6
Mendeman: calls $3
*** FLOP *** [2c 8h 7d]
Mendeman: checks
Sharp(Gosu): bets $3
Mendeman: calls $3
*** TURN *** [2c 8h 7d] [2d]
Mendeman: checks
Sharp(Gosu): bets $6
Mendeman: calls $6
*** RIVER *** [2c 8h 7d 2d] [4h]
Mendeman: checks
Sharp(Gosu): bets $6
Mendeman: folds
Uncalled bet ($6) returned to Sharp(Gosu)
Sharp(Gosu) collected $29.50 from pot
Sharp(Gosu): doesn't show hand
*** SUMMARY ***
Total pot $30 | Rake $0.50
Board [2c 8h 7d 2d 4h]
Seat 1: Sharp(Gosu) (button) (small blind) collected ($29.50)
Seat 2: Mendeman (big blind) folded on the River


PokerStars Hand #146492880673:  Hold'em Limit ($3/$6 USD) - 2016/01/05 2:17:34 ET
Table 'Merope' 2-max Seat #1 is the button
Seat 1: Sharp(Gosu) ($49.76 in chips)
Seat 2: Mendeman ($244.92 in chips)
Sharp(Gosu): posts small blind $1
Mendeman: posts big blind $3
*** HOLE CARDS ***
Sharp(Gosu): raises $3 to $6
Mendeman: raises $3 to $9
Sharp(Gosu): calls $3
*** FLOP *** [Qh 9d Jd]
Mendeman: bets $3
Sharp(Gosu): calls $3
*** TURN *** [Qh 9d Jd] [9s]
Mendeman: bets $6
Sharp(Gosu): calls $6
*** RIVER *** [Qh 9d Jd 9s] [5s]
Mendeman: bets $6
Sharp(Gosu): calls $6
*** SHOW DOWN ***
Mendeman: shows [5d Ad] (two pair, Nines and Fives)
Sharp(Gosu): shows [As Jc] (two pair, Jacks and Nines)
Sharp(Gosu) collected $47.50 from pot
*** SUMMARY ***
Total pot $48 | Rake $0.50
Board [Qh 9d Jd 9s 5s]
Seat 1: Sharp(Gosu) (button) (small blind) showed [As Jc] and won ($47.50) with two pair, Jacks and Nines
Seat 2: Mendeman (big blind) showed [5d Ad] and lost with two pair, Nines and Fives


PokerStars Hand #146492864108:  Hold'em Limit ($3/$6 USD) - 2016/01/05 2:16:38 ET
Table 'Merope' 2-max Seat #2 is the button
Seat 1: Sharp(Gosu) ($79.76 in chips)
Seat 2: Mendeman ($215.42 in chips)
Mendeman: posts small blind $1
Sharp(Gosu): posts big blind $3
*** HOLE CARDS ***
Mendeman: raises $3 to $6
Sharp(Gosu): raises $3 to $9
Mendeman: calls $3
*** FLOP *** [Th 9c 5c]
Sharp(Gosu): bets $3
Mendeman: calls $3
*** TURN *** [Th 9c 5c] [9d]
Sharp(Gosu): bets $6
Mendeman: raises $6 to $12
Sharp(Gosu): calls $6
*** RIVER *** [Th 9c 5c 9d] [2d]
Sharp(Gosu): checks
Mendeman: bets $6
Sharp(Gosu): calls $6
*** SHOW DOWN ***
Mendeman: shows [9h Js] (three of a kind, Nines)
Sharp(Gosu): mucks hand
Mendeman collected $59.50 from pot
*** SUMMARY ***
Total pot $60 | Rake $0.50
Board [Th 9c 5c 9d 2d]
Seat 1: Sharp(Gosu) (big blind) mucked
Seat 2: Mendeman (button) (small blind) showed [9h Js] and won ($59.50) with three of a kind, Nines


PokerStars Hand #146492896426:  Hold'em Limit ($3/$6 USD) - 2016/01/05 2:18:27 ET
Table 'Merope' 2-max Seat #1 is the button
Seat 1: Sharp(Gosu) ($77.02 in chips)
Seat 2: Mendeman ($216.92 in chips)
Sharp(Gosu): posts small blind $1
Mendeman: posts big blind $3
*** HOLE CARDS ***
Sharp(Gosu): raises $3 to $6
Mendeman: raises $3 to $9
Sharp(Gosu): calls $3
*** FLOP *** [3c Td 8s]
Mendeman: bets $3
Sharp(Gosu): calls $3
*** TURN *** [3c Td 8s] [Js]
Mendeman: bets $6
Sharp(Gosu): calls $6
*** RIVER *** [3c Td 8s Js] [Ac]
Mendeman: bets $6
Sharp(Gosu): folds
Uncalled bet ($6) returned to Mendeman
Mendeman collected $35.50 from pot
Mendeman: doesn't show hand
*** SUMMARY ***
Total pot $36 | Rake $0.50
Board [3c Td 8s Js Ac]
Seat 1: Sharp(Gosu) (button) (small blind) folded on the River
Seat 2: Mendeman (big blind) collected ($35.50)


PokerStars Hand #146492894114:  Hold'em Limit ($3/$6 USD) - 2016/01/05 2:18:19 ET
Table 'Merope' 2-max Seat #2 is the button
Seat 1: Sharp(Gosu) ($80.02 in chips)
Seat 2: Mendeman ($213.92 in chips)
Mendeman: posts small blind $1
Sharp(Gosu): posts big blind $3
*** HOLE CARDS ***
Mendeman: raises $3 to $6
Sharp(Gosu): folds
Uncalled bet ($3) returned to Mendeman
Mendeman collected $6 from pot
Mendeman: doesn't show hand
*** SUMMARY ***
Total pot $6 | Rake $0
Seat 1: Sharp(Gosu) (big blind) folded before Flop
Seat 2: Mendeman (button) (small blind) collected ($6)


PokerStars Hand #146492889753:  Hold'em Limit ($3/$6 USD) - 2016/01/05 2:18:04 ET
Table 'Merope' 2-max Seat #1 is the button
Seat 1: Sharp(Gosu) ($74.26 in chips)
Seat 2: Mendeman ($219.92 in chips)
Sharp(Gosu): posts small blind $1
Mendeman: posts big blind $3
*** HOLE CARDS ***
Sharp(Gosu): raises $3 to $6
Mendeman: calls $3
*** FLOP *** [2h Ac Jd]
Mendeman: checks
Sharp(Gosu): bets $3
Mendeman: folds
Uncalled bet ($3) returned to Sharp(Gosu)
Sharp(Gosu) collected $11.76 from pot
Sharp(Gosu): doesn't show hand
*** SUMMARY ***
Total pot $12 | Rake $0.24
Board [2h Ac Jd]
Seat 1: Sharp(Gosu) (button) (small blind) collected ($11.76)
Seat 2: Mendeman (big blind) folded on the Flop


PokerStars Hand #146492906266:  Hold'em Limit ($3/$6 USD) - 2016/01/05 2:19:00 ET
Table 'Merope' 2-max Seat #1 is the button
Seat 1: Sharp(Gosu) ($60.02 in chips)
Seat 2: Mendeman ($233.42 in chips)
Sharp(Gosu): posts small blind $1
Mendeman: posts big blind $3
*** HOLE CARDS ***
Sharp(Gosu): folds
Uncalled bet ($2) returned to Mendeman
Mendeman collected $2 from pot
Mendeman: doesn't show hand
*** SUMMARY ***
Total pot $2 | Rake $0
Seat 1: Sharp(Gosu) (button) (small blind) folded before Flop
Seat 2: Mendeman (big blind) collected ($2)


PokerStars Hand #146492907992:  Hold'em Limit ($3/$6 USD) - 2016/01/05 2:19:06 ET
Table 'Merope' 2-max Seat #2 is the button
Seat 1: Sharp(Gosu) ($59.02 in chips)
Seat 2: Mendeman ($234.42 in chips)
Mendeman: posts small blind $1
Sharp(Gosu): posts big blind $3
*** HOLE CARDS ***
Mendeman: raises $3 to $6
Sharp(Gosu): calls $3
*** FLOP *** [5s Kd Kc]
Sharp(Gosu): checks
Mendeman: checks
*** TURN *** [5s Kd Kc] [4s]
Sharp(Gosu): checks
Mendeman: checks
*** RIVER *** [5s Kd Kc 4s] [6c]
Sharp(Gosu): bets $6
Mendeman: folds
Uncalled bet ($6) returned to Sharp(Gosu)
Sharp(Gosu) collected $11.76 from pot
Sharp(Gosu): doesn't show hand
*** SUMMARY ***
Total pot $12 | Rake $0.24
Board [5s Kd Kc 4s 6c]
Seat 1: Sharp(Gosu) (big blind) collected ($11.76)
Seat 2: Mendeman (button) (small blind) folded on the River


PokerStars Hand #146492913736:  Hold'em Limit ($3/$6 USD) - 2016/01/05 2:19:26 ET
Table 'Merope' 2-max Seat #1 is the button
Seat 1: Sharp(Gosu) ($64.78 in chips)
Seat 2: Mendeman ($228.42 in chips)
Sharp(Gosu): posts small blind $1
Mendeman: posts big blind $3
*** HOLE CARDS ***
Sharp(Gosu): raises $3 to $6
Mendeman: calls $3
*** FLOP *** [9s 2s Jc]
Mendeman: checks
Sharp(Gosu): bets $3
Mendeman: folds
Uncalled bet ($3) returned to Sharp(Gosu)
Sharp(Gosu) collected $11.76 from pot
Sharp(Gosu): doesn't show hand
*** SUMMARY ***
Total pot $12 | Rake $0.24
Board [9s 2s Jc]
Seat 1: Sharp(Gosu) (button) (small blind) collected ($11.76)
Seat 2: Mendeman (big blind) folded on the Flop


PokerStars Hand #146492925517:  Hold'em Limit ($3/$6 USD) - 2016/01/05 2:20:06 ET
Table 'Merope' 2-max Seat #1 is the button
Seat 1: Sharp(Gosu) ($61.54 in chips)
Seat 2: Mendeman ($231.06 in chips)
Sharp(Gosu): posts small blind $1
Mendeman: posts big blind $3
*** HOLE CARDS ***
Sharp(Gosu): raises $3 to $6
Mendeman: raises $3 to $9
Sharp(Gosu): calls $3
*** FLOP *** [Qd 5c 8d]
Mendeman: bets $3
Sharp(Gosu): calls $3
*** TURN *** [Qd 5c 8d] [8h]
Mendeman: bets $6
Sharp(Gosu): folds
Uncalled bet ($6) returned to Mendeman
Mendeman collected $23.52 from pot
Mendeman: doesn't show hand
*** SUMMARY ***
Total pot $24 | Rake $0.48
Board [Qd 5c 8d 8h]
Seat 1: Sharp(Gosu) (button) (small blind) folded on the Turn
Seat 2: Mendeman (big blind) collected ($23.52)


PokerStars Hand #146492932826:  Hold'em Limit ($3/$6 USD) - 2016/01/05 2:20:31 ET
Table 'Merope' 2-max Seat #1 is the button
Seat 1: Sharp(Gosu) ($46.54 in chips)
Seat 2: Mendeman ($245.58 in chips)
Sharp(Gosu): posts small blind $1
Mendeman: posts big blind $3
*** HOLE CARDS ***
Sharp(Gosu): folds
Uncalled bet ($2) returned to Mendeman
Mendeman collected $2 from pot
Mendeman: doesn't show hand
*** SUMMARY ***
Total pot $2 | Rake $0
Seat 1: Sharp(Gosu) (button) (small blind) folded before Flop
Seat 2: Mendeman (big blind) collected ($2)


PokerStars Hand #146492930928:  Hold'em Limit ($3/$6 USD) - 2016/01/05 2:20:25 ET
Table 'Merope' 2-max Seat #2 is the button
Seat 1: Sharp(Gosu) ($49.54 in chips)
Seat 2: Mendeman ($242.58 in chips)
Mendeman: posts small blind $1
Sharp(Gosu): posts big blind $3
*** HOLE CARDS ***
Mendeman: raises $3 to $6
Sharp(Gosu): folds
Uncalled bet ($3) returned to Mendeman
Mendeman collected $6 from pot
Mendeman: doesn't show hand
*** SUMMARY ***
Total pot $6 | Rake $0
Seat 1: Sharp(Gosu) (big blind) folded before Flop
Seat 2: Mendeman (button) (small blind) collected ($6)


PokerStars Hand #146492950575:  Hold'em Limit ($3/$6 USD) - 2016/01/05 2:21:32 ET
Table 'Merope' 2-max Seat #2 is the button
Seat 1: Sharp(Gosu) ($75.56 in chips)
Seat 2: Mendeman ($215.58 in chips)
Mendeman: posts small blind $1
Sharp(Gosu): posts big blind $3
*** HOLE CARDS ***
Mendeman: folds
Uncalled bet ($2) returned to Sharp(Gosu)
Sharp(Gosu) collected $2 from pot
Sharp(Gosu): doesn't show hand
*** SUMMARY ***
Total pot $2 | Rake $0
Seat 1: Sharp(Gosu) (big blind) collected ($2)
Seat 2: Mendeman (button) (small blind) folded before Flop


PokerStars Hand #146492942241:  Hold'em Limit ($3/$6 USD) - 2016/01/05 2:21:04 ET
Table 'Merope' 2-max Seat #1 is the button
Seat 1: Sharp(Gosu) ($58.06 in chips)
Seat 2: Mendeman ($233.58 in chips)
Sharp(Gosu): posts small blind $1
Mendeman: posts big blind $3
*** HOLE CARDS ***
Sharp(Gosu): raises $3 to $6
Mendeman: raises $3 to $9
Sharp(Gosu): calls $3
*** FLOP *** [8h 2c 5h]
Mendeman: checks
Sharp(Gosu): bets $3
Mendeman: calls $3
*** TURN *** [8h 2c 5h] [7s]
Mendeman: checks
Sharp(Gosu): bets $6
Mendeman: calls $6
*** RIVER *** [8h 2c 5h 7s] [7d]
Mendeman: checks
Sharp(Gosu): bets $6
Mendeman: folds
Uncalled bet ($6) returned to Sharp(Gosu)
Sharp(Gosu) collected $35.50 from pot
Sharp(Gosu): doesn't show hand
*** SUMMARY ***
Total pot $36 | Rake $0.50
Board [8h 2c 5h 7s 7d]
Seat 1: Sharp(Gosu) (button) (small blind) collected ($35.50)
Seat 2: Mendeman (big blind) folded on the River


