PokerStars Hand #165980409707:  Hold'em Limit ($3/$6 USD) - 2017/02/10 7:34:01 ET
Table 'Mertona II' 6-max Seat #2 is the button
Seat 2: MTails ($137.29 in chips)
Seat 6: xcgxcg2005 ($88.64 in chips)
MTails: posts small blind $1
xcgxcg2005: posts big blind $3
*** HOLE CARDS ***
MTails: folds
Uncalled bet ($2) returned to xcgxcg2005
xcgxcg2005 collected $2 from pot
xcgxcg2005: doesn't show hand
*** SUMMARY ***
Total pot $2 | Rake $0
Seat 2: MTails (button) (small blind) folded before Flop
Seat 6: xcgxcg2005 (big blind) collected ($2)


PokerStars Hand #165980402717:  Hold'em Limit ($3/$6 USD) - 2017/02/10 7:33:48 ET
Table 'Mertona II' 6-max Seat #6 is the button
Seat 2: MTails ($146.29 in chips)
Seat 6: xcgxcg2005 ($80 in chips)
xcgxcg2005: posts small blind $1
MTails: posts big blind $3
*** HOLE CARDS ***
xcgxcg2005: calls $2
MTails: raises $3 to $6
xcgxcg2005: raises $3 to $9
MTails: calls $3
*** FLOP *** [8h Ac 2d]
MTails: checks
xcgxcg2005: bets $3
MTails: folds
Uncalled bet ($3) returned to xcgxcg2005
xcgxcg2005 collected $17.64 from pot
xcgxcg2005: doesn't show hand
*** SUMMARY ***
Total pot $18 | Rake $0.36
Board [8h Ac 2d]
Seat 2: MTails (big blind) folded on the Flop
Seat 6: xcgxcg2005 (button) (small blind) collected ($17.64)


PokerStars Hand #165980397658:  Hold'em Limit ($3/$6 USD) - 2017/02/10 7:33:39 ET
Table 'Mertona II' 6-max Seat #2 is the button
Seat 2: MTails ($143.29 in chips)
Seat 6: xcgxcg2005 ($83 in chips)
MTails: posts small blind $1
laubes04: is sitting out
sinsadir: is sitting out
xcgxcg2005: posts big blind $3
*** HOLE CARDS ***
MTails: raises $3 to $6
laubes04 leaves the table
xcgxcg2005: folds
Uncalled bet ($3) returned to MTails
sinsadir leaves the table
MTails collected $6 from pot
MTails: doesn't show hand
*** SUMMARY ***
Total pot $6 | Rake $0
Seat 2: MTails (button) (small blind) collected ($6)
Seat 6: xcgxcg2005 (big blind) folded before Flop


PokerStars Hand #165980412279:  Hold'em Limit ($3/$6 USD) - 2017/02/10 7:34:06 ET
Table 'Mertona II' 6-max Seat #6 is the button
Seat 2: MTails ($136.29 in chips)
Seat 6: xcgxcg2005 ($89.64 in chips)
xcgxcg2005: posts small blind $1
MTails: posts big blind $3
*** HOLE CARDS ***
xcgxcg2005: raises $3 to $6
MTails: calls $3
*** FLOP *** [8s 6h 4c]
MTails: checks
xcgxcg2005: bets $3
MTails: calls $3
*** TURN *** [8s 6h 4c] [Jh]
MTails: checks
xcgxcg2005: bets $6
MTails: calls $6
*** RIVER *** [8s 6h 4c Jh] [5h]
MTails: checks
xcgxcg2005: checks
*** SHOW DOWN ***
MTails: shows [Tc Ac] (high card Ace)
xcgxcg2005: shows [Qs Qd] (a pair of Queens)
xcgxcg2005 collected $29.50 from pot
*** SUMMARY ***
Total pot $30 | Rake $0.50
Board [8s 6h 4c Jh 5h]
Seat 2: MTails (big blind) showed [Tc Ac] and lost with high card Ace
Seat 6: xcgxcg2005 (button) (small blind) showed [Qs Qd] and won ($29.50) with a pair of Queens


PokerStars Hand #165980433452:  Hold'em Limit ($3/$6 USD) - 2017/02/10 7:34:43 ET
Table 'Mertona II' 6-max Seat #6 is the button
Seat 2: MTails ($116.29 in chips)
Seat 6: xcgxcg2005 ($108.78 in chips)
xcgxcg2005: posts small blind $1
MTails: posts big blind $3
*** HOLE CARDS ***
xcgxcg2005: folds
Uncalled bet ($2) returned to MTails
MTails collected $2 from pot
MTails: doesn't show hand
*** SUMMARY ***
Total pot $2 | Rake $0
Seat 2: MTails (big blind) collected ($2)
Seat 6: xcgxcg2005 (button) (small blind) folded before Flop


PokerStars Hand #165980427973:  Hold'em Limit ($3/$6 USD) - 2017/02/10 7:34:34 ET
Table 'Mertona II' 6-max Seat #2 is the button
Seat 2: MTails ($125.29 in chips)
Seat 6: xcgxcg2005 ($100.14 in chips)
MTails: posts small blind $1
xcgxcg2005: posts big blind $3
*** HOLE CARDS ***
MTails: raises $3 to $6
xcgxcg2005: raises $3 to $9
MTails: calls $3
*** FLOP *** [Ks Js Tc]
xcgxcg2005: bets $3
MTails: folds
Uncalled bet ($3) returned to xcgxcg2005
xcgxcg2005 collected $17.64 from pot
xcgxcg2005: doesn't show hand
*** SUMMARY ***
Total pot $18 | Rake $0.36
Board [Ks Js Tc]
Seat 2: MTails (button) (small blind) folded on the Flop
Seat 6: xcgxcg2005 (big blind) collected ($17.64)


PokerStars Hand #165980425172:  Hold'em Limit ($3/$6 USD) - 2017/02/10 7:34:29 ET
Table 'Mertona II' 6-max Seat #6 is the button
Seat 2: MTails ($124.29 in chips)
Seat 6: xcgxcg2005 ($101.14 in chips)
xcgxcg2005: posts small blind $1
MTails: posts big blind $3
*** HOLE CARDS ***
xcgxcg2005: folds
Uncalled bet ($2) returned to MTails
MTails collected $2 from pot
MTails: doesn't show hand
*** SUMMARY ***
Total pot $2 | Rake $0
Seat 2: MTails (big blind) collected ($2)
Seat 6: xcgxcg2005 (button) (small blind) folded before Flop


PokerStars Hand #165980420988:  Hold'em Limit ($3/$6 USD) - 2017/02/10 7:34:21 ET
Table 'Mertona II' 6-max Seat #2 is the button
Seat 2: MTails ($121.29 in chips)
Seat 6: xcgxcg2005 ($104.14 in chips)
MTails: posts small blind $1
xcgxcg2005: posts big blind $3
*** HOLE CARDS ***
MTails: raises $3 to $6
xcgxcg2005: folds
Uncalled bet ($3) returned to MTails
MTails collected $6 from pot
MTails: doesn't show hand
*** SUMMARY ***
Total pot $6 | Rake $0
Seat 2: MTails (button) (small blind) collected ($6)
Seat 6: xcgxcg2005 (big blind) folded before Flop


PokerStars Hand #165980435949:  Hold'em Limit ($3/$6 USD) - 2017/02/10 7:34:48 ET
Table 'Mertona II' 6-max Seat #2 is the button
Seat 2: MTails ($117.29 in chips)
Seat 6: xcgxcg2005 ($107.78 in chips)
MTails: posts small blind $1
xcgxcg2005: posts big blind $3
*** HOLE CARDS ***
MTails: raises $3 to $6
xcgxcg2005: raises $3 to $9
MTails: calls $3
*** FLOP *** [Jh 8h 4s]
xcgxcg2005: bets $3
MTails: calls $3
*** TURN *** [Jh 8h 4s] [8c]
xcgxcg2005: bets $6
MTails: raises $6 to $12
xcgxcg2005: calls $6
*** RIVER *** [Jh 8h 4s 8c] [5c]
xcgxcg2005: checks
MTails: bets $6
xcgxcg2005: calls $6
*** SHOW DOWN ***
MTails: shows [Th 2h] (a pair of Eights)
xcgxcg2005: shows [Js 6d] (two pair, Jacks and Eights)
xcgxcg2005 collected $59.50 from pot
*** SUMMARY ***
Total pot $60 | Rake $0.50
Board [Jh 8h 4s 8c 5c]
Seat 2: MTails (button) (small blind) showed [Th 2h] and lost with a pair of Eights
Seat 6: xcgxcg2005 (big blind) showed [Js 6d] and won ($59.50) with two pair, Jacks and Eights


PokerStars Hand #165980458546:  Hold'em Limit ($3/$6 USD) - 2017/02/10 7:35:29 ET
Table 'Mertona II' 6-max Seat #6 is the button
Seat 2: MTails ($107.79 in chips)
Seat 6: xcgxcg2005 ($116.28 in chips)
xcgxcg2005: posts small blind $1
MTails: posts big blind $3
*** HOLE CARDS ***
xcgxcg2005: folds
Uncalled bet ($2) returned to MTails
MTails collected $2 from pot
MTails: doesn't show hand
*** SUMMARY ***
Total pot $2 | Rake $0
Seat 2: MTails (big blind) collected ($2)
Seat 6: xcgxcg2005 (button) (small blind) folded before Flop


PokerStars Hand #165980447956:  Hold'em Limit ($3/$6 USD) - 2017/02/10 7:35:10 ET
Table 'Mertona II' 6-max Seat #2 is the button
Seat 2: MTails ($84.29 in chips)
Seat 6: xcgxcg2005 ($140.28 in chips)
MTails: posts small blind $1
xcgxcg2005: posts big blind $3
*** HOLE CARDS ***
MTails: raises $3 to $6
xcgxcg2005: raises $3 to $9
MTails: calls $3
*** FLOP *** [5d 2h Ah]
xcgxcg2005: bets $3
MTails: calls $3
*** TURN *** [5d 2h Ah] [As]
xcgxcg2005: checks
MTails: bets $6
xcgxcg2005: raises $6 to $12
MTails: raises $6 to $18
xcgxcg2005: folds
Uncalled bet ($6) returned to MTails
MTails collected $47.50 from pot
*** SUMMARY ***
Total pot $48 | Rake $0.50
Board [5d 2h Ah As]
Seat 2: MTails (button) (small blind) collected ($47.50)
Seat 6: xcgxcg2005 (big blind) folded on the Turn


PokerStars Hand #165980472751:  Hold'em Limit ($3/$6 USD) - 2017/02/10 7:35:54 ET
Table 'Mertona II' 6-max Seat #6 is the button
Seat 2: MTails ($66.79 in chips)
Seat 6: xcgxcg2005 ($156.78 in chips)
xcgxcg2005: posts small blind $1
MTails: posts big blind $3
*** HOLE CARDS ***
xcgxcg2005: folds
Uncalled bet ($2) returned to MTails
MTails collected $2 from pot
MTails: doesn't show hand
*** SUMMARY ***
Total pot $2 | Rake $0
Seat 2: MTails (big blind) collected ($2)
Seat 6: xcgxcg2005 (button) (small blind) folded before Flop


PokerStars Hand #165980461134:  Hold'em Limit ($3/$6 USD) - 2017/02/10 7:35:33 ET
Table 'Mertona II' 6-max Seat #2 is the button
Seat 2: MTails ($108.79 in chips)
Seat 6: xcgxcg2005 ($115.28 in chips)
MTails: posts small blind $1
xcgxcg2005: posts big blind $3
*** HOLE CARDS ***
MTails: raises $3 to $6
xcgxcg2005: raises $3 to $9
MTails: calls $3
*** FLOP *** [7d 8d Jh]
xcgxcg2005: bets $3
MTails: calls $3
*** TURN *** [7d 8d Jh] [Kd]
xcgxcg2005: checks
MTails: bets $6
xcgxcg2005: raises $6 to $12
MTails: raises $6 to $18
xcgxcg2005: raises $6 to $24
Betting is capped
MTails: calls $6
*** RIVER *** [7d 8d Jh Kd] [4s]
xcgxcg2005: bets $6
MTails: calls $6
*** SHOW DOWN ***
xcgxcg2005: shows [4d 6d] (a flush, King high)
MTails: mucks hand
xcgxcg2005 collected $83.50 from pot
*** SUMMARY ***
Total pot $84 | Rake $0.50
Board [7d 8d Jh Kd 4s]
Seat 2: MTails (button) (small blind) mucked
Seat 6: xcgxcg2005 (big blind) showed [4d 6d] and won ($83.50) with a flush, King high


PokerStars Hand #165980445159:  Hold'em Limit ($3/$6 USD) - 2017/02/10 7:35:04 ET
Table 'Mertona II' 6-max Seat #6 is the button
Seat 2: MTails ($87.29 in chips)
Seat 6: xcgxcg2005 ($137.28 in chips)
xcgxcg2005: posts small blind $1
MTails: posts big blind $3
*** HOLE CARDS ***
xcgxcg2005: raises $3 to $6
MTails: folds
Uncalled bet ($3) returned to xcgxcg2005
xcgxcg2005 collected $6 from pot
xcgxcg2005: doesn't show hand
*** SUMMARY ***
Total pot $6 | Rake $0
Seat 2: MTails (big blind) folded before Flop
Seat 6: xcgxcg2005 (button) (small blind) collected ($6)


PokerStars Hand #165980475293:  Hold'em Limit ($3/$6 USD) - 2017/02/10 7:35:58 ET
Table 'Mertona II' 6-max Seat #2 is the button
Seat 2: MTails ($67.79 in chips)
Seat 6: xcgxcg2005 ($155.78 in chips)
MTails: posts small blind $1
xcgxcg2005: posts big blind $3
*** HOLE CARDS ***
MTails: raises $3 to $6
xcgxcg2005: raises $3 to $9
MTails: calls $3
*** FLOP *** [7s 9d 9s]
xcgxcg2005: bets $3
MTails: calls $3
*** TURN *** [7s 9d 9s] [7h]
xcgxcg2005: bets $6
MTails: raises $6 to $12
xcgxcg2005: raises $6 to $18
MTails: calls $6
*** RIVER *** [7s 9d 9s 7h] [2d]
xcgxcg2005: bets $6
MTails: calls $6
*** SHOW DOWN ***
xcgxcg2005: shows [9h 5h] (a full house, Nines full of Sevens)
MTails: mucks hand
xcgxcg2005 collected $71.50 from pot
*** SUMMARY ***
Total pot $72 | Rake $0.50
Board [7s 9d 9s 7h 2d]
Seat 2: MTails (button) (small blind) mucked
Seat 6: xcgxcg2005 (big blind) showed [9h 5h] and won ($71.50) with a full house, Nines full of Sevens


PokerStars Hand #165980485341:  Hold'em Limit ($3/$6 USD) - 2017/02/10 7:36:16 ET
Table 'Mertona II' 6-max Seat #6 is the button
Seat 2: MTails ($91.79 in chips)
Seat 6: xcgxcg2005 ($191.28 in chips)
xcgxcg2005: posts small blind $1
MTails: posts big blind $3
*** HOLE CARDS ***
xcgxcg2005: raises $3 to $6
MTails: calls $3
*** FLOP *** [6s 8c 3d]
MTails: checks
xcgxcg2005: checks
*** TURN *** [6s 8c 3d] [6c]
MTails: bets $6
xcgxcg2005: folds
Uncalled bet ($6) returned to MTails
MTails collected $11.76 from pot
MTails: doesn't show hand
*** SUMMARY ***
Total pot $12 | Rake $0.24
Board [6s 8c 3d 6c]
Seat 2: MTails (big blind) collected ($11.76)
Seat 6: xcgxcg2005 (button) (small blind) folded on the Turn


PokerStars Hand #165980499345:  Hold'em Limit ($3/$6 USD) - 2017/02/10 7:36:42 ET
Table 'Mertona II' 6-max Seat #2 is the button
Seat 2: MTails ($104.31 in chips)
Seat 6: xcgxcg2005 ($178.28 in chips)
MTails: posts small blind $1
xcgxcg2005: posts big blind $3
*** HOLE CARDS ***
MTails: raises $3 to $6
xcgxcg2005: folds
Uncalled bet ($3) returned to MTails
MTails collected $6 from pot
*** SUMMARY ***
Total pot $6 | Rake $0
Seat 2: MTails (button) (small blind) collected ($6)
Seat 6: xcgxcg2005 (big blind) folded before Flop


PokerStars Hand #165980491319:  Hold'em Limit ($3/$6 USD) - 2017/02/10 7:36:27 ET
Table 'Mertona II' 6-max Seat #2 is the button
Seat 2: MTails ($97.55 in chips)
Seat 6: xcgxcg2005 ($185.28 in chips)
MTails: posts small blind $1
xcgxcg2005: posts big blind $3
*** HOLE CARDS ***
MTails: raises $3 to $6
xcgxcg2005: calls $3
*** FLOP *** [2c Ks Kd]
xcgxcg2005: checks
MTails: bets $3
xcgxcg2005: folds
Uncalled bet ($3) returned to MTails
MTails collected $11.76 from pot
MTails: doesn't show hand
*** SUMMARY ***
Total pot $12 | Rake $0.24
Board [2c Ks Kd]
Seat 2: MTails (button) (small blind) collected ($11.76)
Seat 6: xcgxcg2005 (big blind) folded on the Flop


PokerStars Hand #165980496720:  Hold'em Limit ($3/$6 USD) - 2017/02/10 7:36:37 ET
Table 'Mertona II' 6-max Seat #6 is the button
Seat 2: MTails ($103.31 in chips)
Seat 6: xcgxcg2005 ($179.28 in chips)
xcgxcg2005: posts small blind $1
MTails: posts big blind $3
*** HOLE CARDS ***
xcgxcg2005: folds
Uncalled bet ($2) returned to MTails
MTails collected $2 from pot
MTails: doesn't show hand
*** SUMMARY ***
Total pot $2 | Rake $0
Seat 2: MTails (big blind) collected ($2)
Seat 6: xcgxcg2005 (button) (small blind) folded before Flop


PokerStars Hand #165980514754:  Hold'em Limit ($3/$6 USD) - 2017/02/10 7:37:09 ET
Table 'Mertona II' 6-max Seat #2 is the button
Seat 1: OnlyLuck111 ($120 in chips)
Seat 2: MTails ($83.31 in chips)
MTails: posts small blind $1
OnlyLuck111: posts big blind $3
*** HOLE CARDS ***
MTails: raises $3 to $6
OnlyLuck111: raises $3 to $9
MTails: calls $3
*** FLOP *** [3c Ad 3h]
OnlyLuck111: bets $3
MTails: raises $3 to $6
OnlyLuck111: calls $3
*** TURN *** [3c Ad 3h] [Kd]
OnlyLuck111: checks
MTails: checks
*** RIVER *** [3c Ad 3h Kd] [2s]
OnlyLuck111: checks
MTails: bets $6
OnlyLuck111: calls $6
*** SHOW DOWN ***
MTails: shows [As Js] (two pair, Aces and Threes)
OnlyLuck111: mucks hand
MTails collected $41.50 from pot
*** SUMMARY ***
Total pot $42 | Rake $0.50
Board [3c Ad 3h Kd 2s]
Seat 1: OnlyLuck111 (big blind) mucked
Seat 2: MTails (button) (small blind) showed [As Js] and won ($41.50) with two pair, Aces and Threes


PokerStars Hand #165980529825:  Hold'em Limit ($3/$6 USD) - 2017/02/10 7:37:36 ET
Table 'Mertona II' 6-max Seat #1 is the button
Seat 1: OnlyLuck111 ($99 in chips)
Seat 2: MTails ($103.81 in chips)
OnlyLuck111: posts small blind $1
MTails: posts big blind $3
*** HOLE CARDS ***
OnlyLuck111: folds
Uncalled bet ($2) returned to MTails
MTails collected $2 from pot
*** SUMMARY ***
Total pot $2 | Rake $0
Seat 1: OnlyLuck111 (button) (small blind) folded before Flop
Seat 2: MTails (big blind) collected ($2)


PokerStars Hand #165980503522:  Hold'em Limit ($3/$6 USD) - 2017/02/10 7:36:49 ET
Table 'Mertona II' 6-max Seat #6 is the button
Seat 2: MTails ($107.31 in chips)
Seat 6: xcgxcg2005 ($175.28 in chips)
xcgxcg2005: posts small blind $1
MTails: posts big blind $3
*** HOLE CARDS ***
xcgxcg2005: raises $3 to $6
MTails: calls $3
*** FLOP *** [2h 8c 4s]
MTails: checks
xcgxcg2005: checks
*** TURN *** [2h 8c 4s] [6h]
MTails: bets $6
xcgxcg2005: raises $6 to $12
MTails: calls $6
*** RIVER *** [2h 8c 4s 6h] [Jh]
MTails: checks
xcgxcg2005: bets $6
MTails: calls $6
OnlyLuck111 joins the table at seat #1
*** SHOW DOWN ***
xcgxcg2005: shows [6c Jd] (two pair, Jacks and Sixes)
MTails: mucks hand
xcgxcg2005 collected $47.50 from pot
*** SUMMARY ***
Total pot $48 | Rake $0.50
Board [2h 8c 4s 6h Jh]
Seat 2: MTails (big blind) mucked
Seat 6: xcgxcg2005 (button) (small blind) showed [6c Jd] and won ($47.50) with two pair, Jacks and Sixes


PokerStars Hand #165980580614:  Hold'em Limit ($3/$6 USD) - 2017/02/10 7:39:07 ET
Table 'Mertona II' 6-max Seat #2 is the button
Seat 1: OnlyLuck111 ($124.38 in chips)
Seat 2: MTails ($80.88 in chips)
MTails: posts small blind $1
OnlyLuck111: posts big blind $3
*** HOLE CARDS ***
MTails: raises $3 to $6
OnlyLuck111: calls $3
*** FLOP *** [3c 4c Ks]
OnlyLuck111: checks
MTails: bets $3
OnlyLuck111: calls $3
*** TURN *** [3c 4c Ks] [Jc]
OnlyLuck111: checks
MTails: bets $6
OnlyLuck111: calls $6
*** RIVER *** [3c 4c Ks Jc] [Ah]
OnlyLuck111: checks
MTails: bets $6
OnlyLuck111: raises $6 to $12
MTails: raises $6 to $18
OnlyLuck111: calls $6
*** SHOW DOWN ***
MTails: shows [Tc Ac] (a flush, Ace high)
OnlyLuck111: mucks hand
MTails collected $65.50 from pot
*** SUMMARY ***
Total pot $66 | Rake $0.50
Board [3c 4c Ks Jc Ah]
Seat 1: OnlyLuck111 (big blind) mucked
Seat 2: MTails (button) (small blind) showed [Tc Ac] and won ($65.50) with a flush, Ace high


PokerStars Hand #165980595827:  Hold'em Limit ($3/$6 USD) - 2017/02/10 7:39:34 ET
Table 'Mertona II' 6-max Seat #1 is the button
Seat 1: OnlyLuck111 ($91.38 in chips)
Seat 2: MTails ($113.38 in chips)
OnlyLuck111: posts small blind $1
MTails: posts big blind $3
*** HOLE CARDS ***
OnlyLuck111: raises $3 to $6
MTails: calls $3
*** FLOP *** [6s 6d Jd]
MTails: checks
OnlyLuck111: bets $3
MTails: calls $3
*** TURN *** [6s 6d Jd] [Qh]
MTails: checks
OnlyLuck111: checks
*** RIVER *** [6s 6d Jd Qh] [9s]
MTails: checks
OnlyLuck111: bets $6
MTails: calls $6
*** SHOW DOWN ***
OnlyLuck111: shows [Jc Ks] (two pair, Jacks and Sixes)
MTails: mucks hand
OnlyLuck111 collected $29.50 from pot
*** SUMMARY ***
Total pot $30 | Rake $0.50
Board [6s 6d Jd Qh 9s]
Seat 1: OnlyLuck111 (button) (small blind) showed [Jc Ks] and won ($29.50) with two pair, Jacks and Sixes
Seat 2: MTails (big blind) mucked


PokerStars Hand #165980605681:  Hold'em Limit ($3/$6 USD) - 2017/02/10 7:39:51 ET
Table 'Mertona II' 6-max Seat #2 is the button
Seat 1: OnlyLuck111 ($105.88 in chips)
Seat 2: MTails ($98.38 in chips)
MTails: posts small blind $1
OnlyLuck111: posts big blind $3
*** HOLE CARDS ***
MTails: raises $3 to $6
OnlyLuck111: raises $3 to $9
MTails: calls $3
*** FLOP *** [4d Qh 2s]
OnlyLuck111: bets $3
MTails: calls $3
*** TURN *** [4d Qh 2s] [7h]
OnlyLuck111: bets $6
MTails: raises $6 to $12
OnlyLuck111: calls $6
*** RIVER *** [4d Qh 2s 7h] [2h]
OnlyLuck111: checks
MTails: checks
*** SHOW DOWN ***
OnlyLuck111: shows [As Jd] (a pair of Deuces)
MTails: shows [4h 7c] (two pair, Sevens and Fours)
MTails collected $47.50 from pot
*** SUMMARY ***
Total pot $48 | Rake $0.50
Board [4d Qh 2s 7h 2h]
Seat 1: OnlyLuck111 (big blind) showed [As Jd] and lost with a pair of Deuces
Seat 2: MTails (button) (small blind) showed [4h 7c] and won ($47.50) with two pair, Sevens and Fours


PokerStars Hand #165980615985:  Hold'em Limit ($3/$6 USD) - 2017/02/10 7:40:09 ET
Table 'Mertona II' 6-max Seat #1 is the button
Seat 1: OnlyLuck111 ($81.88 in chips)
Seat 2: MTails ($121.88 in chips)
OnlyLuck111: posts small blind $1
MTails: posts big blind $3
*** HOLE CARDS ***
OnlyLuck111: raises $3 to $6
MTails: calls $3
*** FLOP *** [5s 6c 9d]
MTails: checks
OnlyLuck111: bets $3
MTails: calls $3
*** TURN *** [5s 6c 9d] [Kd]
MTails: checks
OnlyLuck111: bets $6
MTails: raises $6 to $12
OnlyLuck111: calls $6
*** RIVER *** [5s 6c 9d Kd] [Qc]
MTails: bets $6
OnlyLuck111: calls $6
*** SHOW DOWN ***
MTails: shows [7d 9c] (a pair of Nines)
OnlyLuck111: shows [Tc 9h] (a pair of Nines - King+Queen+Ten kicker)
OnlyLuck111 collected $53.50 from pot
*** SUMMARY ***
Total pot $54 | Rake $0.50
Board [5s 6c 9d Kd Qc]
Seat 1: OnlyLuck111 (button) (small blind) showed [Tc 9h] and won ($53.50) with a pair of Nines
Seat 2: MTails (big blind) showed [7d 9c] and lost with a pair of Nines


PokerStars Hand #165980641284:  Hold'em Limit ($3/$6 USD) - 2017/02/10 7:40:54 ET
Table 'Mertona II' 6-max Seat #1 is the button
Seat 1: OnlyLuck111 ($131.88 in chips)
Seat 2: MTails ($70.88 in chips)
OnlyLuck111: posts small blind $1
MTails: posts big blind $3
*** HOLE CARDS ***
OnlyLuck111: folds
Uncalled bet ($2) returned to MTails
MTails collected $2 from pot
*** SUMMARY ***
Total pot $2 | Rake $0
Seat 1: OnlyLuck111 (button) (small blind) folded before Flop
Seat 2: MTails (big blind) collected ($2)


PokerStars Hand #165980644129:  Hold'em Limit ($3/$6 USD) - 2017/02/10 7:40:59 ET
Table 'Mertona II' 6-max Seat #2 is the button
Seat 1: OnlyLuck111 ($130.88 in chips)
Seat 2: MTails ($71.88 in chips)
MTails: posts small blind $1
OnlyLuck111: posts big blind $3
*** HOLE CARDS ***
MTails: raises $3 to $6
OnlyLuck111: calls $3
*** FLOP *** [Qs 6d 5c]
OnlyLuck111: checks
MTails: bets $3
OnlyLuck111: raises $3 to $6
MTails: calls $3
*** TURN *** [Qs 6d 5c] [Jd]
OnlyLuck111: bets $6
MTails: calls $6
*** RIVER *** [Qs 6d 5c Jd] [Th]
OnlyLuck111: bets $6
MTails: folds
Uncalled bet ($6) returned to OnlyLuck111
OnlyLuck111 collected $35.50 from pot
*** SUMMARY ***
Total pot $36 | Rake $0.50
Board [Qs 6d 5c Jd Th]
Seat 1: OnlyLuck111 (big blind) collected ($35.50)
Seat 2: MTails (button) (small blind) folded on the River


PokerStars Hand #165980669052:  Hold'em Limit ($3/$6 USD) - 2017/02/10 7:41:43 ET
Table 'Mertona II' 6-max Seat #2 is the button
Seat 1: OnlyLuck111 ($165.88 in chips)
Seat 2: MTails ($95.88 in chips)
MTails: posts small blind $1
OnlyLuck111: posts big blind $3
*** HOLE CARDS ***
MTails: raises $3 to $6
OnlyLuck111: folds
Uncalled bet ($3) returned to MTails
MTails collected $6 from pot
*** SUMMARY ***
Total pot $6 | Rake $0
Seat 1: OnlyLuck111 (big blind) folded before Flop
Seat 2: MTails (button) (small blind) collected ($6)


PokerStars Hand #165980655179:  Hold'em Limit ($3/$6 USD) - 2017/02/10 7:41:19 ET
Table 'Mertona II' 6-max Seat #1 is the button
Seat 1: OnlyLuck111 ($148.38 in chips)
Seat 2: MTails ($113.88 in chips)
OnlyLuck111: posts small blind $1
MTails: posts big blind $3
*** HOLE CARDS ***
OnlyLuck111: raises $3 to $6
MTails: calls $3
*** FLOP *** [9d Tc 9s]
MTails: checks
OnlyLuck111: bets $3
MTails: raises $3 to $6
OnlyLuck111: calls $3
*** TURN *** [9d Tc 9s] [4h]
MTails: bets $6
OnlyLuck111: calls $6
*** RIVER *** [9d Tc 9s 4h] [Qs]
MTails: checks
OnlyLuck111: bets $6
MTails: folds
Uncalled bet ($6) returned to OnlyLuck111
OnlyLuck111 collected $35.50 from pot
*** SUMMARY ***
Total pot $36 | Rake $0.50
Board [9d Tc 9s 4h Qs]
Seat 1: OnlyLuck111 (button) (small blind) collected ($35.50)
Seat 2: MTails (big blind) folded on the River


PokerStars Hand #165980697696:  Hold'em Limit ($3/$6 USD) - 2017/02/10 7:42:34 ET
Table 'Mertona II' 6-max Seat #1 is the button
Seat 1: OnlyLuck111 ($123.88 in chips)
Seat 2: MTails ($136.88 in chips)
OnlyLuck111: posts small blind $1
MTails: posts big blind $3
*** HOLE CARDS ***
OnlyLuck111: folds
Uncalled bet ($2) returned to MTails
MTails collected $2 from pot
*** SUMMARY ***
Total pot $2 | Rake $0
Seat 1: OnlyLuck111 (button) (small blind) folded before Flop
Seat 2: MTails (big blind) collected ($2)


PokerStars Hand #165980685769:  Hold'em Limit ($3/$6 USD) - 2017/02/10 7:42:13 ET
Table 'Mertona II' 6-max Seat #2 is the button
Seat 1: OnlyLuck111 ($147.88 in chips)
Seat 2: MTails ($113.38 in chips)
MTails: posts small blind $1
OnlyLuck111: posts big blind $3
*** HOLE CARDS ***
MTails: raises $3 to $6
OnlyLuck111: raises $3 to $9
MTails: calls $3
*** FLOP *** [4s 3h Jd]
OnlyLuck111: bets $3
MTails: calls $3
*** TURN *** [4s 3h Jd] [7c]
OnlyLuck111: bets $6
MTails: raises $6 to $12
OnlyLuck111: calls $6
*** RIVER *** [4s 3h Jd 7c] [8h]
OnlyLuck111: checks
MTails: checks
*** SHOW DOWN ***
OnlyLuck111: shows [Kh Ah] (high card Ace)
MTails: shows [Ks 3c] (a pair of Threes)
MTails collected $47.50 from pot
*** SUMMARY ***
Total pot $48 | Rake $0.50
Board [4s 3h Jd 7c 8h]
Seat 1: OnlyLuck111 (big blind) showed [Kh Ah] and lost with high card Ace
Seat 2: MTails (button) (small blind) showed [Ks 3c] and won ($47.50) with a pair of Threes


PokerStars Hand #165980700619:  Hold'em Limit ($3/$6 USD) - 2017/02/10 7:42:40 ET
Table 'Mertona II' 6-max Seat #2 is the button
Seat 1: OnlyLuck111 ($122.88 in chips)
Seat 2: MTails ($137.88 in chips)
MTails: posts small blind $1
OnlyLuck111: posts big blind $3
*** HOLE CARDS ***
MTails: raises $3 to $6
OnlyLuck111: calls $3
*** FLOP *** [Jh 6d 7c]
OnlyLuck111: checks
MTails: bets $3
OnlyLuck111: calls $3
*** TURN *** [Jh 6d 7c] [Kd]
OnlyLuck111: checks
MTails: checks
*** RIVER *** [Jh 6d 7c Kd] [Qd]
OnlyLuck111: checks
MTails: checks
*** SHOW DOWN ***
OnlyLuck111: shows [3d 5c] (high card King)
MTails: shows [4s 5s] (high card King)
OnlyLuck111 collected $8.82 from pot
MTails collected $8.82 from pot
*** SUMMARY ***
Total pot $18 | Rake $0.36
Board [Jh 6d 7c Kd Qd]
Seat 1: OnlyLuck111 (big blind) showed [3d 5c] and won ($8.82) with high card King
Seat 2: MTails (button) (small blind) showed [4s 5s] and won ($8.82) with high card King


PokerStars Hand #165980672414:  Hold'em Limit ($3/$6 USD) - 2017/02/10 7:41:49 ET
Table 'Mertona II' 6-max Seat #1 is the button
Seat 1: OnlyLuck111 ($162.88 in chips)
Seat 2: MTails ($98.88 in chips)
OnlyLuck111: posts small blind $1
MTails: posts big blind $3
*** HOLE CARDS ***
OnlyLuck111: raises $3 to $6
MTails: calls $3
*** FLOP *** [9h 6d Qc]
MTails: checks
OnlyLuck111: bets $3
MTails: calls $3
*** TURN *** [9h 6d Qc] [4c]
MTails: checks
OnlyLuck111: checks
*** RIVER *** [9h 6d Qc 4c] [3s]
MTails: bets $6
OnlyLuck111: calls $6
*** SHOW DOWN ***
MTails: shows [7s 5c] (a straight, Three to Seven)
OnlyLuck111: mucks hand
MTails collected $29.50 from pot
*** SUMMARY ***
Total pot $30 | Rake $0.50
Board [9h 6d Qc 4c 3s]
Seat 1: OnlyLuck111 (button) (small blind) mucked
Seat 2: MTails (big blind) showed [7s 5c] and won ($29.50) with a straight, Three to Seven


PokerStars Hand #165980725464:  Hold'em Limit ($3/$6 USD) - 2017/02/10 7:43:24 ET
Table 'Mertona II' 6-max Seat #1 is the button
Seat 1: OnlyLuck111 ($145.20 in chips)
Seat 2: MTails ($114.70 in chips)
OnlyLuck111: posts small blind $1
MTails: posts big blind $3
*** HOLE CARDS ***
OnlyLuck111: raises $3 to $6
MTails: calls $3
*** FLOP *** [2h 5s 5d]
MTails: checks
OnlyLuck111: bets $3
MTails: calls $3
*** TURN *** [2h 5s 5d] [2d]
MTails: checks
OnlyLuck111: bets $6
MTails: calls $6
*** RIVER *** [2h 5s 5d 2d] [7s]
MTails: checks
OnlyLuck111: bets $6
MTails: calls $6
*** SHOW DOWN ***
OnlyLuck111: shows [5c Qd] (a full house, Fives full of Deuces)
MTails: mucks hand
OnlyLuck111 collected $41.50 from pot
*** SUMMARY ***
Total pot $42 | Rake $0.50
Board [2h 5s 5d 2d 7s]
Seat 1: OnlyLuck111 (button) (small blind) showed [5c Qd] and won ($41.50) with a full house, Fives full of Deuces
Seat 2: MTails (big blind) mucked


PokerStars Hand #165980738452:  Hold'em Limit ($3/$6 USD) - 2017/02/10 7:43:47 ET
Table 'Mertona II' 6-max Seat #2 is the button
Seat 1: OnlyLuck111 ($165.70 in chips)
Seat 2: MTails ($93.70 in chips)
MTails: posts small blind $1
OnlyLuck111: posts big blind $3
*** HOLE CARDS ***
MTails: raises $3 to $6
OnlyLuck111: calls $3
*** FLOP *** [5d 2s Qc]
OnlyLuck111: checks
MTails: bets $3
OnlyLuck111: folds
Uncalled bet ($3) returned to MTails
MTails collected $11.76 from pot
*** SUMMARY ***
Total pot $12 | Rake $0.24
Board [5d 2s Qc]
Seat 1: OnlyLuck111 (big blind) folded on the Flop
Seat 2: MTails (button) (small blind) collected ($11.76)


PokerStars Hand #165980710708:  Hold'em Limit ($3/$6 USD) - 2017/02/10 7:42:58 ET
Table 'Mertona II' 6-max Seat #1 is the button
Seat 1: OnlyLuck111 ($122.70 in chips)
Seat 2: MTails ($137.70 in chips)
OnlyLuck111: posts small blind $1
MTails: posts big blind $3
*** HOLE CARDS ***
OnlyLuck111: folds
Uncalled bet ($2) returned to MTails
MTails collected $2 from pot
*** SUMMARY ***
Total pot $2 | Rake $0
Seat 1: OnlyLuck111 (button) (small blind) folded before Flop
Seat 2: MTails (big blind) collected ($2)


PokerStars Hand #165980713334:  Hold'em Limit ($3/$6 USD) - 2017/02/10 7:43:02 ET
Table 'Mertona II' 6-max Seat #2 is the button
Seat 1: OnlyLuck111 ($121.70 in chips)
Seat 2: MTails ($138.70 in chips)
MTails: posts small blind $1
OnlyLuck111: posts big blind $3
*** HOLE CARDS ***
MTails: raises $3 to $6
OnlyLuck111: calls $3
*** FLOP *** [4d 9h 5h]
OnlyLuck111: checks
MTails: bets $3
OnlyLuck111: raises $3 to $6
MTails: calls $3
*** TURN *** [4d 9h 5h] [7h]
OnlyLuck111: bets $6
MTails: calls $6
*** RIVER *** [4d 9h 5h 7h] [Qd]
OnlyLuck111: bets $6
MTails: calls $6
*** SHOW DOWN ***
OnlyLuck111: shows [7d 9d] (two pair, Nines and Sevens)
MTails: mucks hand
OnlyLuck111 collected $47.50 from pot
*** SUMMARY ***
Total pot $48 | Rake $0.50
Board [4d 9h 5h 7h Qd]
Seat 1: OnlyLuck111 (big blind) showed [7d 9d] and won ($47.50) with two pair, Nines and Sevens
Seat 2: MTails (button) (small blind) mucked


