PokerStars Hand #147122797267:  Hold'em Limit ($3/$6 USD) - 2016/01/16 4:36:20 ET
Table 'Mertona II' 6-max Seat #6 is the button
Seat 4: MTails ($120 in chips)
Seat 6: WSpieler ($36.20 in chips)
WSpieler: posts small blind $1
MTails: posts big blind $3
*** HOLE CARDS ***
WSpieler: calls $2
MTails: checks
*** FLOP *** [7s 3s 9d]
MTails: checks
kolaz03 joins the table at seat #1
WSpieler: bets $3
MTails: folds
Uncalled bet ($3) returned to WSpieler
WSpieler collected $5.88 from pot
WSpieler: doesn't show hand
*** SUMMARY ***
Total pot $6 | Rake $0.12
Board [7s 3s 9d]
Seat 4: MTails (big blind) folded on the Flop
Seat 6: WSpieler (button) (small blind) collected ($5.88)


PokerStars Hand #147122828234:  Hold'em Limit ($3/$6 USD) - 2016/01/16 4:37:30 ET
Table 'Mertona II' 6-max Seat #6 is the button
Seat 1: kolaz03 ($75 in chips)
Seat 6: WSpieler ($53 in chips)
WSpieler: posts small blind $1
kolaz03: posts big blind $3
*** HOLE CARDS ***
WSpieler: folds
Uncalled bet ($2) returned to kolaz03
kolaz03 collected $2 from pot
kolaz03: doesn't show hand
*** SUMMARY ***
Total pot $2 | Rake $0
Seat 1: kolaz03 (big blind) collected ($2)
Seat 6: WSpieler (button) (small blind) folded before Flop


PokerStars Hand #147122823844:  Hold'em Limit ($3/$6 USD) - 2016/01/16 4:37:20 ET
Table 'Mertona II' 6-max Seat #1 is the button
Seat 1: kolaz03 ($72 in chips)
Seat 6: WSpieler ($56 in chips)
kolaz03: posts small blind $1
MTails: is sitting out
WSpieler: posts big blind $3
*** HOLE CARDS ***
-FilippaT- joins the table at seat #3
MTails leaves the table
grabaz joins the table at seat #5
kolaz03: raises $3 to $6
WSpieler: folds
Uncalled bet ($3) returned to kolaz03
kolaz03 collected $6 from pot
kolaz03: doesn't show hand
*** SUMMARY ***
Total pot $6 | Rake $0
Seat 1: kolaz03 (button) (small blind) collected ($6)
Seat 6: WSpieler (big blind) folded before Flop


PokerStars Hand #147122807706:  Hold'em Limit ($3/$6 USD) - 2016/01/16 4:36:44 ET
Table 'Mertona II' 6-max Seat #4 is the button
Seat 4: MTails ($117 in chips)
Seat 6: WSpieler ($39.08 in chips)
MTails: posts small blind $1
WSpieler: posts big blind $3
*** HOLE CARDS ***
MTails: raises $3 to $6
WSpieler: folds
Uncalled bet ($3) returned to MTails
MTails collected $6 from pot
*** SUMMARY ***
Total pot $6 | Rake $0
Seat 4: MTails (button) (small blind) collected ($6)
Seat 6: WSpieler (big blind) folded before Flop


