PokerStars Hand #149158770093:  Hold'em Limit ($3/$6 USD) - 2016/02/21 1:22:16 ET
Table 'Mertona' 6-max Seat #3 is the button
Seat 3: xcgxcg2005 ($120 in chips)
Seat 4: Agrotait ($72 in chips)
xcgxcg2005: posts small blind $1
Agrotait: posts big blind $3
*** HOLE CARDS ***
xcgxcg2005: raises $3 to $6
Agrotait: folds
Uncalled bet ($3) returned to xcgxcg2005
xcgxcg2005 collected $6 from pot
xcgxcg2005: doesn't show hand
*** SUMMARY ***
Total pot $6 | Rake $0
Seat 3: xcgxcg2005 (button) (small blind) collected ($6)
Seat 4: Agrotait (big blind) folded before Flop


PokerStars Hand #149158773772:  Hold'em Limit ($3/$6 USD) - 2016/02/21 1:22:28 ET
Table 'Mertona' 6-max Seat #4 is the button
Seat 3: xcgxcg2005 ($123 in chips)
Seat 4: Agrotait ($69 in chips)
Agrotait: posts small blind $1
xcgxcg2005: posts big blind $3
*** HOLE CARDS ***
Agrotait: raises $3 to $6
xcgxcg2005: calls $3
*** FLOP *** [5s Kh 3d]
xcgxcg2005: checks
Agrotait: bets $3
xcgxcg2005: calls $3
*** TURN *** [5s Kh 3d] [6s]
xcgxcg2005: checks
Agrotait: bets $6
xcgxcg2005: raises $6 to $12
Agrotait: raises $6 to $18
xcgxcg2005: calls $6
*** RIVER *** [5s Kh 3d 6s] [Qh]
xcgxcg2005: checks
Agrotait: bets $6
xcgxcg2005: folds
Uncalled bet ($6) returned to Agrotait
Agrotait collected $53.50 from pot
Agrotait: doesn't show hand
*** SUMMARY ***
Total pot $54 | Rake $0.50
Board [5s Kh 3d 6s Qh]
Seat 3: xcgxcg2005 (big blind) folded on the River
Seat 4: Agrotait (button) (small blind) collected ($53.50)


PokerStars Hand #149158788836:  Hold'em Limit ($3/$6 USD) - 2016/02/21 1:23:14 ET
Table 'Mertona' 6-max Seat #3 is the button
Seat 3: xcgxcg2005 ($96 in chips)
Seat 4: Agrotait ($95.50 in chips)
xcgxcg2005: posts small blind $1
Agrotait: posts big blind $3
*** HOLE CARDS ***
xcgxcg2005: raises $3 to $6
Agrotait: calls $3
*** FLOP *** [8h Jh Kd]
Agrotait: checks
xcgxcg2005: bets $3
ajmaster333 joins the table at seat #2
Agrotait: calls $3
*** TURN *** [8h Jh Kd] [5c]
Agrotait: checks
skully16 joins the table at seat #5
xcgxcg2005: checks
*** RIVER *** [8h Jh Kd 5c] [5h]
Agrotait: bets $6
xcgxcg2005: folds
Uncalled bet ($6) returned to Agrotait
Agrotait collected $17.64 from pot
Agrotait: doesn't show hand
*** SUMMARY ***
Total pot $18 | Rake $0.36
Board [8h Jh Kd 5c 5h]
Seat 3: xcgxcg2005 (button) (small blind) folded on the River
Seat 4: Agrotait (big blind) collected ($17.64)


PokerStars Hand #149158871787:  Hold'em Limit ($3/$6 USD) - 2016/02/21 1:27:33 ET
Table 'Mertona' 6-max Seat #4 is the button
Seat 2: ajmaster333 ($46.35 in chips)
Seat 4: Agrotait ($106.09 in chips)
Agrotait: posts small blind $1
xcgxcg2005 joins the table at seat #3
ajmaster333: posts big blind $3
*** HOLE CARDS ***
Agrotait: raises $3 to $6
ajmaster333: calls $3
*** FLOP *** [4d As 3s]
ajmaster333: checks
Agrotait: bets $3
ajmaster333: calls $3
*** TURN *** [4d As 3s] [3c]
ajmaster333: checks
Agrotait: checks
*** RIVER *** [4d As 3s 3c] [7d]
ajmaster333: bets $6
Agrotait: folds
Uncalled bet ($6) returned to ajmaster333
ajmaster333 collected $17.64 from pot
ajmaster333: doesn't show hand
*** SUMMARY ***
Total pot $18 | Rake $0.36
Board [4d As 3s 3c 7d]
Seat 2: ajmaster333 (big blind) collected ($17.64)
Seat 4: Agrotait (button) (small blind) folded on the River


PokerStars Hand #149158866240:  Hold'em Limit ($3/$6 USD) - 2016/02/21 1:27:16 ET
Table 'Mertona' 6-max Seat #2 is the button
Seat 2: ajmaster333 ($40.59 in chips)
Seat 4: Agrotait ($112.09 in chips)
ajmaster333: posts small blind $1
Agrotait: posts big blind $3
*** HOLE CARDS ***
ajmaster333: calls $2
Agrotait: checks
*** FLOP *** [6h Jd 6c]
Agrotait: bets $3
ajmaster333: raises $3 to $6
Agrotait: folds
Uncalled bet ($3) returned to ajmaster333
ajmaster333 collected $11.76 from pot
ajmaster333: doesn't show hand
*** SUMMARY ***
Total pot $12 | Rake $0.24
Board [6h Jd 6c]
Seat 2: ajmaster333 (button) (small blind) collected ($11.76)
Seat 4: Agrotait (big blind) folded on the Flop


PokerStars Hand #149159058667:  Hold'em Limit ($3/$6 USD) - 2016/02/21 1:37:20 ET
Table 'Mertona' 6-max Seat #4 is the button
Seat 2: ajmaster333 ($82.13 in chips)
Seat 4: Agrotait ($77.07 in chips)
Agrotait: posts small blind $1
machine998: is sitting out
ajmaster333: posts big blind $3
*** HOLE CARDS ***
Agrotait: folds
Uncalled bet ($2) returned to ajmaster333
machine998 leaves the table
ajmaster333 collected $2 from pot
ajmaster333: doesn't show hand
*** SUMMARY ***
Total pot $2 | Rake $0
Seat 2: ajmaster333 (big blind) collected ($2)
Seat 4: Agrotait (button) (small blind) folded before Flop


PokerStars Hand #149159060448:  Hold'em Limit ($3/$6 USD) - 2016/02/21 1:37:26 ET
Table 'Mertona' 6-max Seat #2 is the button
Seat 2: ajmaster333 ($83.13 in chips)
Seat 4: Agrotait ($76.07 in chips)
ajmaster333: posts small blind $1
Agrotait: posts big blind $3
*** HOLE CARDS ***
ajmaster333: calls $2
Agrotait: checks
*** FLOP *** [8s Ts Ad]
Agrotait: bets $3
ajmaster333: calls $3
*** TURN *** [8s Ts Ad] [6d]
Agrotait: checks
ajmaster333: bets $6
Agrotait: folds
Uncalled bet ($6) returned to ajmaster333
ajmaster333 collected $11.76 from pot
ajmaster333: doesn't show hand
*** SUMMARY ***
Total pot $12 | Rake $0.24
Board [8s Ts Ad 6d]
Seat 2: ajmaster333 (button) (small blind) collected ($11.76)
Seat 4: Agrotait (big blind) folded on the Turn


PokerStars Hand #149159078515:  Hold'em Limit ($3/$6 USD) - 2016/02/21 1:38:22 ET
Table 'Mertona' 6-max Seat #2 is the button
Seat 2: ajmaster333 ($97.53 in chips)
Seat 4: Agrotait ($61.07 in chips)
ajmaster333: posts small blind $1
Agrotait: posts big blind $3
*** HOLE CARDS ***
ajmaster333: folds
Uncalled bet ($2) returned to Agrotait
Agrotait collected $2 from pot
Agrotait: doesn't show hand
*** SUMMARY ***
Total pot $2 | Rake $0
Seat 2: ajmaster333 (button) (small blind) folded before Flop
Seat 4: Agrotait (big blind) collected ($2)


PokerStars Hand #149159070726:  Hold'em Limit ($3/$6 USD) - 2016/02/21 1:37:58 ET
Table 'Mertona' 6-max Seat #4 is the button
Seat 2: ajmaster333 ($88.89 in chips)
Seat 4: Agrotait ($70.07 in chips)
Agrotait: posts small blind $1
ajmaster333: posts big blind $3
*** HOLE CARDS ***
Agrotait: raises $3 to $6
ajmaster333: calls $3
*** FLOP *** [Ks 9h Td]
ajmaster333: checks
Agrotait: bets $3
ajmaster333: calls $3
*** TURN *** [Ks 9h Td] [Qc]
ajmaster333: checks
Agrotait: checks
*** RIVER *** [Ks 9h Td Qc] [7h]
ajmaster333: bets $6
Agrotait: folds
Uncalled bet ($6) returned to ajmaster333
ajmaster333 collected $17.64 from pot
ajmaster333: doesn't show hand
*** SUMMARY ***
Total pot $18 | Rake $0.36
Board [Ks 9h Td Qc 7h]
Seat 2: ajmaster333 (big blind) collected ($17.64)
Seat 4: Agrotait (button) (small blind) folded on the River


PokerStars Hand #149159080167:  Hold'em Limit ($3/$6 USD) - 2016/02/21 1:38:27 ET
Table 'Mertona' 6-max Seat #4 is the button
Seat 2: ajmaster333 ($96.53 in chips)
Seat 4: Agrotait ($62.07 in chips)
Agrotait: posts small blind $1
ajmaster333: posts big blind $3
*** HOLE CARDS ***
Agrotait: folds
Uncalled bet ($2) returned to ajmaster333
ajmaster333 collected $2 from pot
ajmaster333: doesn't show hand
*** SUMMARY ***
Total pot $2 | Rake $0
Seat 2: ajmaster333 (big blind) collected ($2)
Seat 4: Agrotait (button) (small blind) folded before Flop


PokerStars Hand #149159081725:  Hold'em Limit ($3/$6 USD) - 2016/02/21 1:38:32 ET
Table 'Mertona' 6-max Seat #2 is the button
Seat 2: ajmaster333 ($97.53 in chips)
Seat 4: Agrotait ($61.07 in chips)
ajmaster333: posts small blind $1
Agrotait: posts big blind $3
*** HOLE CARDS ***
ajmaster333: calls $2
Agrotait: raises $3 to $6
ajmaster333: calls $3
*** FLOP *** [7c Jc 6h]
Agrotait: bets $3
ajmaster333: calls $3
*** TURN *** [7c Jc 6h] [8s]
Agrotait: bets $6
ajmaster333: calls $6
*** RIVER *** [7c Jc 6h 8s] [5h]
Agrotait: bets $6
ajmaster333: calls $6
*** SHOW DOWN ***
Agrotait: shows [4h 4c] (a straight, Four to Eight)
ajmaster333: mucks hand
Agrotait collected $41.50 from pot
*** SUMMARY ***
Total pot $42 | Rake $0.50
Board [7c Jc 6h 8s 5h]
Seat 2: ajmaster333 (button) (small blind) mucked
Seat 4: Agrotait (big blind) showed [4h 4c] and won ($41.50) with a straight, Four to Eight


PokerStars Hand #149159107819:  Hold'em Limit ($3/$6 USD) - 2016/02/21 1:39:52 ET
Table 'Mertona' 6-max Seat #2 is the button
Seat 2: ajmaster333 ($70.53 in chips)
Seat 4: Agrotait ($87.33 in chips)
ajmaster333: posts small blind $1
Agrotait: posts big blind $3
*** HOLE CARDS ***
ajmaster333: folds
Uncalled bet ($2) returned to Agrotait
Agrotait collected $2 from pot
Agrotait: doesn't show hand
*** SUMMARY ***
Total pot $2 | Rake $0
Seat 2: ajmaster333 (button) (small blind) folded before Flop
Seat 4: Agrotait (big blind) collected ($2)


PokerStars Hand #149159091265:  Hold'em Limit ($3/$6 USD) - 2016/02/21 1:39:01 ET
Table 'Mertona' 6-max Seat #4 is the button
Seat 2: ajmaster333 ($76.53 in chips)
Seat 4: Agrotait ($81.57 in chips)
Agrotait: posts small blind $1
ajmaster333: posts big blind $3
*** HOLE CARDS ***
Agrotait: raises $3 to $6
ajmaster333: calls $3
*** FLOP *** [8d Ks As]
ajmaster333: checks
Agrotait: bets $3
ajmaster333: folds
Uncalled bet ($3) returned to Agrotait
Agrotait collected $11.76 from pot
Agrotait: doesn't show hand
*** SUMMARY ***
Total pot $12 | Rake $0.24
Board [8d Ks As]
Seat 2: ajmaster333 (big blind) folded on the Flop
Seat 4: Agrotait (button) (small blind) collected ($11.76)


PokerStars Hand #149159119022:  Hold'em Limit ($3/$6 USD) - 2016/02/21 1:40:27 ET
Table 'Mertona' 6-max Seat #2 is the button
Seat 2: ajmaster333 ($73.29 in chips)
Seat 4: Agrotait ($84.33 in chips)
ajmaster333: posts small blind $1
Agrotait: posts big blind $3
*** HOLE CARDS ***
ajmaster333: raises $3 to $6
Agrotait: raises $3 to $9
ajmaster333: calls $3
*** FLOP *** [5c Qs Ts]
Agrotait: bets $3
ajmaster333: calls $3
*** TURN *** [5c Qs Ts] [4h]
Agrotait: bets $6
ajmaster333: calls $6
*** RIVER *** [5c Qs Ts 4h] [8s]
Agrotait: checks
ajmaster333: bets $6
Agrotait: calls $6
*** SHOW DOWN ***
ajmaster333: shows [8d 9s] (a pair of Eights)
Agrotait: shows [9c 9h] (a pair of Nines)
Agrotait collected $47.50 from pot
*** SUMMARY ***
Total pot $48 | Rake $0.50
Board [5c Qs Ts 4h 8s]
Seat 2: ajmaster333 (button) (small blind) showed [8d 9s] and lost with a pair of Eights
Seat 4: Agrotait (big blind) showed [9c 9h] and won ($47.50) with a pair of Nines


PokerStars Hand #149159109936:  Hold'em Limit ($3/$6 USD) - 2016/02/21 1:39:59 ET
Table 'Mertona' 6-max Seat #4 is the button
Seat 2: ajmaster333 ($69.53 in chips)
Seat 4: Agrotait ($88.33 in chips)
Agrotait: posts small blind $1
ajmaster333: posts big blind $3
*** HOLE CARDS ***
Agrotait: raises $3 to $6
ajmaster333: folds
Uncalled bet ($3) returned to Agrotait
Agrotait collected $6 from pot
Agrotait: doesn't show hand
*** SUMMARY ***
Total pot $6 | Rake $0
Seat 2: ajmaster333 (big blind) folded before Flop
Seat 4: Agrotait (button) (small blind) collected ($6)


PokerStars Hand #149159117446:  Hold'em Limit ($3/$6 USD) - 2016/02/21 1:40:22 ET
Table 'Mertona' 6-max Seat #4 is the button
Seat 2: ajmaster333 ($72.29 in chips)
Seat 4: Agrotait ($85.33 in chips)
Agrotait: posts small blind $1
ajmaster333: posts big blind $3
*** HOLE CARDS ***
Agrotait: folds
Uncalled bet ($2) returned to ajmaster333
ajmaster333 collected $2 from pot
ajmaster333: doesn't show hand
*** SUMMARY ***
Total pot $2 | Rake $0
Seat 2: ajmaster333 (big blind) collected ($2)
Seat 4: Agrotait (button) (small blind) folded before Flop


PokerStars Hand #149159112731:  Hold'em Limit ($3/$6 USD) - 2016/02/21 1:40:08 ET
Table 'Mertona' 6-max Seat #2 is the button
Seat 2: ajmaster333 ($66.53 in chips)
Seat 4: Agrotait ($91.33 in chips)
ajmaster333: posts small blind $1
Agrotait: posts big blind $3
*** HOLE CARDS ***
ajmaster333: raises $3 to $6
Agrotait: calls $3
*** FLOP *** [2c 2h Ks]
Agrotait: checks
ajmaster333: bets $3
Agrotait: folds
Uncalled bet ($3) returned to ajmaster333
ajmaster333 collected $11.76 from pot
ajmaster333: doesn't show hand
*** SUMMARY ***
Total pot $12 | Rake $0.24
Board [2c 2h Ks]
Seat 2: ajmaster333 (button) (small blind) collected ($11.76)
Seat 4: Agrotait (big blind) folded on the Flop


PokerStars Hand #149159126136:  Hold'em Limit ($3/$6 USD) - 2016/02/21 1:40:49 ET
Table 'Mertona' 6-max Seat #4 is the button
Seat 2: ajmaster333 ($49.29 in chips)
Seat 4: Agrotait ($107.83 in chips)
Agrotait: posts small blind $1
ajmaster333: posts big blind $3
*** HOLE CARDS ***
Agrotait: raises $3 to $6
ajmaster333: calls $3
*** FLOP *** [Ad Tc 6s]
ajmaster333: checks
Agrotait: bets $3
ajmaster333: folds
Uncalled bet ($3) returned to Agrotait
Agrotait collected $11.76 from pot
Agrotait: doesn't show hand
*** SUMMARY ***
Total pot $12 | Rake $0.24
Board [Ad Tc 6s]
Seat 2: ajmaster333 (big blind) folded on the Flop
Seat 4: Agrotait (button) (small blind) collected ($11.76)


PokerStars Hand #149159162164:  Hold'em Limit ($3/$6 USD) - 2016/02/21 1:42:39 ET
Table 'Mertona' 6-max Seat #4 is the button
Seat 2: ajmaster333 ($75.43 in chips)
Seat 4: Agrotait ($80.47 in chips)
Agrotait: posts small blind $1
ajmaster333: posts big blind $3
*** HOLE CARDS ***
Agrotait: raises $3 to $6
ajmaster333: calls $3
*** FLOP *** [2h 8h 3h]
ajmaster333: checks
Agrotait: bets $3
ajmaster333: raises $3 to $6
Agrotait: folds
Uncalled bet ($3) returned to ajmaster333
ajmaster333 collected $17.64 from pot
ajmaster333: doesn't show hand
*** SUMMARY ***
Total pot $18 | Rake $0.36
Board [2h 8h 3h]
Seat 2: ajmaster333 (big blind) collected ($17.64)
Seat 4: Agrotait (button) (small blind) folded on the Flop


PokerStars Hand #149159134844:  Hold'em Limit ($3/$6 USD) - 2016/02/21 1:41:16 ET
Table 'Mertona' 6-max Seat #2 is the button
Seat 2: ajmaster333 ($43.29 in chips)
Seat 4: Agrotait ($113.59 in chips)
ajmaster333: posts small blind $1
Agrotait: posts big blind $3
*** HOLE CARDS ***
ajmaster333: calls $2
Agrotait: raises $3 to $6
ajmaster333: calls $3
*** FLOP *** [8h 3h 2s]
Agrotait: bets $3
ajmaster333: calls $3
*** TURN *** [8h 3h 2s] [9c]
Agrotait: bets $6
ajmaster333: calls $6
*** RIVER *** [8h 3h 2s 9c] [Qc]
Agrotait: bets $6
ajmaster333: raises $6 to $12
Agrotait: calls $6
*** SHOW DOWN ***
ajmaster333: shows [3s Qd] (two pair, Queens and Threes)
Agrotait: mucks hand
ajmaster333 collected $53.50 from pot
*** SUMMARY ***
Total pot $54 | Rake $0.50
Board [8h 3h 2s 9c Qc]
Seat 2: ajmaster333 (button) (small blind) showed [3s Qd] and won ($53.50) with two pair, Queens and Threes
Seat 4: Agrotait (big blind) mucked


PokerStars Hand #149159151232:  Hold'em Limit ($3/$6 USD) - 2016/02/21 1:42:06 ET
Table 'Mertona' 6-max Seat #4 is the button
Seat 2: ajmaster333 ($69.79 in chips)
Seat 4: Agrotait ($86.59 in chips)
Agrotait: posts small blind $1
ajmaster333: posts big blind $3
*** HOLE CARDS ***
Agrotait: raises $3 to $6
ajmaster333: calls $3
*** FLOP *** [2h 3c Kc]
ajmaster333: checks
Agrotait: bets $3
ajmaster333: raises $3 to $6
Agrotait: folds
Uncalled bet ($3) returned to ajmaster333
ajmaster333 collected $17.64 from pot
ajmaster333: doesn't show hand
*** SUMMARY ***
Total pot $18 | Rake $0.36
Board [2h 3c Kc]
Seat 2: ajmaster333 (big blind) collected ($17.64)
Seat 4: Agrotait (button) (small blind) folded on the Flop


PokerStars Hand #149159158587:  Hold'em Limit ($3/$6 USD) - 2016/02/21 1:42:28 ET
Table 'Mertona' 6-max Seat #2 is the button
Seat 2: ajmaster333 ($78.43 in chips)
Seat 4: Agrotait ($77.59 in chips)
ajmaster333: posts small blind $1
Agrotait: posts big blind $3
*** HOLE CARDS ***
ajmaster333: calls $2
Agrotait: checks
*** FLOP *** [2d 6s 8d]
Agrotait: bets $3
ajmaster333: folds
Uncalled bet ($3) returned to Agrotait
Agrotait collected $5.88 from pot
Agrotait: doesn't show hand
*** SUMMARY ***
Total pot $6 | Rake $0.12
Board [2d 6s 8d]
Seat 2: ajmaster333 (button) (small blind) folded on the Flop
Seat 4: Agrotait (big blind) collected ($5.88)


PokerStars Hand #149159181668:  Hold'em Limit ($3/$6 USD) - 2016/02/21 1:43:39 ET
Table 'Mertona' 6-max Seat #2 is the button
Seat 2: ajmaster333 ($116.21 in chips)
Seat 4: Agrotait ($63 in chips)
ajmaster333: posts small blind $1
Agrotait: posts big blind $3
*** HOLE CARDS ***
ajmaster333: folds
Uncalled bet ($2) returned to Agrotait
Agrotait collected $2 from pot
Agrotait: doesn't show hand
*** SUMMARY ***
Total pot $2 | Rake $0
Seat 2: ajmaster333 (button) (small blind) folded before Flop
Seat 4: Agrotait (big blind) collected ($2)


PokerStars Hand #149159166680:  Hold'em Limit ($3/$6 USD) - 2016/02/21 1:42:53 ET
Table 'Mertona' 6-max Seat #2 is the button
Seat 2: ajmaster333 ($84.07 in chips)
Seat 4: Agrotait ($71.47 in chips)
ajmaster333: posts small blind $1
Agrotait: posts big blind $3
*** HOLE CARDS ***
ajmaster333: raises $3 to $6
Agrotait: calls $3
*** FLOP *** [9h 4c Kc]
Agrotait: checks
ajmaster333: bets $3
Agrotait: raises $3 to $6
ajmaster333: calls $3
*** TURN *** [9h 4c Kc] [Ah]
Agrotait: checks
ajmaster333: bets $6
Agrotait: calls $6
*** RIVER *** [9h 4c Kc Ah] [Jd]
Agrotait: checks
ajmaster333: bets $6
Agrotait: calls $6
*** SHOW DOWN ***
ajmaster333: shows [Ts Kh] (a pair of Kings)
Agrotait: mucks hand
ajmaster333 collected $47.50 from pot
*** SUMMARY ***
Total pot $48 | Rake $0.50
Board [9h 4c Kc Ah Jd]
Seat 2: ajmaster333 (button) (small blind) showed [Ts Kh] and won ($47.50) with a pair of Kings
Seat 4: Agrotait (big blind) mucked


PokerStars Hand #149159183391:  Hold'em Limit ($3/$6 USD) - 2016/02/21 1:43:45 ET
Table 'Mertona' 6-max Seat #4 is the button
Seat 2: ajmaster333 ($115.21 in chips)
Seat 4: Agrotait ($64 in chips)
Agrotait: posts small blind $1
ajmaster333: posts big blind $3
*** HOLE CARDS ***
Agrotait: raises $3 to $6
ajmaster333: calls $3
*** FLOP *** [7c 9s 5c]
ajmaster333: checks
Agrotait: checks
*** TURN *** [7c 9s 5c] [As]
ajmaster333: bets $6
Agrotait: calls $6
*** RIVER *** [7c 9s 5c As] [3c]
ajmaster333: bets $6
Agrotait: folds
Uncalled bet ($6) returned to ajmaster333
ajmaster333 collected $23.52 from pot
ajmaster333: doesn't show hand
*** SUMMARY ***
Total pot $24 | Rake $0.48
Board [7c 9s 5c As 3c]
Seat 2: ajmaster333 (big blind) collected ($23.52)
Seat 4: Agrotait (button) (small blind) folded on the River


PokerStars Hand #149159191005:  Hold'em Limit ($3/$6 USD) - 2016/02/21 1:44:09 ET
Table 'Mertona' 6-max Seat #2 is the button
Seat 2: ajmaster333 ($126.73 in chips)
Seat 4: Agrotait ($72 in chips)
ajmaster333: posts small blind $1
Agrotait: posts big blind $3
*** HOLE CARDS ***
ajmaster333: raises $3 to $6
Agrotait: calls $3
*** FLOP *** [7d 8h 5h]
Agrotait: checks
ajmaster333: checks
*** TURN *** [7d 8h 5h] [Kh]
Agrotait: bets $6
ajmaster333: calls $6
*** RIVER *** [7d 8h 5h Kh] [Ks]
Agrotait: checks
ajmaster333: bets $6
Agrotait: calls $6
*** SHOW DOWN ***
ajmaster333: shows [Kc Ac] (three of a kind, Kings)
Agrotait: mucks hand
ajmaster333 collected $35.50 from pot
*** SUMMARY ***
Total pot $36 | Rake $0.50
Board [7d 8h 5h Kh Ks]
Seat 2: ajmaster333 (button) (small blind) showed [Kc Ac] and won ($35.50) with three of a kind, Kings
Seat 4: Agrotait (big blind) mucked


