PokerStars Hand #146836289734:  Hold'em Limit ($3/$6 USD) - 2016/01/10 21:24:09 ET
Table 'Mesarthim' 10-max Seat #2 is the button
Seat 2: Brama Br ($156 in chips)
Seat 5: SmellyToes4u ($83 in chips)
Brama Br: posts small blind $1
SmellyToes4u: posts big blind $3
*** HOLE CARDS ***
Brama Br: folds
Uncalled bet ($2) returned to SmellyToes4u
SmellyToes4u collected $2 from pot
SmellyToes4u: doesn't show hand
*** SUMMARY ***
Total pot $2 | Rake $0
Seat 2: Brama Br (button) (small blind) folded before Flop
Seat 5: SmellyToes4u (big blind) collected ($2)


PokerStars Hand #146836292657:  Hold'em Limit ($3/$6 USD) - 2016/01/10 21:24:15 ET
Table 'Mesarthim' 10-max Seat #5 is the button
Seat 2: Brama Br ($155 in chips)
Seat 5: SmellyToes4u ($84 in chips)
SmellyToes4u: posts small blind $1
Brama Br: posts big blind $3
*** HOLE CARDS ***
SmellyToes4u: raises $3 to $6
Brama Br: calls $3
*** FLOP *** [Td 4d 5s]
Brama Br: checks
SmellyToes4u: bets $3
Brama Br: calls $3
*** TURN *** [Td 4d 5s] [8c]
Brama Br: checks
SmellyToes4u: bets $6
Brama Br: calls $6
*** RIVER *** [Td 4d 5s 8c] [5d]
Brama Br: bets $6
SmellyToes4u: calls $6
*** SHOW DOWN ***
Brama Br: shows [7s Jc] (a pair of Fives)
SmellyToes4u: shows [8s 4s] (two pair, Eights and Fives)
SmellyToes4u collected $41.50 from pot
*** SUMMARY ***
Total pot $42 | Rake $0.50
Board [Td 4d 5s 8c 5d]
Seat 2: Brama Br (big blind) showed [7s Jc] and lost with a pair of Fives
Seat 5: SmellyToes4u (button) (small blind) showed [8s 4s] and won ($41.50) with two pair, Eights and Fives


PokerStars Hand #146836276131:  Hold'em Limit ($3/$6 USD) - 2016/01/10 21:23:40 ET
Table 'Mesarthim' 10-max Seat #5 is the button
Seat 2: Brama Br ($143.50 in chips)
Seat 5: SmellyToes4u ($96 in chips)
SmellyToes4u: posts small blind $1
Brama Br: posts big blind $3
*** HOLE CARDS ***
SmellyToes4u: raises $3 to $6
Brama Br: folds
Uncalled bet ($3) returned to SmellyToes4u
SmellyToes4u collected $6 from pot
SmellyToes4u: doesn't show hand
*** SUMMARY ***
Total pot $6 | Rake $0
Seat 2: Brama Br (big blind) folded before Flop
Seat 5: SmellyToes4u (button) (small blind) collected ($6)


PokerStars Hand #146836262588:  Hold'em Limit ($3/$6 USD) - 2016/01/10 21:23:11 ET
Table 'Mesarthim' 10-max Seat #2 is the button
Seat 2: Brama Br ($120 in chips)
Seat 5: SmellyToes4u ($120 in chips)
Brama Br: posts small blind $1
SmellyToes4u: posts big blind $3
*** HOLE CARDS ***
Brama Br: raises $3 to $6
SmellyToes4u: calls $3
*** FLOP *** [2c 7s 6d]
SmellyToes4u: checks
Brama Br: bets $3
SmellyToes4u: raises $3 to $6
Brama Br: calls $3
*** TURN *** [2c 7s 6d] [Qh]
SmellyToes4u: bets $6
Brama Br: calls $6
*** RIVER *** [2c 7s 6d Qh] [2d]
SmellyToes4u: bets $6
Brama Br: calls $6
*** SHOW DOWN ***
SmellyToes4u: shows [3c 5d] (a pair of Deuces)
Brama Br: shows [6c Ts] (two pair, Sixes and Deuces)
Brama Br collected $47.50 from pot
*** SUMMARY ***
Total pot $48 | Rake $0.50
Board [2c 7s 6d Qh 2d]
Seat 2: Brama Br (button) (small blind) showed [6c Ts] and won ($47.50) with two pair, Sixes and Deuces
Seat 5: SmellyToes4u (big blind) showed [3c 5d] and lost with a pair of Deuces


PokerStars Hand #146836286845:  Hold'em Limit ($3/$6 USD) - 2016/01/10 21:24:02 ET
Table 'Mesarthim' 10-max Seat #5 is the button
Seat 2: Brama Br ($155 in chips)
Seat 5: SmellyToes4u ($84 in chips)
SmellyToes4u: posts small blind $1
Brama Br: posts big blind $3
*** HOLE CARDS ***
SmellyToes4u: folds
Uncalled bet ($2) returned to Brama Br
Brama Br collected $2 from pot
Brama Br: doesn't show hand
*** SUMMARY ***
Total pot $2 | Rake $0
Seat 2: Brama Br (big blind) collected ($2)
Seat 5: SmellyToes4u (button) (small blind) folded before Flop


PokerStars Hand #146836278878:  Hold'em Limit ($3/$6 USD) - 2016/01/10 21:23:46 ET
Table 'Mesarthim' 10-max Seat #2 is the button
Seat 2: Brama Br ($140.50 in chips)
Seat 5: SmellyToes4u ($99 in chips)
Brama Br: posts small blind $1
SmellyToes4u: posts big blind $3
*** HOLE CARDS ***
Brama Br: raises $3 to $6
SmellyToes4u: calls $3
*** FLOP *** [7d 4h 3d]
SmellyToes4u: checks
Brama Br: bets $3
SmellyToes4u: calls $3
*** TURN *** [7d 4h 3d] [Td]
SmellyToes4u: checks
Brama Br: checks
*** RIVER *** [7d 4h 3d Td] [8c]
SmellyToes4u: checks
Brama Br: bets $6
SmellyToes4u: calls $6
*** SHOW DOWN ***
Brama Br: shows [5s 4d] (a pair of Fours)
SmellyToes4u: mucks hand
Brama Br collected $29.50 from pot
*** SUMMARY ***
Total pot $30 | Rake $0.50
Board [7d 4h 3d Td 8c]
Seat 2: Brama Br (button) (small blind) showed [5s 4d] and won ($29.50) with a pair of Fours
Seat 5: SmellyToes4u (big blind) mucked


PokerStars Hand #146836320918:  Hold'em Limit ($3/$6 USD) - 2016/01/10 21:25:15 ET
Table 'Mesarthim' 10-max Seat #5 is the button
Seat 2: Brama Br ($80 in chips)
Seat 5: SmellyToes4u ($157.50 in chips)
SmellyToes4u: posts small blind $1
Brama Br: posts big blind $3
*** HOLE CARDS ***
SmellyToes4u: folds
Uncalled bet ($2) returned to Brama Br
Brama Br collected $2 from pot
Brama Br: doesn't show hand
*** SUMMARY ***
Total pot $2 | Rake $0
Seat 2: Brama Br (big blind) collected ($2)
Seat 5: SmellyToes4u (button) (small blind) folded before Flop


PokerStars Hand #146836318113:  Hold'em Limit ($3/$6 USD) - 2016/01/10 21:25:09 ET
Table 'Mesarthim' 10-max Seat #2 is the button
Seat 2: Brama Br ($77 in chips)
Seat 5: SmellyToes4u ($160.50 in chips)
Brama Br: posts small blind $1
SmellyToes4u: posts big blind $3
*** HOLE CARDS ***
Brama Br: raises $3 to $6
SmellyToes4u: folds
Uncalled bet ($3) returned to Brama Br
Brama Br collected $6 from pot
Brama Br: doesn't show hand
*** SUMMARY ***
Total pot $6 | Rake $0
Seat 2: Brama Br (button) (small blind) collected ($6)
Seat 5: SmellyToes4u (big blind) folded before Flop


PokerStars Hand #146836309638:  Hold'em Limit ($3/$6 USD) - 2016/01/10 21:24:51 ET
Table 'Mesarthim' 10-max Seat #5 is the button
Seat 2: Brama Br ($107 in chips)
Seat 5: SmellyToes4u ($131 in chips)
SmellyToes4u: posts small blind $1
Brama Br: posts big blind $3
*** HOLE CARDS ***
SmellyToes4u: raises $3 to $6
Brama Br: raises $3 to $9
SmellyToes4u: calls $3
*** FLOP *** [3s 4d 9c]
Brama Br: bets $3
SmellyToes4u: calls $3
*** TURN *** [3s 4d 9c] [9h]
Brama Br: bets $6
SmellyToes4u: raises $6 to $12
Brama Br: calls $6
*** RIVER *** [3s 4d 9c 9h] [3c]
Brama Br: checks
SmellyToes4u: bets $6
Brama Br: calls $6
*** SHOW DOWN ***
SmellyToes4u: shows [9s Qh] (a full house, Nines full of Threes)
Brama Br: mucks hand
SmellyToes4u collected $59.50 from pot
*** SUMMARY ***
Total pot $60 | Rake $0.50
Board [3s 4d 9c 9h 3c]
Seat 2: Brama Br (big blind) mucked
Seat 5: SmellyToes4u (button) (small blind) showed [9s Qh] and won ($59.50) with a full house, Nines full of Threes


PokerStars Hand #146836300654:  Hold'em Limit ($3/$6 USD) - 2016/01/10 21:24:32 ET
Table 'Mesarthim' 10-max Seat #2 is the button
Seat 2: Brama Br ($134 in chips)
Seat 5: SmellyToes4u ($104.50 in chips)
Brama Br: posts small blind $1
SmellyToes4u: posts big blind $3
*** HOLE CARDS ***
Brama Br: raises $3 to $6
SmellyToes4u: calls $3
*** FLOP *** [Th 3s Kh]
SmellyToes4u: checks
Brama Br: bets $3
SmellyToes4u: calls $3
*** TURN *** [Th 3s Kh] [8c]
SmellyToes4u: checks
Brama Br: bets $6
SmellyToes4u: raises $6 to $12
Brama Br: calls $6
*** RIVER *** [Th 3s Kh 8c] [5c]
SmellyToes4u: bets $6
Brama Br: calls $6
*** SHOW DOWN ***
SmellyToes4u: shows [Kc 9d] (a pair of Kings)
Brama Br: mucks hand
SmellyToes4u collected $53.50 from pot
*** SUMMARY ***
Total pot $54 | Rake $0.50
Board [Th 3s Kh 8c 5c]
Seat 2: Brama Br (button) (small blind) mucked
Seat 5: SmellyToes4u (big blind) showed [Kc 9d] and won ($53.50) with a pair of Kings


PokerStars Hand #146836323274:  Hold'em Limit ($3/$6 USD) - 2016/01/10 21:25:20 ET
Table 'Mesarthim' 10-max Seat #2 is the button
Seat 2: Brama Br ($81 in chips)
Seat 5: SmellyToes4u ($156.50 in chips)
Brama Br: posts small blind $1
SmellyToes4u: posts big blind $3
*** HOLE CARDS ***
Brama Br: raises $3 to $6
SmellyToes4u: raises $3 to $9
Brama Br: calls $3
*** FLOP *** [Js 4c 6d]
SmellyToes4u: bets $3
Brama Br: calls $3
*** TURN *** [Js 4c 6d] [8h]
SmellyToes4u: checks
Brama Br: checks
*** RIVER *** [Js 4c 6d 8h] [9h]
SmellyToes4u: checks
Brama Br: checks
*** SHOW DOWN ***
SmellyToes4u: shows [Qd Td] (a straight, Eight to Queen)
Brama Br: mucks hand
SmellyToes4u collected $23.52 from pot
*** SUMMARY ***
Total pot $24 | Rake $0.48
Board [Js 4c 6d 8h 9h]
Seat 2: Brama Br (button) (small blind) mucked
Seat 5: SmellyToes4u (big blind) showed [Qd Td] and won ($23.52) with a straight, Eight to Queen


PokerStars Hand #146836357393:  Hold'em Limit ($3/$6 USD) - 2016/01/10 21:26:34 ET
Table 'Mesarthim' 10-max Seat #5 is the button
Seat 2: Brama Br ($81.40 in chips)
Seat 5: SmellyToes4u ($155.02 in chips)
SmellyToes4u: posts small blind $1
Brama Br: posts big blind $3
*** HOLE CARDS ***
SmellyToes4u: folds
Uncalled bet ($2) returned to Brama Br
Brama Br collected $2 from pot
Brama Br: doesn't show hand
*** SUMMARY ***
Total pot $2 | Rake $0
Seat 2: Brama Br (big blind) collected ($2)
Seat 5: SmellyToes4u (button) (small blind) folded before Flop


PokerStars Hand #146836355050:  Hold'em Limit ($3/$6 USD) - 2016/01/10 21:26:28 ET
Table 'Mesarthim' 10-max Seat #2 is the button
Seat 2: Brama Br ($82.40 in chips)
Seat 5: SmellyToes4u ($154.02 in chips)
Brama Br: posts small blind $1
SmellyToes4u: posts big blind $3
*** HOLE CARDS ***
Brama Br: folds
Uncalled bet ($2) returned to SmellyToes4u
SmellyToes4u collected $2 from pot
SmellyToes4u: doesn't show hand
*** SUMMARY ***
Total pot $2 | Rake $0
Seat 2: Brama Br (button) (small blind) folded before Flop
Seat 5: SmellyToes4u (big blind) collected ($2)


PokerStars Hand #146836352666:  Hold'em Limit ($3/$6 USD) - 2016/01/10 21:26:23 ET
Table 'Mesarthim' 10-max Seat #5 is the button
Seat 2: Brama Br ($81.40 in chips)
Seat 5: SmellyToes4u ($155.02 in chips)
SmellyToes4u: posts small blind $1
Brama Br: posts big blind $3
*** HOLE CARDS ***
SmellyToes4u: folds
Uncalled bet ($2) returned to Brama Br
Brama Br collected $2 from pot
Brama Br: doesn't show hand
*** SUMMARY ***
Total pot $2 | Rake $0
Seat 2: Brama Br (big blind) collected ($2)
Seat 5: SmellyToes4u (button) (small blind) folded before Flop


PokerStars Hand #146836345621:  Hold'em Limit ($3/$6 USD) - 2016/01/10 21:26:08 ET
Table 'Mesarthim' 10-max Seat #2 is the button
Seat 2: Brama Br ($75.64 in chips)
Seat 5: SmellyToes4u ($161.02 in chips)
Brama Br: posts small blind $1
SmellyToes4u: posts big blind $3
*** HOLE CARDS ***
Brama Br: raises $3 to $6
SmellyToes4u: calls $3
*** FLOP *** [As Tc Jd]
SmellyToes4u: checks
Brama Br: bets $3
SmellyToes4u: folds
Uncalled bet ($3) returned to Brama Br
Brama Br collected $11.76 from pot
Brama Br: doesn't show hand
*** SUMMARY ***
Total pot $12 | Rake $0.24
Board [As Tc Jd]
Seat 2: Brama Br (button) (small blind) collected ($11.76)
Seat 5: SmellyToes4u (big blind) folded on the Flop


PokerStars Hand #146836340548:  Hold'em Limit ($3/$6 USD) - 2016/01/10 21:25:57 ET
Table 'Mesarthim' 10-max Seat #5 is the button
Seat 2: Brama Br ($78.64 in chips)
Seat 5: SmellyToes4u ($158.02 in chips)
SmellyToes4u: posts small blind $1
Brama Br: posts big blind $3
*** HOLE CARDS ***
SmellyToes4u: raises $3 to $6
Brama Br: folds
Uncalled bet ($3) returned to SmellyToes4u
SmellyToes4u collected $6 from pot
SmellyToes4u: doesn't show hand
*** SUMMARY ***
Total pot $6 | Rake $0
Seat 2: Brama Br (big blind) folded before Flop
Seat 5: SmellyToes4u (button) (small blind) collected ($6)


PokerStars Hand #146836333889:  Hold'em Limit ($3/$6 USD) - 2016/01/10 21:25:43 ET
Table 'Mesarthim' 10-max Seat #2 is the button
Seat 2: Brama Br ($70 in chips)
Seat 5: SmellyToes4u ($167.02 in chips)
Brama Br: posts small blind $1
SmellyToes4u: posts big blind $3
*** HOLE CARDS ***
Brama Br: raises $3 to $6
SmellyToes4u: calls $3
*** FLOP *** [Ks Th 9c]
SmellyToes4u: checks
Brama Br: bets $3
SmellyToes4u: calls $3
*** TURN *** [Ks Th 9c] [Ac]
SmellyToes4u: checks
Brama Br: bets $6
SmellyToes4u: folds
Uncalled bet ($6) returned to Brama Br
Brama Br collected $17.64 from pot
Brama Br: doesn't show hand
*** SUMMARY ***
Total pot $18 | Rake $0.36
Board [Ks Th 9c Ac]
Seat 2: Brama Br (button) (small blind) collected ($17.64)
Seat 5: SmellyToes4u (big blind) folded on the Turn


PokerStars Hand #146836331557:  Hold'em Limit ($3/$6 USD) - 2016/01/10 21:25:38 ET
Table 'Mesarthim' 10-max Seat #5 is the button
Seat 2: Brama Br ($69 in chips)
Seat 5: SmellyToes4u ($168.02 in chips)
SmellyToes4u: posts small blind $1
Brama Br: posts big blind $3
*** HOLE CARDS ***
SmellyToes4u: folds
Uncalled bet ($2) returned to Brama Br
Brama Br collected $2 from pot
Brama Br: doesn't show hand
*** SUMMARY ***
Total pot $2 | Rake $0
Seat 2: Brama Br (big blind) collected ($2)
Seat 5: SmellyToes4u (button) (small blind) folded before Flop


PokerStars Hand #146836376743:  Hold'em Limit ($3/$6 USD) - 2016/01/10 21:27:15 ET
Table 'Mesarthim' 10-max Seat #2 is the button
Seat 2: Brama Br ($106.56 in chips)
Seat 5: SmellyToes4u ($129.02 in chips)
Brama Br: posts small blind $1
SmellyToes4u: posts big blind $3
*** HOLE CARDS ***
Brama Br: folds
Uncalled bet ($2) returned to SmellyToes4u
SmellyToes4u collected $2 from pot
SmellyToes4u: doesn't show hand
*** SUMMARY ***
Total pot $2 | Rake $0
Seat 2: Brama Br (button) (small blind) folded before Flop
Seat 5: SmellyToes4u (big blind) collected ($2)


PokerStars Hand #146836371677:  Hold'em Limit ($3/$6 USD) - 2016/01/10 21:27:04 ET
Table 'Mesarthim' 10-max Seat #5 is the button
Seat 2: Brama Br ($97.92 in chips)
Seat 5: SmellyToes4u ($138.02 in chips)
SmellyToes4u: posts small blind $1
Brama Br: posts big blind $3
*** HOLE CARDS ***
SmellyToes4u: raises $3 to $6
Brama Br: calls $3
*** FLOP *** [2c 7h Tc]
Brama Br: checks
SmellyToes4u: bets $3
Brama Br: raises $3 to $6
SmellyToes4u: folds
Uncalled bet ($3) returned to Brama Br
Brama Br collected $17.64 from pot
Brama Br: doesn't show hand
*** SUMMARY ***
Total pot $18 | Rake $0.36
Board [2c 7h Tc]
Seat 2: Brama Br (big blind) collected ($17.64)
Seat 5: SmellyToes4u (button) (small blind) folded on the Flop


PokerStars Hand #146836369266:  Hold'em Limit ($3/$6 USD) - 2016/01/10 21:26:59 ET
Table 'Mesarthim' 10-max Seat #2 is the button
Seat 2: Brama Br ($94.92 in chips)
Seat 5: SmellyToes4u ($141.02 in chips)
Brama Br: posts small blind $1
SmellyToes4u: posts big blind $3
*** HOLE CARDS ***
Brama Br: raises $3 to $6
SmellyToes4u: folds
Uncalled bet ($3) returned to Brama Br
Brama Br collected $6 from pot
Brama Br: doesn't show hand
*** SUMMARY ***
Total pot $6 | Rake $0
Seat 2: Brama Br (button) (small blind) collected ($6)
Seat 5: SmellyToes4u (big blind) folded before Flop


PokerStars Hand #146836367114:  Hold'em Limit ($3/$6 USD) - 2016/01/10 21:26:55 ET
Table 'Mesarthim' 10-max Seat #5 is the button
Seat 2: Brama Br ($93.92 in chips)
Seat 5: SmellyToes4u ($142.02 in chips)
SmellyToes4u: posts small blind $1
Brama Br: posts big blind $3
*** HOLE CARDS ***
SmellyToes4u: folds
Uncalled bet ($2) returned to Brama Br
Brama Br collected $2 from pot
Brama Br: doesn't show hand
*** SUMMARY ***
Total pot $2 | Rake $0
Seat 2: Brama Br (big blind) collected ($2)
Seat 5: SmellyToes4u (button) (small blind) folded before Flop


PokerStars Hand #146836360337:  Hold'em Limit ($3/$6 USD) - 2016/01/10 21:26:40 ET
Table 'Mesarthim' 10-max Seat #2 is the button
Seat 2: Brama Br ($82.40 in chips)
Seat 5: SmellyToes4u ($154.02 in chips)
Brama Br: posts small blind $1
SmellyToes4u: posts big blind $3
*** HOLE CARDS ***
Brama Br: raises $3 to $6
SmellyToes4u: calls $3
*** FLOP *** [6c 3s 7d]
SmellyToes4u: checks
Brama Br: checks
*** TURN *** [6c 3s 7d] [8s]
SmellyToes4u: bets $6
Brama Br: calls $6
*** RIVER *** [6c 3s 7d 8s] [9d]
SmellyToes4u: checks
Brama Br: bets $6
SmellyToes4u: folds
Uncalled bet ($6) returned to Brama Br
Brama Br collected $23.52 from pot
Brama Br: doesn't show hand
*** SUMMARY ***
Total pot $24 | Rake $0.48
Board [6c 3s 7d 8s 9d]
Seat 2: Brama Br (button) (small blind) collected ($23.52)
Seat 5: SmellyToes4u (big blind) folded on the River


PokerStars Hand #146836405225:  Hold'em Limit ($3/$6 USD) - 2016/01/10 21:28:18 ET
Table 'Mesarthim' 10-max Seat #5 is the button
Seat 2: Brama Br ($133.82 in chips)
Seat 5: SmellyToes4u ($100.54 in chips)
SmellyToes4u: posts small blind $1
Brama Br: posts big blind $3
*** HOLE CARDS ***
SmellyToes4u: raises $3 to $6
Brama Br: folds
Uncalled bet ($3) returned to SmellyToes4u
SmellyToes4u collected $6 from pot
SmellyToes4u: doesn't show hand
*** SUMMARY ***
Total pot $6 | Rake $0
Seat 2: Brama Br (big blind) folded before Flop
Seat 5: SmellyToes4u (button) (small blind) collected ($6)


PokerStars Hand #146836402603:  Hold'em Limit ($3/$6 USD) - 2016/01/10 21:28:12 ET
Table 'Mesarthim' 10-max Seat #2 is the button
Seat 2: Brama Br ($134.82 in chips)
Seat 5: SmellyToes4u ($99.54 in chips)
Brama Br: posts small blind $1
SmellyToes4u: posts big blind $3
*** HOLE CARDS ***
Brama Br: folds
Uncalled bet ($2) returned to SmellyToes4u
SmellyToes4u collected $2 from pot
SmellyToes4u: doesn't show hand
*** SUMMARY ***
Total pot $2 | Rake $0
Seat 2: Brama Br (button) (small blind) folded before Flop
Seat 5: SmellyToes4u (big blind) collected ($2)


PokerStars Hand #146836395354:  Hold'em Limit ($3/$6 USD) - 2016/01/10 21:27:56 ET
Table 'Mesarthim' 10-max Seat #5 is the button
Seat 2: Brama Br ($146.82 in chips)
Seat 5: SmellyToes4u ($88.02 in chips)
SmellyToes4u: posts small blind $1
Brama Br: posts big blind $3
*** HOLE CARDS ***
SmellyToes4u: raises $3 to $6
Brama Br: raises $3 to $9
SmellyToes4u: calls $3
*** FLOP *** [8s Qc 3c]
Brama Br: bets $3
SmellyToes4u: calls $3
*** TURN *** [8s Qc 3c] [Js]
Brama Br: checks
SmellyToes4u: bets $6
Brama Br: folds
Uncalled bet ($6) returned to SmellyToes4u
SmellyToes4u collected $23.52 from pot
SmellyToes4u: doesn't show hand
*** SUMMARY ***
Total pot $24 | Rake $0.48
Board [8s Qc 3c Js]
Seat 2: Brama Br (big blind) folded on the Turn
Seat 5: SmellyToes4u (button) (small blind) collected ($23.52)


PokerStars Hand #146836379093:  Hold'em Limit ($3/$6 USD) - 2016/01/10 21:27:20 ET
Table 'Mesarthim' 10-max Seat #5 is the button
Seat 2: Brama Br ($105.56 in chips)
Seat 5: SmellyToes4u ($130.02 in chips)
SmellyToes4u: posts small blind $1
Brama Br: posts big blind $3
*** HOLE CARDS ***
SmellyToes4u: raises $3 to $6
Brama Br: raises $3 to $9
SmellyToes4u: calls $3
*** FLOP *** [Ah 5d Jd]
Brama Br: bets $3
SmellyToes4u: calls $3
*** TURN *** [Ah 5d Jd] [2d]
Brama Br: bets $6
SmellyToes4u: calls $6
*** RIVER *** [Ah 5d Jd 2d] [3d]
Brama Br: bets $6
SmellyToes4u: raises $6 to $12
Brama Br: raises $6 to $18
SmellyToes4u: calls $6
*** SHOW DOWN ***
Brama Br: shows [Kd Ac] (a flush, King high)
SmellyToes4u: mucks hand
Brama Br collected $71.50 from pot
*** SUMMARY ***
Total pot $72 | Rake $0.50
Board [Ah 5d Jd 2d 3d]
Seat 2: Brama Br (big blind) showed [Kd Ac] and won ($71.50) with a flush, King high
Seat 5: SmellyToes4u (button) (small blind) mucked


PokerStars Hand #146836420287:  Hold'em Limit ($3/$6 USD) - 2016/01/10 21:28:50 ET
Table 'Mesarthim' 10-max Seat #2 is the button
Seat 2: Brama Br ($115.58 in chips)
Seat 5: SmellyToes4u ($118.04 in chips)
Brama Br: posts small blind $1
SmellyToes4u: posts big blind $3
*** HOLE CARDS ***
Brama Br: raises $3 to $6
SmellyToes4u: calls $3
*** FLOP *** [2d 9s Qc]
SmellyToes4u: checks
Brama Br: bets $3
SmellyToes4u: calls $3
*** TURN *** [2d 9s Qc] [5s]
SmellyToes4u: checks
Brama Br: bets $6
SmellyToes4u: folds
Uncalled bet ($6) returned to Brama Br
Brama Br collected $17.64 from pot
Brama Br: doesn't show hand
*** SUMMARY ***
Total pot $18 | Rake $0.36
Board [2d 9s Qc 5s]
Seat 2: Brama Br (button) (small blind) collected ($17.64)
Seat 5: SmellyToes4u (big blind) folded on the Turn


PokerStars Hand #146836411929:  Hold'em Limit ($3/$6 USD) - 2016/01/10 21:28:32 ET
Table 'Mesarthim' 10-max Seat #5 is the button
Seat 2: Brama Br ($136.58 in chips)
Seat 5: SmellyToes4u ($97.54 in chips)
SmellyToes4u: posts small blind $1
Brama Br: posts big blind $3
*** HOLE CARDS ***
SmellyToes4u: raises $3 to $6
Brama Br: calls $3
*** FLOP *** [Kh 4c Tc]
Brama Br: checks
SmellyToes4u: bets $3
Brama Br: calls $3
*** TURN *** [Kh 4c Tc] [7d]
Brama Br: checks
SmellyToes4u: bets $6
Brama Br: calls $6
*** RIVER *** [Kh 4c Tc 7d] [Qs]
Brama Br: checks
SmellyToes4u: bets $6
Brama Br: calls $6
*** SHOW DOWN ***
SmellyToes4u: shows [4s 7c] (two pair, Sevens and Fours)
Brama Br: mucks hand
SmellyToes4u collected $41.50 from pot
*** SUMMARY ***
Total pot $42 | Rake $0.50
Board [Kh 4c Tc 7d Qs]
Seat 2: Brama Br (big blind) mucked
Seat 5: SmellyToes4u (button) (small blind) showed [4s 7c] and won ($41.50) with two pair, Sevens and Fours


PokerStars Hand #146836431897:  Hold'em Limit ($3/$6 USD) - 2016/01/10 21:29:16 ET
Table 'Mesarthim' 10-max Seat #5 is the button
Seat 2: Brama Br ($124.22 in chips)
Seat 5: SmellyToes4u ($109.04 in chips)
SmellyToes4u: posts small blind $1
Brama Br: posts big blind $3
*** HOLE CARDS ***
SmellyToes4u: folds
Uncalled bet ($2) returned to Brama Br
Brama Br collected $2 from pot
Brama Br: doesn't show hand
*** SUMMARY ***
Total pot $2 | Rake $0
Seat 2: Brama Br (big blind) collected ($2)
Seat 5: SmellyToes4u (button) (small blind) folded before Flop


PokerStars Hand #146836449185:  Hold'em Limit ($3/$6 USD) - 2016/01/10 21:29:54 ET
Table 'Mesarthim' 10-max Seat #2 is the button
Seat 2: Brama Br ($71.22 in chips)
Seat 5: SmellyToes4u ($161.04 in chips)
Brama Br: posts small blind $1
SmellyToes4u: posts big blind $3
*** HOLE CARDS ***
Brama Br: folds
Uncalled bet ($2) returned to SmellyToes4u
SmellyToes4u collected $2 from pot
SmellyToes4u: doesn't show hand
*** SUMMARY ***
Total pot $2 | Rake $0
Seat 2: Brama Br (button) (small blind) folded before Flop
Seat 5: SmellyToes4u (big blind) collected ($2)


PokerStars Hand #146836441225:  Hold'em Limit ($3/$6 USD) - 2016/01/10 21:29:36 ET
Table 'Mesarthim' 10-max Seat #5 is the button
Seat 2: Brama Br ($101.22 in chips)
Seat 5: SmellyToes4u ($131.54 in chips)
SmellyToes4u: posts small blind $1
Brama Br: posts big blind $3
*** HOLE CARDS ***
SmellyToes4u: raises $3 to $6
Brama Br: calls $3
*** FLOP *** [3c 2d 4s]
Brama Br: checks
SmellyToes4u: bets $3
Brama Br: raises $3 to $6
SmellyToes4u: calls $3
*** TURN *** [3c 2d 4s] [2c]
Brama Br: bets $6
SmellyToes4u: calls $6
*** RIVER *** [3c 2d 4s 2c] [Tc]
Brama Br: bets $6
SmellyToes4u: raises $6 to $12
Brama Br: calls $6
*** SHOW DOWN ***
SmellyToes4u: shows [6h Th] (two pair, Tens and Deuces)
Brama Br: mucks hand
SmellyToes4u collected $59.50 from pot
*** SUMMARY ***
Total pot $60 | Rake $0.50
Board [3c 2d 4s 2c Tc]
Seat 2: Brama Br (big blind) mucked
Seat 5: SmellyToes4u (button) (small blind) showed [6h Th] and won ($59.50) with two pair, Tens and Deuces


PokerStars Hand #146836434227:  Hold'em Limit ($3/$6 USD) - 2016/01/10 21:29:21 ET
Table 'Mesarthim' 10-max Seat #2 is the button
Seat 2: Brama Br ($125.22 in chips)
Seat 5: SmellyToes4u ($108.04 in chips)
Brama Br: posts small blind $1
SmellyToes4u: posts big blind $3
*** HOLE CARDS ***
Brama Br: raises $3 to $6
SmellyToes4u: calls $3
*** FLOP *** [Qc 8s 5h]
SmellyToes4u: checks
Brama Br: checks
*** TURN *** [Qc 8s 5h] [9d]
SmellyToes4u: bets $6
Brama Br: calls $6
*** RIVER *** [Qc 8s 5h 9d] [7h]
SmellyToes4u: bets $6
Brama Br: raises $6 to $12
SmellyToes4u: calls $6
*** SHOW DOWN ***
Brama Br: shows [Jd Ac] (high card Ace)
SmellyToes4u: shows [Qs 9h] (two pair, Queens and Nines)
SmellyToes4u collected $47.50 from pot
*** SUMMARY ***
Total pot $48 | Rake $0.50
Board [Qc 8s 5h 9d 7h]
Seat 2: Brama Br (button) (small blind) showed [Jd Ac] and lost with high card Ace
Seat 5: SmellyToes4u (big blind) showed [Qs 9h] and won ($47.50) with two pair, Queens and Nines


PokerStars Hand #146836453720:  Hold'em Limit ($3/$6 USD) - 2016/01/10 21:30:03 ET
Table 'Mesarthim' 10-max Seat #2 is the button
Seat 2: Brama Br ($71.22 in chips)
Seat 5: SmellyToes4u ($161.04 in chips)
Brama Br: posts small blind $1
SmellyToes4u: posts big blind $3
*** HOLE CARDS ***
Brama Br: raises $3 to $6
SmellyToes4u: calls $3
*** FLOP *** [2s 5c 8c]
SmellyToes4u: checks
Brama Br: checks
*** TURN *** [2s 5c 8c] [Qs]
SmellyToes4u: checks
Brama Br: bets $6
SmellyToes4u: calls $6
*** RIVER *** [2s 5c 8c Qs] [As]
SmellyToes4u: checks
Brama Br: bets $6
SmellyToes4u: raises $6 to $12
Brama Br: folds
Uncalled bet ($6) returned to SmellyToes4u
SmellyToes4u collected $35.50 from pot
SmellyToes4u: doesn't show hand
*** SUMMARY ***
Total pot $36 | Rake $0.50
Board [2s 5c 8c Qs As]
Seat 2: Brama Br (button) (small blind) folded on the River
Seat 5: SmellyToes4u (big blind) collected ($35.50)


PokerStars Hand #146836451621:  Hold'em Limit ($3/$6 USD) - 2016/01/10 21:29:59 ET
Table 'Mesarthim' 10-max Seat #5 is the button
Seat 2: Brama Br ($70.22 in chips)
Seat 5: SmellyToes4u ($162.04 in chips)
SmellyToes4u: posts small blind $1
Brama Br: posts big blind $3
*** HOLE CARDS ***
SmellyToes4u: folds
Uncalled bet ($2) returned to Brama Br
Brama Br collected $2 from pot
Brama Br: doesn't show hand
*** SUMMARY ***
Total pot $2 | Rake $0
Seat 2: Brama Br (big blind) collected ($2)
Seat 5: SmellyToes4u (button) (small blind) folded before Flop


PokerStars Hand #146836463360:  Hold'em Limit ($3/$6 USD) - 2016/01/10 21:30:24 ET
Table 'Mesarthim' 10-max Seat #5 is the button
Seat 2: Brama Br ($53.22 in chips)
Seat 5: SmellyToes4u ($178.54 in chips)
SmellyToes4u: posts small blind $1
Brama Br: posts big blind $3
*** HOLE CARDS ***
SmellyToes4u: raises $3 to $6
Brama Br: calls $3
*** FLOP *** [8h Ts 5c]
Brama Br: checks
SmellyToes4u: bets $3
Brama Br: calls $3
*** TURN *** [8h Ts 5c] [Qs]
Brama Br: checks
SmellyToes4u: checks
*** RIVER *** [8h Ts 5c Qs] [Ad]
Brama Br: checks
SmellyToes4u: checks
*** SHOW DOWN ***
Brama Br: shows [Jc 3d] (high card Ace)
SmellyToes4u: shows [5h 6h] (a pair of Fives)
SmellyToes4u collected $17.64 from pot
*** SUMMARY ***
Total pot $18 | Rake $0.36
Board [8h Ts 5c Qs Ad]
Seat 2: Brama Br (big blind) showed [Jc 3d] and lost with high card Ace
Seat 5: SmellyToes4u (button) (small blind) showed [5h 6h] and won ($17.64) with a pair of Fives


PokerStars Hand #146836485111:  Hold'em Limit ($3/$6 USD) - 2016/01/10 21:31:12 ET
Table 'Mesarthim' 10-max Seat #5 is the button
Seat 2: Brama Br ($23.22 in chips)
Seat 5: SmellyToes4u ($207.68 in chips)
SmellyToes4u: posts small blind $1
Brama Br: posts big blind $3
*** HOLE CARDS ***
Brama Br said, "vaitomanoku"
SmellyToes4u: folds
Uncalled bet ($2) returned to Brama Br
Brama Br collected $2 from pot
Brama Br: doesn't show hand
*** SUMMARY ***
Total pot $2 | Rake $0
Seat 2: Brama Br (big blind) collected ($2)
Seat 5: SmellyToes4u (button) (small blind) folded before Flop


PokerStars Hand #146836473396:  Hold'em Limit ($3/$6 USD) - 2016/01/10 21:30:46 ET
Table 'Mesarthim' 10-max Seat #2 is the button
Seat 2: Brama Br ($44.22 in chips)
Seat 5: SmellyToes4u ($187.18 in chips)
Brama Br: posts small blind $1
SmellyToes4u: posts big blind $3
*** HOLE CARDS ***
Brama Br: raises $3 to $6
SmellyToes4u: calls $3
*** FLOP *** [Qh 6s Ts]
SmellyToes4u: checks
Brama Br: bets $3
SmellyToes4u: calls $3
*** TURN *** [Qh 6s Ts] [Jc]
SmellyToes4u: checks
Brama Br: checks
*** RIVER *** [Qh 6s Ts Jc] [Qd]
SmellyToes4u: checks
Brama Br: bets $6
SmellyToes4u: raises $6 to $12
Brama Br: calls $6
*** SHOW DOWN ***
SmellyToes4u: shows [As Kd] (a straight, Ten to Ace)
Brama Br: mucks hand
SmellyToes4u collected $41.50 from pot
*** SUMMARY ***
Total pot $42 | Rake $0.50
Board [Qh 6s Ts Jc Qd]
Seat 2: Brama Br (button) (small blind) mucked
Seat 5: SmellyToes4u (big blind) showed [As Kd] and won ($41.50) with a straight, Ten to Ace


PokerStars Hand #146836500653:  Hold'em Limit ($3/$6 USD) - 2016/01/10 21:31:46 ET
Table 'Mesarthim' 10-max Seat #5 is the button
Seat 2: Brama Br ($152.38 in chips)
Seat 5: SmellyToes4u ($191.68 in chips)
SmellyToes4u: posts small blind $1
Brama Br: posts big blind $3
*** HOLE CARDS ***
SmellyToes4u: folds
Uncalled bet ($2) returned to Brama Br
Brama Br collected $2 from pot
Brama Br: doesn't show hand
*** SUMMARY ***
Total pot $2 | Rake $0
Seat 2: Brama Br (big blind) collected ($2)
Seat 5: SmellyToes4u (button) (small blind) folded before Flop


PokerStars Hand #146836490160:  Hold'em Limit ($3/$6 USD) - 2016/01/10 21:31:23 ET
Table 'Mesarthim' 10-max Seat #2 is the button
Seat 2: Brama Br ($24.22 in chips)
Seat 5: SmellyToes4u ($206.68 in chips)
Brama Br: posts small blind $1
SmellyToes4u: posts big blind $3
*** HOLE CARDS ***
Brama Br: raises $3 to $6
SmellyToes4u: calls $3
*** FLOP *** [6c 7c Ts]
SmellyToes4u: checks
Brama Br: bets $3
SmellyToes4u: raises $3 to $6
Brama Br: raises $3 to $9
SmellyToes4u: calls $3
*** TURN *** [6c 7c Ts] [8c]
SmellyToes4u: checks
Brama Br: bets $6
SmellyToes4u: folds
Uncalled bet ($6) returned to Brama Br
Brama Br collected $29.50 from pot
Brama Br: doesn't show hand
*** SUMMARY ***
Total pot $30 | Rake $0.50
Board [6c 7c Ts 8c]
Seat 2: Brama Br (button) (small blind) collected ($29.50)
Seat 5: SmellyToes4u (big blind) folded on the Turn


PokerStars Hand #146836516448:  Hold'em Limit ($3/$6 USD) - 2016/01/10 21:32:20 ET
Table 'Mesarthim' 10-max Seat #2 is the button
Seat 2: Brama Br ($155.88 in chips)
Seat 5: SmellyToes4u ($187.18 in chips)
Brama Br: posts small blind $1
SmellyToes4u: posts big blind $3
*** HOLE CARDS ***
Brama Br: raises $3 to $6
SmellyToes4u: calls $3
*** FLOP *** [Kc Ad 8d]
SmellyToes4u: checks
Brama Br: bets $3
SmellyToes4u: folds
Uncalled bet ($3) returned to Brama Br
Brama Br collected $11.76 from pot
Brama Br: doesn't show hand
*** SUMMARY ***
Total pot $12 | Rake $0.24
Board [Kc Ad 8d]
Seat 2: Brama Br (button) (small blind) collected ($11.76)
Seat 5: SmellyToes4u (big blind) folded on the Flop


PokerStars Hand #146836502641:  Hold'em Limit ($3/$6 USD) - 2016/01/10 21:31:50 ET
Table 'Mesarthim' 10-max Seat #2 is the button
Seat 2: Brama Br ($153.38 in chips)
Seat 5: SmellyToes4u ($190.68 in chips)
Brama Br: posts small blind $1
SmellyToes4u: posts big blind $3
*** HOLE CARDS ***
Brama Br: raises $3 to $6
SmellyToes4u: calls $3
*** FLOP *** [Ad 5s Ts]
SmellyToes4u: checks
Brama Br: bets $3
SmellyToes4u: raises $3 to $6
Brama Br: calls $3
*** TURN *** [Ad 5s Ts] [3d]
SmellyToes4u: bets $6
Brama Br: calls $6
*** RIVER *** [Ad 5s Ts 3d] [8c]
SmellyToes4u: bets $6
Brama Br: calls $6
*** SHOW DOWN ***
SmellyToes4u: shows [4s 6s] (high card Ace)
Brama Br: shows [Qd Ah] (a pair of Aces)
Brama Br collected $47.50 from pot
*** SUMMARY ***
Total pot $48 | Rake $0.50
Board [Ad 5s Ts 3d 8c]
Seat 2: Brama Br (button) (small blind) showed [Qd Ah] and won ($47.50) with a pair of Aces
Seat 5: SmellyToes4u (big blind) showed [4s 6s] and lost with high card Ace


PokerStars Hand #146836520797:  Hold'em Limit ($3/$6 USD) - 2016/01/10 21:32:30 ET
Table 'Mesarthim' 10-max Seat #5 is the button
Seat 2: Brama Br ($161.64 in chips)
Seat 5: SmellyToes4u ($181.18 in chips)
SmellyToes4u: posts small blind $1
Brama Br: posts big blind $3
*** HOLE CARDS ***
SmellyToes4u: raises $3 to $6
Brama Br: raises $3 to $9
SmellyToes4u: calls $3
*** FLOP *** [8h 2c 9d]
DemonSinz joins the table at seat #9
Brama Br: bets $3
SmellyToes4u: calls $3
*** TURN *** [8h 2c 9d] [7s]
Brama Br: bets $6
SmellyToes4u: raises $6 to $12
Brama Br: raises $6 to $18
SmellyToes4u: calls $6
*** RIVER *** [8h 2c 9d 7s] [6c]
Brama Br: bets $6
SmellyToes4u: calls $6
*** SHOW DOWN ***
Brama Br: shows [Js Jc] (a pair of Jacks)
SmellyToes4u: mucks hand
Brama Br collected $71.50 from pot
*** SUMMARY ***
Total pot $72 | Rake $0.50
Board [8h 2c 9d 7s 6c]
Seat 2: Brama Br (big blind) showed [Js Jc] and won ($71.50) with a pair of Jacks
Seat 5: SmellyToes4u (button) (small blind) mucked


PokerStars Hand #146836531646:  Hold'em Limit ($3/$6 USD) - 2016/01/10 21:32:53 ET
Table 'Mesarthim' 10-max Seat #2 is the button
Seat 2: Brama Br ($197.14 in chips)
Seat 5: SmellyToes4u ($145.18 in chips)
Brama Br: posts small blind $1
SmellyToes4u: posts big blind $3
*** HOLE CARDS ***
Brama Br: raises $3 to $6
SmellyToes4u: calls $3
*** FLOP *** [6s Kh 9d]
SmellyToes4u: checks
Brama Br: bets $3
SmellyToes4u: calls $3
*** TURN *** [6s Kh 9d] [3d]
SmellyToes4u: checks
BuzovaPro joins the table at seat #10
Brama Br: bets $6
SmellyToes4u: calls $6
*** RIVER *** [6s Kh 9d 3d] [7c]
SmellyToes4u: checks
Brama Br: bets $6
SmellyToes4u: calls $6
*** SHOW DOWN ***
Brama Br: shows [3c 9c] (two pair, Nines and Threes)
SmellyToes4u: mucks hand
Brama Br collected $41.50 from pot
*** SUMMARY ***
Total pot $42 | Rake $0.50
Board [6s Kh 9d 3d 7c]
Seat 2: Brama Br (button) (small blind) showed [3c 9c] and won ($41.50) with two pair, Nines and Threes
Seat 5: SmellyToes4u (big blind) mucked


