PokerStars Hand #156003253194:  Hold'em Limit ($3/$6 USD) - 2016/07/15 12:35:16 ET
Table 'Mesarthim' 6-max Seat #4 is the button
Seat 3: Humtum81 ($157.24 in chips)
Seat 4: Actionni13 ($187 in chips)
Actionni13: posts small blind $1
Humtum81: posts big blind $3
*** HOLE CARDS ***
Actionni13: raises $3 to $6
Humtum81: folds
Uncalled bet ($3) returned to Actionni13
Actionni13 collected $6 from pot
Actionni13: doesn't show hand
*** SUMMARY ***
Total pot $6 | Rake $0
Seat 3: Humtum81 (big blind) folded before Flop
Seat 4: Actionni13 (button) (small blind) collected ($6)


PokerStars Hand #156003257176:  Hold'em Limit ($3/$6 USD) - 2016/07/15 12:35:23 ET
Table 'Mesarthim' 6-max Seat #3 is the button
Seat 3: Humtum81 ($154.24 in chips)
Seat 4: Actionni13 ($190 in chips)
Humtum81: posts small blind $1
Actionni13: posts big blind $3
*** HOLE CARDS ***
Humtum81: raises $3 to $6
Actionni13: calls $3
*** FLOP *** [9c 6s 2s]
Actionni13: checks
Humtum81: bets $3
Actionni13: calls $3
*** TURN *** [9c 6s 2s] [Js]
Actionni13: checks
Humtum81: bets $6
Actionni13: raises $6 to $12
Humtum81: calls $6
*** RIVER *** [9c 6s 2s Js] [Td]
Actionni13: bets $6
Humtum81: calls $6
*** SHOW DOWN ***
Actionni13: shows [Tc 9s] (two pair, Tens and Nines)
Humtum81: mucks hand
Actionni13 collected $53.50 from pot
*** SUMMARY ***
Total pot $54 | Rake $0.50
Board [9c 6s 2s Js Td]
Seat 3: Humtum81 (button) (small blind) mucked
Seat 4: Actionni13 (big blind) showed [Tc 9s] and won ($53.50) with two pair, Tens and Nines


PokerStars Hand #156003278737:  Hold'em Limit ($3/$6 USD) - 2016/07/15 12:35:59 ET
Table 'Mesarthim' 6-max Seat #3 is the button
Seat 3: Humtum81 ($135.88 in chips)
Seat 4: Actionni13 ($207.50 in chips)
Humtum81: posts small blind $1
Actionni13: posts big blind $3
*** HOLE CARDS ***
Humtum81: raises $3 to $6
Actionni13: calls $3
*** FLOP *** [Th Qs 3s]
Actionni13: checks
Humtum81: checks
*** TURN *** [Th Qs 3s] [8s]
Actionni13: bets $6
Humtum81: folds
Uncalled bet ($6) returned to Actionni13
Actionni13 collected $11.76 from pot
Actionni13: doesn't show hand
*** SUMMARY ***
Total pot $12 | Rake $0.24
Board [Th Qs 3s 8s]
Seat 3: Humtum81 (button) (small blind) folded on the Turn
Seat 4: Actionni13 (big blind) collected ($11.76)


PokerStars Hand #156003286452:  Hold'em Limit ($3/$6 USD) - 2016/07/15 12:36:12 ET
Table 'Mesarthim' 6-max Seat #4 is the button
Seat 3: Humtum81 ($129.88 in chips)
Seat 4: Actionni13 ($213.26 in chips)
Actionni13: posts small blind $1
Humtum81: posts big blind $3
*** HOLE CARDS ***
Actionni13: raises $3 to $6
Humtum81: raises $3 to $9
Actionni13: calls $3
*** FLOP *** [3h Ts Ad]
Humtum81: bets $3
Actionni13: calls $3
*** TURN *** [3h Ts Ad] [6h]
Humtum81: bets $6
Actionni13: raises $6 to $12
Humtum81: calls $6
*** RIVER *** [3h Ts Ad 6h] [7d]
Humtum81: checks
Actionni13: bets $6
Humtum81: raises $6 to $12
Actionni13: calls $6
*** SHOW DOWN ***
Humtum81: shows [Tc 7c] (two pair, Tens and Sevens)
Actionni13: shows [6c 6s] (three of a kind, Sixes)
Actionni13 collected $71.50 from pot
*** SUMMARY ***
Total pot $72 | Rake $0.50
Board [3h Ts Ad 6h 7d]
Seat 3: Humtum81 (big blind) showed [Tc 7c] and lost with two pair, Tens and Sevens
Seat 4: Actionni13 (button) (small blind) showed [6c 6s] and won ($71.50) with three of a kind, Sixes


PokerStars Hand #156003268279:  Hold'em Limit ($3/$6 USD) - 2016/07/15 12:35:41 ET
Table 'Mesarthim' 6-max Seat #4 is the button
Seat 3: Humtum81 ($127.24 in chips)
Seat 4: Actionni13 ($216.50 in chips)
Actionni13: posts small blind $1
Humtum81: posts big blind $3
*** HOLE CARDS ***
Actionni13: raises $3 to $6
Humtum81: raises $3 to $9
Actionni13: calls $3
*** FLOP *** [9s Qs Kc]
Humtum81: bets $3
Actionni13: folds
Uncalled bet ($3) returned to Humtum81
Humtum81 collected $17.64 from pot
Humtum81: doesn't show hand
*** SUMMARY ***
Total pot $18 | Rake $0.36
Board [9s Qs Kc]
Seat 3: Humtum81 (big blind) collected ($17.64)
Seat 4: Actionni13 (button) (small blind) folded on the Flop


PokerStars Hand #156003301839:  Hold'em Limit ($3/$6 USD) - 2016/07/15 12:36:38 ET
Table 'Mesarthim' 6-max Seat #3 is the button
Seat 3: Humtum81 ($93.88 in chips)
Seat 4: Actionni13 ($248.76 in chips)
Humtum81: posts small blind $1
7superpoker joins the table at seat #5
Actionni13: posts big blind $3
*** HOLE CARDS ***
Humtum81: raises $3 to $6
Actionni13: calls $3
*** FLOP *** [5c 9d Js]
Actionni13: checks
Humtum81: bets $3
Actionni13: calls $3
*** TURN *** [5c 9d Js] [7h]
Actionni13: checks
Humtum81: bets $6
Actionni13: raises $6 to $12
Humtum81: calls $6
*** RIVER *** [5c 9d Js 7h] [Qs]
Actionni13: bets $6
Humtum81: folds
Uncalled bet ($6) returned to Actionni13
Actionni13 collected $41.50 from pot
Actionni13: doesn't show hand
*** SUMMARY ***
Total pot $42 | Rake $0.50
Board [5c 9d Js 7h Qs]
Seat 3: Humtum81 (button) (small blind) folded on the River
Seat 4: Actionni13 (big blind) collected ($41.50)


PokerStars Hand #156005682428:  Hold'em Limit ($3/$6 USD) - 2016/07/15 13:39:58 ET
Table 'Mesarthim' 6-max Seat #3 is the button
Seat 3: niknazar ($177.19 in chips)
Seat 6: siliciom ($84.34 in chips)
ehavai will be allowed to play after the button
niknazar: posts small blind $1
Actionni13: is sitting out
7superpoker: is sitting out
YourMother66 joins the table at seat #2
siliciom: posts big blind $3
*** HOLE CARDS ***
ehavai leaves the table
YourMother66 leaves the table
7superpoker leaves the table
7superpoker joins the table at seat #2
niknazar: folds
Uncalled bet ($2) returned to siliciom
siliciom collected $2 from pot
siliciom: doesn't show hand
*** SUMMARY ***
Total pot $2 | Rake $0
Seat 3: niknazar (button) (small blind) folded before Flop
Seat 6: siliciom (big blind) collected ($2)


PokerStars Hand #156014481076:  Hold'em Limit ($3/$6 USD) - 2016/07/15 17:05:34 ET
Table 'Mesarthim' 6-max Seat #2 is the button
Seat 2: belik555 ($162.24 in chips)
Seat 4: Hektor28 ($40.64 in chips)
belik555: posts small blind $1
bugsbubble: is sitting out
Hektor28: posts big blind $3
*** HOLE CARDS ***
belik555: raises $3 to $6
vestimokrec leaves the table
Hektor28: folds
Uncalled bet ($3) returned to belik555
belik555 collected $6 from pot
belik555: doesn't show hand
*** SUMMARY ***
Total pot $6 | Rake $0
Seat 2: belik555 (button) (small blind) collected ($6)
Seat 4: Hektor28 (big blind) folded before Flop


