PokerStars Hand #145494449984:  Hold'em Limit ($3/$6 USD) - 2015/12/17 14:30:30 ET
Table 'Mesarthim III' 6-max Seat #4 is the button
Seat 4: PelonCabelao ($78.76 in chips)
Seat 6: theflushmen1 ($110 in chips)
PelonCabelao: posts small blind $1
theflushmen1: posts big blind $3
*** HOLE CARDS ***
vestimokrec joins the table at seat #2
PelonCabelao: raises $3 to $6
theflushmen1: raises $3 to $9
Carl1891 joins the table at seat #5
CoachMcA joins the table at seat #3
PelonCabelao: raises $3 to $12
Betting is capped
theflushmen1: calls $3
*** FLOP *** [2d 4d Ts]
theflushmen1: bets $3
PelonCabelao: raises $3 to $6
theflushmen1: folds
Uncalled bet ($3) returned to PelonCabelao
PelonCabelao collected $29.50 from pot
PelonCabelao: doesn't show hand
*** SUMMARY ***
Total pot $30 | Rake $0.50
Board [2d 4d Ts]
Seat 4: PelonCabelao (button) (small blind) collected ($29.50)
Seat 6: theflushmen1 (big blind) folded on the Flop


PokerStars Hand #145494445826:  Hold'em Limit ($3/$6 USD) - 2015/12/17 14:30:25 ET
Table 'Mesarthim III' 6-max Seat #6 is the button
Seat 4: PelonCabelao ($77.76 in chips)
Seat 6: theflushmen1 ($111 in chips)
theflushmen1: posts small blind $1
PelonCabelao: posts big blind $3
*** HOLE CARDS ***
theflushmen1: folds
Uncalled bet ($2) returned to PelonCabelao
PelonCabelao collected $2 from pot
PelonCabelao: doesn't show hand
*** SUMMARY ***
Total pot $2 | Rake $0
Seat 4: PelonCabelao (big blind) collected ($2)
Seat 6: theflushmen1 (button) (small blind) folded before Flop


PokerStars Hand #145494430832:  Hold'em Limit ($3/$6 USD) - 2015/12/17 14:30:08 ET
Table 'Mesarthim III' 6-max Seat #4 is the button
Seat 4: PelonCabelao ($72 in chips)
Seat 6: theflushmen1 ($117 in chips)
PelonCabelao: posts small blind $1
theflushmen1: posts big blind $3
*** HOLE CARDS ***
PelonCabelao: raises $3 to $6
theflushmen1: calls $3
*** FLOP *** [4d Qc Td]
theflushmen1: checks
PelonCabelao: bets $3
theflushmen1: folds
Uncalled bet ($3) returned to PelonCabelao
PelonCabelao collected $11.76 from pot
PelonCabelao: doesn't show hand
*** SUMMARY ***
Total pot $12 | Rake $0.24
Board [4d Qc Td]
Seat 4: PelonCabelao (button) (small blind) collected ($11.76)
Seat 6: theflushmen1 (big blind) folded on the Flop


PokerStars Hand #145494423133:  Hold'em Limit ($3/$6 USD) - 2015/12/17 14:30:00 ET
Table 'Mesarthim III' 6-max Seat #6 is the button
Seat 4: PelonCabelao ($72 in chips)
Seat 6: theflushmen1 ($114 in chips)
theflushmen1: posts small blind $1
PelonCabelao: posts big blind $3
*** HOLE CARDS ***
theflushmen1: raises $3 to $6
PelonCabelao: folds
Uncalled bet ($3) returned to theflushmen1
theflushmen1 collected $6 from pot
*** SUMMARY ***
Total pot $6 | Rake $0
Seat 4: PelonCabelao (big blind) folded before Flop
Seat 6: theflushmen1 (button) (small blind) collected ($6)


PokerStars Hand #145495761839:  Hold'em Limit ($3/$6 USD) - 2015/12/17 14:55:00 ET
Table 'Mesarthim III' 6-max Seat #6 is the button
Seat 1: assitoni ($81.18 in chips)
Seat 6: theflushmen1 ($134.75 in chips)
theflushmen1: posts small blind $1
assitoni: posts big blind $3
*** HOLE CARDS ***
theflushmen1: folds
Uncalled bet ($2) returned to assitoni
assitoni collected $2 from pot
assitoni: doesn't show hand
*** SUMMARY ***
Total pot $2 | Rake $0
Seat 1: assitoni (big blind) collected ($2)
Seat 6: theflushmen1 (button) (small blind) folded before Flop


PokerStars Hand #145495755288:  Hold'em Limit ($3/$6 USD) - 2015/12/17 14:54:52 ET
Table 'Mesarthim III' 6-max Seat #1 is the button
Seat 1: assitoni ($82.18 in chips)
Seat 6: theflushmen1 ($133.75 in chips)
assitoni: posts small blind $1
theflushmen1: posts big blind $3
*** HOLE CARDS ***
vestimokrec leaves the table
assitoni: folds
Uncalled bet ($2) returned to theflushmen1
theflushmen1 collected $2 from pot
*** SUMMARY ***
Total pot $2 | Rake $0
Seat 1: assitoni (button) (small blind) folded before Flop
Seat 6: theflushmen1 (big blind) collected ($2)


PokerStars Hand #145495806603:  Hold'em Limit ($3/$6 USD) - 2015/12/17 14:56:03 ET
Table 'Mesarthim III' 6-max Seat #6 is the button
Seat 1: assitoni ($103.68 in chips)
Seat 6: theflushmen1 ($111.39 in chips)
theflushmen1: posts small blind $1
assitoni: posts big blind $3
*** HOLE CARDS ***
theflushmen1: folds
Uncalled bet ($2) returned to assitoni
assitoni collected $2 from pot
assitoni: doesn't show hand
*** SUMMARY ***
Total pot $2 | Rake $0
Seat 1: assitoni (big blind) collected ($2)
Seat 6: theflushmen1 (button) (small blind) folded before Flop


PokerStars Hand #145495792520:  Hold'em Limit ($3/$6 USD) - 2015/12/17 14:55:42 ET
Table 'Mesarthim III' 6-max Seat #1 is the button
Seat 1: assitoni ($112.68 in chips)
Seat 6: theflushmen1 ($102.75 in chips)
assitoni: posts small blind $1
CoachMcA was removed from the table for failing to post
theflushmen1: posts big blind $3
*** HOLE CARDS ***
assitoni: raises $3 to $6
theflushmen1: raises $3 to $9
Iceman1203 joins the table at seat #3
assitoni: calls $3
*** FLOP *** [Jh 7s 7d]
theflushmen1: bets $3
assitoni: folds
Uncalled bet ($3) returned to theflushmen1
theflushmen1 collected $17.64 from pot
*** SUMMARY ***
Total pot $18 | Rake $0.36
Board [Jh 7s 7d]
Seat 1: assitoni (button) (small blind) folded on the Flop
Seat 6: theflushmen1 (big blind) collected ($17.64)


PokerStars Hand #145495789513:  Hold'em Limit ($3/$6 USD) - 2015/12/17 14:55:38 ET
Table 'Mesarthim III' 6-max Seat #6 is the button
Seat 1: assitoni ($111.68 in chips)
Seat 6: theflushmen1 ($103.75 in chips)
theflushmen1: posts small blind $1
assitoni: posts big blind $3
*** HOLE CARDS ***
theflushmen1: folds
Uncalled bet ($2) returned to assitoni
assitoni collected $2 from pot
assitoni: doesn't show hand
*** SUMMARY ***
Total pot $2 | Rake $0
Seat 1: assitoni (big blind) collected ($2)
Seat 6: theflushmen1 (button) (small blind) folded before Flop


PokerStars Hand #145495766410:  Hold'em Limit ($3/$6 USD) - 2015/12/17 14:55:05 ET
Table 'Mesarthim III' 6-max Seat #1 is the button
Seat 1: assitoni ($82.18 in chips)
Seat 6: theflushmen1 ($133.75 in chips)
assitoni: posts small blind $1
theflushmen1: posts big blind $3
*** HOLE CARDS ***
assitoni: raises $3 to $6
theflushmen1: calls $3
*** FLOP *** [2d 9s Ac]
theflushmen1: checks
assitoni: bets $3
theflushmen1: raises $3 to $6
assitoni: calls $3
*** TURN *** [2d 9s Ac] [7c]
theflushmen1: bets $6
assitoni: raises $6 to $12
theflushmen1: calls $6
*** RIVER *** [2d 9s Ac 7c] [8d]
B_loJkl joins the table at seat #2
theflushmen1: checks
assitoni: bets $6
theflushmen1: calls $6
*** SHOW DOWN ***
assitoni: shows [2c 2s] (three of a kind, Deuces)
theflushmen1: mucks hand
assitoni collected $59.50 from pot
*** SUMMARY ***
Total pot $60 | Rake $0.50
Board [2d 9s Ac 7c 8d]
Seat 1: assitoni (button) (small blind) showed [2c 2s] and won ($59.50) with three of a kind, Deuces
Seat 6: theflushmen1 (big blind) mucked


PokerStars Hand #145497483935:  Hold'em Limit ($3/$6 USD) - 2015/12/17 15:26:42 ET
Table 'Mesarthim III' 6-max Seat #3 is the button
Seat 2: lostflash ($98.06 in chips)
Seat 3: scorpio04 ($72 in chips)
scorpio04: posts small blind $1
alexslep: is sitting out
vestimokrec: is sitting out
assitoni: is sitting out
lostflash: posts big blind $3
*** HOLE CARDS ***
alexslep leaves the table
vestimokrec leaves the table
scorpio04: raises $3 to $6
lostflash: raises $3 to $9
scorpio04: calls $3
*** FLOP *** [4s Tc Kd]
assitoni leaves the table
lostflash: bets $3
scorpio04: folds
Uncalled bet ($3) returned to lostflash
lostflash collected $17.64 from pot
lostflash: doesn't show hand
*** SUMMARY ***
Total pot $18 | Rake $0.36
Board [4s Tc Kd]
Seat 2: lostflash (big blind) collected ($17.64)
Seat 3: scorpio04 (button) (small blind) folded on the Flop


PokerStars Hand #145497504464:  Hold'em Limit ($3/$6 USD) - 2015/12/17 15:27:03 ET
Table 'Mesarthim III' 6-max Seat #2 is the button
Seat 2: lostflash ($106.70 in chips)
Seat 3: scorpio04 ($72 in chips)
lostflash: posts small blind $1
scorpio04: posts big blind $3
*** HOLE CARDS ***
lostflash: raises $3 to $6
scorpio04: calls $3
*** FLOP *** [2h Th Ah]
scorpio04: checks
lostflash: bets $3
scorpio04: raises $3 to $6
lostflash: raises $3 to $9
scorpio04: calls $3
*** TURN *** [2h Th Ah] [Ks]
scorpio04: checks
lostflash: bets $6
scorpio04: calls $6
*** RIVER *** [2h Th Ah Ks] [6d]
scorpio04: checks
lostflash: bets $6
scorpio04: raises $6 to $12
lostflash: raises $6 to $18
scorpio04: calls $6
*** SHOW DOWN ***
lostflash: shows [4h Qh] (a flush, Ace high)
scorpio04: mucks hand
lostflash collected $77.50 from pot
*** SUMMARY ***
Total pot $78 | Rake $0.50
Board [2h Th Ah Ks 6d]
Seat 2: lostflash (button) (small blind) showed [4h Qh] and won ($77.50) with a flush, Ace high
Seat 3: scorpio04 (big blind) mucked


