PokerStars Hand #169772925094:  Hold'em Limit ($3/$6 USD) - 2017/04/30 14:46:41 ET
Table 'Messalina III' 6-max Seat #3 is the button
Seat 2: Dok2920 ($98 in chips)
Seat 3: Krazy90 ($141.50 in chips)
Krazy90: posts small blind $1
Dok2920: posts big blind $3
*** HOLE CARDS ***
Krazy90: folds
Uncalled bet ($2) returned to Dok2920
Dok2920 collected $2 from pot
*** SUMMARY ***
Total pot $2 | Rake $0
Seat 2: Dok2920 (big blind) collected ($2)
Seat 3: Krazy90 (button) (small blind) folded before Flop


PokerStars Hand #169772907426:  Hold'em Limit ($3/$6 USD) - 2017/04/30 14:46:22 ET
Table 'Messalina III' 6-max Seat #2 is the button
Seat 2: Dok2920 ($116 in chips)
Seat 3: Krazy90 ($124 in chips)
Dok2920: posts small blind $1
Krazy90: posts big blind $3
*** HOLE CARDS ***
Dok2920: raises $3 to $6
Krazy90: calls $3
*** FLOP *** [Kd 8h Qh]
Krazy90: checks
Dok2920: bets $3
Krazy90: raises $3 to $6
Dok2920: raises $3 to $9
Krazy90: raises $3 to $12
Betting is capped
Dok2920: calls $3
*** TURN *** [Kd 8h Qh] [Th]
Krazy90: bets $6
Dok2920: folds
Uncalled bet ($6) returned to Krazy90
Krazy90 collected $35.50 from pot
Krazy90: doesn't show hand
*** SUMMARY ***
Total pot $36 | Rake $0.50
Board [Kd 8h Qh Th]
Seat 2: Dok2920 (button) (small blind) folded on the Turn
Seat 3: Krazy90 (big blind) collected ($35.50)


