PokerStars Hand #166351414659:  Hold'em Limit ($3/$6 USD) - 2017/02/17 12:42:16 ET
Table 'Messalina' 6-max Seat #4 is the button
Seat 4: FHstyles ($70.52 in chips)
Seat 5: nicmct ($87.96 in chips)
FHstyles: posts small blind $1
nicmct: posts big blind $3
*** HOLE CARDS ***
FHstyles: raises $3 to $6
nicmct: folds
Uncalled bet ($3) returned to FHstyles
FHstyles collected $6 from pot
FHstyles: doesn't show hand
*** SUMMARY ***
Total pot $6 | Rake $0
Seat 4: FHstyles (button) (small blind) collected ($6)
Seat 5: nicmct (big blind) folded before Flop


PokerStars Hand #166351399584:  Hold'em Limit ($3/$6 USD) - 2017/02/17 12:41:57 ET
Table 'Messalina' 6-max Seat #5 is the button
Seat 4: FHstyles ($59 in chips)
Seat 5: nicmct ($99.96 in chips)
nicmct: posts small blind $1
FHstyles: posts big blind $3
*** HOLE CARDS ***
nicmct: raises $3 to $6
FHstyles: calls $3
*** FLOP *** [5h 3s 3d]
FHstyles: checks
nicmct: bets $3
FHstyles: raises $3 to $6
nicmct: calls $3
*** TURN *** [5h 3s 3d] [Ts]
FHstyles: bets $6
nicmct: folds
Uncalled bet ($6) returned to FHstyles
FHstyles collected $23.52 from pot
FHstyles: doesn't show hand
*** SUMMARY ***
Total pot $24 | Rake $0.48
Board [5h 3s 3d Ts]
Seat 4: FHstyles (big blind) collected ($23.52)
Seat 5: nicmct (button) (small blind) folded on the Turn


PokerStars Hand #166351443196:  Hold'em Limit ($3/$6 USD) - 2017/02/17 12:42:53 ET
Table 'Messalina' 6-max Seat #5 is the button
Seat 4: FHstyles ($90.80 in chips)
Seat 5: nicmct ($66.96 in chips)
nicmct: posts small blind $1
FHstyles: posts big blind $3
*** HOLE CARDS ***
thekiing80 joins the table at seat #1
nicmct: raises $3 to $6
FHstyles: raises $3 to $9
nicmct: calls $3
*** FLOP *** [6c Th 4c]
FHstyles: bets $3
nicmct: folds
Uncalled bet ($3) returned to FHstyles
FHstyles collected $17.64 from pot
FHstyles: doesn't show hand
*** SUMMARY ***
Total pot $18 | Rake $0.36
Board [6c Th 4c]
Seat 4: FHstyles (big blind) collected ($17.64)
Seat 5: nicmct (button) (small blind) folded on the Flop


PokerStars Hand #166351433020:  Hold'em Limit ($3/$6 USD) - 2017/02/17 12:42:40 ET
Table 'Messalina' 6-max Seat #4 is the button
Seat 4: FHstyles ($85.04 in chips)
Seat 5: nicmct ($72.96 in chips)
FHstyles: posts small blind $1
nicmct: posts big blind $3
*** HOLE CARDS ***
FHstyles: raises $3 to $6
nicmct: calls $3
*** FLOP *** [Ah Ac Kd]
nicmct: checks
FHstyles: bets $3
nicmct: folds
Uncalled bet ($3) returned to FHstyles
FHstyles collected $11.76 from pot
FHstyles: doesn't show hand
*** SUMMARY ***
Total pot $12 | Rake $0.24
Board [Ah Ac Kd]
Seat 4: FHstyles (button) (small blind) collected ($11.76)
Seat 5: nicmct (big blind) folded on the Flop


PokerStars Hand #166351420622:  Hold'em Limit ($3/$6 USD) - 2017/02/17 12:42:24 ET
Table 'Messalina' 6-max Seat #5 is the button
Seat 4: FHstyles ($73.52 in chips)
Seat 5: nicmct ($84.96 in chips)
nicmct: posts small blind $1
FHstyles: posts big blind $3
*** HOLE CARDS ***
nicmct: raises $3 to $6
FHstyles: raises $3 to $9
nicmct: calls $3
*** FLOP *** [As 5c Qc]
FHstyles: bets $3
nicmct: calls $3
*** TURN *** [As 5c Qc] [7c]
FHstyles: bets $6
nicmct: folds
Uncalled bet ($6) returned to FHstyles
FHstyles collected $23.52 from pot
FHstyles: doesn't show hand
*** SUMMARY ***
Total pot $24 | Rake $0.48
Board [As 5c Qc 7c]
Seat 4: FHstyles (big blind) collected ($23.52)
Seat 5: nicmct (button) (small blind) folded on the Turn


PokerStars Hand #166351452633:  Hold'em Limit ($3/$6 USD) - 2017/02/17 12:43:05 ET
Table 'Messalina' 6-max Seat #4 is the button
Seat 4: FHstyles ($99.44 in chips)
Seat 5: nicmct ($57.96 in chips)
FHstyles: posts small blind $1
nicmct: posts big blind $3
AzureCaper joins the table at seat #2
*** HOLE CARDS ***
FHstyles: raises $3 to $6
nicmct: calls $3
*** FLOP *** [7h 7d 3h]
nicmct: checks
FHstyles: bets $3
nicmct: raises $3 to $6
FHstyles: raises $3 to $9
nicmct: calls $3
*** TURN *** [7h 7d 3h] [Tc]
nicmct: checks
vestimokrec joins the table at seat #6
FHstyles: bets $6
nicmct: calls $6
*** RIVER *** [7h 7d 3h Tc] [7c]
nicmct: bets $6
FHstyles: raises $6 to $12
nicmct: calls $6
*** SHOW DOWN ***
FHstyles: shows [4d 4c] (a full house, Sevens full of Fours)
nicmct: mucks hand
FHstyles collected $65.50 from pot
*** SUMMARY ***
Total pot $66 | Rake $0.50
Board [7h 7d 3h Tc 7c]
Seat 4: FHstyles (button) (small blind) showed [4d 4c] and won ($65.50) with a full house, Sevens full of Fours
Seat 5: nicmct (big blind) mucked


PokerStars Hand #166351648742:  Hold'em Limit ($3/$6 USD) - 2017/02/17 12:47:16 ET
Table 'Messalina' 6-max Seat #2 is the button
Seat 1: thekiing80 ($55.69 in chips)
Seat 2: AzureCaper ($92.71 in chips)
AzureCaper: posts small blind $1
FHstyles: is sitting out
thekiing80: posts big blind $3
*** HOLE CARDS ***
FHstyles leaves the table
AzureCaper: raises $3 to $6
thekiing80: raises $3 to $9
AzureCaper: calls $3
*** FLOP *** [6c 8s Jc]
thekiing80: bets $3
AzureCaper: calls $3
*** TURN *** [6c 8s Jc] [4d]
thekiing80: bets $6
AzureCaper: calls $6
*** RIVER *** [6c 8s Jc 4d] [7s]
thekiing80: bets $6
AzureCaper: calls $6
*** SHOW DOWN ***
thekiing80: shows [Ac Jd] (a pair of Jacks)
AzureCaper: mucks hand
thekiing80 collected $47.50 from pot
*** SUMMARY ***
Total pot $48 | Rake $0.50
Board [6c 8s Jc 4d 7s]
Seat 1: thekiing80 (big blind) showed [Ac Jd] and won ($47.50) with a pair of Jacks
Seat 2: AzureCaper (button) (small blind) mucked


PokerStars Hand #166351663568:  Hold'em Limit ($3/$6 USD) - 2017/02/17 12:47:35 ET
Table 'Messalina' 6-max Seat #1 is the button
Seat 1: thekiing80 ($79.19 in chips)
Seat 2: AzureCaper ($72 in chips)
thekiing80: posts small blind $1
AzureCaper: posts big blind $3
*** HOLE CARDS ***
thekiing80: raises $3 to $6
AzureCaper: folds
Uncalled bet ($3) returned to thekiing80
thekiing80 collected $6 from pot
*** SUMMARY ***
Total pot $6 | Rake $0
Seat 1: thekiing80 (button) (small blind) collected ($6)
Seat 2: AzureCaper (big blind) folded before Flop


PokerStars Hand #166351697594:  Hold'em Limit ($3/$6 USD) - 2017/02/17 12:48:19 ET
Table 'Messalina' 6-max Seat #1 is the button
Seat 1: thekiing80 ($102.69 in chips)
Seat 2: AzureCaper ($72 in chips)
thekiing80: posts small blind $1
AzureCaper: posts big blind $3
*** HOLE CARDS ***
thekiing80: raises $3 to $6
AzureCaper: raises $3 to $9
thekiing80: raises $3 to $12
Betting is capped
AzureCaper: calls $3
*** FLOP *** [As Td 3c]
AzureCaper: bets $3
thekiing80: calls $3
*** TURN *** [As Td 3c] [6h]
AzureCaper: bets $6
thekiing80: calls $6
*** RIVER *** [As Td 3c 6h] [8c]
AzureCaper: bets $6
thekiing80: calls $6
*** SHOW DOWN ***
AzureCaper: shows [Js Ts] (a pair of Tens)
thekiing80: shows [Ad 4h] (a pair of Aces)
thekiing80 collected $53.50 from pot
*** SUMMARY ***
Total pot $54 | Rake $0.50
Board [As Td 3c 6h 8c]
Seat 1: thekiing80 (button) (small blind) showed [Ad 4h] and won ($53.50) with a pair of Aces
Seat 2: AzureCaper (big blind) showed [Js Ts] and lost with a pair of Tens


PokerStars Hand #166351669333:  Hold'em Limit ($3/$6 USD) - 2017/02/17 12:47:43 ET
Table 'Messalina' 6-max Seat #2 is the button
Seat 1: thekiing80 ($82.19 in chips)
Seat 2: AzureCaper ($72 in chips)
AzureCaper: posts small blind $1
thekiing80: posts big blind $3
*** HOLE CARDS ***
AzureCaper: raises $3 to $6
thekiing80: calls $3
*** FLOP *** [5h Js 6s]
thekiing80: checks
AzureCaper: bets $3
thekiing80: calls $3
*** TURN *** [5h Js 6s] [Jd]
thekiing80: checks
AzureCaper: bets $6
thekiing80: calls $6
*** RIVER *** [5h Js 6s Jd] [Kh]
thekiing80: checks
AzureCaper: bets $6
thekiing80: calls $6
*** SHOW DOWN ***
AzureCaper: shows [8s 7c] (a pair of Jacks)
thekiing80: shows [Kd Qs] (two pair, Kings and Jacks)
thekiing80 collected $41.50 from pot
*** SUMMARY ***
Total pot $42 | Rake $0.50
Board [5h Js 6s Jd Kh]
Seat 1: thekiing80 (big blind) showed [Kd Qs] and won ($41.50) with two pair, Kings and Jacks
Seat 2: AzureCaper (button) (small blind) showed [8s 7c] and lost with a pair of Jacks


PokerStars Hand #166351718968:  Hold'em Limit ($3/$6 USD) - 2017/02/17 12:48:47 ET
Table 'Messalina' 6-max Seat #2 is the button
Seat 1: thekiing80 ($129.19 in chips)
Seat 2: AzureCaper ($72 in chips)
AzureCaper: posts small blind $1
thekiing80: posts big blind $3
*** HOLE CARDS ***
AzureCaper: raises $3 to $6
thekiing80: calls $3
*** FLOP *** [6h Kh Qc]
thekiing80: checks
AzureCaper: bets $3
thekiing80: calls $3
*** TURN *** [6h Kh Qc] [3d]
thekiing80: checks
AzureCaper: bets $6
thekiing80: calls $6
*** RIVER *** [6h Kh Qc 3d] [2h]
thekiing80: checks
AzureCaper: bets $6
thekiing80: raises $6 to $12
AzureCaper: folds
Uncalled bet ($6) returned to thekiing80
thekiing80 collected $41.50 from pot
*** SUMMARY ***
Total pot $42 | Rake $0.50
Board [6h Kh Qc 3d 2h]
Seat 1: thekiing80 (big blind) collected ($41.50)
Seat 2: AzureCaper (button) (small blind) folded on the River


PokerStars Hand #166351744268:  Hold'em Limit ($3/$6 USD) - 2017/02/17 12:49:20 ET
Table 'Messalina' 6-max Seat #2 is the button
Seat 1: thekiing80 ($148.69 in chips)
Seat 2: AzureCaper ($73 in chips)
AzureCaper: posts small blind $1
thekiing80: posts big blind $3
*** HOLE CARDS ***
AzureCaper: raises $3 to $6
thekiing80: folds
Uncalled bet ($3) returned to AzureCaper
AzureCaper collected $6 from pot
AzureCaper: doesn't show hand
*** SUMMARY ***
Total pot $6 | Rake $0
Seat 1: thekiing80 (big blind) folded before Flop
Seat 2: AzureCaper (button) (small blind) collected ($6)


PokerStars Hand #166351740493:  Hold'em Limit ($3/$6 USD) - 2017/02/17 12:49:15 ET
Table 'Messalina' 6-max Seat #1 is the button
Seat 1: thekiing80 ($149.69 in chips)
Seat 2: AzureCaper ($72 in chips)
thekiing80: posts small blind $1
AzureCaper: posts big blind $3
*** HOLE CARDS ***
thekiing80: folds
Uncalled bet ($2) returned to AzureCaper
AzureCaper collected $2 from pot
AzureCaper: doesn't show hand
*** SUMMARY ***
Total pot $2 | Rake $0
Seat 1: thekiing80 (button) (small blind) folded before Flop
Seat 2: AzureCaper (big blind) collected ($2)


PokerStars Hand #166351749159:  Hold'em Limit ($3/$6 USD) - 2017/02/17 12:49:26 ET
Table 'Messalina' 6-max Seat #1 is the button
Seat 1: thekiing80 ($145.69 in chips)
Seat 2: AzureCaper ($76 in chips)
thekiing80: posts small blind $1
AzureCaper: posts big blind $3
*** HOLE CARDS ***
thekiing80: raises $3 to $6
AzureCaper: calls $3
*** FLOP *** [2d Kc Tc]
AzureCaper: checks
thekiing80: bets $3
AzureCaper: raises $3 to $6
thekiing80: calls $3
*** TURN *** [2d Kc Tc] [Td]
AzureCaper: bets $6
thekiing80: calls $6
*** RIVER *** [2d Kc Tc Td] [4s]
AzureCaper: bets $6
thekiing80: calls $6
*** SHOW DOWN ***
AzureCaper: shows [Ks 8d] (two pair, Kings and Tens)
thekiing80: mucks hand
AzureCaper collected $47.50 from pot
*** SUMMARY ***
Total pot $48 | Rake $0.50
Board [2d Kc Tc Td 4s]
Seat 1: thekiing80 (button) (small blind) mucked
Seat 2: AzureCaper (big blind) showed [Ks 8d] and won ($47.50) with two pair, Kings and Tens


PokerStars Hand #166351783195:  Hold'em Limit ($3/$6 USD) - 2017/02/17 12:50:10 ET
Table 'Messalina' 6-max Seat #1 is the button
Seat 1: thekiing80 ($118.69 in chips)
Seat 2: AzureCaper ($102.50 in chips)
thekiing80: posts small blind $1
AzureCaper: posts big blind $3
*** HOLE CARDS ***
thekiing80: raises $3 to $6
AzureCaper: folds
Uncalled bet ($3) returned to thekiing80
thekiing80 collected $6 from pot
*** SUMMARY ***
Total pot $6 | Rake $0
Seat 1: thekiing80 (button) (small blind) collected ($6)
Seat 2: AzureCaper (big blind) folded before Flop


PokerStars Hand #166351776476:  Hold'em Limit ($3/$6 USD) - 2017/02/17 12:50:01 ET
Table 'Messalina' 6-max Seat #2 is the button
Seat 1: thekiing80 ($121.69 in chips)
Seat 2: AzureCaper ($99.50 in chips)
AzureCaper: posts small blind $1
thekiing80: posts big blind $3
*** HOLE CARDS ***
AzureCaper: raises $3 to $6
thekiing80: folds
Uncalled bet ($3) returned to AzureCaper
AzureCaper collected $6 from pot
AzureCaper: doesn't show hand
*** SUMMARY ***
Total pot $6 | Rake $0
Seat 1: thekiing80 (big blind) folded before Flop
Seat 2: AzureCaper (button) (small blind) collected ($6)


PokerStars Hand #166351788656:  Hold'em Limit ($3/$6 USD) - 2017/02/17 12:50:17 ET
Table 'Messalina' 6-max Seat #2 is the button
Seat 1: thekiing80 ($121.69 in chips)
Seat 2: AzureCaper ($99.50 in chips)
AzureCaper: posts small blind $1
thekiing80: posts big blind $3
*** HOLE CARDS ***
AzureCaper: raises $3 to $6
thekiing80: calls $3
*** FLOP *** [8d Td 4d]
thekiing80: checks
AzureCaper: bets $3
thekiing80: calls $3
*** TURN *** [8d Td 4d] [Kc]
thekiing80: checks
AzureCaper: bets $6
thekiing80: calls $6
*** RIVER *** [8d Td 4d Kc] [4s]
thekiing80: checks
AzureCaper: bets $6
thekiing80: calls $6
*** SHOW DOWN ***
AzureCaper: shows [6c 8h] (two pair, Eights and Fours)
thekiing80: shows [8c 7h] (two pair, Eights and Fours)
thekiing80 collected $20.75 from pot
AzureCaper collected $20.75 from pot
*** SUMMARY ***
Total pot $42 | Rake $0.50
Board [8d Td 4d Kc 4s]
Seat 1: thekiing80 (big blind) showed [8c 7h] and won ($20.75) with two pair, Eights and Fours
Seat 2: AzureCaper (button) (small blind) showed [6c 8h] and won ($20.75) with two pair, Eights and Fours


PokerStars Hand #166351822935:  Hold'em Limit ($3/$6 USD) - 2017/02/17 12:51:01 ET
Table 'Messalina' 6-max Seat #2 is the button
Seat 1: thekiing80 ($103.44 in chips)
Seat 2: AzureCaper ($116.75 in chips)
AzureCaper: posts small blind $1
thekiing80: posts big blind $3
*** HOLE CARDS ***
AzureCaper: folds
Uncalled bet ($2) returned to thekiing80
thekiing80 collected $2 from pot
*** SUMMARY ***
Total pot $2 | Rake $0
Seat 1: thekiing80 (big blind) collected ($2)
Seat 2: AzureCaper (button) (small blind) folded before Flop


PokerStars Hand #166351806239:  Hold'em Limit ($3/$6 USD) - 2017/02/17 12:50:39 ET
Table 'Messalina' 6-max Seat #1 is the button
Seat 1: thekiing80 ($121.44 in chips)
Seat 2: AzureCaper ($99.25 in chips)
thekiing80: posts small blind $1
AzureCaper: posts big blind $3
*** HOLE CARDS ***
thekiing80: raises $3 to $6
AzureCaper: raises $3 to $9
thekiing80: calls $3
*** FLOP *** [4c 2c 5d]
AzureCaper: bets $3
thekiing80: calls $3
*** TURN *** [4c 2c 5d] [8d]
AzureCaper: bets $6
thekiing80: calls $6
*** RIVER *** [4c 2c 5d 8d] [5s]
AzureCaper: bets $6
thekiing80: folds
Uncalled bet ($6) returned to AzureCaper
AzureCaper collected $35.50 from pot
AzureCaper: doesn't show hand
*** SUMMARY ***
Total pot $36 | Rake $0.50
Board [4c 2c 5d 8d 5s]
Seat 1: thekiing80 (button) (small blind) folded on the River
Seat 2: AzureCaper (big blind) collected ($35.50)


PokerStars Hand #166351828549:  Hold'em Limit ($3/$6 USD) - 2017/02/17 12:51:08 ET
Table 'Messalina' 6-max Seat #1 is the button
Seat 1: thekiing80 ($104.44 in chips)
Seat 2: AzureCaper ($115.75 in chips)
thekiing80: posts small blind $1
AzureCaper: posts big blind $3
*** HOLE CARDS ***
thekiing80: raises $3 to $6
AzureCaper: calls $3
*** FLOP *** [9d Js 2c]
AzureCaper: checks
thekiing80: bets $3
AzureCaper: folds
Uncalled bet ($3) returned to thekiing80
thekiing80 collected $11.76 from pot
*** SUMMARY ***
Total pot $12 | Rake $0.24
Board [9d Js 2c]
Seat 1: thekiing80 (button) (small blind) collected ($11.76)
Seat 2: AzureCaper (big blind) folded on the Flop


PokerStars Hand #166351839341:  Hold'em Limit ($3/$6 USD) - 2017/02/17 12:51:22 ET
Table 'Messalina' 6-max Seat #2 is the button
Seat 1: thekiing80 ($110.20 in chips)
Seat 2: AzureCaper ($109.75 in chips)
AzureCaper: posts small blind $1
thekiing80: posts big blind $3
*** HOLE CARDS ***
AzureCaper: raises $3 to $6
thekiing80: calls $3
*** FLOP *** [5c 6s Jd]
thekiing80: checks
AzureCaper: bets $3
thekiing80: calls $3
*** TURN *** [5c 6s Jd] [Js]
thekiing80: checks
AzureCaper: bets $6
thekiing80: raises $6 to $12
AzureCaper: calls $6
*** RIVER *** [5c 6s Jd Js] [4s]
thekiing80: bets $6
AzureCaper: calls $6
*** SHOW DOWN ***
thekiing80: shows [8s 5s] (a flush, Jack high)
AzureCaper: mucks hand
thekiing80 collected $53.50 from pot
*** SUMMARY ***
Total pot $54 | Rake $0.50
Board [5c 6s Jd Js 4s]
Seat 1: thekiing80 (big blind) showed [8s 5s] and won ($53.50) with a flush, Jack high
Seat 2: AzureCaper (button) (small blind) mucked


PokerStars Hand #166351856319:  Hold'em Limit ($3/$6 USD) - 2017/02/17 12:51:44 ET
Table 'Messalina' 6-max Seat #1 is the button
Seat 1: thekiing80 ($136.70 in chips)
Seat 2: AzureCaper ($82.75 in chips)
thekiing80: posts small blind $1
AzureCaper: posts big blind $3
*** HOLE CARDS ***
thekiing80: folds
Uncalled bet ($2) returned to AzureCaper
AzureCaper collected $2 from pot
AzureCaper: doesn't show hand
*** SUMMARY ***
Total pot $2 | Rake $0
Seat 1: thekiing80 (button) (small blind) folded before Flop
Seat 2: AzureCaper (big blind) collected ($2)


PokerStars Hand #166351860184:  Hold'em Limit ($3/$6 USD) - 2017/02/17 12:51:49 ET
Table 'Messalina' 6-max Seat #2 is the button
Seat 1: thekiing80 ($135.70 in chips)
Seat 2: AzureCaper ($83.75 in chips)
AzureCaper: posts small blind $1
thekiing80: posts big blind $3
*** HOLE CARDS ***
AzureCaper: raises $3 to $6
thekiing80: raises $3 to $9
AzureCaper: raises $3 to $12
Betting is capped
thekiing80: calls $3
*** FLOP *** [6s 4s Ks]
thekiing80: checks
AzureCaper: bets $3
thekiing80: calls $3
*** TURN *** [6s 4s Ks] [8c]
thekiing80: checks
AzureCaper: checks
*** RIVER *** [6s 4s Ks 8c] [Qc]
thekiing80: checks
AzureCaper: bets $6
thekiing80: folds
Uncalled bet ($6) returned to AzureCaper
AzureCaper collected $29.50 from pot
AzureCaper: doesn't show hand
*** SUMMARY ***
Total pot $30 | Rake $0.50
Board [6s 4s Ks 8c Qc]
Seat 1: thekiing80 (big blind) folded on the River
Seat 2: AzureCaper (button) (small blind) collected ($29.50)


PokerStars Hand #166351892370:  Hold'em Limit ($3/$6 USD) - 2017/02/17 12:52:31 ET
Table 'Messalina' 6-max Seat #1 is the button
Seat 1: thekiing80 ($127.46 in chips)
Seat 2: AzureCaper ($91.25 in chips)
thekiing80: posts small blind $1
AzureCaper: posts big blind $3
*** HOLE CARDS ***
thekiing80: raises $3 to $6
AzureCaper: folds
Uncalled bet ($3) returned to thekiing80
thekiing80 collected $6 from pot
*** SUMMARY ***
Total pot $6 | Rake $0
Seat 1: thekiing80 (button) (small blind) collected ($6)
Seat 2: AzureCaper (big blind) folded before Flop


PokerStars Hand #166351888069:  Hold'em Limit ($3/$6 USD) - 2017/02/17 12:52:25 ET
Table 'Messalina' 6-max Seat #2 is the button
Seat 1: thekiing80 ($126.46 in chips)
Seat 2: AzureCaper ($92.25 in chips)
AzureCaper: posts small blind $1
thekiing80: posts big blind $3
*** HOLE CARDS ***
AzureCaper: folds
Uncalled bet ($2) returned to thekiing80
thekiing80 collected $2 from pot
*** SUMMARY ***
Total pot $2 | Rake $0
Seat 1: thekiing80 (big blind) collected ($2)
Seat 2: AzureCaper (button) (small blind) folded before Flop


PokerStars Hand #166351896984:  Hold'em Limit ($3/$6 USD) - 2017/02/17 12:52:37 ET
Table 'Messalina' 6-max Seat #2 is the button
Seat 1: thekiing80 ($130.46 in chips)
Seat 2: AzureCaper ($88.25 in chips)
AzureCaper: posts small blind $1
thekiing80: posts big blind $3
*** HOLE CARDS ***
AzureCaper: raises $3 to $6
thekiing80: calls $3
*** FLOP *** [Qh 8s Tc]
thekiing80: checks
AzureCaper: bets $3
thekiing80: folds
Uncalled bet ($3) returned to AzureCaper
AzureCaper collected $11.76 from pot
AzureCaper: doesn't show hand
*** SUMMARY ***
Total pot $12 | Rake $0.24
Board [Qh 8s Tc]
Seat 1: thekiing80 (big blind) folded on the Flop
Seat 2: AzureCaper (button) (small blind) collected ($11.76)


PokerStars Hand #166351906391:  Hold'em Limit ($3/$6 USD) - 2017/02/17 12:52:49 ET
Table 'Messalina' 6-max Seat #1 is the button
Seat 1: thekiing80 ($124.46 in chips)
Seat 2: AzureCaper ($94.01 in chips)
thekiing80: posts small blind $1
AzureCaper: posts big blind $3
*** HOLE CARDS ***
thekiing80: raises $3 to $6
AzureCaper: calls $3
*** FLOP *** [6s Ks Ts]
AzureCaper: checks
thekiing80: bets $3
AzureCaper: raises $3 to $6
thekiing80: calls $3
*** TURN *** [6s Ks Ts] [7d]
AzureCaper: bets $6
thekiing80: raises $6 to $12
AzureCaper: folds
Uncalled bet ($6) returned to thekiing80
thekiing80 collected $35.50 from pot
*** SUMMARY ***
Total pot $36 | Rake $0.50
Board [6s Ks Ts 7d]
Seat 1: thekiing80 (button) (small blind) collected ($35.50)
Seat 2: AzureCaper (big blind) folded on the Turn


PokerStars Hand #166351878024:  Hold'em Limit ($3/$6 USD) - 2017/02/17 12:52:12 ET
Table 'Messalina' 6-max Seat #1 is the button
Seat 1: thekiing80 ($120.70 in chips)
Seat 2: AzureCaper ($98.25 in chips)
thekiing80: posts small blind $1
AzureCaper: posts big blind $3
*** HOLE CARDS ***
thekiing80: raises $3 to $6
AzureCaper: calls $3
*** FLOP *** [Tc Ts 3s]
AzureCaper: checks
thekiing80: bets $3
AzureCaper: folds
Uncalled bet ($3) returned to thekiing80
thekiing80 collected $11.76 from pot
*** SUMMARY ***
Total pot $12 | Rake $0.24
Board [Tc Ts 3s]
Seat 1: thekiing80 (button) (small blind) collected ($11.76)
Seat 2: AzureCaper (big blind) folded on the Flop


PokerStars Hand #166351931970:  Hold'em Limit ($3/$6 USD) - 2017/02/17 12:53:22 ET
Table 'Messalina' 6-max Seat #1 is the button
Seat 1: thekiing80 ($150.60 in chips)
Seat 2: AzureCaper ($72 in chips)
thekiing80: posts small blind $1
AzureCaper: posts big blind $3
*** HOLE CARDS ***
thekiing80: raises $3 to $6
AzureCaper: folds
Uncalled bet ($3) returned to thekiing80
thekiing80 collected $6 from pot
*** SUMMARY ***
Total pot $6 | Rake $0
Seat 1: thekiing80 (button) (small blind) collected ($6)
Seat 2: AzureCaper (big blind) folded before Flop


PokerStars Hand #166351955771:  Hold'em Limit ($3/$6 USD) - 2017/02/17 12:53:53 ET
Table 'Messalina' 6-max Seat #1 is the button
Seat 1: thekiing80 ($138.60 in chips)
Seat 2: AzureCaper ($86.50 in chips)
thekiing80: posts small blind $1
AzureCaper: posts big blind $3
*** HOLE CARDS ***
thekiing80: folds
Uncalled bet ($2) returned to AzureCaper
AzureCaper collected $2 from pot
AzureCaper: doesn't show hand
*** SUMMARY ***
Total pot $2 | Rake $0
Seat 1: thekiing80 (button) (small blind) folded before Flop
Seat 2: AzureCaper (big blind) collected ($2)


PokerStars Hand #166351939623:  Hold'em Limit ($3/$6 USD) - 2017/02/17 12:53:32 ET
Table 'Messalina' 6-max Seat #2 is the button
Seat 1: thekiing80 ($153.60 in chips)
Seat 2: AzureCaper ($72 in chips)
AzureCaper: posts small blind $1
thekiing80: posts big blind $3
*** HOLE CARDS ***
AzureCaper: raises $3 to $6
thekiing80: calls $3
*** FLOP *** [9d Qd 4d]
thekiing80: checks
AzureCaper: bets $3
thekiing80: calls $3
*** TURN *** [9d Qd 4d] [7h]
thekiing80: checks
AzureCaper: bets $6
thekiing80: calls $6
*** RIVER *** [9d Qd 4d 7h] [Ah]
thekiing80: checks
AzureCaper: checks
*** SHOW DOWN ***
thekiing80: shows [4h Th] (a pair of Fours)
AzureCaper: shows [3h Qh] (a pair of Queens)
AzureCaper collected $29.50 from pot
*** SUMMARY ***
Total pot $30 | Rake $0.50
Board [9d Qd 4d 7h Ah]
Seat 1: thekiing80 (big blind) showed [4h Th] and lost with a pair of Fours
Seat 2: AzureCaper (button) (small blind) showed [3h Qh] and won ($29.50) with a pair of Queens


PokerStars Hand #166351959344:  Hold'em Limit ($3/$6 USD) - 2017/02/17 12:53:57 ET
Table 'Messalina' 6-max Seat #2 is the button
Seat 1: thekiing80 ($137.60 in chips)
Seat 2: AzureCaper ($87.50 in chips)
AzureCaper: posts small blind $1
thekiing80: posts big blind $3
*** HOLE CARDS ***
AzureCaper: raises $3 to $6
thekiing80: folds
Uncalled bet ($3) returned to AzureCaper
AzureCaper collected $6 from pot
AzureCaper: doesn't show hand
*** SUMMARY ***
Total pot $6 | Rake $0
Seat 1: thekiing80 (big blind) folded before Flop
Seat 2: AzureCaper (button) (small blind) collected ($6)


PokerStars Hand #166351921976:  Hold'em Limit ($3/$6 USD) - 2017/02/17 12:53:09 ET
Table 'Messalina' 6-max Seat #2 is the button
Seat 1: thekiing80 ($141.96 in chips)
Seat 2: AzureCaper ($76.01 in chips)
AzureCaper: posts small blind $1
thekiing80: posts big blind $3
*** HOLE CARDS ***
AzureCaper: raises $3 to $6
thekiing80: raises $3 to $9
AzureCaper: calls $3
*** FLOP *** [Qh 5s 5d]
thekiing80: bets $3
AzureCaper: folds
Uncalled bet ($3) returned to thekiing80
thekiing80 collected $17.64 from pot
*** SUMMARY ***
Total pot $18 | Rake $0.36
Board [Qh 5s 5d]
Seat 1: thekiing80 (big blind) collected ($17.64)
Seat 2: AzureCaper (button) (small blind) folded on the Flop


PokerStars Hand #166351965766:  Hold'em Limit ($3/$6 USD) - 2017/02/17 12:54:05 ET
Table 'Messalina' 6-max Seat #1 is the button
Seat 1: thekiing80 ($134.60 in chips)
Seat 2: AzureCaper ($90.50 in chips)
thekiing80: posts small blind $1
AzureCaper: posts big blind $3
*** HOLE CARDS ***
thekiing80: folds
Uncalled bet ($2) returned to AzureCaper
AzureCaper collected $2 from pot
AzureCaper: doesn't show hand
*** SUMMARY ***
Total pot $2 | Rake $0
Seat 1: thekiing80 (button) (small blind) folded before Flop
Seat 2: AzureCaper (big blind) collected ($2)


PokerStars Hand #166351969501:  Hold'em Limit ($3/$6 USD) - 2017/02/17 12:54:10 ET
Table 'Messalina' 6-max Seat #2 is the button
Seat 1: thekiing80 ($133.60 in chips)
Seat 2: AzureCaper ($91.50 in chips)
AzureCaper: posts small blind $1
thekiing80: posts big blind $3
*** HOLE CARDS ***
AzureCaper: raises $3 to $6
thekiing80: calls $3
*** FLOP *** [Js 8s 4s]
thekiing80: checks
AzureCaper: bets $3
thekiing80: raises $3 to $6
AzureCaper: calls $3
*** TURN *** [Js 8s 4s] [9d]
thekiing80: bets $6
AzureCaper: raises $6 to $12
thekiing80: calls $6
*** RIVER *** [Js 8s 4s 9d] [Qc]
thekiing80: checks
AzureCaper: bets $6
thekiing80: calls $6
*** SHOW DOWN ***
AzureCaper: shows [4d Jh] (two pair, Jacks and Fours)
thekiing80: mucks hand
AzureCaper collected $59.50 from pot
*** SUMMARY ***
Total pot $60 | Rake $0.50
Board [Js 8s 4s 9d Qc]
Seat 1: thekiing80 (big blind) mucked
Seat 2: AzureCaper (button) (small blind) showed [4d Jh] and won ($59.50) with two pair, Jacks and Fours


PokerStars Hand #166352001543:  Hold'em Limit ($3/$6 USD) - 2017/02/17 12:54:52 ET
Table 'Messalina' 6-max Seat #2 is the button
Seat 1: thekiing80 ($115.12 in chips)
Seat 2: AzureCaper ($109 in chips)
AzureCaper: posts small blind $1
thekiing80: posts big blind $3
*** HOLE CARDS ***
AzureCaper: folds
Uncalled bet ($2) returned to thekiing80
thekiing80 collected $2 from pot
*** SUMMARY ***
Total pot $2 | Rake $0
Seat 1: thekiing80 (big blind) collected ($2)
Seat 2: AzureCaper (button) (small blind) folded before Flop


PokerStars Hand #166351987727:  Hold'em Limit ($3/$6 USD) - 2017/02/17 12:54:34 ET
Table 'Messalina' 6-max Seat #1 is the button
Seat 1: thekiing80 ($103.60 in chips)
Seat 2: AzureCaper ($121 in chips)
thekiing80: posts small blind $1
AzureCaper: posts big blind $3
*** HOLE CARDS ***
thekiing80: raises $3 to $6
AzureCaper: raises $3 to $9
thekiing80: raises $3 to $12
Betting is capped
AzureCaper: calls $3
*** FLOP *** [6h As 8h]
AzureCaper: checks
thekiing80: bets $3
AzureCaper: folds
Uncalled bet ($3) returned to thekiing80
thekiing80 collected $23.52 from pot
*** SUMMARY ***
Total pot $24 | Rake $0.48
Board [6h As 8h]
Seat 1: thekiing80 (button) (small blind) collected ($23.52)
Seat 2: AzureCaper (big blind) folded on the Flop


PokerStars Hand #166352005559:  Hold'em Limit ($3/$6 USD) - 2017/02/17 12:54:57 ET
Table 'Messalina' 6-max Seat #1 is the button
Seat 1: thekiing80 ($116.12 in chips)
Seat 2: AzureCaper ($108 in chips)
thekiing80: posts small blind $1
AzureCaper: posts big blind $3
*** HOLE CARDS ***
thekiing80: folds
Uncalled bet ($2) returned to AzureCaper
AzureCaper collected $2 from pot
AzureCaper: doesn't show hand
*** SUMMARY ***
Total pot $2 | Rake $0
Seat 1: thekiing80 (button) (small blind) folded before Flop
Seat 2: AzureCaper (big blind) collected ($2)


PokerStars Hand #166352017112:  Hold'em Limit ($3/$6 USD) - 2017/02/17 12:55:12 ET
Table 'Messalina' 6-max Seat #1 is the button
Seat 1: thekiing80 ($116.12 in chips)
Seat 2: AzureCaper ($108 in chips)
thekiing80: posts small blind $1
AzureCaper: posts big blind $3
*** HOLE CARDS ***
thekiing80: raises $3 to $6
AzureCaper: raises $3 to $9
thekiing80: calls $3
*** FLOP *** [8h 7h 4s]
AzureCaper: bets $3
thekiing80: calls $3
*** TURN *** [8h 7h 4s] [Ks]
AzureCaper: bets $6
thekiing80: raises $6 to $12
AzureCaper: folds
Uncalled bet ($6) returned to thekiing80
thekiing80 collected $35.50 from pot
*** SUMMARY ***
Total pot $36 | Rake $0.50
Board [8h 7h 4s Ks]
Seat 1: thekiing80 (button) (small blind) collected ($35.50)
Seat 2: AzureCaper (big blind) folded on the Turn


PokerStars Hand #166352026404:  Hold'em Limit ($3/$6 USD) - 2017/02/17 12:55:26 ET
Table 'Messalina' 6-max Seat #2 is the button
Seat 1: thekiing80 ($133.62 in chips)
Seat 2: AzureCaper ($90 in chips)
AzureCaper: posts small blind $1
thekiing80: posts big blind $3
*** HOLE CARDS ***
AzureCaper: raises $3 to $6
thekiing80: calls $3
*** FLOP *** [Qh 3c Qs]
thekiing80: checks
AzureCaper: bets $3
thekiing80: folds
Uncalled bet ($3) returned to AzureCaper
AzureCaper collected $11.76 from pot
AzureCaper: doesn't show hand
*** SUMMARY ***
Total pot $12 | Rake $0.24
Board [Qh 3c Qs]
Seat 1: thekiing80 (big blind) folded on the Flop
Seat 2: AzureCaper (button) (small blind) collected ($11.76)


PokerStars Hand #166352033189:  Hold'em Limit ($3/$6 USD) - 2017/02/17 12:55:37 ET
Table 'Messalina' 6-max Seat #1 is the button
Seat 1: thekiing80 ($127.62 in chips)
Seat 2: AzureCaper ($95.76 in chips)
thekiing80: posts small blind $1
AzureCaper: posts big blind $3
*** HOLE CARDS ***
thekiing80: raises $3 to $6
AzureCaper: raises $3 to $9
thekiing80: raises $3 to $12
Betting is capped
AzureCaper: calls $3
*** FLOP *** [6d 3d 5h]
AzureCaper: checks
thekiing80: checks
*** TURN *** [6d 3d 5h] [4h]
AzureCaper: bets $6
thekiing80: calls $6
*** RIVER *** [6d 3d 5h 4h] [5s]
AzureCaper: bets $6
thekiing80: folds
Uncalled bet ($6) returned to AzureCaper
AzureCaper collected $35.50 from pot
AzureCaper: doesn't show hand
*** SUMMARY ***
Total pot $36 | Rake $0.50
Board [6d 3d 5h 4h 5s]
Seat 1: thekiing80 (button) (small blind) folded on the River
Seat 2: AzureCaper (big blind) collected ($35.50)


PokerStars Hand #166352048951:  Hold'em Limit ($3/$6 USD) - 2017/02/17 12:56:01 ET
Table 'Messalina' 6-max Seat #1 is the button
Seat 1: thekiing80 ($110.62 in chips)
Seat 2: AzureCaper ($112.26 in chips)
thekiing80: posts small blind $1
AzureCaper: posts big blind $3
*** HOLE CARDS ***
thekiing80: raises $3 to $6
AzureCaper: folds
Uncalled bet ($3) returned to thekiing80
thekiing80 collected $6 from pot
*** SUMMARY ***
Total pot $6 | Rake $0
Seat 1: thekiing80 (button) (small blind) collected ($6)
Seat 2: AzureCaper (big blind) folded before Flop


PokerStars Hand #166352045678:  Hold'em Limit ($3/$6 USD) - 2017/02/17 12:55:56 ET
Table 'Messalina' 6-max Seat #2 is the button
Seat 1: thekiing80 ($109.62 in chips)
Seat 2: AzureCaper ($113.26 in chips)
AzureCaper: posts small blind $1
thekiing80: posts big blind $3
*** HOLE CARDS ***
AzureCaper: folds
Uncalled bet ($2) returned to thekiing80
thekiing80 collected $2 from pot
*** SUMMARY ***
Total pot $2 | Rake $0
Seat 1: thekiing80 (big blind) collected ($2)
Seat 2: AzureCaper (button) (small blind) folded before Flop


PokerStars Hand #166352009362:  Hold'em Limit ($3/$6 USD) - 2017/02/17 12:55:02 ET
Table 'Messalina' 6-max Seat #2 is the button
Seat 1: thekiing80 ($115.12 in chips)
Seat 2: AzureCaper ($109 in chips)
AzureCaper: posts small blind $1
thekiing80: posts big blind $3
*** HOLE CARDS ***
AzureCaper: folds
Uncalled bet ($2) returned to thekiing80
thekiing80 collected $2 from pot
*** SUMMARY ***
Total pot $2 | Rake $0
Seat 1: thekiing80 (big blind) collected ($2)
Seat 2: AzureCaper (button) (small blind) folded before Flop


PokerStars Hand #166352076825:  Hold'em Limit ($3/$6 USD) - 2017/02/17 12:56:44 ET
Table 'Messalina' 6-max Seat #1 is the button
Seat 1: thekiing80 ($122.26 in chips)
Seat 2: AzureCaper ($100.26 in chips)
thekiing80: posts small blind $1
AzureCaper: posts big blind $3
*** HOLE CARDS ***
thekiing80: folds
Uncalled bet ($2) returned to AzureCaper
AzureCaper collected $2 from pot
AzureCaper: doesn't show hand
*** SUMMARY ***
Total pot $2 | Rake $0
Seat 1: thekiing80 (button) (small blind) folded before Flop
Seat 2: AzureCaper (big blind) collected ($2)


PokerStars Hand #166352060722:  Hold'em Limit ($3/$6 USD) - 2017/02/17 12:56:20 ET
Table 'Messalina' 6-max Seat #2 is the button
Seat 1: thekiing80 ($113.62 in chips)
Seat 2: AzureCaper ($109.26 in chips)
AzureCaper: posts small blind $1
thekiing80: posts big blind $3
*** HOLE CARDS ***
AzureCaper: raises $3 to $6
thekiing80: calls $3
*** FLOP *** [2c Ac Jh]
thekiing80: checks
AzureCaper: bets $3
thekiing80: calls $3
*** TURN *** [2c Ac Jh] [4d]
thekiing80: checks
AzureCaper: checks
*** RIVER *** [2c Ac Jh 4d] [7c]
thekiing80: checks
AzureCaper: checks
*** SHOW DOWN ***
thekiing80: shows [Qs 7h] (a pair of Sevens)
AzureCaper: mucks hand
thekiing80 collected $17.64 from pot
*** SUMMARY ***
Total pot $18 | Rake $0.36
Board [2c Ac Jh 4d 7c]
Seat 1: thekiing80 (big blind) showed [Qs 7h] and won ($17.64) with a pair of Sevens
Seat 2: AzureCaper (button) (small blind) mucked


PokerStars Hand #166352080096:  Hold'em Limit ($3/$6 USD) - 2017/02/17 12:56:49 ET
Table 'Messalina' 6-max Seat #2 is the button
Seat 1: thekiing80 ($121.26 in chips)
Seat 2: AzureCaper ($101.26 in chips)
AzureCaper: posts small blind $1
thekiing80: posts big blind $3
*** HOLE CARDS ***
AzureCaper: raises $3 to $6
thekiing80: folds
Uncalled bet ($3) returned to AzureCaper
AzureCaper collected $6 from pot
AzureCaper: doesn't show hand
*** SUMMARY ***
Total pot $6 | Rake $0
Seat 1: thekiing80 (big blind) folded before Flop
Seat 2: AzureCaper (button) (small blind) collected ($6)


PokerStars Hand #166352057754:  Hold'em Limit ($3/$6 USD) - 2017/02/17 12:56:15 ET
Table 'Messalina' 6-max Seat #1 is the button
Seat 1: thekiing80 ($114.62 in chips)
Seat 2: AzureCaper ($108.26 in chips)
thekiing80: posts small blind $1
AzureCaper: posts big blind $3
*** HOLE CARDS ***
thekiing80: folds
Uncalled bet ($2) returned to AzureCaper
AzureCaper collected $2 from pot
AzureCaper: doesn't show hand
*** SUMMARY ***
Total pot $2 | Rake $0
Seat 1: thekiing80 (button) (small blind) folded before Flop
Seat 2: AzureCaper (big blind) collected ($2)


PokerStars Hand #166352053057:  Hold'em Limit ($3/$6 USD) - 2017/02/17 12:56:08 ET
Table 'Messalina' 6-max Seat #2 is the button
Seat 1: thekiing80 ($113.62 in chips)
Seat 2: AzureCaper ($109.26 in chips)
AzureCaper: posts small blind $1
thekiing80: posts big blind $3
*** HOLE CARDS ***
AzureCaper: folds
Uncalled bet ($2) returned to thekiing80
thekiing80 collected $2 from pot
*** SUMMARY ***
Total pot $2 | Rake $0
Seat 1: thekiing80 (big blind) collected ($2)
Seat 2: AzureCaper (button) (small blind) folded before Flop


PokerStars Hand #166352096499:  Hold'em Limit ($3/$6 USD) - 2017/02/17 12:57:14 ET
Table 'Messalina' 6-max Seat #2 is the button
Seat 1: thekiing80 ($94.26 in chips)
Seat 2: AzureCaper ($127.76 in chips)
AzureCaper: posts small blind $1
thekiing80: posts big blind $3
*** HOLE CARDS ***
AzureCaper: raises $3 to $6
thekiing80: raises $3 to $9
AzureCaper: calls $3
*** FLOP *** [Ah 5c Js]
thekiing80: bets $3
AzureCaper: folds
Uncalled bet ($3) returned to thekiing80
thekiing80 collected $17.64 from pot
*** SUMMARY ***
Total pot $18 | Rake $0.36
Board [Ah 5c Js]
Seat 1: thekiing80 (big blind) collected ($17.64)
Seat 2: AzureCaper (button) (small blind) folded on the Flop


PokerStars Hand #166352084012:  Hold'em Limit ($3/$6 USD) - 2017/02/17 12:56:55 ET
Table 'Messalina' 6-max Seat #1 is the button
Seat 1: thekiing80 ($118.26 in chips)
Seat 2: AzureCaper ($104.26 in chips)
thekiing80: posts small blind $1
AzureCaper: posts big blind $3
*** HOLE CARDS ***
thekiing80: raises $3 to $6
AzureCaper: raises $3 to $9
thekiing80: calls $3
*** FLOP *** [5h As 6h]
AzureCaper: bets $3
thekiing80: calls $3
*** TURN *** [5h As 6h] [Kh]
AzureCaper: bets $6
thekiing80: calls $6
*** RIVER *** [5h As 6h Kh] [Td]
AzureCaper: bets $6
thekiing80: calls $6
*** SHOW DOWN ***
AzureCaper: shows [Ah Ad] (three of a kind, Aces)
thekiing80: mucks hand
AzureCaper collected $47.50 from pot
*** SUMMARY ***
Total pot $48 | Rake $0.50
Board [5h As 6h Kh Td]
Seat 1: thekiing80 (button) (small blind) mucked
Seat 2: AzureCaper (big blind) showed [Ah Ad] and won ($47.50) with three of a kind, Aces


PokerStars Hand #166352105211:  Hold'em Limit ($3/$6 USD) - 2017/02/17 12:57:28 ET
Table 'Messalina' 6-max Seat #1 is the button
Seat 1: thekiing80 ($102.90 in chips)
Seat 2: AzureCaper ($118.76 in chips)
thekiing80: posts small blind $1
AzureCaper: posts big blind $3
*** HOLE CARDS ***
thekiing80: raises $3 to $6
AzureCaper: calls $3
*** FLOP *** [7h Js 4c]
AzureCaper: checks
thekiing80: bets $3
AzureCaper: calls $3
*** TURN *** [7h Js 4c] [Qs]
AzureCaper: checks
thekiing80: bets $6
AzureCaper: folds
Uncalled bet ($6) returned to thekiing80
thekiing80 collected $17.64 from pot
*** SUMMARY ***
Total pot $18 | Rake $0.36
Board [7h Js 4c Qs]
Seat 1: thekiing80 (button) (small blind) collected ($17.64)
Seat 2: AzureCaper (big blind) folded on the Turn


PokerStars Hand #166352115879:  Hold'em Limit ($3/$6 USD) - 2017/02/17 12:57:44 ET
Table 'Messalina' 6-max Seat #2 is the button
Seat 1: thekiing80 ($111.54 in chips)
Seat 2: AzureCaper ($109.76 in chips)
AzureCaper: posts small blind $1
thekiing80: posts big blind $3
*** HOLE CARDS ***
AzureCaper: raises $3 to $6
thekiing80: calls $3
*** FLOP *** [9s Ts Kc]
thekiing80: checks
AzureCaper: bets $3
thekiing80: calls $3
*** TURN *** [9s Ts Kc] [Qd]
thekiing80: checks
AzureCaper: checks
*** RIVER *** [9s Ts Kc Qd] [3c]
thekiing80: bets $6
AzureCaper: folds
Uncalled bet ($6) returned to thekiing80
thekiing80 collected $17.64 from pot
*** SUMMARY ***
Total pot $18 | Rake $0.36
Board [9s Ts Kc Qd 3c]
Seat 1: thekiing80 (big blind) collected ($17.64)
Seat 2: AzureCaper (button) (small blind) folded on the River


PokerStars Hand #166352140291:  Hold'em Limit ($3/$6 USD) - 2017/02/17 12:58:21 ET
Table 'Messalina' 6-max Seat #2 is the button
Seat 1: thekiing80 ($96.18 in chips)
Seat 2: AzureCaper ($124.26 in chips)
AzureCaper: posts small blind $1
thekiing80: posts big blind $3
*** HOLE CARDS ***
AzureCaper: raises $3 to $6
thekiing80: folds
Uncalled bet ($3) returned to AzureCaper
AzureCaper collected $6 from pot
AzureCaper: doesn't show hand
*** SUMMARY ***
Total pot $6 | Rake $0
Seat 1: thekiing80 (big blind) folded before Flop
Seat 2: AzureCaper (button) (small blind) collected ($6)


PokerStars Hand #166352126500:  Hold'em Limit ($3/$6 USD) - 2017/02/17 12:58:00 ET
Table 'Messalina' 6-max Seat #1 is the button
Seat 1: thekiing80 ($120.18 in chips)
Seat 2: AzureCaper ($100.76 in chips)
thekiing80: posts small blind $1
AzureCaper: posts big blind $3
*** HOLE CARDS ***
thekiing80: raises $3 to $6
AzureCaper: calls $3
*** FLOP *** [Kh 4c 8s]
AzureCaper: checks
thekiing80: bets $3
AzureCaper: raises $3 to $6
thekiing80: calls $3
*** TURN *** [Kh 4c 8s] [4d]
AzureCaper: bets $6
thekiing80: calls $6
*** RIVER *** [Kh 4c 8s 4d] [4h]
AzureCaper: bets $6
thekiing80: calls $6
*** SHOW DOWN ***
AzureCaper: shows [7h 4s] (four of a kind, Fours)
thekiing80: mucks hand
AzureCaper collected $47.50 from pot
*** SUMMARY ***
Total pot $48 | Rake $0.50
Board [Kh 4c 8s 4d 4h]
Seat 1: thekiing80 (button) (small blind) mucked
Seat 2: AzureCaper (big blind) showed [7h 4s] and won ($47.50) with four of a kind, Fours


PokerStars Hand #166352143743:  Hold'em Limit ($3/$6 USD) - 2017/02/17 12:58:27 ET
Table 'Messalina' 6-max Seat #1 is the button
Seat 1: thekiing80 ($93.18 in chips)
Seat 2: AzureCaper ($127.26 in chips)
thekiing80: posts small blind $1
AzureCaper: posts big blind $3
*** HOLE CARDS ***
thekiing80: raises $3 to $6
AzureCaper: raises $3 to $9
thekiing80: raises $3 to $12
Betting is capped
AzureCaper: calls $3
*** FLOP *** [Qd 4c Jh]
AzureCaper: checks
thekiing80: bets $3
AzureCaper: calls $3
*** TURN *** [Qd 4c Jh] [Qs]
AzureCaper: checks
thekiing80: bets $6
AzureCaper: calls $6
*** RIVER *** [Qd 4c Jh Qs] [3d]
AzureCaper: checks
thekiing80: bets $6
AzureCaper: calls $6
*** SHOW DOWN ***
thekiing80: shows [7d 7c] (two pair, Queens and Sevens)
AzureCaper: mucks hand
thekiing80 collected $53.50 from pot
*** SUMMARY ***
Total pot $54 | Rake $0.50
Board [Qd 4c Jh Qs 3d]
Seat 1: thekiing80 (button) (small blind) showed [7d 7c] and won ($53.50) with two pair, Queens and Sevens
Seat 2: AzureCaper (big blind) mucked


PokerStars Hand #166352181510:  Hold'em Limit ($3/$6 USD) - 2017/02/17 12:59:24 ET
Table 'Messalina' 6-max Seat #1 is the button
Seat 1: thekiing80 ($141.18 in chips)
Seat 2: AzureCaper ($78.26 in chips)
thekiing80: posts small blind $1
AzureCaper: posts big blind $3
*** HOLE CARDS ***
thekiing80: folds
Uncalled bet ($2) returned to AzureCaper
AzureCaper collected $2 from pot
AzureCaper: doesn't show hand
*** SUMMARY ***
Total pot $2 | Rake $0
Seat 1: thekiing80 (button) (small blind) folded before Flop
Seat 2: AzureCaper (big blind) collected ($2)


PokerStars Hand #166352177569:  Hold'em Limit ($3/$6 USD) - 2017/02/17 12:59:18 ET
Table 'Messalina' 6-max Seat #2 is the button
Seat 1: thekiing80 ($140.18 in chips)
Seat 2: AzureCaper ($79.26 in chips)
AzureCaper: posts small blind $1
thekiing80: posts big blind $3
*** HOLE CARDS ***
AzureCaper: folds
Uncalled bet ($2) returned to thekiing80
thekiing80 collected $2 from pot
*** SUMMARY ***
Total pot $2 | Rake $0
Seat 1: thekiing80 (big blind) collected ($2)
Seat 2: AzureCaper (button) (small blind) folded before Flop


PokerStars Hand #166352173940:  Hold'em Limit ($3/$6 USD) - 2017/02/17 12:59:13 ET
Table 'Messalina' 6-max Seat #1 is the button
Seat 1: thekiing80 ($137.18 in chips)
Seat 2: AzureCaper ($82.26 in chips)
thekiing80: posts small blind $1
AzureCaper: posts big blind $3
*** HOLE CARDS ***
thekiing80: raises $3 to $6
AzureCaper: folds
Uncalled bet ($3) returned to thekiing80
thekiing80 collected $6 from pot
*** SUMMARY ***
Total pot $6 | Rake $0
Seat 1: thekiing80 (button) (small blind) collected ($6)
Seat 2: AzureCaper (big blind) folded before Flop


PokerStars Hand #166352160244:  Hold'em Limit ($3/$6 USD) - 2017/02/17 12:58:52 ET
Table 'Messalina' 6-max Seat #2 is the button
Seat 1: thekiing80 ($119.68 in chips)
Seat 2: AzureCaper ($100.26 in chips)
AzureCaper: posts small blind $1
thekiing80: posts big blind $3
*** HOLE CARDS ***
AzureCaper: raises $3 to $6
thekiing80: calls $3
*** FLOP *** [8c 6c 9h]
thekiing80: checks
AzureCaper: bets $3
thekiing80: raises $3 to $6
AzureCaper: raises $3 to $9
thekiing80: raises $3 to $12
Betting is capped
AzureCaper: calls $3
*** TURN *** [8c 6c 9h] [9d]
thekiing80: checks
AzureCaper: checks
*** RIVER *** [8c 6c 9h 9d] [5c]
thekiing80: bets $6
AzureCaper: folds
Uncalled bet ($6) returned to thekiing80
thekiing80 collected $35.50 from pot
*** SUMMARY ***
Total pot $36 | Rake $0.50
Board [8c 6c 9h 9d 5c]
Seat 1: thekiing80 (big blind) collected ($35.50)
Seat 2: AzureCaper (button) (small blind) folded on the River


PokerStars Hand #166352194374:  Hold'em Limit ($3/$6 USD) - 2017/02/17 12:59:44 ET
Table 'Messalina' 6-max Seat #2 is the button
Seat 1: thekiing80 ($133.18 in chips)
Seat 2: AzureCaper ($86.02 in chips)
AzureCaper: posts small blind $1
thekiing80: posts big blind $3
*** HOLE CARDS ***
AzureCaper: folds
Uncalled bet ($2) returned to thekiing80
thekiing80 collected $2 from pot
*** SUMMARY ***
Total pot $2 | Rake $0
Seat 1: thekiing80 (big blind) collected ($2)
Seat 2: AzureCaper (button) (small blind) folded before Flop


PokerStars Hand #166352191208:  Hold'em Limit ($3/$6 USD) - 2017/02/17 12:59:39 ET
Table 'Messalina' 6-max Seat #1 is the button
Seat 1: thekiing80 ($134.18 in chips)
Seat 2: AzureCaper ($85.02 in chips)
thekiing80: posts small blind $1
AzureCaper: posts big blind $3
*** HOLE CARDS ***
thekiing80: folds
Uncalled bet ($2) returned to AzureCaper
AzureCaper collected $2 from pot
AzureCaper: doesn't show hand
*** SUMMARY ***
Total pot $2 | Rake $0
Seat 1: thekiing80 (button) (small blind) folded before Flop
Seat 2: AzureCaper (big blind) collected ($2)


PokerStars Hand #166352223608:  Hold'em Limit ($3/$6 USD) - 2017/02/17 13:00:28 ET
Table 'Messalina' 6-max Seat #1 is the button
Seat 1: thekiing80 ($154.68 in chips)
Seat 2: AzureCaper ($75 in chips)
thekiing80: posts small blind $1
AzureCaper: posts big blind $3
*** HOLE CARDS ***
thekiing80: raises $3 to $6
AzureCaper: calls $3
*** FLOP *** [3c 5d 8h]
AzureCaper: checks
thekiing80: bets $3
AzureCaper: raises $3 to $6
thekiing80: calls $3
*** TURN *** [3c 5d 8h] [Ac]
AzureCaper: bets $6
thekiing80: raises $6 to $12
AzureCaper: calls $6
*** RIVER *** [3c 5d 8h Ac] [Td]
AzureCaper: checks
thekiing80: bets $6
AzureCaper: folds
Uncalled bet ($6) returned to thekiing80
thekiing80 collected $47.50 from pot
*** SUMMARY ***
Total pot $48 | Rake $0.50
Board [3c 5d 8h Ac Td]
Seat 1: thekiing80 (button) (small blind) collected ($47.50)
Seat 2: AzureCaper (big blind) folded on the River


PokerStars Hand #166352219427:  Hold'em Limit ($3/$6 USD) - 2017/02/17 13:00:21 ET
Table 'Messalina' 6-max Seat #2 is the button
Seat 1: thekiing80 ($157.68 in chips)
Seat 2: AzureCaper ($72 in chips)
AzureCaper: posts small blind $1
thekiing80: posts big blind $3
*** HOLE CARDS ***
AzureCaper: raises $3 to $6
thekiing80: folds
Uncalled bet ($3) returned to AzureCaper
AzureCaper collected $6 from pot
AzureCaper: doesn't show hand
*** SUMMARY ***
Total pot $6 | Rake $0
Seat 1: thekiing80 (big blind) folded before Flop
Seat 2: AzureCaper (button) (small blind) collected ($6)


PokerStars Hand #166352198912:  Hold'em Limit ($3/$6 USD) - 2017/02/17 12:59:51 ET
Table 'Messalina' 6-max Seat #1 is the button
Seat 1: thekiing80 ($134.18 in chips)
Seat 2: AzureCaper ($85.02 in chips)
thekiing80: posts small blind $1
AzureCaper: posts big blind $3
*** HOLE CARDS ***
thekiing80: raises $3 to $6
AzureCaper: raises $3 to $9
thekiing80: calls $3
*** FLOP *** [5s 3h Qs]
AzureCaper: bets $3
thekiing80: calls $3
*** TURN *** [5s 3h Qs] [4h]
AzureCaper: bets $6
thekiing80: raises $6 to $12
AzureCaper: calls $6
*** RIVER *** [5s 3h Qs 4h] [8h]
AzureCaper: checks
thekiing80: bets $6
AzureCaper: folds
Uncalled bet ($6) returned to thekiing80
thekiing80 collected $47.50 from pot
*** SUMMARY ***
Total pot $48 | Rake $0.50
Board [5s 3h Qs 4h 8h]
Seat 1: thekiing80 (button) (small blind) collected ($47.50)
Seat 2: AzureCaper (big blind) folded on the River


PokerStars Hand #166352258668:  Hold'em Limit ($3/$6 USD) - 2017/02/17 13:01:18 ET
Table 'Messalina' 6-max Seat #2 is the button
Seat 1: thekiing80 ($189.68 in chips)
Seat 2: AzureCaper ($72 in chips)
AzureCaper: posts small blind $1
thekiing80: posts big blind $3
*** HOLE CARDS ***
AzureCaper: raises $3 to $6
thekiing80: calls $3
*** FLOP *** [2c Js 6h]
thekiing80: checks
AzureCaper: bets $3
thekiing80: raises $3 to $6
AzureCaper: calls $3
*** TURN *** [2c Js 6h] [Ah]
thekiing80: checks
AzureCaper: bets $6
thekiing80: calls $6
*** RIVER *** [2c Js 6h Ah] [8s]
thekiing80: checks
AzureCaper: bets $6
thekiing80: calls $6
*** SHOW DOWN ***
AzureCaper: shows [6d 2s] (two pair, Sixes and Deuces)
thekiing80: mucks hand
AzureCaper collected $47.50 from pot
*** SUMMARY ***
Total pot $48 | Rake $0.50
Board [2c Js 6h Ah 8s]
Seat 1: thekiing80 (big blind) mucked
Seat 2: AzureCaper (button) (small blind) showed [6d 2s] and won ($47.50) with two pair, Sixes and Deuces


PokerStars Hand #166352274678:  Hold'em Limit ($3/$6 USD) - 2017/02/17 13:01:39 ET
Table 'Messalina' 6-max Seat #1 is the button
Seat 1: thekiing80 ($165.68 in chips)
Seat 2: AzureCaper ($95.50 in chips)
thekiing80: posts small blind $1
AzureCaper: posts big blind $3
*** HOLE CARDS ***
thekiing80: raises $3 to $6
AzureCaper: calls $3
*** FLOP *** [Kc 6d 9d]
AzureCaper: checks
thekiing80: bets $3
AzureCaper: raises $3 to $6
thekiing80: calls $3
*** TURN *** [Kc 6d 9d] [Jc]
AzureCaper: bets $6
thekiing80: raises $6 to $12
AzureCaper: folds
Uncalled bet ($6) returned to thekiing80
thekiing80 collected $35.50 from pot
*** SUMMARY ***
Total pot $36 | Rake $0.50
Board [Kc 6d 9d Jc]
Seat 1: thekiing80 (button) (small blind) collected ($35.50)
Seat 2: AzureCaper (big blind) folded on the Turn


PokerStars Hand #166352244724:  Hold'em Limit ($3/$6 USD) - 2017/02/17 13:00:58 ET
Table 'Messalina' 6-max Seat #1 is the button
Seat 1: thekiing80 ($172.18 in chips)
Seat 2: AzureCaper ($77.76 in chips)
thekiing80: posts small blind $1
AzureCaper: posts big blind $3
*** HOLE CARDS ***
thekiing80: raises $3 to $6
AzureCaper: raises $3 to $9
thekiing80: calls $3
*** FLOP *** [3c 9s 6d]
AzureCaper: bets $3
thekiing80: calls $3
*** TURN *** [3c 9s 6d] [6s]
AzureCaper: checks
thekiing80: checks
*** RIVER *** [3c 9s 6d 6s] [2h]
AzureCaper: checks
thekiing80: bets $6
AzureCaper: calls $6
*** SHOW DOWN ***
thekiing80: shows [7s 2s] (two pair, Sixes and Deuces)
AzureCaper: mucks hand
thekiing80 collected $35.50 from pot
*** SUMMARY ***
Total pot $36 | Rake $0.50
Board [3c 9s 6d 6s 2h]
Seat 1: thekiing80 (button) (small blind) showed [7s 2s] and won ($35.50) with two pair, Sixes and Deuces
Seat 2: AzureCaper (big blind) mucked


PokerStars Hand #166352338874:  Hold'em Limit ($3/$6 USD) - 2017/02/17 13:03:04 ET
Table 'Messalina' 6-max Seat #2 is the button
Seat 1: thekiing80 ($185.22 in chips)
Seat 2: AzureCaper ($74 in chips)
AzureCaper: posts small blind $1
thekiing80: posts big blind $3
*** HOLE CARDS ***
AzureCaper: raises $3 to $6
thekiing80: folds
Uncalled bet ($3) returned to AzureCaper
AzureCaper collected $6 from pot
AzureCaper: doesn't show hand
*** SUMMARY ***
Total pot $6 | Rake $0
Seat 1: thekiing80 (big blind) folded before Flop
Seat 2: AzureCaper (button) (small blind) collected ($6)


PokerStars Hand #166352330358:  Hold'em Limit ($3/$6 USD) - 2017/02/17 13:02:53 ET
Table 'Messalina' 6-max Seat #1 is the button
Seat 1: thekiing80 ($179.46 in chips)
Seat 2: AzureCaper ($80 in chips)
thekiing80: posts small blind $1
AzureCaper: posts big blind $3
*** HOLE CARDS ***
thekiing80: raises $3 to $6
AzureCaper: calls $3
*** FLOP *** [3h Td Jc]
AzureCaper: checks
thekiing80: bets $3
AzureCaper: folds
Uncalled bet ($3) returned to thekiing80
thekiing80 collected $11.76 from pot
*** SUMMARY ***
Total pot $12 | Rake $0.24
Board [3h Td Jc]
Seat 1: thekiing80 (button) (small blind) collected ($11.76)
Seat 2: AzureCaper (big blind) folded on the Flop


PokerStars Hand #166352322198:  Hold'em Limit ($3/$6 USD) - 2017/02/17 13:02:42 ET
Table 'Messalina' 6-max Seat #2 is the button
Seat 1: thekiing80 ($170.82 in chips)
Seat 2: AzureCaper ($89 in chips)
AzureCaper: posts small blind $1
thekiing80: posts big blind $3
*** HOLE CARDS ***
AzureCaper: raises $3 to $6
thekiing80: raises $3 to $9
AzureCaper: calls $3
*** FLOP *** [9s 2d Ac]
thekiing80: bets $3
AzureCaper: folds
Uncalled bet ($3) returned to thekiing80
thekiing80 collected $17.64 from pot
*** SUMMARY ***
Total pot $18 | Rake $0.36
Board [9s 2d Ac]
Seat 1: thekiing80 (big blind) collected ($17.64)
Seat 2: AzureCaper (button) (small blind) folded on the Flop


PokerStars Hand #166352306179:  Hold'em Limit ($3/$6 USD) - 2017/02/17 13:02:22 ET
Table 'Messalina' 6-max Seat #1 is the button
Seat 1: thekiing80 ($162.18 in chips)
Seat 2: AzureCaper ($98 in chips)
thekiing80: posts small blind $1
AzureCaper: posts big blind $3
*** HOLE CARDS ***
thekiing80: raises $3 to $6
AzureCaper: calls $3
*** FLOP *** [Qd 8c Qs]
AzureCaper: checks
thekiing80: bets $3
AzureCaper: calls $3
*** TURN *** [Qd 8c Qs] [As]
AzureCaper: checks
thekiing80: bets $6
AzureCaper: folds
Uncalled bet ($6) returned to thekiing80
thekiing80 collected $17.64 from pot
*** SUMMARY ***
Total pot $18 | Rake $0.36
Board [Qd 8c Qs As]
Seat 1: thekiing80 (button) (small blind) collected ($17.64)
Seat 2: AzureCaper (big blind) folded on the Turn


PokerStars Hand #166352288654:  Hold'em Limit ($3/$6 USD) - 2017/02/17 13:01:58 ET
Table 'Messalina' 6-max Seat #2 is the button
Seat 1: thekiing80 ($183.18 in chips)
Seat 2: AzureCaper ($77.50 in chips)
AzureCaper: posts small blind $1
thekiing80: posts big blind $3
*** HOLE CARDS ***
AzureCaper: raises $3 to $6
thekiing80: raises $3 to $9
AzureCaper: calls $3
*** FLOP *** [6s 9s 2s]
thekiing80: bets $3
AzureCaper: raises $3 to $6
thekiing80: calls $3
*** TURN *** [6s 9s 2s] [3c]
thekiing80: checks
AzureCaper: bets $6
thekiing80: calls $6
*** RIVER *** [6s 9s 2s 3c] [8h]
thekiing80: checks
AzureCaper: bets $6
thekiing80: folds
Uncalled bet ($6) returned to AzureCaper
AzureCaper collected $41.50 from pot
AzureCaper: doesn't show hand
*** SUMMARY ***
Total pot $42 | Rake $0.50
Board [6s 9s 2s 3c 8h]
Seat 1: thekiing80 (big blind) folded on the River
Seat 2: AzureCaper (button) (small blind) collected ($41.50)


PokerStars Hand #166352364234:  Hold'em Limit ($3/$6 USD) - 2017/02/17 13:03:37 ET
Table 'Messalina' 6-max Seat #2 is the button
Seat 1: thekiing80 ($166.22 in chips)
Seat 2: AzureCaper ($92.52 in chips)
AzureCaper: posts small blind $1
thekiing80: posts big blind $3
*** HOLE CARDS ***
AzureCaper: raises $3 to $6
thekiing80: raises $3 to $9
AzureCaper: calls $3
*** FLOP *** [Kh Tc Ad]
thekiing80: bets $3
AzureCaper: folds
Uncalled bet ($3) returned to thekiing80
thekiing80 collected $17.64 from pot
*** SUMMARY ***
Total pot $18 | Rake $0.36
Board [Kh Tc Ad]
Seat 1: thekiing80 (big blind) collected ($17.64)
Seat 2: AzureCaper (button) (small blind) folded on the Flop


PokerStars Hand #166352360356:  Hold'em Limit ($3/$6 USD) - 2017/02/17 13:03:32 ET
Table 'Messalina' 6-max Seat #1 is the button
Seat 1: thekiing80 ($167.22 in chips)
Seat 2: AzureCaper ($91.52 in chips)
thekiing80: posts small blind $1
AzureCaper: posts big blind $3
*** HOLE CARDS ***
thekiing80: folds
Uncalled bet ($2) returned to AzureCaper
AzureCaper collected $2 from pot
AzureCaper: doesn't show hand
*** SUMMARY ***
Total pot $2 | Rake $0
Seat 1: thekiing80 (button) (small blind) folded before Flop
Seat 2: AzureCaper (big blind) collected ($2)


PokerStars Hand #166352374547:  Hold'em Limit ($3/$6 USD) - 2017/02/17 13:03:50 ET
Table 'Messalina' 6-max Seat #1 is the button
Seat 1: thekiing80 ($174.86 in chips)
Seat 2: AzureCaper ($83.52 in chips)
thekiing80: posts small blind $1
AzureCaper: posts big blind $3
*** HOLE CARDS ***
thekiing80: raises $3 to $6
AzureCaper: calls $3
*** FLOP *** [3h 3s Ks]
AzureCaper: checks
thekiing80: bets $3
AzureCaper: raises $3 to $6
thekiing80: calls $3
*** TURN *** [3h 3s Ks] [4s]
AzureCaper: bets $6
thekiing80: folds
Uncalled bet ($6) returned to AzureCaper
AzureCaper collected $23.52 from pot
AzureCaper: doesn't show hand
*** SUMMARY ***
Total pot $24 | Rake $0.48
Board [3h 3s Ks 4s]
Seat 1: thekiing80 (button) (small blind) folded on the Turn
Seat 2: AzureCaper (big blind) collected ($23.52)


PokerStars Hand #166352354825:  Hold'em Limit ($3/$6 USD) - 2017/02/17 13:03:24 ET
Table 'Messalina' 6-max Seat #2 is the button
Seat 1: thekiing80 ($170.22 in chips)
Seat 2: AzureCaper ($88.52 in chips)
AzureCaper: posts small blind $1
thekiing80: posts big blind $3
*** HOLE CARDS ***
AzureCaper: raises $3 to $6
thekiing80: folds
Uncalled bet ($3) returned to AzureCaper
AzureCaper collected $6 from pot
AzureCaper: doesn't show hand
*** SUMMARY ***
Total pot $6 | Rake $0
Seat 1: thekiing80 (big blind) folded before Flop
Seat 2: AzureCaper (button) (small blind) collected ($6)


PokerStars Hand #166352343330:  Hold'em Limit ($3/$6 USD) - 2017/02/17 13:03:10 ET
Table 'Messalina' 6-max Seat #1 is the button
Seat 1: thekiing80 ($182.22 in chips)
Seat 2: AzureCaper ($77 in chips)
thekiing80: posts small blind $1
AzureCaper: posts big blind $3
*** HOLE CARDS ***
thekiing80: raises $3 to $6
AzureCaper: raises $3 to $9
thekiing80: calls $3
*** FLOP *** [3d Qc 2d]
AzureCaper: bets $3
thekiing80: calls $3
*** TURN *** [3d Qc 2d] [Qs]
AzureCaper: bets $6
thekiing80: folds
Uncalled bet ($6) returned to AzureCaper
AzureCaper collected $23.52 from pot
AzureCaper: doesn't show hand
*** SUMMARY ***
Total pot $24 | Rake $0.48
Board [3d Qc 2d Qs]
Seat 1: thekiing80 (button) (small blind) folded on the Turn
Seat 2: AzureCaper (big blind) collected ($23.52)


PokerStars Hand #166352414513:  Hold'em Limit ($3/$6 USD) - 2017/02/17 13:04:40 ET
Table 'Messalina' 6-max Seat #2 is the button
Seat 1: thekiing80 ($144.86 in chips)
Seat 2: AzureCaper ($112.54 in chips)
AzureCaper: posts small blind $1
thekiing80: posts big blind $3
*** HOLE CARDS ***
AzureCaper: raises $3 to $6
thekiing80: raises $3 to $9
AzureCaper: calls $3
*** FLOP *** [7h 3s 3c]
thekiing80: bets $3
AzureCaper: calls $3
*** TURN *** [7h 3s 3c] [4d]
thekiing80: bets $6
AzureCaper: raises $6 to $12
thekiing80: calls $6
*** RIVER *** [7h 3s 3c 4d] [5d]
thekiing80: checks
AzureCaper: checks
*** SHOW DOWN ***
thekiing80: shows [6h Ad] (a straight, Three to Seven)
AzureCaper: mucks hand
thekiing80 collected $47.50 from pot
*** SUMMARY ***
Total pot $48 | Rake $0.50
Board [7h 3s 3c 4d 5d]
Seat 1: thekiing80 (big blind) showed [6h Ad] and won ($47.50) with a straight, Three to Seven
Seat 2: AzureCaper (button) (small blind) mucked


PokerStars Hand #166352396852:  Hold'em Limit ($3/$6 USD) - 2017/02/17 13:04:18 ET
Table 'Messalina' 6-max Seat #1 is the button
Seat 1: thekiing80 ($159.86 in chips)
Seat 2: AzureCaper ($98.04 in chips)
thekiing80: posts small blind $1
AzureCaper: posts big blind $3
*** HOLE CARDS ***
thekiing80: raises $3 to $6
AzureCaper: raises $3 to $9
thekiing80: raises $3 to $12
Betting is capped
AzureCaper: calls $3
*** FLOP *** [Ah Qc 8h]
AzureCaper: checks
thekiing80: bets $3
AzureCaper: calls $3
*** TURN *** [Ah Qc 8h] [5c]
AzureCaper: checks
thekiing80: checks
*** RIVER *** [Ah Qc 8h 5c] [Jh]
AzureCaper: checks
thekiing80: checks
*** SHOW DOWN ***
AzureCaper: shows [Jd Kc] (a pair of Jacks)
thekiing80: mucks hand
AzureCaper collected $29.50 from pot
*** SUMMARY ***
Total pot $30 | Rake $0.50
Board [Ah Qc 8h 5c Jh]
Seat 1: thekiing80 (button) (small blind) mucked
Seat 2: AzureCaper (big blind) showed [Jd Kc] and won ($29.50) with a pair of Jacks


PokerStars Hand #166352390382:  Hold'em Limit ($3/$6 USD) - 2017/02/17 13:04:09 ET
Table 'Messalina' 6-max Seat #2 is the button
Seat 1: thekiing80 ($162.86 in chips)
Seat 2: AzureCaper ($95.04 in chips)
AzureCaper: posts small blind $1
thekiing80: posts big blind $3
*** HOLE CARDS ***
AzureCaper: raises $3 to $6
thekiing80: folds
Uncalled bet ($3) returned to AzureCaper
AzureCaper collected $6 from pot
AzureCaper: doesn't show hand
*** SUMMARY ***
Total pot $6 | Rake $0
Seat 1: thekiing80 (big blind) folded before Flop
Seat 2: AzureCaper (button) (small blind) collected ($6)


PokerStars Hand #166352478372:  Hold'em Limit ($3/$6 USD) - 2017/02/17 13:05:59 ET
Table 'Messalina' 6-max Seat #2 is the button
Seat 1: thekiing80 ($188.61 in chips)
Seat 2: AzureCaper ($80.39 in chips)
AzureCaper: posts small blind $1
thekiing80: posts big blind $3
*** HOLE CARDS ***
AzureCaper: raises $3 to $6
thekiing80: folds
Uncalled bet ($3) returned to AzureCaper
AzureCaper collected $6 from pot
AzureCaper: doesn't show hand
*** SUMMARY ***
Total pot $6 | Rake $0
Seat 1: thekiing80 (big blind) folded before Flop
Seat 2: AzureCaper (button) (small blind) collected ($6)


PokerStars Hand #166352452276:  Hold'em Limit ($3/$6 USD) - 2017/02/17 13:05:26 ET
Table 'Messalina' 6-max Seat #2 is the button
Seat 1: thekiing80 ($197.86 in chips)
Seat 2: AzureCaper ($72 in chips)
AzureCaper: posts small blind $1
thekiing80: posts big blind $3
*** HOLE CARDS ***
AzureCaper: raises $3 to $6
thekiing80: calls $3
*** FLOP *** [4d 6c 6d]
thekiing80: checks
AzureCaper: bets $3
thekiing80: calls $3
*** TURN *** [4d 6c 6d] [2c]
thekiing80: checks
AzureCaper: bets $6
thekiing80: folds
Uncalled bet ($6) returned to AzureCaper
AzureCaper collected $17.64 from pot
AzureCaper: doesn't show hand
*** SUMMARY ***
Total pot $18 | Rake $0.36
Board [4d 6c 6d 2c]
Seat 1: thekiing80 (big blind) folded on the Turn
Seat 2: AzureCaper (button) (small blind) collected ($17.64)


PokerStars Hand #166352428021:  Hold'em Limit ($3/$6 USD) - 2017/02/17 13:04:57 ET
Table 'Messalina' 6-max Seat #1 is the button
Seat 1: thekiing80 ($168.36 in chips)
Seat 2: AzureCaper ($88.54 in chips)
thekiing80: posts small blind $1
AzureCaper: posts big blind $3
*** HOLE CARDS ***
thekiing80: raises $3 to $6
AzureCaper: raises $3 to $9
thekiing80: raises $3 to $12
Betting is capped
AzureCaper: calls $3
*** FLOP *** [Jc 4c 7c]
AzureCaper: checks
thekiing80: bets $3
AzureCaper: raises $3 to $6
thekiing80: calls $3
*** TURN *** [Jc 4c 7c] [Th]
AzureCaper: bets $6
thekiing80: raises $6 to $12
AzureCaper: calls $6
*** RIVER *** [Jc 4c 7c Th] [7h]
AzureCaper: checks
thekiing80: checks
*** SHOW DOWN ***
AzureCaper: shows [8c 8d] (two pair, Eights and Sevens)
thekiing80: shows [9h 9s] (two pair, Nines and Sevens)
thekiing80 collected $59.50 from pot
*** SUMMARY ***
Total pot $60 | Rake $0.50
Board [Jc 4c 7c Th 7h]
Seat 1: thekiing80 (button) (small blind) showed [9h 9s] and won ($59.50) with two pair, Nines and Sevens
Seat 2: AzureCaper (big blind) showed [8c 8d] and lost with two pair, Eights and Sevens


PokerStars Hand #166352464450:  Hold'em Limit ($3/$6 USD) - 2017/02/17 13:05:41 ET
Table 'Messalina' 6-max Seat #1 is the button
Seat 1: thekiing80 ($188.86 in chips)
Seat 2: AzureCaper ($80.64 in chips)
thekiing80: posts small blind $1
AzureCaper: posts big blind $3
*** HOLE CARDS ***
thekiing80: raises $3 to $6
AzureCaper: raises $3 to $9
thekiing80: calls $3
*** FLOP *** [9c 6h Ah]
AzureCaper: bets $3
thekiing80: calls $3
*** TURN *** [9c 6h Ah] [6s]
AzureCaper: bets $6
thekiing80: calls $6
*** RIVER *** [9c 6h Ah 6s] [Td]
AzureCaper: checks
thekiing80: bets $6
AzureCaper: calls $6
*** SHOW DOWN ***
thekiing80: shows [9s 7h] (two pair, Nines and Sixes)
AzureCaper: shows [8d 9d] (two pair, Nines and Sixes)
AzureCaper collected $23.75 from pot
thekiing80 collected $23.75 from pot
*** SUMMARY ***
Total pot $48 | Rake $0.50
Board [9c 6h Ah 6s Td]
Seat 1: thekiing80 (button) (small blind) showed [9s 7h] and won ($23.75) with two pair, Nines and Sixes
Seat 2: AzureCaper (big blind) showed [8d 9d] and won ($23.75) with two pair, Nines and Sixes


PokerStars Hand #166352533053:  Hold'em Limit ($3/$6 USD) - 2017/02/17 13:07:06 ET
Table 'Messalina' 6-max Seat #1 is the button
Seat 1: thekiing80 ($135.61 in chips)
Seat 2: AzureCaper ($132.39 in chips)
thekiing80: posts small blind $1
AzureCaper: posts big blind $3
*** HOLE CARDS ***
thekiing80: folds
Uncalled bet ($2) returned to AzureCaper
AzureCaper collected $2 from pot
AzureCaper: doesn't show hand
*** SUMMARY ***
Total pot $2 | Rake $0
Seat 1: thekiing80 (button) (small blind) folded before Flop
Seat 2: AzureCaper (big blind) collected ($2)


PokerStars Hand #166352528267:  Hold'em Limit ($3/$6 USD) - 2017/02/17 13:07:00 ET
Table 'Messalina' 6-max Seat #2 is the button
Seat 1: thekiing80 ($134.61 in chips)
Seat 2: AzureCaper ($133.39 in chips)
AzureCaper: posts small blind $1
thekiing80: posts big blind $3
*** HOLE CARDS ***
AzureCaper: folds
Uncalled bet ($2) returned to thekiing80
thekiing80 collected $2 from pot
*** SUMMARY ***
Total pot $2 | Rake $0
Seat 1: thekiing80 (big blind) collected ($2)
Seat 2: AzureCaper (button) (small blind) folded before Flop


PokerStars Hand #166352522819:  Hold'em Limit ($3/$6 USD) - 2017/02/17 13:06:54 ET
Table 'Messalina' 6-max Seat #1 is the button
Seat 1: thekiing80 ($131.61 in chips)
Seat 2: AzureCaper ($136.39 in chips)
thekiing80: posts small blind $1
AzureCaper: posts big blind $3
*** HOLE CARDS ***
thekiing80: raises $3 to $6
AzureCaper: folds
Uncalled bet ($3) returned to thekiing80
thekiing80 collected $6 from pot
*** SUMMARY ***
Total pot $6 | Rake $0
Seat 1: thekiing80 (button) (small blind) collected ($6)
Seat 2: AzureCaper (big blind) folded before Flop


PokerStars Hand #166352517998:  Hold'em Limit ($3/$6 USD) - 2017/02/17 13:06:48 ET
Table 'Messalina' 6-max Seat #2 is the button
Seat 1: thekiing80 ($130.61 in chips)
Seat 2: AzureCaper ($137.39 in chips)
AzureCaper: posts small blind $1
thekiing80: posts big blind $3
*** HOLE CARDS ***
AzureCaper: folds
Uncalled bet ($2) returned to thekiing80
thekiing80 collected $2 from pot
*** SUMMARY ***
Total pot $2 | Rake $0
Seat 1: thekiing80 (big blind) collected ($2)
Seat 2: AzureCaper (button) (small blind) folded before Flop


PokerStars Hand #166352513959:  Hold'em Limit ($3/$6 USD) - 2017/02/17 13:06:43 ET
Table 'Messalina' 6-max Seat #1 is the button
Seat 1: thekiing80 ($131.61 in chips)
Seat 2: AzureCaper ($136.39 in chips)
thekiing80: posts small blind $1
AzureCaper: posts big blind $3
*** HOLE CARDS ***
thekiing80: folds
Uncalled bet ($2) returned to AzureCaper
AzureCaper collected $2 from pot
AzureCaper: doesn't show hand
*** SUMMARY ***
Total pot $2 | Rake $0
Seat 1: thekiing80 (button) (small blind) folded before Flop
Seat 2: AzureCaper (big blind) collected ($2)


PokerStars Hand #166352499601:  Hold'em Limit ($3/$6 USD) - 2017/02/17 13:06:25 ET
Table 'Messalina' 6-max Seat #2 is the button
Seat 1: thekiing80 ($155.61 in chips)
Seat 2: AzureCaper ($112.89 in chips)
AzureCaper: posts small blind $1
thekiing80: posts big blind $3
*** HOLE CARDS ***
AzureCaper: raises $3 to $6
thekiing80: raises $3 to $9
AzureCaper: calls $3
*** FLOP *** [As 2c Ah]
thekiing80: bets $3
AzureCaper: calls $3
*** TURN *** [As 2c Ah] [6s]
thekiing80: bets $6
AzureCaper: raises $6 to $12
thekiing80: calls $6
*** RIVER *** [As 2c Ah 6s] [Jh]
thekiing80: checks
AzureCaper: checks
*** SHOW DOWN ***
thekiing80: shows [Th Qd] (a pair of Aces)
AzureCaper: shows [Ts Ks] (a pair of Aces - King kicker)
AzureCaper collected $47.50 from pot
*** SUMMARY ***
Total pot $48 | Rake $0.50
Board [As 2c Ah 6s Jh]
Seat 1: thekiing80 (big blind) showed [Th Qd] and lost with a pair of Aces
Seat 2: AzureCaper (button) (small blind) showed [Ts Ks] and won ($47.50) with a pair of Aces


PokerStars Hand #166352482657:  Hold'em Limit ($3/$6 USD) - 2017/02/17 13:06:04 ET
Table 'Messalina' 6-max Seat #1 is the button
Seat 1: thekiing80 ($185.61 in chips)
Seat 2: AzureCaper ($83.39 in chips)
thekiing80: posts small blind $1
AzureCaper: posts big blind $3
*** HOLE CARDS ***
thekiing80: raises $3 to $6
AzureCaper: raises $3 to $9
thekiing80: raises $3 to $12
Betting is capped
AzureCaper: calls $3
*** FLOP *** [9h Ts 5s]
AzureCaper: checks
thekiing80: bets $3
AzureCaper: raises $3 to $6
thekiing80: calls $3
*** TURN *** [9h Ts 5s] [5d]
AzureCaper: bets $6
thekiing80: calls $6
*** RIVER *** [9h Ts 5s 5d] [Jd]
AzureCaper: bets $6
thekiing80: calls $6
*** SHOW DOWN ***
AzureCaper: shows [Qs Jh] (two pair, Jacks and Fives)
thekiing80: mucks hand
AzureCaper collected $59.50 from pot
*** SUMMARY ***
Total pot $60 | Rake $0.50
Board [9h Ts 5s 5d Jd]
Seat 1: thekiing80 (button) (small blind) mucked
Seat 2: AzureCaper (big blind) showed [Qs Jh] and won ($59.50) with two pair, Jacks and Fives


PokerStars Hand #166352566184:  Hold'em Limit ($3/$6 USD) - 2017/02/17 13:07:47 ET
Table 'Messalina' 6-max Seat #2 is the button
Seat 1: thekiing80 ($126.61 in chips)
Seat 2: AzureCaper ($140.89 in chips)
AzureCaper: posts small blind $1
thekiing80: posts big blind $3
*** HOLE CARDS ***
AzureCaper: raises $3 to $6
thekiing80: calls $3
*** FLOP *** [Qd 9d 9c]
thekiing80: checks
AzureCaper: bets $3
thekiing80: calls $3
*** TURN *** [Qd 9d 9c] [3h]
thekiing80: checks
AzureCaper: checks
*** RIVER *** [Qd 9d 9c 3h] [6s]
thekiing80: bets $6
AzureCaper: calls $6
*** SHOW DOWN ***
thekiing80: shows [4s 9s] (three of a kind, Nines)
AzureCaper: mucks hand
thekiing80 collected $29.50 from pot
*** SUMMARY ***
Total pot $30 | Rake $0.50
Board [Qd 9d 9c 3h 6s]
Seat 1: thekiing80 (big blind) showed [4s 9s] and won ($29.50) with three of a kind, Nines
Seat 2: AzureCaper (button) (small blind) mucked


PokerStars Hand #166352560636:  Hold'em Limit ($3/$6 USD) - 2017/02/17 13:07:41 ET
Table 'Messalina' 6-max Seat #1 is the button
Seat 1: thekiing80 ($123.61 in chips)
Seat 2: AzureCaper ($143.89 in chips)
thekiing80: posts small blind $1
AzureCaper: posts big blind $3
*** HOLE CARDS ***
thekiing80: raises $3 to $6
AzureCaper: folds
Uncalled bet ($3) returned to thekiing80
thekiing80 collected $6 from pot
*** SUMMARY ***
Total pot $6 | Rake $0
Seat 1: thekiing80 (button) (small blind) collected ($6)
Seat 2: AzureCaper (big blind) folded before Flop


PokerStars Hand #166352555608:  Hold'em Limit ($3/$6 USD) - 2017/02/17 13:07:34 ET
Table 'Messalina' 6-max Seat #2 is the button
Seat 1: thekiing80 ($122.61 in chips)
Seat 2: AzureCaper ($144.89 in chips)
AzureCaper: posts small blind $1
thekiing80: posts big blind $3
*** HOLE CARDS ***
AzureCaper: folds
Uncalled bet ($2) returned to thekiing80
thekiing80 collected $2 from pot
*** SUMMARY ***
Total pot $2 | Rake $0
Seat 1: thekiing80 (big blind) collected ($2)
Seat 2: AzureCaper (button) (small blind) folded before Flop


PokerStars Hand #166352550333:  Hold'em Limit ($3/$6 USD) - 2017/02/17 13:07:28 ET
Table 'Messalina' 6-max Seat #1 is the button
Seat 1: thekiing80 ($119.61 in chips)
Seat 2: AzureCaper ($147.89 in chips)
thekiing80: posts small blind $1
AzureCaper: posts big blind $3
*** HOLE CARDS ***
thekiing80: raises $3 to $6
AzureCaper: folds
Uncalled bet ($3) returned to thekiing80
thekiing80 collected $6 from pot
*** SUMMARY ***
Total pot $6 | Rake $0
Seat 1: thekiing80 (button) (small blind) collected ($6)
Seat 2: AzureCaper (big blind) folded before Flop


PokerStars Hand #166352536817:  Hold'em Limit ($3/$6 USD) - 2017/02/17 13:07:11 ET
Table 'Messalina' 6-max Seat #2 is the button
Seat 1: thekiing80 ($134.61 in chips)
Seat 2: AzureCaper ($133.39 in chips)
AzureCaper: posts small blind $1
thekiing80: posts big blind $3
*** HOLE CARDS ***
AzureCaper: raises $3 to $6
thekiing80: calls $3
*** FLOP *** [6h 4d 4h]
thekiing80: checks
AzureCaper: bets $3
thekiing80: calls $3
*** TURN *** [6h 4d 4h] [3s]
thekiing80: checks
AzureCaper: checks
*** RIVER *** [6h 4d 4h 3s] [3c]
thekiing80: bets $6
AzureCaper: calls $6
*** SHOW DOWN ***
thekiing80: shows [5c Tc] (two pair, Fours and Threes)
AzureCaper: shows [8d Ah] (two pair, Fours and Threes - Ace kicker)
AzureCaper collected $29.50 from pot
*** SUMMARY ***
Total pot $30 | Rake $0.50
Board [6h 4d 4h 3s 3c]
Seat 1: thekiing80 (big blind) showed [5c Tc] and lost with two pair, Fours and Threes
Seat 2: AzureCaper (button) (small blind) showed [8d Ah] and won ($29.50) with two pair, Fours and Threes


PokerStars Hand #166352579037:  Hold'em Limit ($3/$6 USD) - 2017/02/17 13:08:03 ET
Table 'Messalina' 6-max Seat #1 is the button
Seat 1: thekiing80 ($141.11 in chips)
Seat 2: AzureCaper ($125.89 in chips)
thekiing80: posts small blind $1
AzureCaper: posts big blind $3
*** HOLE CARDS ***
thekiing80: raises $3 to $6
AzureCaper: folds
Uncalled bet ($3) returned to thekiing80
thekiing80 collected $6 from pot
*** SUMMARY ***
Total pot $6 | Rake $0
Seat 1: thekiing80 (button) (small blind) collected ($6)
Seat 2: AzureCaper (big blind) folded before Flop


PokerStars Hand #166352606510:  Hold'em Limit ($3/$6 USD) - 2017/02/17 13:08:38 ET
Table 'Messalina' 6-max Seat #1 is the button
Seat 1: thekiing80 ($152.61 in chips)
Seat 2: AzureCaper ($113.89 in chips)
thekiing80: posts small blind $1
AzureCaper: posts big blind $3
*** HOLE CARDS ***
thekiing80: raises $3 to $6
AzureCaper: raises $3 to $9
thekiing80: calls $3
*** FLOP *** [8d Ac 3h]
AzureCaper: bets $3
thekiing80: folds
Uncalled bet ($3) returned to AzureCaper
AzureCaper collected $17.64 from pot
AzureCaper: doesn't show hand
*** SUMMARY ***
Total pot $18 | Rake $0.36
Board [8d Ac 3h]
Seat 1: thekiing80 (button) (small blind) folded on the Flop
Seat 2: AzureCaper (big blind) collected ($17.64)


PokerStars Hand #166352602265:  Hold'em Limit ($3/$6 USD) - 2017/02/17 13:08:32 ET
Table 'Messalina' 6-max Seat #2 is the button
Seat 1: thekiing80 ($155.61 in chips)
Seat 2: AzureCaper ($110.89 in chips)
AzureCaper: posts small blind $1
thekiing80: posts big blind $3
*** HOLE CARDS ***
AzureCaper: raises $3 to $6
thekiing80: folds
Uncalled bet ($3) returned to AzureCaper
AzureCaper collected $6 from pot
AzureCaper: doesn't show hand
*** SUMMARY ***
Total pot $6 | Rake $0
Seat 1: thekiing80 (big blind) folded before Flop
Seat 2: AzureCaper (button) (small blind) collected ($6)


PokerStars Hand #166352589662:  Hold'em Limit ($3/$6 USD) - 2017/02/17 13:08:17 ET
Table 'Messalina' 6-max Seat #1 is the button
Seat 1: thekiing80 ($141.11 in chips)
Seat 2: AzureCaper ($125.89 in chips)
thekiing80: posts small blind $1
AzureCaper: posts big blind $3
*** HOLE CARDS ***
thekiing80: raises $3 to $6
AzureCaper: raises $3 to $9
thekiing80: raises $3 to $12
Betting is capped
AzureCaper: calls $3
*** FLOP *** [Qh 8h 6c]
AzureCaper: checks
thekiing80: bets $3
AzureCaper: calls $3
*** TURN *** [Qh 8h 6c] [Th]
AzureCaper: checks
thekiing80: bets $6
AzureCaper: folds
Uncalled bet ($6) returned to thekiing80
thekiing80 collected $29.50 from pot
*** SUMMARY ***
Total pot $30 | Rake $0.50
Board [Qh 8h 6c Th]
Seat 1: thekiing80 (button) (small blind) collected ($29.50)
Seat 2: AzureCaper (big blind) folded on the Turn


PokerStars Hand #166352629225:  Hold'em Limit ($3/$6 USD) - 2017/02/17 13:09:06 ET
Table 'Messalina' 6-max Seat #1 is the button
Seat 1: thekiing80 ($122.61 in chips)
Seat 2: AzureCaper ($143.03 in chips)
thekiing80: posts small blind $1
AzureCaper: posts big blind $3
*** HOLE CARDS ***
thekiing80: raises $3 to $6
AzureCaper: folds
Uncalled bet ($3) returned to thekiing80
thekiing80 collected $6 from pot
*** SUMMARY ***
Total pot $6 | Rake $0
Seat 1: thekiing80 (button) (small blind) collected ($6)
Seat 2: AzureCaper (big blind) folded before Flop


PokerStars Hand #166352613785:  Hold'em Limit ($3/$6 USD) - 2017/02/17 13:08:47 ET
Table 'Messalina' 6-max Seat #2 is the button
Seat 1: thekiing80 ($143.61 in chips)
Seat 2: AzureCaper ($122.53 in chips)
AzureCaper: posts small blind $1
thekiing80: posts big blind $3
*** HOLE CARDS ***
AzureCaper: raises $3 to $6
thekiing80: calls $3
*** FLOP *** [9c Ks 5s]
thekiing80: checks
AzureCaper: bets $3
thekiing80: calls $3
*** TURN *** [9c Ks 5s] [9h]
thekiing80: checks
AzureCaper: bets $6
thekiing80: calls $6
*** RIVER *** [9c Ks 5s 9h] [2c]
thekiing80: checks
AzureCaper: bets $6
thekiing80: calls $6
*** SHOW DOWN ***
AzureCaper: shows [Qd 9s] (three of a kind, Nines)
thekiing80: mucks hand
AzureCaper collected $41.50 from pot
*** SUMMARY ***
Total pot $42 | Rake $0.50
Board [9c Ks 5s 9h 2c]
Seat 1: thekiing80 (big blind) mucked
Seat 2: AzureCaper (button) (small blind) showed [Qd 9s] and won ($41.50) with three of a kind, Nines


PokerStars Hand #166352585831:  Hold'em Limit ($3/$6 USD) - 2017/02/17 13:08:12 ET
Table 'Messalina' 6-max Seat #2 is the button
Seat 1: thekiing80 ($144.11 in chips)
Seat 2: AzureCaper ($122.89 in chips)
AzureCaper: posts small blind $1
thekiing80: posts big blind $3
*** HOLE CARDS ***
AzureCaper: raises $3 to $6
thekiing80: folds
Uncalled bet ($3) returned to AzureCaper
AzureCaper collected $6 from pot
AzureCaper: doesn't show hand
*** SUMMARY ***
Total pot $6 | Rake $0
Seat 1: thekiing80 (big blind) folded before Flop
Seat 2: AzureCaper (button) (small blind) collected ($6)


PokerStars Hand #166352658781:  Hold'em Limit ($3/$6 USD) - 2017/02/17 13:09:42 ET
Table 'Messalina' 6-max Seat #2 is the button
Seat 1: thekiing80 ($173.11 in chips)
Seat 2: AzureCaper ($92.03 in chips)
AzureCaper: posts small blind $1
thekiing80: posts big blind $3
*** HOLE CARDS ***
AzureCaper: raises $3 to $6
thekiing80: raises $3 to $9
AzureCaper: raises $3 to $12
Betting is capped
thekiing80: calls $3
*** FLOP *** [6d As 9h]
thekiing80: checks
AzureCaper: bets $3
thekiing80: calls $3
*** TURN *** [6d As 9h] [4s]
thekiing80: checks
AzureCaper: bets $6
thekiing80: calls $6
*** RIVER *** [6d As 9h 4s] [Ah]
thekiing80: checks
AzureCaper: checks
*** SHOW DOWN ***
thekiing80: shows [9d Th] (two pair, Aces and Nines)
AzureCaper: mucks hand
thekiing80 collected $41.50 from pot
*** SUMMARY ***
Total pot $42 | Rake $0.50
Board [6d As 9h 4s Ah]
Seat 1: thekiing80 (big blind) showed [9d Th] and won ($41.50) with two pair, Aces and Nines
Seat 2: AzureCaper (button) (small blind) mucked


PokerStars Hand #166352653568:  Hold'em Limit ($3/$6 USD) - 2017/02/17 13:09:36 ET
Table 'Messalina' 6-max Seat #1 is the button
Seat 1: thekiing80 ($170.11 in chips)
Seat 2: AzureCaper ($95.03 in chips)
thekiing80: posts small blind $1
AzureCaper: posts big blind $3
*** HOLE CARDS ***
thekiing80: raises $3 to $6
AzureCaper: folds
Uncalled bet ($3) returned to thekiing80
thekiing80 collected $6 from pot
*** SUMMARY ***
Total pot $6 | Rake $0
Seat 1: thekiing80 (button) (small blind) collected ($6)
Seat 2: AzureCaper (big blind) folded before Flop


PokerStars Hand #166352634598:  Hold'em Limit ($3/$6 USD) - 2017/02/17 13:09:12 ET
Table 'Messalina' 6-max Seat #2 is the button
Seat 1: thekiing80 ($125.61 in chips)
Seat 2: AzureCaper ($140.03 in chips)
AzureCaper: posts small blind $1
thekiing80: posts big blind $3
*** HOLE CARDS ***
AzureCaper: raises $3 to $6
thekiing80: raises $3 to $9
AzureCaper: raises $3 to $12
Betting is capped
thekiing80: calls $3
*** FLOP *** [9h Tc 9s]
thekiing80: checks
AzureCaper: bets $3
thekiing80: calls $3
*** TURN *** [9h Tc 9s] [5h]
thekiing80: checks
AzureCaper: bets $6
thekiing80: raises $6 to $12
AzureCaper: raises $6 to $18
thekiing80: raises $6 to $24
Betting is capped
AzureCaper: calls $6
*** RIVER *** [9h Tc 9s 5h] [3s]
thekiing80: bets $6
AzureCaper: calls $6
*** SHOW DOWN ***
thekiing80: shows [Th 8c] (two pair, Tens and Nines)
AzureCaper: mucks hand
thekiing80 collected $89.50 from pot
*** SUMMARY ***
Total pot $90 | Rake $0.50
Board [9h Tc 9s 5h 3s]
Seat 1: thekiing80 (big blind) showed [Th 8c] and won ($89.50) with two pair, Tens and Nines
Seat 2: AzureCaper (button) (small blind) mucked


PokerStars Hand #166352714282:  Hold'em Limit ($3/$6 USD) - 2017/02/17 13:10:52 ET
Table 'Messalina' 6-max Seat #2 is the button
Seat 1: thekiing80 ($208.11 in chips)
Seat 2: AzureCaper ($73 in chips)
AzureCaper: posts small blind $1
thekiing80: posts big blind $3
*** HOLE CARDS ***
AzureCaper: raises $3 to $6
thekiing80: raises $3 to $9
AzureCaper: calls $3
*** FLOP *** [Js 9d 2s]
thekiing80: bets $3
AzureCaper: calls $3
*** TURN *** [Js 9d 2s] [7c]
thekiing80: checks
AzureCaper: checks
*** RIVER *** [Js 9d 2s 7c] [4h]
thekiing80: checks
AzureCaper: bets $6
thekiing80: calls $6
*** SHOW DOWN ***
AzureCaper: shows [Ah 4s] (a pair of Fours)
thekiing80: mucks hand
AzureCaper collected $35.50 from pot
*** SUMMARY ***
Total pot $36 | Rake $0.50
Board [Js 9d 2s 7c 4h]
Seat 1: thekiing80 (big blind) mucked
Seat 2: AzureCaper (button) (small blind) showed [Ah 4s] and won ($35.50) with a pair of Fours


PokerStars Hand #166352710137:  Hold'em Limit ($3/$6 USD) - 2017/02/17 13:10:46 ET
Table 'Messalina' 6-max Seat #1 is the button
Seat 1: thekiing80 ($209.11 in chips)
Seat 2: AzureCaper ($72 in chips)
thekiing80: posts small blind $1
AzureCaper: posts big blind $3
*** HOLE CARDS ***
thekiing80: folds
Uncalled bet ($2) returned to AzureCaper
AzureCaper collected $2 from pot
AzureCaper: doesn't show hand
*** SUMMARY ***
Total pot $2 | Rake $0
Seat 1: thekiing80 (button) (small blind) folded before Flop
Seat 2: AzureCaper (big blind) collected ($2)


PokerStars Hand #166352697848:  Hold'em Limit ($3/$6 USD) - 2017/02/17 13:10:31 ET
Table 'Messalina' 6-max Seat #2 is the button
Seat 1: thekiing80 ($208.11 in chips)
Seat 2: AzureCaper ($72 in chips)
AzureCaper: posts small blind $1
thekiing80: posts big blind $3
*** HOLE CARDS ***
AzureCaper: folds
Uncalled bet ($2) returned to thekiing80
thekiing80 collected $2 from pot
*** SUMMARY ***
Total pot $2 | Rake $0
Seat 1: thekiing80 (big blind) collected ($2)
Seat 2: AzureCaper (button) (small blind) folded before Flop


PokerStars Hand #166352692400:  Hold'em Limit ($3/$6 USD) - 2017/02/17 13:10:24 ET
Table 'Messalina' 6-max Seat #1 is the button
Seat 1: thekiing80 ($205.11 in chips)
Seat 2: AzureCaper ($75 in chips)
thekiing80: posts small blind $1
AzureCaper: posts big blind $3
*** HOLE CARDS ***
thekiing80: raises $3 to $6
AzureCaper: folds
Uncalled bet ($3) returned to thekiing80
thekiing80 collected $6 from pot
*** SUMMARY ***
Total pot $6 | Rake $0
Seat 1: thekiing80 (button) (small blind) collected ($6)
Seat 2: AzureCaper (big blind) folded before Flop


PokerStars Hand #166352688228:  Hold'em Limit ($3/$6 USD) - 2017/02/17 13:10:19 ET
Table 'Messalina' 6-max Seat #2 is the button
Seat 1: thekiing80 ($208.11 in chips)
Seat 2: AzureCaper ($72 in chips)
AzureCaper: posts small blind $1
thekiing80: posts big blind $3
*** HOLE CARDS ***
AzureCaper: raises $3 to $6
thekiing80: folds
Uncalled bet ($3) returned to AzureCaper
AzureCaper collected $6 from pot
AzureCaper: doesn't show hand
*** SUMMARY ***
Total pot $6 | Rake $0
Seat 1: thekiing80 (big blind) folded before Flop
Seat 2: AzureCaper (button) (small blind) collected ($6)


PokerStars Hand #166352674038:  Hold'em Limit ($3/$6 USD) - 2017/02/17 13:10:02 ET
Table 'Messalina' 6-max Seat #1 is the button
Seat 1: thekiing80 ($193.61 in chips)
Seat 2: AzureCaper ($72 in chips)
thekiing80: posts small blind $1
AzureCaper: posts big blind $3
*** HOLE CARDS ***
thekiing80: raises $3 to $6
AzureCaper: calls $3
*** FLOP *** [4d 8s Th]
AzureCaper: checks
thekiing80: bets $3
AzureCaper: calls $3
*** TURN *** [4d 8s Th] [8h]
AzureCaper: checks
thekiing80: bets $6
AzureCaper: calls $6
*** RIVER *** [4d 8s Th 8h] [9h]
AzureCaper: checks
thekiing80: bets $6
AzureCaper: folds
Uncalled bet ($6) returned to thekiing80
thekiing80 collected $29.50 from pot
*** SUMMARY ***
Total pot $30 | Rake $0.50
Board [4d 8s Th 8h 9h]
Seat 1: thekiing80 (button) (small blind) collected ($29.50)
Seat 2: AzureCaper (big blind) folded on the River


PokerStars Hand #166352748710:  Hold'em Limit ($3/$6 USD) - 2017/02/17 13:11:35 ET
Table 'Messalina' 6-max Seat #1 is the button
Seat 1: thekiing80 ($190.11 in chips)
Seat 2: AzureCaper ($90.50 in chips)
thekiing80: posts small blind $1
AzureCaper: posts big blind $3
*** HOLE CARDS ***
thekiing80: raises $3 to $6
AzureCaper: calls $3
*** FLOP *** [5s Qh 5h]
AzureCaper: checks
thekiing80: bets $3
AzureCaper: raises $3 to $6
thekiing80: calls $3
*** TURN *** [5s Qh 5h] [Js]
AzureCaper: bets $6
thekiing80: calls $6
*** RIVER *** [5s Qh 5h Js] [4s]
AzureCaper: bets $6
thekiing80: calls $6
*** SHOW DOWN ***
AzureCaper: shows [2s Qs] (a flush, Queen high)
thekiing80: mucks hand
AzureCaper collected $47.50 from pot
*** SUMMARY ***
Total pot $48 | Rake $0.50
Board [5s Qh 5h Js 4s]
Seat 1: thekiing80 (button) (small blind) mucked
Seat 2: AzureCaper (big blind) showed [2s Qs] and won ($47.50) with a flush, Queen high


PokerStars Hand #166352742279:  Hold'em Limit ($3/$6 USD) - 2017/02/17 13:11:27 ET
Table 'Messalina' 6-max Seat #2 is the button
Seat 1: thekiing80 ($189.11 in chips)
Seat 2: AzureCaper ($91.50 in chips)
AzureCaper: posts small blind $1
thekiing80: posts big blind $3
*** HOLE CARDS ***
AzureCaper: folds
Uncalled bet ($2) returned to thekiing80
thekiing80 collected $2 from pot
*** SUMMARY ***
Total pot $2 | Rake $0
Seat 1: thekiing80 (big blind) collected ($2)
Seat 2: AzureCaper (button) (small blind) folded before Flop


PokerStars Hand #166352738509:  Hold'em Limit ($3/$6 USD) - 2017/02/17 13:11:22 ET
Table 'Messalina' 6-max Seat #1 is the button
Seat 1: thekiing80 ($190.11 in chips)
Seat 2: AzureCaper ($90.50 in chips)
thekiing80: posts small blind $1
AzureCaper: posts big blind $3
*** HOLE CARDS ***
thekiing80: folds
Uncalled bet ($2) returned to AzureCaper
AzureCaper collected $2 from pot
AzureCaper: doesn't show hand
*** SUMMARY ***
Total pot $2 | Rake $0
Seat 1: thekiing80 (button) (small blind) folded before Flop
Seat 2: AzureCaper (big blind) collected ($2)


PokerStars Hand #166352734570:  Hold'em Limit ($3/$6 USD) - 2017/02/17 13:11:17 ET
Table 'Messalina' 6-max Seat #2 is the button
Seat 1: thekiing80 ($189.11 in chips)
Seat 2: AzureCaper ($91.50 in chips)
AzureCaper: posts small blind $1
thekiing80: posts big blind $3
*** HOLE CARDS ***
AzureCaper: folds
Uncalled bet ($2) returned to thekiing80
thekiing80 collected $2 from pot
*** SUMMARY ***
Total pot $2 | Rake $0
Seat 1: thekiing80 (big blind) collected ($2)
Seat 2: AzureCaper (button) (small blind) folded before Flop


PokerStars Hand #166352730819:  Hold'em Limit ($3/$6 USD) - 2017/02/17 13:11:13 ET
Table 'Messalina' 6-max Seat #1 is the button
Seat 1: thekiing80 ($190.11 in chips)
Seat 2: AzureCaper ($90.50 in chips)
thekiing80: posts small blind $1
AzureCaper: posts big blind $3
*** HOLE CARDS ***
thekiing80: folds
Uncalled bet ($2) returned to AzureCaper
AzureCaper collected $2 from pot
AzureCaper: doesn't show hand
*** SUMMARY ***
Total pot $2 | Rake $0
Seat 1: thekiing80 (button) (small blind) folded before Flop
Seat 2: AzureCaper (big blind) collected ($2)


PokerStars Hand #166352772685:  Hold'em Limit ($3/$6 USD) - 2017/02/17 13:12:04 ET
Table 'Messalina' 6-max Seat #2 is the button
Seat 1: thekiing80 ($166.11 in chips)
Seat 2: AzureCaper ($114 in chips)
AzureCaper: posts small blind $1
thekiing80: posts big blind $3
*** HOLE CARDS ***
AzureCaper: folds
Uncalled bet ($2) returned to thekiing80
thekiing80 collected $2 from pot
*** SUMMARY ***
Total pot $2 | Rake $0
Seat 1: thekiing80 (big blind) collected ($2)
Seat 2: AzureCaper (button) (small blind) folded before Flop


PokerStars Hand #166352784817:  Hold'em Limit ($3/$6 USD) - 2017/02/17 13:12:19 ET
Table 'Messalina' 6-max Seat #2 is the button
Seat 1: thekiing80 ($170.11 in chips)
Seat 2: AzureCaper ($110 in chips)
AzureCaper: posts small blind $1
thekiing80: posts big blind $3
*** HOLE CARDS ***
AzureCaper: folds
Uncalled bet ($2) returned to thekiing80
thekiing80 collected $2 from pot
*** SUMMARY ***
Total pot $2 | Rake $0
Seat 1: thekiing80 (big blind) collected ($2)
Seat 2: AzureCaper (button) (small blind) folded before Flop


PokerStars Hand #166352776996:  Hold'em Limit ($3/$6 USD) - 2017/02/17 13:12:10 ET
Table 'Messalina' 6-max Seat #1 is the button
Seat 1: thekiing80 ($167.11 in chips)
Seat 2: AzureCaper ($113 in chips)
thekiing80: posts small blind $1
AzureCaper: posts big blind $3
*** HOLE CARDS ***
thekiing80: raises $3 to $6
AzureCaper: folds
Uncalled bet ($3) returned to thekiing80
thekiing80 collected $6 from pot
*** SUMMARY ***
Total pot $6 | Rake $0
Seat 1: thekiing80 (button) (small blind) collected ($6)
Seat 2: AzureCaper (big blind) folded before Flop


PokerStars Hand #166352788910:  Hold'em Limit ($3/$6 USD) - 2017/02/17 13:12:24 ET
Table 'Messalina' 6-max Seat #1 is the button
Seat 1: thekiing80 ($171.11 in chips)
Seat 2: AzureCaper ($109 in chips)
thekiing80: posts small blind $1
AzureCaper: posts big blind $3
*** HOLE CARDS ***
thekiing80: folds
Uncalled bet ($2) returned to AzureCaper
AzureCaper collected $2 from pot
AzureCaper: doesn't show hand
*** SUMMARY ***
Total pot $2 | Rake $0
Seat 1: thekiing80 (button) (small blind) folded before Flop
Seat 2: AzureCaper (big blind) collected ($2)


PokerStars Hand #166352806617:  Hold'em Limit ($3/$6 USD) - 2017/02/17 13:12:46 ET
Table 'Messalina' 6-max Seat #1 is the button
Seat 1: thekiing80 ($171.11 in chips)
Seat 2: AzureCaper ($109 in chips)
thekiing80: posts small blind $1
AzureCaper: posts big blind $3
*** HOLE CARDS ***
thekiing80: raises $3 to $6
AzureCaper: calls $3
*** FLOP *** [4h Qd Kd]
AzureCaper: checks
thekiing80: bets $3
AzureCaper: folds
Uncalled bet ($3) returned to thekiing80
thekiing80 collected $11.76 from pot
*** SUMMARY ***
Total pot $12 | Rake $0.24
Board [4h Qd Kd]
Seat 1: thekiing80 (button) (small blind) collected ($11.76)
Seat 2: AzureCaper (big blind) folded on the Flop


PokerStars Hand #166352801806:  Hold'em Limit ($3/$6 USD) - 2017/02/17 13:12:40 ET
Table 'Messalina' 6-max Seat #2 is the button
Seat 1: thekiing80 ($170.11 in chips)
Seat 2: AzureCaper ($110 in chips)
AzureCaper: posts small blind $1
thekiing80: posts big blind $3
*** HOLE CARDS ***
AzureCaper: folds
Uncalled bet ($2) returned to thekiing80
thekiing80 collected $2 from pot
*** SUMMARY ***
Total pot $2 | Rake $0
Seat 1: thekiing80 (big blind) collected ($2)
Seat 2: AzureCaper (button) (small blind) folded before Flop


PokerStars Hand #166352797918:  Hold'em Limit ($3/$6 USD) - 2017/02/17 13:12:36 ET
Table 'Messalina' 6-max Seat #1 is the button
Seat 1: thekiing80 ($171.11 in chips)
Seat 2: AzureCaper ($109 in chips)
thekiing80: posts small blind $1
AzureCaper: posts big blind $3
*** HOLE CARDS ***
thekiing80: folds
Uncalled bet ($2) returned to AzureCaper
AzureCaper collected $2 from pot
AzureCaper: doesn't show hand
*** SUMMARY ***
Total pot $2 | Rake $0
Seat 1: thekiing80 (button) (small blind) folded before Flop
Seat 2: AzureCaper (big blind) collected ($2)


PokerStars Hand #166352792609:  Hold'em Limit ($3/$6 USD) - 2017/02/17 13:12:29 ET
Table 'Messalina' 6-max Seat #2 is the button
Seat 1: thekiing80 ($170.11 in chips)
Seat 2: AzureCaper ($110 in chips)
AzureCaper: posts small blind $1
thekiing80: posts big blind $3
*** HOLE CARDS ***
AzureCaper: folds
Uncalled bet ($2) returned to thekiing80
thekiing80 collected $2 from pot
*** SUMMARY ***
Total pot $2 | Rake $0
Seat 1: thekiing80 (big blind) collected ($2)
Seat 2: AzureCaper (button) (small blind) folded before Flop


PokerStars Hand #166352834447:  Hold'em Limit ($3/$6 USD) - 2017/02/17 13:13:21 ET
Table 'Messalina' 6-max Seat #2 is the button
Seat 1: thekiing80 ($176.87 in chips)
Seat 2: AzureCaper ($103 in chips)
AzureCaper: posts small blind $1
thekiing80: posts big blind $3
*** HOLE CARDS ***
AzureCaper: folds
Uncalled bet ($2) returned to thekiing80
thekiing80 collected $2 from pot
*** SUMMARY ***
Total pot $2 | Rake $0
Seat 1: thekiing80 (big blind) collected ($2)
Seat 2: AzureCaper (button) (small blind) folded before Flop


PokerStars Hand #166352830575:  Hold'em Limit ($3/$6 USD) - 2017/02/17 13:13:16 ET
Table 'Messalina' 6-max Seat #1 is the button
Seat 1: thekiing80 ($177.87 in chips)
Seat 2: AzureCaper ($102 in chips)
thekiing80: posts small blind $1
AzureCaper: posts big blind $3
*** HOLE CARDS ***
thekiing80: folds
Uncalled bet ($2) returned to AzureCaper
AzureCaper collected $2 from pot
AzureCaper: doesn't show hand
*** SUMMARY ***
Total pot $2 | Rake $0
Seat 1: thekiing80 (button) (small blind) folded before Flop
Seat 2: AzureCaper (big blind) collected ($2)


PokerStars Hand #166352818808:  Hold'em Limit ($3/$6 USD) - 2017/02/17 13:13:01 ET
Table 'Messalina' 6-max Seat #2 is the button
Seat 1: thekiing80 ($176.87 in chips)
Seat 2: AzureCaper ($103 in chips)
AzureCaper: posts small blind $1
thekiing80: posts big blind $3
*** HOLE CARDS ***
AzureCaper: folds
Uncalled bet ($2) returned to thekiing80
thekiing80 collected $2 from pot
*** SUMMARY ***
Total pot $2 | Rake $0
Seat 1: thekiing80 (big blind) collected ($2)
Seat 2: AzureCaper (button) (small blind) folded before Flop


PokerStars Hand #166352865324:  Hold'em Limit ($3/$6 USD) - 2017/02/17 13:13:59 ET
Table 'Messalina' 6-max Seat #2 is the button
Seat 2: AzureCaper ($99 in chips)
Seat 3: LouisB ($150 in chips)
AzureCaper: posts small blind $1
LouisB: posts big blind $3
*** HOLE CARDS ***
AzureCaper: folds
Uncalled bet ($2) returned to LouisB
LouisB collected $2 from pot
LouisB: doesn't show hand
*** SUMMARY ***
Total pot $2 | Rake $0
Seat 2: AzureCaper (button) (small blind) folded before Flop
Seat 3: LouisB (big blind) collected ($2)


PokerStars Hand #166352861316:  Hold'em Limit ($3/$6 USD) - 2017/02/17 13:13:54 ET
Table 'Messalina' 6-max Seat #1 is the button
Seat 1: thekiing80 ($181.87 in chips)
Seat 2: AzureCaper ($98 in chips)
thekiing80: posts small blind $1
AzureCaper: posts big blind $3
*** HOLE CARDS ***
LouisB joins the table at seat #3
thekiing80: folds
Uncalled bet ($2) returned to AzureCaper
AzureCaper collected $2 from pot
AzureCaper: doesn't show hand
*** SUMMARY ***
Total pot $2 | Rake $0
Seat 1: thekiing80 (button) (small blind) folded before Flop
Seat 2: AzureCaper (big blind) collected ($2)


PokerStars Hand #166352857276:  Hold'em Limit ($3/$6 USD) - 2017/02/17 13:13:49 ET
Table 'Messalina' 6-max Seat #2 is the button
Seat 1: thekiing80 ($180.87 in chips)
Seat 2: AzureCaper ($99 in chips)
AzureCaper: posts small blind $1
thekiing80: posts big blind $3
*** HOLE CARDS ***
AzureCaper: folds
Uncalled bet ($2) returned to thekiing80
thekiing80 collected $2 from pot
*** SUMMARY ***
Total pot $2 | Rake $0
Seat 1: thekiing80 (big blind) collected ($2)
Seat 2: AzureCaper (button) (small blind) folded before Flop


PokerStars Hand #166352853287:  Hold'em Limit ($3/$6 USD) - 2017/02/17 13:13:44 ET
Table 'Messalina' 6-max Seat #1 is the button
Seat 1: thekiing80 ($181.87 in chips)
Seat 2: AzureCaper ($98 in chips)
thekiing80: posts small blind $1
AzureCaper: posts big blind $3
*** HOLE CARDS ***
thekiing80: folds
Uncalled bet ($2) returned to AzureCaper
AzureCaper collected $2 from pot
AzureCaper: doesn't show hand
*** SUMMARY ***
Total pot $2 | Rake $0
Seat 1: thekiing80 (button) (small blind) folded before Flop
Seat 2: AzureCaper (big blind) collected ($2)


PokerStars Hand #166352846274:  Hold'em Limit ($3/$6 USD) - 2017/02/17 13:13:35 ET
Table 'Messalina' 6-max Seat #2 is the button
Seat 1: thekiing80 ($180.87 in chips)
Seat 2: AzureCaper ($99 in chips)
AzureCaper: posts small blind $1
thekiing80: posts big blind $3
*** HOLE CARDS ***
AzureCaper: folds
Uncalled bet ($2) returned to thekiing80
thekiing80 collected $2 from pot
*** SUMMARY ***
Total pot $2 | Rake $0
Seat 1: thekiing80 (big blind) collected ($2)
Seat 2: AzureCaper (button) (small blind) folded before Flop


PokerStars Hand #166352838711:  Hold'em Limit ($3/$6 USD) - 2017/02/17 13:13:26 ET
Table 'Messalina' 6-max Seat #1 is the button
Seat 1: thekiing80 ($177.87 in chips)
Seat 2: AzureCaper ($102 in chips)
thekiing80: posts small blind $1
AzureCaper: posts big blind $3
*** HOLE CARDS ***
thekiing80: raises $3 to $6
AzureCaper: folds
Uncalled bet ($3) returned to thekiing80
thekiing80 collected $6 from pot
*** SUMMARY ***
Total pot $6 | Rake $0
Seat 1: thekiing80 (button) (small blind) collected ($6)
Seat 2: AzureCaper (big blind) folded before Flop


PokerStars Hand #166352869324:  Hold'em Limit ($3/$6 USD) - 2017/02/17 13:14:03 ET
Table 'Messalina' 6-max Seat #3 is the button
Seat 2: AzureCaper ($98 in chips)
Seat 3: LouisB ($151 in chips)
LouisB: posts small blind $1
AzureCaper: posts big blind $3
*** HOLE CARDS ***
thekiing80 leaves the table
LouisB: raises $3 to $6
AzureCaper: calls $3
*** FLOP *** [Ks 9s 4s]
AzureCaper: checks
LouisB: bets $3
AzureCaper: folds
Uncalled bet ($3) returned to LouisB
LouisB collected $11.76 from pot
LouisB: doesn't show hand
*** SUMMARY ***
Total pot $12 | Rake $0.24
Board [Ks 9s 4s]
Seat 2: AzureCaper (big blind) folded on the Flop
Seat 3: LouisB (button) (small blind) collected ($11.76)


