PokerStars Hand #144355742458:  Hold'em Limit ($3/$6 USD) - 2015/11/25 7:20:46 ET
Table 'Messalina' 2-max Seat #2 is the button
Seat 1: ArtemVGTK ($92.64 in chips)
Seat 2: NIGHTyxa ($98.02 in chips)
NIGHTyxa: posts small blind $1
ArtemVGTK: posts big blind $3
*** HOLE CARDS ***
NIGHTyxa: raises $3 to $6
ArtemVGTK: raises $3 to $9
NIGHTyxa: calls $3
*** FLOP *** [3s Qd 3c]
ArtemVGTK: bets $3
NIGHTyxa: folds
Uncalled bet ($3) returned to ArtemVGTK
ArtemVGTK collected $17.64 from pot
ArtemVGTK: doesn't show hand
*** SUMMARY ***
Total pot $18 | Rake $0.36
Board [3s Qd 3c]
Seat 1: ArtemVGTK (big blind) collected ($17.64)
Seat 2: NIGHTyxa (button) (small blind) folded on the Flop


PokerStars Hand #144355747132:  Hold'em Limit ($3/$6 USD) - 2015/11/25 7:20:56 ET
Table 'Messalina' 2-max Seat #1 is the button
Seat 1: ArtemVGTK ($101.28 in chips)
Seat 2: NIGHTyxa ($89.02 in chips)
ArtemVGTK: posts small blind $1
NIGHTyxa: posts big blind $3
*** HOLE CARDS ***
ArtemVGTK: raises $3 to $6
NIGHTyxa: calls $3
*** FLOP *** [4d 3h 2s]
NIGHTyxa: checks
ArtemVGTK: bets $3
NIGHTyxa: raises $3 to $6
ArtemVGTK: calls $3
*** TURN *** [4d 3h 2s] [Ad]
NIGHTyxa: bets $6
ArtemVGTK: raises $6 to $12
NIGHTyxa: folds
Uncalled bet ($6) returned to ArtemVGTK
ArtemVGTK collected $35.50 from pot
ArtemVGTK: doesn't show hand
*** SUMMARY ***
Total pot $36 | Rake $0.50
Board [4d 3h 2s Ad]
Seat 1: ArtemVGTK (button) (small blind) collected ($35.50)
Seat 2: NIGHTyxa (big blind) folded on the Turn


PokerStars Hand #144355763256:  Hold'em Limit ($3/$6 USD) - 2015/11/25 7:21:28 ET
Table 'Messalina' 2-max Seat #1 is the button
Seat 1: ArtemVGTK ($136.28 in chips)
Seat 2: NIGHTyxa ($72 in chips)
ArtemVGTK: posts small blind $1
NIGHTyxa: posts big blind $3
*** HOLE CARDS ***
ArtemVGTK: raises $3 to $6
NIGHTyxa: folds
Uncalled bet ($3) returned to ArtemVGTK
ArtemVGTK collected $6 from pot
ArtemVGTK: doesn't show hand
*** SUMMARY ***
Total pot $6 | Rake $0
Seat 1: ArtemVGTK (button) (small blind) collected ($6)
Seat 2: NIGHTyxa (big blind) folded before Flop


PokerStars Hand #144355753981:  Hold'em Limit ($3/$6 USD) - 2015/11/25 7:21:09 ET
Table 'Messalina' 2-max Seat #2 is the button
Seat 1: ArtemVGTK ($118.78 in chips)
Seat 2: NIGHTyxa ($72 in chips)
NIGHTyxa: posts small blind $1
ArtemVGTK: posts big blind $3
*** HOLE CARDS ***
NIGHTyxa: raises $3 to $6
ArtemVGTK: raises $3 to $9
NIGHTyxa: calls $3
*** FLOP *** [7c 9s 6d]
ArtemVGTK: checks
NIGHTyxa: bets $3
ArtemVGTK: calls $3
*** TURN *** [7c 9s 6d] [3h]
ArtemVGTK: checks
NIGHTyxa: bets $6
ArtemVGTK: calls $6
*** RIVER *** [7c 9s 6d 3h] [Tc]
ArtemVGTK: checks
NIGHTyxa: checks
*** SHOW DOWN ***
ArtemVGTK: shows [8c 7h] (a straight, Six to Ten)
NIGHTyxa: mucks hand
ArtemVGTK collected $35.50 from pot
*** SUMMARY ***
Total pot $36 | Rake $0.50
Board [7c 9s 6d 3h Tc]
Seat 1: ArtemVGTK (big blind) showed [8c 7h] and won ($35.50) with a straight, Six to Ten
Seat 2: NIGHTyxa (button) (small blind) mucked


PokerStars Hand #144355778830:  Hold'em Limit ($3/$6 USD) - 2015/11/25 7:21:58 ET
Table 'Messalina' 2-max Seat #2 is the button
Seat 1: ArtemVGTK ($132.92 in chips)
Seat 2: NIGHTyxa ($77.50 in chips)
NIGHTyxa: posts small blind $1
ArtemVGTK: posts big blind $3
*** HOLE CARDS ***
NIGHTyxa: folds
Uncalled bet ($2) returned to ArtemVGTK
ArtemVGTK collected $2 from pot
*** SUMMARY ***
Total pot $2 | Rake $0
Seat 1: ArtemVGTK (big blind) collected ($2)
Seat 2: NIGHTyxa (button) (small blind) folded before Flop


PokerStars Hand #144355773413:  Hold'em Limit ($3/$6 USD) - 2015/11/25 7:21:47 ET
Table 'Messalina' 2-max Seat #1 is the button
Seat 1: ArtemVGTK ($124.28 in chips)
Seat 2: NIGHTyxa ($86.50 in chips)
ArtemVGTK: posts small blind $1
NIGHTyxa: posts big blind $3
*** HOLE CARDS ***
ArtemVGTK: raises $3 to $6
NIGHTyxa: calls $3
*** FLOP *** [5c 5d 3d]
NIGHTyxa: checks
ArtemVGTK: bets $3
NIGHTyxa: calls $3
*** TURN *** [5c 5d 3d] [Ts]
NIGHTyxa: checks
ArtemVGTK: bets $6
NIGHTyxa: folds
Uncalled bet ($6) returned to ArtemVGTK
ArtemVGTK collected $17.64 from pot
ArtemVGTK: doesn't show hand
*** SUMMARY ***
Total pot $18 | Rake $0.36
Board [5c 5d 3d Ts]
Seat 1: ArtemVGTK (button) (small blind) collected ($17.64)
Seat 2: NIGHTyxa (big blind) folded on the Turn


PokerStars Hand #144355782268:  Hold'em Limit ($3/$6 USD) - 2015/11/25 7:22:04 ET
Table 'Messalina' 2-max Seat #1 is the button
Seat 1: ArtemVGTK ($133.92 in chips)
Seat 2: NIGHTyxa ($76.50 in chips)
ArtemVGTK: posts small blind $1
NIGHTyxa: posts big blind $3
*** HOLE CARDS ***
ArtemVGTK: raises $3 to $6
NIGHTyxa: folds
Uncalled bet ($3) returned to ArtemVGTK
ArtemVGTK collected $6 from pot
ArtemVGTK: doesn't show hand
*** SUMMARY ***
Total pot $6 | Rake $0
Seat 1: ArtemVGTK (button) (small blind) collected ($6)
Seat 2: NIGHTyxa (big blind) folded before Flop


PokerStars Hand #144355797722:  Hold'em Limit ($3/$6 USD) - 2015/11/25 7:22:34 ET
Table 'Messalina' 2-max Seat #2 is the button
Seat 1: ArtemVGTK ($120.92 in chips)
Seat 2: NIGHTyxa ($89 in chips)
NIGHTyxa: posts small blind $1
ArtemVGTK: posts big blind $3
*** HOLE CARDS ***
NIGHTyxa: raises $3 to $6
ArtemVGTK: calls $3
*** FLOP *** [Qd 8s 6c]
ArtemVGTK: checks
NIGHTyxa: bets $3
ArtemVGTK: folds
Uncalled bet ($3) returned to NIGHTyxa
NIGHTyxa collected $11.76 from pot
NIGHTyxa: doesn't show hand
*** SUMMARY ***
Total pot $12 | Rake $0.24
Board [Qd 8s 6c]
Seat 1: ArtemVGTK (big blind) folded on the Flop
Seat 2: NIGHTyxa (button) (small blind) collected ($11.76)


PokerStars Hand #144355795229:  Hold'em Limit ($3/$6 USD) - 2015/11/25 7:22:29 ET
Table 'Messalina' 2-max Seat #1 is the button
Seat 1: ArtemVGTK ($121.92 in chips)
Seat 2: NIGHTyxa ($88 in chips)
ArtemVGTK: posts small blind $1
NIGHTyxa: posts big blind $3
*** HOLE CARDS ***
ArtemVGTK: folds
Uncalled bet ($2) returned to NIGHTyxa
NIGHTyxa collected $2 from pot
NIGHTyxa: doesn't show hand
*** SUMMARY ***
Total pot $2 | Rake $0
Seat 1: ArtemVGTK (button) (small blind) folded before Flop
Seat 2: NIGHTyxa (big blind) collected ($2)


PokerStars Hand #144355787506:  Hold'em Limit ($3/$6 USD) - 2015/11/25 7:22:14 ET
Table 'Messalina' 2-max Seat #2 is the button
Seat 1: ArtemVGTK ($136.92 in chips)
Seat 2: NIGHTyxa ($73.50 in chips)
NIGHTyxa: posts small blind $1
ArtemVGTK: posts big blind $3
*** HOLE CARDS ***
NIGHTyxa: raises $3 to $6
ArtemVGTK: calls $3
*** FLOP *** [4h Ac 2d]
ArtemVGTK: checks
NIGHTyxa: bets $3
ArtemVGTK: calls $3
*** TURN *** [4h Ac 2d] [2c]
ArtemVGTK: checks
NIGHTyxa: checks
*** RIVER *** [4h Ac 2d 2c] [Kd]
ArtemVGTK: bets $6
NIGHTyxa: calls $6
*** SHOW DOWN ***
ArtemVGTK: shows [5c 7d] (a pair of Deuces)
NIGHTyxa: shows [7c Qh] (a pair of Deuces - Ace+King+Queen kicker)
NIGHTyxa collected $29.50 from pot
*** SUMMARY ***
Total pot $30 | Rake $0.50
Board [4h Ac 2d 2c Kd]
Seat 1: ArtemVGTK (big blind) showed [5c 7d] and lost with a pair of Deuces
Seat 2: NIGHTyxa (button) (small blind) showed [7c Qh] and won ($29.50) with a pair of Deuces


PokerStars Hand #144355766138:  Hold'em Limit ($3/$6 USD) - 2015/11/25 7:21:33 ET
Table 'Messalina' 2-max Seat #2 is the button
Seat 1: ArtemVGTK ($139.28 in chips)
Seat 2: NIGHTyxa ($72 in chips)
NIGHTyxa: posts small blind $1
ArtemVGTK: posts big blind $3
*** HOLE CARDS ***
NIGHTyxa: raises $3 to $6
ArtemVGTK: raises $3 to $9
NIGHTyxa: raises $3 to $12
Betting is capped
ArtemVGTK: calls $3
*** FLOP *** [9s 6h 8d]
ArtemVGTK: checks
NIGHTyxa: bets $3
ArtemVGTK: calls $3
*** TURN *** [9s 6h 8d] [5c]
ArtemVGTK: checks
NIGHTyxa: bets $6
ArtemVGTK: folds
Uncalled bet ($6) returned to NIGHTyxa
NIGHTyxa collected $29.50 from pot
NIGHTyxa: doesn't show hand
*** SUMMARY ***
Total pot $30 | Rake $0.50
Board [9s 6h 8d 5c]
Seat 1: ArtemVGTK (big blind) folded on the Turn
Seat 2: NIGHTyxa (button) (small blind) collected ($29.50)


PokerStars Hand #144355810179:  Hold'em Limit ($3/$6 USD) - 2015/11/25 7:22:59 ET
Table 'Messalina' 2-max Seat #2 is the button
Seat 1: ArtemVGTK ($135.42 in chips)
Seat 2: NIGHTyxa ($73.76 in chips)
NIGHTyxa: posts small blind $1
ArtemVGTK: posts big blind $3
*** HOLE CARDS ***
NIGHTyxa: raises $3 to $6
ArtemVGTK: folds
Uncalled bet ($3) returned to NIGHTyxa
NIGHTyxa collected $6 from pot
NIGHTyxa: doesn't show hand
*** SUMMARY ***
Total pot $6 | Rake $0
Seat 1: ArtemVGTK (big blind) folded before Flop
Seat 2: NIGHTyxa (button) (small blind) collected ($6)


PokerStars Hand #144355802136:  Hold'em Limit ($3/$6 USD) - 2015/11/25 7:22:43 ET
Table 'Messalina' 2-max Seat #1 is the button
Seat 1: ArtemVGTK ($114.92 in chips)
Seat 2: NIGHTyxa ($94.76 in chips)
ArtemVGTK: posts small blind $1
NIGHTyxa: posts big blind $3
*** HOLE CARDS ***
ArtemVGTK: raises $3 to $6
NIGHTyxa: calls $3
*** FLOP *** [Jh 8s 4h]
NIGHTyxa: checks
ArtemVGTK: bets $3
NIGHTyxa: calls $3
*** TURN *** [Jh 8s 4h] [2d]
NIGHTyxa: checks
ArtemVGTK: bets $6
NIGHTyxa: calls $6
*** RIVER *** [Jh 8s 4h 2d] [Tc]
NIGHTyxa: checks
ArtemVGTK: bets $6
NIGHTyxa: calls $6
*** SHOW DOWN ***
ArtemVGTK: shows [6s Js] (a pair of Jacks)
NIGHTyxa: mucks hand
ArtemVGTK collected $41.50 from pot
*** SUMMARY ***
Total pot $42 | Rake $0.50
Board [Jh 8s 4h 2d Tc]
Seat 1: ArtemVGTK (button) (small blind) showed [6s Js] and won ($41.50) with a pair of Jacks
Seat 2: NIGHTyxa (big blind) mucked


PokerStars Hand #144355812951:  Hold'em Limit ($3/$6 USD) - 2015/11/25 7:23:04 ET
Table 'Messalina' 2-max Seat #1 is the button
Seat 1: ArtemVGTK ($132.42 in chips)
Seat 2: NIGHTyxa ($76.76 in chips)
ArtemVGTK: posts small blind $1
NIGHTyxa: posts big blind $3
*** HOLE CARDS ***
ArtemVGTK: raises $3 to $6
NIGHTyxa: calls $3
*** FLOP *** [4s 6h 7c]
NIGHTyxa: checks
ArtemVGTK: checks
*** TURN *** [4s 6h 7c] [Kd]
NIGHTyxa: bets $6
ArtemVGTK: calls $6
*** RIVER *** [4s 6h 7c Kd] [Qs]
NIGHTyxa: checks
ArtemVGTK: bets $6
NIGHTyxa: calls $6
*** SHOW DOWN ***
ArtemVGTK: shows [7h 5h] (a pair of Sevens)
NIGHTyxa: mucks hand
ArtemVGTK collected $35.50 from pot
*** SUMMARY ***
Total pot $36 | Rake $0.50
Board [4s 6h 7c Kd Qs]
Seat 1: ArtemVGTK (button) (small blind) showed [7h 5h] and won ($35.50) with a pair of Sevens
Seat 2: NIGHTyxa (big blind) mucked


PokerStars Hand #144355830355:  Hold'em Limit ($3/$6 USD) - 2015/11/25 7:23:38 ET
Table 'Messalina' 2-max Seat #1 is the button
Seat 1: ArtemVGTK ($128.92 in chips)
Seat 2: NIGHTyxa ($92.50 in chips)
ArtemVGTK: posts small blind $1
NIGHTyxa: posts big blind $3
*** HOLE CARDS ***
ArtemVGTK: raises $3 to $6
NIGHTyxa: calls $3
*** FLOP *** [Jh 3c Kc]
NIGHTyxa: checks
ArtemVGTK: bets $3
NIGHTyxa: folds
Uncalled bet ($3) returned to ArtemVGTK
ArtemVGTK collected $11.76 from pot
ArtemVGTK: doesn't show hand
*** SUMMARY ***
Total pot $12 | Rake $0.24
Board [Jh 3c Kc]
Seat 1: ArtemVGTK (button) (small blind) collected ($11.76)
Seat 2: NIGHTyxa (big blind) folded on the Flop


PokerStars Hand #144355821749:  Hold'em Limit ($3/$6 USD) - 2015/11/25 7:23:22 ET
Table 'Messalina' 2-max Seat #2 is the button
Seat 1: ArtemVGTK ($149.92 in chips)
Seat 2: NIGHTyxa ($72 in chips)
NIGHTyxa: posts small blind $1
ArtemVGTK: posts big blind $3
*** HOLE CARDS ***
NIGHTyxa: raises $3 to $6
ArtemVGTK: calls $3
*** FLOP *** [Kd 5d 8d]
ArtemVGTK: checks
NIGHTyxa: bets $3
ArtemVGTK: calls $3
*** TURN *** [Kd 5d 8d] [Kc]
ArtemVGTK: checks
NIGHTyxa: bets $6
ArtemVGTK: calls $6
*** RIVER *** [Kd 5d 8d Kc] [Th]
ArtemVGTK: checks
NIGHTyxa: bets $6
ArtemVGTK: calls $6
*** SHOW DOWN ***
NIGHTyxa: shows [4d Tc] (two pair, Kings and Tens)
ArtemVGTK: mucks hand
NIGHTyxa collected $41.50 from pot
*** SUMMARY ***
Total pot $42 | Rake $0.50
Board [Kd 5d 8d Kc Th]
Seat 1: ArtemVGTK (big blind) mucked
Seat 2: NIGHTyxa (button) (small blind) showed [4d Tc] and won ($41.50) with two pair, Kings and Tens


PokerStars Hand #144355843828:  Hold'em Limit ($3/$6 USD) - 2015/11/25 7:24:05 ET
Table 'Messalina' 2-max Seat #2 is the button
Seat 1: ArtemVGTK ($129.68 in chips)
Seat 2: NIGHTyxa ($91.26 in chips)
NIGHTyxa: posts small blind $1
ArtemVGTK: posts big blind $3
*** HOLE CARDS ***
NIGHTyxa: raises $3 to $6
ArtemVGTK: raises $3 to $9
NIGHTyxa: calls $3
*** FLOP *** [5c 4c Kd]
ArtemVGTK: bets $3
NIGHTyxa: raises $3 to $6
ArtemVGTK: calls $3
*** TURN *** [5c 4c Kd] [2s]
ArtemVGTK: checks
NIGHTyxa: bets $6
ArtemVGTK: calls $6
*** RIVER *** [5c 4c Kd 2s] [4d]
ArtemVGTK: checks
NIGHTyxa: checks
*** SHOW DOWN ***
ArtemVGTK: shows [5s 9s] (two pair, Fives and Fours)
NIGHTyxa: mucks hand
ArtemVGTK collected $41.50 from pot
*** SUMMARY ***
Total pot $42 | Rake $0.50
Board [5c 4c Kd 2s 4d]
Seat 1: ArtemVGTK (big blind) showed [5s 9s] and won ($41.50) with two pair, Fives and Fours
Seat 2: NIGHTyxa (button) (small blind) mucked


PokerStars Hand #144355854468:  Hold'em Limit ($3/$6 USD) - 2015/11/25 7:24:25 ET
Table 'Messalina' 2-max Seat #1 is the button
Seat 1: ArtemVGTK ($150.18 in chips)
Seat 2: NIGHTyxa ($72 in chips)
ArtemVGTK: posts small blind $1
NIGHTyxa: posts big blind $3
*** HOLE CARDS ***
ArtemVGTK: raises $3 to $6
NIGHTyxa: calls $3
*** FLOP *** [5c Th 7h]
NIGHTyxa: checks
ArtemVGTK: checks
*** TURN *** [5c Th 7h] [Js]
NIGHTyxa: bets $6
ArtemVGTK: folds
Uncalled bet ($6) returned to NIGHTyxa
NIGHTyxa collected $11.76 from pot
NIGHTyxa: doesn't show hand
*** SUMMARY ***
Total pot $12 | Rake $0.24
Board [5c Th 7h Js]
Seat 1: ArtemVGTK (button) (small blind) folded on the Turn
Seat 2: NIGHTyxa (big blind) collected ($11.76)


PokerStars Hand #144355859378:  Hold'em Limit ($3/$6 USD) - 2015/11/25 7:24:35 ET
Table 'Messalina' 2-max Seat #2 is the button
Seat 1: ArtemVGTK ($144.18 in chips)
Seat 2: NIGHTyxa ($77.76 in chips)
NIGHTyxa: posts small blind $1
ArtemVGTK: posts big blind $3
*** HOLE CARDS ***
NIGHTyxa: raises $3 to $6
ArtemVGTK: raises $3 to $9
NIGHTyxa: calls $3
*** FLOP *** [Kh 9c 6d]
ArtemVGTK: bets $3
NIGHTyxa: calls $3
*** TURN *** [Kh 9c 6d] [8s]
ArtemVGTK: bets $6
NIGHTyxa: folds
Uncalled bet ($6) returned to ArtemVGTK
ArtemVGTK collected $23.52 from pot
ArtemVGTK: doesn't show hand
*** SUMMARY ***
Total pot $24 | Rake $0.48
Board [Kh 9c 6d 8s]
Seat 1: ArtemVGTK (big blind) collected ($23.52)
Seat 2: NIGHTyxa (button) (small blind) folded on the Turn


PokerStars Hand #144355834590:  Hold'em Limit ($3/$6 USD) - 2015/11/25 7:23:47 ET
Table 'Messalina' 2-max Seat #2 is the button
Seat 1: ArtemVGTK ($134.68 in chips)
Seat 2: NIGHTyxa ($86.50 in chips)
NIGHTyxa: posts small blind $1
ArtemVGTK: posts big blind $3
*** HOLE CARDS ***
NIGHTyxa: folds
Uncalled bet ($2) returned to ArtemVGTK
ArtemVGTK collected $2 from pot
ArtemVGTK: doesn't show hand
*** SUMMARY ***
Total pot $2 | Rake $0
Seat 1: ArtemVGTK (big blind) collected ($2)
Seat 2: NIGHTyxa (button) (small blind) folded before Flop


PokerStars Hand #144355837054:  Hold'em Limit ($3/$6 USD) - 2015/11/25 7:23:52 ET
Table 'Messalina' 2-max Seat #1 is the button
Seat 1: ArtemVGTK ($135.68 in chips)
Seat 2: NIGHTyxa ($85.50 in chips)
ArtemVGTK: posts small blind $1
NIGHTyxa: posts big blind $3
*** HOLE CARDS ***
ArtemVGTK: calls $2
NIGHTyxa: raises $3 to $6
ArtemVGTK: calls $3
*** FLOP *** [Td 3h 3c]
NIGHTyxa: bets $3
ArtemVGTK: folds
Uncalled bet ($3) returned to NIGHTyxa
NIGHTyxa collected $11.76 from pot
NIGHTyxa: doesn't show hand
*** SUMMARY ***
Total pot $12 | Rake $0.24
Board [Td 3h 3c]
Seat 1: ArtemVGTK (button) (small blind) folded on the Flop
Seat 2: NIGHTyxa (big blind) collected ($11.76)


PokerStars Hand #144355885668:  Hold'em Limit ($3/$6 USD) - 2015/11/25 7:25:27 ET
Table 'Messalina' 2-max Seat #1 is the button
Seat 1: ArtemVGTK ($151.20 in chips)
Seat 2: NIGHTyxa ($76 in chips)
ArtemVGTK: posts small blind $1
NIGHTyxa: posts big blind $3
*** HOLE CARDS ***
ArtemVGTK: raises $3 to $6
NIGHTyxa: calls $3
*** FLOP *** [Kc 9s Jh]
NIGHTyxa: checks
ArtemVGTK: checks
*** TURN *** [Kc 9s Jh] [8s]
NIGHTyxa: bets $6
ArtemVGTK: folds
Uncalled bet ($6) returned to NIGHTyxa
NIGHTyxa collected $11.76 from pot
NIGHTyxa: doesn't show hand
*** SUMMARY ***
Total pot $12 | Rake $0.24
Board [Kc 9s Jh 8s]
Seat 1: ArtemVGTK (button) (small blind) folded on the Turn
Seat 2: NIGHTyxa (big blind) collected ($11.76)


PokerStars Hand #144355864879:  Hold'em Limit ($3/$6 USD) - 2015/11/25 7:24:46 ET
Table 'Messalina' 2-max Seat #1 is the button
Seat 1: ArtemVGTK ($155.70 in chips)
Seat 2: NIGHTyxa ($72 in chips)
ArtemVGTK: posts small blind $1
NIGHTyxa: posts big blind $3
*** HOLE CARDS ***
ArtemVGTK: raises $3 to $6
NIGHTyxa: raises $3 to $9
ArtemVGTK: calls $3
*** FLOP *** [7h 5h 6c]
NIGHTyxa: bets $3
ArtemVGTK: calls $3
*** TURN *** [7h 5h 6c] [7d]
NIGHTyxa: bets $6
ArtemVGTK: raises $6 to $12
NIGHTyxa: calls $6
*** RIVER *** [7h 5h 6c 7d] [2d]
NIGHTyxa: checks
ArtemVGTK: bets $6
NIGHTyxa: calls $6
*** SHOW DOWN ***
ArtemVGTK: shows [8s Kc] (a pair of Sevens)
NIGHTyxa: shows [Td Ad] (a pair of Sevens - Ace kicker)
NIGHTyxa collected $59.50 from pot
*** SUMMARY ***
Total pot $60 | Rake $0.50
Board [7h 5h 6c 7d 2d]
Seat 1: ArtemVGTK (button) (small blind) showed [8s Kc] and lost with a pair of Sevens
Seat 2: NIGHTyxa (big blind) showed [Td Ad] and won ($59.50) with a pair of Sevens


PokerStars Hand #144355872398:  Hold'em Limit ($3/$6 USD) - 2015/11/25 7:25:01 ET
Table 'Messalina' 2-max Seat #2 is the button
Seat 1: ArtemVGTK ($125.70 in chips)
Seat 2: NIGHTyxa ($101.50 in chips)
NIGHTyxa: posts small blind $1
ArtemVGTK: posts big blind $3
*** HOLE CARDS ***
NIGHTyxa: raises $3 to $6
ArtemVGTK: raises $3 to $9
NIGHTyxa: calls $3
*** FLOP *** [Kh 2c 2d]
ArtemVGTK: bets $3
NIGHTyxa: calls $3
*** TURN *** [Kh 2c 2d] [Ks]
ArtemVGTK: bets $6
NIGHTyxa: raises $6 to $12
ArtemVGTK: calls $6
*** RIVER *** [Kh 2c 2d Ks] [3h]
ArtemVGTK: checks
NIGHTyxa: bets $6
ArtemVGTK: calls $6
*** SHOW DOWN ***
NIGHTyxa: shows [Tc 4c] (two pair, Kings and Deuces)
ArtemVGTK: shows [Js Qd] (two pair, Kings and Deuces - Queen kicker)
ArtemVGTK collected $59.50 from pot
*** SUMMARY ***
Total pot $60 | Rake $0.50
Board [Kh 2c 2d Ks 3h]
Seat 1: ArtemVGTK (big blind) showed [Js Qd] and won ($59.50) with two pair, Kings and Deuces
Seat 2: NIGHTyxa (button) (small blind) showed [Tc 4c] and lost with two pair, Kings and Deuces


PokerStars Hand #144355883070:  Hold'em Limit ($3/$6 USD) - 2015/11/25 7:25:22 ET
Table 'Messalina' 2-max Seat #2 is the button
Seat 1: ArtemVGTK ($154.20 in chips)
Seat 2: NIGHTyxa ($73 in chips)
NIGHTyxa: posts small blind $1
ArtemVGTK: posts big blind $3
*** HOLE CARDS ***
NIGHTyxa: raises $3 to $6
ArtemVGTK: folds
Uncalled bet ($3) returned to NIGHTyxa
NIGHTyxa collected $6 from pot
NIGHTyxa: doesn't show hand
*** SUMMARY ***
Total pot $6 | Rake $0
Seat 1: ArtemVGTK (big blind) folded before Flop
Seat 2: NIGHTyxa (button) (small blind) collected ($6)


PokerStars Hand #144355918895:  Hold'em Limit ($3/$6 USD) - 2015/11/25 7:26:32 ET
Table 'Messalina' 2-max Seat #1 is the button
Seat 1: ArtemVGTK ($128.70 in chips)
Seat 2: NIGHTyxa ($102.26 in chips)
ArtemVGTK: posts small blind $1
NIGHTyxa: posts big blind $3
*** HOLE CARDS ***
ArtemVGTK: folds
Uncalled bet ($2) returned to NIGHTyxa
NIGHTyxa collected $2 from pot
NIGHTyxa: doesn't show hand
*** SUMMARY ***
Total pot $2 | Rake $0
Seat 1: ArtemVGTK (button) (small blind) folded before Flop
Seat 2: NIGHTyxa (big blind) collected ($2)


PokerStars Hand #144355916003:  Hold'em Limit ($3/$6 USD) - 2015/11/25 7:26:26 ET
Table 'Messalina' 2-max Seat #2 is the button
Seat 1: ArtemVGTK ($131.70 in chips)
Seat 2: NIGHTyxa ($99.26 in chips)
NIGHTyxa: posts small blind $1
ArtemVGTK: posts big blind $3
*** HOLE CARDS ***
NIGHTyxa: raises $3 to $6
ArtemVGTK: folds
Uncalled bet ($3) returned to NIGHTyxa
NIGHTyxa collected $6 from pot
NIGHTyxa: doesn't show hand
*** SUMMARY ***
Total pot $6 | Rake $0
Seat 1: ArtemVGTK (big blind) folded before Flop
Seat 2: NIGHTyxa (button) (small blind) collected ($6)


PokerStars Hand #144355897886:  Hold'em Limit ($3/$6 USD) - 2015/11/25 7:25:51 ET
Table 'Messalina' 2-max Seat #1 is the button
Seat 1: ArtemVGTK ($159.70 in chips)
Seat 2: NIGHTyxa ($72 in chips)
ArtemVGTK: posts small blind $1
NIGHTyxa: posts big blind $3
*** HOLE CARDS ***
ArtemVGTK: folds
Uncalled bet ($2) returned to NIGHTyxa
NIGHTyxa collected $2 from pot
NIGHTyxa: doesn't show hand
*** SUMMARY ***
Total pot $2 | Rake $0
Seat 1: ArtemVGTK (button) (small blind) folded before Flop
Seat 2: NIGHTyxa (big blind) collected ($2)


PokerStars Hand #144355890495:  Hold'em Limit ($3/$6 USD) - 2015/11/25 7:25:36 ET
Table 'Messalina' 2-max Seat #2 is the button
Seat 1: ArtemVGTK ($145.20 in chips)
Seat 2: NIGHTyxa ($81.76 in chips)
NIGHTyxa: posts small blind $1
ArtemVGTK: posts big blind $3
*** HOLE CARDS ***
NIGHTyxa: raises $3 to $6
ArtemVGTK: calls $3
*** FLOP *** [Jh Ac 5h]
ArtemVGTK: checks
NIGHTyxa: bets $3
ArtemVGTK: calls $3
*** TURN *** [Jh Ac 5h] [Tc]
ArtemVGTK: checks
NIGHTyxa: bets $6
ArtemVGTK: raises $6 to $12
NIGHTyxa: folds
Uncalled bet ($6) returned to ArtemVGTK
ArtemVGTK collected $29.50 from pot
ArtemVGTK: doesn't show hand
*** SUMMARY ***
Total pot $30 | Rake $0.50
Board [Jh Ac 5h Tc]
Seat 1: ArtemVGTK (big blind) collected ($29.50)
Seat 2: NIGHTyxa (button) (small blind) folded on the Turn


PokerStars Hand #144355910948:  Hold'em Limit ($3/$6 USD) - 2015/11/25 7:26:16 ET
Table 'Messalina' 2-max Seat #1 is the button
Seat 1: ArtemVGTK ($137.70 in chips)
Seat 2: NIGHTyxa ($93.50 in chips)
ArtemVGTK: posts small blind $1
NIGHTyxa: posts big blind $3
*** HOLE CARDS ***
ArtemVGTK: raises $3 to $6
NIGHTyxa: calls $3
*** FLOP *** [9s Tc 4s]
NIGHTyxa: checks
ArtemVGTK: checks
*** TURN *** [9s Tc 4s] [5c]
NIGHTyxa: bets $6
ArtemVGTK: folds
Uncalled bet ($6) returned to NIGHTyxa
NIGHTyxa collected $11.76 from pot
NIGHTyxa: doesn't show hand
*** SUMMARY ***
Total pot $12 | Rake $0.24
Board [9s Tc 4s 5c]
Seat 1: ArtemVGTK (button) (small blind) folded on the Turn
Seat 2: NIGHTyxa (big blind) collected ($11.76)


PokerStars Hand #144355900484:  Hold'em Limit ($3/$6 USD) - 2015/11/25 7:25:56 ET
Table 'Messalina' 2-max Seat #2 is the button
Seat 1: ArtemVGTK ($158.70 in chips)
Seat 2: NIGHTyxa ($73 in chips)
NIGHTyxa: posts small blind $1
ArtemVGTK: posts big blind $3
*** HOLE CARDS ***
NIGHTyxa: raises $3 to $6
ArtemVGTK: calls $3
*** FLOP *** [Ks As Qc]
ArtemVGTK: checks
NIGHTyxa: bets $3
ArtemVGTK: calls $3
*** TURN *** [Ks As Qc] [3c]
ArtemVGTK: checks
NIGHTyxa: bets $6
ArtemVGTK: calls $6
*** RIVER *** [Ks As Qc 3c] [9h]
ArtemVGTK: checks
NIGHTyxa: bets $6
ArtemVGTK: calls $6
*** SHOW DOWN ***
NIGHTyxa: shows [Kh Ah] (two pair, Aces and Kings)
ArtemVGTK: mucks hand
NIGHTyxa collected $41.50 from pot
*** SUMMARY ***
Total pot $42 | Rake $0.50
Board [Ks As Qc 3c 9h]
Seat 1: ArtemVGTK (big blind) mucked
Seat 2: NIGHTyxa (button) (small blind) showed [Kh Ah] and won ($41.50) with two pair, Aces and Kings


PokerStars Hand #144355932665:  Hold'em Limit ($3/$6 USD) - 2015/11/25 7:26:59 ET
Table 'Messalina' 2-max Seat #2 is the button
Seat 1: ArtemVGTK ($109.70 in chips)
Seat 2: NIGHTyxa ($120.54 in chips)
NIGHTyxa: posts small blind $1
ArtemVGTK: posts big blind $3
*** HOLE CARDS ***
NIGHTyxa: raises $3 to $6
ArtemVGTK: folds
Uncalled bet ($3) returned to NIGHTyxa
NIGHTyxa collected $6 from pot
NIGHTyxa: doesn't show hand
*** SUMMARY ***
Total pot $6 | Rake $0
Seat 1: ArtemVGTK (big blind) folded before Flop
Seat 2: NIGHTyxa (button) (small blind) collected ($6)


PokerStars Hand #144355925953:  Hold'em Limit ($3/$6 USD) - 2015/11/25 7:26:46 ET
Table 'Messalina' 2-max Seat #1 is the button
Seat 1: ArtemVGTK ($121.70 in chips)
Seat 2: NIGHTyxa ($109.02 in chips)
ArtemVGTK: posts small blind $1
NIGHTyxa: posts big blind $3
*** HOLE CARDS ***
ArtemVGTK: raises $3 to $6
NIGHTyxa: calls $3
*** FLOP *** [3h Ks 6s]
NIGHTyxa: checks
ArtemVGTK: checks
*** TURN *** [3h Ks 6s] [Kc]
NIGHTyxa: checks
ArtemVGTK: checks
*** RIVER *** [3h Ks 6s Kc] [Ts]
NIGHTyxa: checks
ArtemVGTK: bets $6
NIGHTyxa: calls $6
*** SHOW DOWN ***
ArtemVGTK: shows [2c 5c] (a pair of Kings)
NIGHTyxa: shows [Ah 4c] (a pair of Kings - Ace kicker)
NIGHTyxa collected $23.52 from pot
*** SUMMARY ***
Total pot $24 | Rake $0.48
Board [3h Ks 6s Kc Ts]
Seat 1: ArtemVGTK (button) (small blind) showed [2c 5c] and lost with a pair of Kings
Seat 2: NIGHTyxa (big blind) showed [Ah 4c] and won ($23.52) with a pair of Kings


PokerStars Hand #144355935424:  Hold'em Limit ($3/$6 USD) - 2015/11/25 7:27:04 ET
Table 'Messalina' 2-max Seat #1 is the button
Seat 1: ArtemVGTK ($106.70 in chips)
Seat 2: NIGHTyxa ($123.54 in chips)
ArtemVGTK: posts small blind $1
NIGHTyxa: posts big blind $3
*** HOLE CARDS ***
ArtemVGTK: raises $3 to $6
NIGHTyxa: raises $3 to $9
ArtemVGTK: calls $3
*** FLOP *** [Jd 6c Ad]
NIGHTyxa: bets $3
ArtemVGTK: calls $3
*** TURN *** [Jd 6c Ad] [6s]
NIGHTyxa: bets $6
ArtemVGTK: calls $6
*** RIVER *** [Jd 6c Ad 6s] [2d]
NIGHTyxa: checks
ArtemVGTK: checks
*** SHOW DOWN ***
NIGHTyxa: shows [3d 3s] (two pair, Sixes and Threes)
ArtemVGTK: shows [5d Ah] (two pair, Aces and Sixes)
ArtemVGTK collected $35.50 from pot
*** SUMMARY ***
Total pot $36 | Rake $0.50
Board [Jd 6c Ad 6s 2d]
Seat 1: ArtemVGTK (button) (small blind) showed [5d Ah] and won ($35.50) with two pair, Aces and Sixes
Seat 2: NIGHTyxa (big blind) showed [3d 3s] and lost with two pair, Sixes and Threes


PokerStars Hand #144355950153:  Hold'em Limit ($3/$6 USD) - 2015/11/25 7:27:33 ET
Table 'Messalina' 2-max Seat #1 is the button
Seat 1: ArtemVGTK ($103.20 in chips)
Seat 2: NIGHTyxa ($126.04 in chips)
ArtemVGTK: posts small blind $1
NIGHTyxa: posts big blind $3
*** HOLE CARDS ***
ArtemVGTK: folds
Uncalled bet ($2) returned to NIGHTyxa
NIGHTyxa collected $2 from pot
NIGHTyxa: doesn't show hand
*** SUMMARY ***
Total pot $2 | Rake $0
Seat 1: ArtemVGTK (button) (small blind) folded before Flop
Seat 2: NIGHTyxa (big blind) collected ($2)


PokerStars Hand #144355942151:  Hold'em Limit ($3/$6 USD) - 2015/11/25 7:27:17 ET
Table 'Messalina' 2-max Seat #2 is the button
Seat 1: ArtemVGTK ($124.20 in chips)
Seat 2: NIGHTyxa ($105.54 in chips)
NIGHTyxa: posts small blind $1
ArtemVGTK: posts big blind $3
*** HOLE CARDS ***
NIGHTyxa: raises $3 to $6
ArtemVGTK: calls $3
*** FLOP *** [5c Tc Kc]
ArtemVGTK: checks
NIGHTyxa: bets $3
ArtemVGTK: calls $3
*** TURN *** [5c Tc Kc] [6d]
ArtemVGTK: checks
NIGHTyxa: bets $6
ArtemVGTK: calls $6
*** RIVER *** [5c Tc Kc 6d] [7c]
ArtemVGTK: checks
NIGHTyxa: bets $6
ArtemVGTK: calls $6
*** SHOW DOWN ***
NIGHTyxa: shows [Qc Kd] (a flush, King high)
ArtemVGTK: mucks hand
NIGHTyxa collected $41.50 from pot
*** SUMMARY ***
Total pot $42 | Rake $0.50
Board [5c Tc Kc 6d 7c]
Seat 1: ArtemVGTK (big blind) mucked
Seat 2: NIGHTyxa (button) (small blind) showed [Qc Kd] and won ($41.50) with a flush, King high


PokerStars Hand #144355921493:  Hold'em Limit ($3/$6 USD) - 2015/11/25 7:26:37 ET
Table 'Messalina' 2-max Seat #2 is the button
Seat 1: ArtemVGTK ($127.70 in chips)
Seat 2: NIGHTyxa ($103.26 in chips)
NIGHTyxa: posts small blind $1
ArtemVGTK: posts big blind $3
*** HOLE CARDS ***
NIGHTyxa: raises $3 to $6
ArtemVGTK: calls $3
*** FLOP *** [7c 3c 9s]
ArtemVGTK: checks
NIGHTyxa: bets $3
ArtemVGTK: folds
Uncalled bet ($3) returned to NIGHTyxa
NIGHTyxa collected $11.76 from pot
NIGHTyxa: doesn't show hand
*** SUMMARY ***
Total pot $12 | Rake $0.24
Board [7c 3c 9s]
Seat 1: ArtemVGTK (big blind) folded on the Flop
Seat 2: NIGHTyxa (button) (small blind) collected ($11.76)


PokerStars Hand #144355966470:  Hold'em Limit ($3/$6 USD) - 2015/11/25 7:28:05 ET
Table 'Messalina' 2-max Seat #1 is the button
Seat 1: ArtemVGTK ($119.70 in chips)
Seat 2: NIGHTyxa ($109.04 in chips)
ArtemVGTK: posts small blind $1
NIGHTyxa: posts big blind $3
*** HOLE CARDS ***
ArtemVGTK: raises $3 to $6
NIGHTyxa: calls $3
*** FLOP *** [5h 6s 5d]
NIGHTyxa: checks
ArtemVGTK: checks
*** TURN *** [5h 6s 5d] [7h]
NIGHTyxa: bets $6
ArtemVGTK: raises $6 to $12
NIGHTyxa: calls $6
*** RIVER *** [5h 6s 5d 7h] [2h]
NIGHTyxa: checks
ArtemVGTK: bets $6
NIGHTyxa: calls $6
*** SHOW DOWN ***
ArtemVGTK: shows [Qd 7d] (two pair, Sevens and Fives)
NIGHTyxa: mucks hand
ArtemVGTK collected $47.50 from pot
*** SUMMARY ***
Total pot $48 | Rake $0.50
Board [5h 6s 5d 7h 2h]
Seat 1: ArtemVGTK (button) (small blind) showed [Qd 7d] and won ($47.50) with two pair, Sevens and Fives
Seat 2: NIGHTyxa (big blind) mucked


PokerStars Hand #144355974801:  Hold'em Limit ($3/$6 USD) - 2015/11/25 7:28:21 ET
Table 'Messalina' 2-max Seat #2 is the button
Seat 1: ArtemVGTK ($143.20 in chips)
Seat 2: NIGHTyxa ($85.04 in chips)
NIGHTyxa: posts small blind $1
ArtemVGTK: posts big blind $3
*** HOLE CARDS ***
NIGHTyxa: raises $3 to $6
ArtemVGTK: calls $3
*** FLOP *** [8c 6s Jh]
ArtemVGTK: checks
NIGHTyxa: bets $3
ArtemVGTK: folds
Uncalled bet ($3) returned to NIGHTyxa
NIGHTyxa collected $11.76 from pot
NIGHTyxa: doesn't show hand
*** SUMMARY ***
Total pot $12 | Rake $0.24
Board [8c 6s Jh]
Seat 1: ArtemVGTK (big blind) folded on the Flop
Seat 2: NIGHTyxa (button) (small blind) collected ($11.76)


PokerStars Hand #144355952601:  Hold'em Limit ($3/$6 USD) - 2015/11/25 7:27:38 ET
Table 'Messalina' 2-max Seat #2 is the button
Seat 1: ArtemVGTK ($102.20 in chips)
Seat 2: NIGHTyxa ($127.04 in chips)
NIGHTyxa: posts small blind $1
ArtemVGTK: posts big blind $3
*** HOLE CARDS ***
NIGHTyxa: raises $3 to $6
ArtemVGTK: folds
Uncalled bet ($3) returned to NIGHTyxa
NIGHTyxa collected $6 from pot
NIGHTyxa: doesn't show hand
*** SUMMARY ***
Total pot $6 | Rake $0
Seat 1: ArtemVGTK (big blind) folded before Flop
Seat 2: NIGHTyxa (button) (small blind) collected ($6)


PokerStars Hand #144355955688:  Hold'em Limit ($3/$6 USD) - 2015/11/25 7:27:44 ET
Table 'Messalina' 2-max Seat #1 is the button
Seat 1: ArtemVGTK ($99.20 in chips)
Seat 2: NIGHTyxa ($130.04 in chips)
ArtemVGTK: posts small blind $1
NIGHTyxa: posts big blind $3
*** HOLE CARDS ***
ArtemVGTK: raises $3 to $6
NIGHTyxa: folds
Uncalled bet ($3) returned to ArtemVGTK
ArtemVGTK collected $6 from pot
ArtemVGTK: doesn't show hand
*** SUMMARY ***
Total pot $6 | Rake $0
Seat 1: ArtemVGTK (button) (small blind) collected ($6)
Seat 2: NIGHTyxa (big blind) folded before Flop


PokerStars Hand #144355958381:  Hold'em Limit ($3/$6 USD) - 2015/11/25 7:27:49 ET
Table 'Messalina' 2-max Seat #2 is the button
Seat 1: ArtemVGTK ($102.20 in chips)
Seat 2: NIGHTyxa ($127.04 in chips)
NIGHTyxa: posts small blind $1
ArtemVGTK: posts big blind $3
*** HOLE CARDS ***
NIGHTyxa: raises $3 to $6
ArtemVGTK: raises $3 to $9
NIGHTyxa: calls $3
*** FLOP *** [7d Qc 6h]
ArtemVGTK: bets $3
NIGHTyxa: calls $3
*** TURN *** [7d Qc 6h] [9h]
ArtemVGTK: bets $6
NIGHTyxa: calls $6
*** RIVER *** [7d Qc 6h 9h] [Ah]
ArtemVGTK: checks
NIGHTyxa: checks
*** SHOW DOWN ***
ArtemVGTK: shows [Jc Js] (a pair of Jacks)
NIGHTyxa: mucks hand
ArtemVGTK collected $35.50 from pot
*** SUMMARY ***
Total pot $36 | Rake $0.50
Board [7d Qc 6h 9h Ah]
Seat 1: ArtemVGTK (big blind) showed [Jc Js] and won ($35.50) with a pair of Jacks
Seat 2: NIGHTyxa (button) (small blind) mucked


PokerStars Hand #144356001051:  Hold'em Limit ($3/$6 USD) - 2015/11/25 7:29:12 ET
Table 'Messalina' 2-max Seat #2 is the button
Seat 1: ArtemVGTK ($120.20 in chips)
Seat 2: NIGHTyxa ($107.44 in chips)
NIGHTyxa: posts small blind $1
ArtemVGTK: posts big blind $3
*** HOLE CARDS ***
NIGHTyxa: raises $3 to $6
ArtemVGTK: folds
Uncalled bet ($3) returned to NIGHTyxa
NIGHTyxa collected $6 from pot
NIGHTyxa: doesn't show hand
*** SUMMARY ***
Total pot $6 | Rake $0
Seat 1: ArtemVGTK (big blind) folded before Flop
Seat 2: NIGHTyxa (button) (small blind) collected ($6)


PokerStars Hand #144355998326:  Hold'em Limit ($3/$6 USD) - 2015/11/25 7:29:06 ET
Table 'Messalina' 2-max Seat #1 is the button
Seat 1: ArtemVGTK ($121.20 in chips)
Seat 2: NIGHTyxa ($106.44 in chips)
ArtemVGTK: posts small blind $1
NIGHTyxa: posts big blind $3
*** HOLE CARDS ***
ArtemVGTK: folds
Uncalled bet ($2) returned to NIGHTyxa
NIGHTyxa collected $2 from pot
NIGHTyxa: doesn't show hand
*** SUMMARY ***
Total pot $2 | Rake $0
Seat 1: ArtemVGTK (button) (small blind) folded before Flop
Seat 2: NIGHTyxa (big blind) collected ($2)


PokerStars Hand #144355983189:  Hold'em Limit ($3/$6 USD) - 2015/11/25 7:28:37 ET
Table 'Messalina' 2-max Seat #2 is the button
Seat 1: ArtemVGTK ($136.20 in chips)
Seat 2: NIGHTyxa ($91.80 in chips)
NIGHTyxa: posts small blind $1
ArtemVGTK: posts big blind $3
*** HOLE CARDS ***
NIGHTyxa: raises $3 to $6
ArtemVGTK: folds
Uncalled bet ($3) returned to NIGHTyxa
NIGHTyxa collected $6 from pot
NIGHTyxa: doesn't show hand
*** SUMMARY ***
Total pot $6 | Rake $0
Seat 1: ArtemVGTK (big blind) folded before Flop
Seat 2: NIGHTyxa (button) (small blind) collected ($6)


PokerStars Hand #144355995395:  Hold'em Limit ($3/$6 USD) - 2015/11/25 7:29:00 ET
Table 'Messalina' 2-max Seat #2 is the button
Seat 1: ArtemVGTK ($124.20 in chips)
Seat 2: NIGHTyxa ($103.44 in chips)
NIGHTyxa: posts small blind $1
ArtemVGTK: posts big blind $3
*** HOLE CARDS ***
NIGHTyxa: raises $3 to $6
ArtemVGTK: folds
Uncalled bet ($3) returned to NIGHTyxa
NIGHTyxa collected $6 from pot
NIGHTyxa: doesn't show hand
*** SUMMARY ***
Total pot $6 | Rake $0
Seat 1: ArtemVGTK (big blind) folded before Flop
Seat 2: NIGHTyxa (button) (small blind) collected ($6)


PokerStars Hand #144355986299:  Hold'em Limit ($3/$6 USD) - 2015/11/25 7:28:43 ET
Table 'Messalina' 2-max Seat #1 is the button
Seat 1: ArtemVGTK ($133.20 in chips)
Seat 2: NIGHTyxa ($94.80 in chips)
ArtemVGTK: posts small blind $1
NIGHTyxa: posts big blind $3
*** HOLE CARDS ***
ArtemVGTK: raises $3 to $6
NIGHTyxa: calls $3
*** FLOP *** [Qd 8s Jd]
NIGHTyxa: checks
ArtemVGTK: bets $3
NIGHTyxa: calls $3
*** TURN *** [Qd 8s Jd] [7c]
NIGHTyxa: checks
ArtemVGTK: checks
*** RIVER *** [Qd 8s Jd 7c] [Ac]
NIGHTyxa: checks
ArtemVGTK: checks
*** SHOW DOWN ***
NIGHTyxa: shows [5h 8c] (a pair of Eights)
ArtemVGTK: mucks hand
NIGHTyxa collected $17.64 from pot
*** SUMMARY ***
Total pot $18 | Rake $0.36
Board [Qd 8s Jd 7c Ac]
Seat 1: ArtemVGTK (button) (small blind) mucked
Seat 2: NIGHTyxa (big blind) showed [5h 8c] and won ($17.64) with a pair of Eights


PokerStars Hand #144356031484:  Hold'em Limit ($3/$6 USD) - 2015/11/25 7:30:11 ET
Table 'Messalina' 2-max Seat #2 is the button
Seat 1: ArtemVGTK ($99.96 in chips)
Seat 2: NIGHTyxa ($126.48 in chips)
NIGHTyxa: posts small blind $1
ArtemVGTK: posts big blind $3
*** HOLE CARDS ***
NIGHTyxa: raises $3 to $6
ArtemVGTK: calls $3
*** FLOP *** [Tc 6d 9d]
ArtemVGTK: checks
NIGHTyxa: bets $3
ArtemVGTK: folds
Uncalled bet ($3) returned to NIGHTyxa
NIGHTyxa collected $11.76 from pot
NIGHTyxa: doesn't show hand
*** SUMMARY ***
Total pot $12 | Rake $0.24
Board [Tc 6d 9d]
Seat 1: ArtemVGTK (big blind) folded on the Flop
Seat 2: NIGHTyxa (button) (small blind) collected ($11.76)


PokerStars Hand #144356037863:  Hold'em Limit ($3/$6 USD) - 2015/11/25 7:30:23 ET
Table 'Messalina' 2-max Seat #1 is the button
Seat 1: ArtemVGTK ($93.96 in chips)
Seat 2: NIGHTyxa ($132.24 in chips)
ArtemVGTK: posts small blind $1
NIGHTyxa: posts big blind $3
*** HOLE CARDS ***
ArtemVGTK: raises $3 to $6
NIGHTyxa: calls $3
*** FLOP *** [5c Jh 6s]
NIGHTyxa: checks
ArtemVGTK: bets $3
NIGHTyxa: calls $3
*** TURN *** [5c Jh 6s] [Qh]
NIGHTyxa: checks
ArtemVGTK: bets $6
NIGHTyxa: folds
Uncalled bet ($6) returned to ArtemVGTK
ArtemVGTK collected $17.64 from pot
ArtemVGTK: doesn't show hand
*** SUMMARY ***
Total pot $18 | Rake $0.36
Board [5c Jh 6s Qh]
Seat 1: ArtemVGTK (button) (small blind) collected ($17.64)
Seat 2: NIGHTyxa (big blind) folded on the Turn


PokerStars Hand #144356010168:  Hold'em Limit ($3/$6 USD) - 2015/11/25 7:29:29 ET
Table 'Messalina' 2-max Seat #2 is the button
Seat 1: ArtemVGTK ($111.20 in chips)
Seat 2: NIGHTyxa ($116.20 in chips)
NIGHTyxa: posts small blind $1
ArtemVGTK: posts big blind $3
*** HOLE CARDS ***
NIGHTyxa: raises $3 to $6
ArtemVGTK: raises $3 to $9
NIGHTyxa: calls $3
*** FLOP *** [3c 2h 4h]
ArtemVGTK: bets $3
NIGHTyxa: calls $3
*** TURN *** [3c 2h 4h] [9c]
ArtemVGTK: checks
NIGHTyxa: bets $6
ArtemVGTK: folds
Uncalled bet ($6) returned to NIGHTyxa
NIGHTyxa collected $23.52 from pot
NIGHTyxa: doesn't show hand
*** SUMMARY ***
Total pot $24 | Rake $0.48
Board [3c 2h 4h 9c]
Seat 1: ArtemVGTK (big blind) folded on the Turn
Seat 2: NIGHTyxa (button) (small blind) collected ($23.52)


PokerStars Hand #144356022356:  Hold'em Limit ($3/$6 USD) - 2015/11/25 7:29:53 ET
Table 'Messalina' 2-max Seat #2 is the button
Seat 1: ArtemVGTK ($93.20 in chips)
Seat 2: NIGHTyxa ($133.48 in chips)
NIGHTyxa: posts small blind $1
ArtemVGTK: posts big blind $3
*** HOLE CARDS ***
NIGHTyxa: folds
Uncalled bet ($2) returned to ArtemVGTK
ArtemVGTK collected $2 from pot
ArtemVGTK: doesn't show hand
*** SUMMARY ***
Total pot $2 | Rake $0
Seat 1: ArtemVGTK (big blind) collected ($2)
Seat 2: NIGHTyxa (button) (small blind) folded before Flop


PokerStars Hand #144356016762:  Hold'em Limit ($3/$6 USD) - 2015/11/25 7:29:42 ET
Table 'Messalina' 2-max Seat #1 is the button
Seat 1: ArtemVGTK ($99.20 in chips)
Seat 2: NIGHTyxa ($127.72 in chips)
ArtemVGTK: posts small blind $1
NIGHTyxa: posts big blind $3
*** HOLE CARDS ***
ArtemVGTK: raises $3 to $6
NIGHTyxa: calls $3
*** FLOP *** [Th Qs 7s]
NIGHTyxa: checks
ArtemVGTK: checks
*** TURN *** [Th Qs 7s] [8h]
NIGHTyxa: bets $6
ArtemVGTK: folds
Uncalled bet ($6) returned to NIGHTyxa
NIGHTyxa collected $11.76 from pot
NIGHTyxa: doesn't show hand
*** SUMMARY ***
Total pot $12 | Rake $0.24
Board [Th Qs 7s 8h]
Seat 1: ArtemVGTK (button) (small blind) folded on the Turn
Seat 2: NIGHTyxa (big blind) collected ($11.76)


PokerStars Hand #144356024873:  Hold'em Limit ($3/$6 USD) - 2015/11/25 7:29:58 ET
Table 'Messalina' 2-max Seat #1 is the button
Seat 1: ArtemVGTK ($94.20 in chips)
Seat 2: NIGHTyxa ($132.48 in chips)
ArtemVGTK: posts small blind $1
NIGHTyxa: posts big blind $3
*** HOLE CARDS ***
ArtemVGTK: raises $3 to $6
NIGHTyxa: calls $3
*** FLOP *** [8s Ac Kd]
NIGHTyxa: checks
ArtemVGTK: bets $3
NIGHTyxa: folds
Uncalled bet ($3) returned to ArtemVGTK
ArtemVGTK collected $11.76 from pot
*** SUMMARY ***
Total pot $12 | Rake $0.24
Board [8s Ac Kd]
Seat 1: ArtemVGTK (button) (small blind) collected ($11.76)
Seat 2: NIGHTyxa (big blind) folded on the Flop


PokerStars Hand #144356062413:  Hold'em Limit ($3/$6 USD) - 2015/11/25 7:31:10 ET
Table 'Messalina' 2-max Seat #1 is the button
Seat 1: ArtemVGTK ($126.10 in chips)
Seat 2: NIGHTyxa ($99.24 in chips)
ArtemVGTK: posts small blind $1
NIGHTyxa: posts big blind $3
*** HOLE CARDS ***
ArtemVGTK: raises $3 to $6
NIGHTyxa: calls $3
*** FLOP *** [Jc Kd 2s]
NIGHTyxa: checks
ArtemVGTK: bets $3
NIGHTyxa: calls $3
*** TURN *** [Jc Kd 2s] [3c]
NIGHTyxa: checks
ArtemVGTK: bets $6
NIGHTyxa: folds
Uncalled bet ($6) returned to ArtemVGTK
ArtemVGTK collected $17.64 from pot
ArtemVGTK: doesn't show hand
*** SUMMARY ***
Total pot $18 | Rake $0.36
Board [Jc Kd 2s 3c]
Seat 1: ArtemVGTK (button) (small blind) collected ($17.64)
Seat 2: NIGHTyxa (big blind) folded on the Turn


PokerStars Hand #144356068219:  Hold'em Limit ($3/$6 USD) - 2015/11/25 7:31:21 ET
Table 'Messalina' 2-max Seat #2 is the button
Seat 1: ArtemVGTK ($134.74 in chips)
Seat 2: NIGHTyxa ($90.24 in chips)
NIGHTyxa: posts small blind $1
ArtemVGTK: posts big blind $3
*** HOLE CARDS ***
NIGHTyxa: raises $3 to $6
ArtemVGTK: calls $3
*** FLOP *** [Qc As Qd]
ArtemVGTK: checks
NIGHTyxa: bets $3
ArtemVGTK: folds
Uncalled bet ($3) returned to NIGHTyxa
NIGHTyxa collected $11.76 from pot
NIGHTyxa: doesn't show hand
*** SUMMARY ***
Total pot $12 | Rake $0.24
Board [Qc As Qd]
Seat 1: ArtemVGTK (big blind) folded on the Flop
Seat 2: NIGHTyxa (button) (small blind) collected ($11.76)


PokerStars Hand #144356059839:  Hold'em Limit ($3/$6 USD) - 2015/11/25 7:31:05 ET
Table 'Messalina' 2-max Seat #2 is the button
Seat 1: ArtemVGTK ($129.10 in chips)
Seat 2: NIGHTyxa ($96.24 in chips)
NIGHTyxa: posts small blind $1
ArtemVGTK: posts big blind $3
*** HOLE CARDS ***
NIGHTyxa: raises $3 to $6
ArtemVGTK: folds
Uncalled bet ($3) returned to NIGHTyxa
NIGHTyxa collected $6 from pot
NIGHTyxa: doesn't show hand
*** SUMMARY ***
Total pot $6 | Rake $0
Seat 1: ArtemVGTK (big blind) folded before Flop
Seat 2: NIGHTyxa (button) (small blind) collected ($6)


PokerStars Hand #144356043151:  Hold'em Limit ($3/$6 USD) - 2015/11/25 7:30:33 ET
Table 'Messalina' 2-max Seat #2 is the button
Seat 1: ArtemVGTK ($102.60 in chips)
Seat 2: NIGHTyxa ($123.24 in chips)
NIGHTyxa: posts small blind $1
ArtemVGTK: posts big blind $3
*** HOLE CARDS ***
NIGHTyxa: raises $3 to $6
ArtemVGTK: folds
Uncalled bet ($3) returned to NIGHTyxa
NIGHTyxa collected $6 from pot
NIGHTyxa: doesn't show hand
*** SUMMARY ***
Total pot $6 | Rake $0
Seat 1: ArtemVGTK (big blind) folded before Flop
Seat 2: NIGHTyxa (button) (small blind) collected ($6)


PokerStars Hand #144356046673:  Hold'em Limit ($3/$6 USD) - 2015/11/25 7:30:40 ET
Table 'Messalina' 2-max Seat #1 is the button
Seat 1: ArtemVGTK ($99.60 in chips)
Seat 2: NIGHTyxa ($126.24 in chips)
ArtemVGTK: posts small blind $1
NIGHTyxa: posts big blind $3
*** HOLE CARDS ***
ArtemVGTK: raises $3 to $6
NIGHTyxa: calls $3
*** FLOP *** [2d 5c 4s]
NIGHTyxa: checks
ArtemVGTK: bets $3
NIGHTyxa: raises $3 to $6
ArtemVGTK: calls $3
*** TURN *** [2d 5c 4s] [Ah]
NIGHTyxa: bets $6
ArtemVGTK: raises $6 to $12
NIGHTyxa: calls $6
*** RIVER *** [2d 5c 4s Ah] [2h]
NIGHTyxa: checks
ArtemVGTK: bets $6
NIGHTyxa: calls $6
*** SHOW DOWN ***
ArtemVGTK: shows [3s 6s] (a straight, Deuce to Six)
NIGHTyxa: mucks hand
ArtemVGTK collected $59.50 from pot
*** SUMMARY ***
Total pot $60 | Rake $0.50
Board [2d 5c 4s Ah 2h]
Seat 1: ArtemVGTK (button) (small blind) showed [3s 6s] and won ($59.50) with a straight, Deuce to Six
Seat 2: NIGHTyxa (big blind) mucked


PokerStars Hand #144356090122:  Hold'em Limit ($3/$6 USD) - 2015/11/25 7:32:03 ET
Table 'Messalina' 2-max Seat #2 is the button
Seat 1: ArtemVGTK ($125.24 in chips)
Seat 2: NIGHTyxa ($98.50 in chips)
NIGHTyxa: posts small blind $1
ArtemVGTK: posts big blind $3
*** HOLE CARDS ***
NIGHTyxa: raises $3 to $6
ArtemVGTK: calls $3
*** FLOP *** [Td Ah 6d]
ArtemVGTK: checks
NIGHTyxa: bets $3
ArtemVGTK: folds
Uncalled bet ($3) returned to NIGHTyxa
NIGHTyxa collected $11.76 from pot
NIGHTyxa: doesn't show hand
*** SUMMARY ***
Total pot $12 | Rake $0.24
Board [Td Ah 6d]
Seat 1: ArtemVGTK (big blind) folded on the Flop
Seat 2: NIGHTyxa (button) (small blind) collected ($11.76)


PokerStars Hand #144356094904:  Hold'em Limit ($3/$6 USD) - 2015/11/25 7:32:12 ET
Table 'Messalina' 2-max Seat #1 is the button
Seat 1: ArtemVGTK ($119.24 in chips)
Seat 2: NIGHTyxa ($104.26 in chips)
ArtemVGTK: posts small blind $1
NIGHTyxa: posts big blind $3
*** HOLE CARDS ***
ArtemVGTK: raises $3 to $6
NIGHTyxa: raises $3 to $9
ArtemVGTK: calls $3
*** FLOP *** [Ac Th 4d]
NIGHTyxa: bets $3
ArtemVGTK: calls $3
*** TURN *** [Ac Th 4d] [4c]
NIGHTyxa: bets $6
ArtemVGTK: folds
Uncalled bet ($6) returned to NIGHTyxa
NIGHTyxa collected $23.52 from pot
NIGHTyxa: doesn't show hand
*** SUMMARY ***
Total pot $24 | Rake $0.48
Board [Ac Th 4d 4c]
Seat 1: ArtemVGTK (button) (small blind) folded on the Turn
Seat 2: NIGHTyxa (big blind) collected ($23.52)


PokerStars Hand #144356087210:  Hold'em Limit ($3/$6 USD) - 2015/11/25 7:31:57 ET
Table 'Messalina' 2-max Seat #1 is the button
Seat 1: ArtemVGTK ($122.24 in chips)
Seat 2: NIGHTyxa ($101.50 in chips)
ArtemVGTK: posts small blind $1
NIGHTyxa: posts big blind $3
*** HOLE CARDS ***
ArtemVGTK: raises $3 to $6
NIGHTyxa: folds
Uncalled bet ($3) returned to ArtemVGTK
ArtemVGTK collected $6 from pot
ArtemVGTK: doesn't show hand
*** SUMMARY ***
Total pot $6 | Rake $0
Seat 1: ArtemVGTK (button) (small blind) collected ($6)
Seat 2: NIGHTyxa (big blind) folded before Flop


PokerStars Hand #144356079391:  Hold'em Limit ($3/$6 USD) - 2015/11/25 7:31:42 ET
Table 'Messalina' 2-max Seat #2 is the button
Seat 1: ArtemVGTK ($143.24 in chips)
Seat 2: NIGHTyxa ($81 in chips)
NIGHTyxa: posts small blind $1
ArtemVGTK: posts big blind $3
*** HOLE CARDS ***
NIGHTyxa: raises $3 to $6
ArtemVGTK: calls $3
*** FLOP *** [Th 9h 3s]
ArtemVGTK: checks
NIGHTyxa: bets $3
ArtemVGTK: calls $3
*** TURN *** [Th 9h 3s] [3h]
ArtemVGTK: checks
NIGHTyxa: bets $6
ArtemVGTK: calls $6
*** RIVER *** [Th 9h 3s 3h] [8d]
ArtemVGTK: checks
NIGHTyxa: bets $6
ArtemVGTK: calls $6
*** SHOW DOWN ***
NIGHTyxa: shows [Qd Qs] (two pair, Queens and Threes)
ArtemVGTK: mucks hand
NIGHTyxa collected $41.50 from pot
*** SUMMARY ***
Total pot $42 | Rake $0.50
Board [Th 9h 3s 3h 8d]
Seat 1: ArtemVGTK (big blind) mucked
Seat 2: NIGHTyxa (button) (small blind) showed [Qd Qs] and won ($41.50) with two pair, Queens and Threes


PokerStars Hand #144356105916:  Hold'em Limit ($3/$6 USD) - 2015/11/25 7:32:33 ET
Table 'Messalina' 2-max Seat #1 is the button
Seat 1: ArtemVGTK ($115.88 in chips)
Seat 2: NIGHTyxa ($106.78 in chips)
ArtemVGTK: posts small blind $1
NIGHTyxa: posts big blind $3
*** HOLE CARDS ***
ArtemVGTK: folds
Uncalled bet ($2) returned to NIGHTyxa
NIGHTyxa collected $2 from pot
NIGHTyxa: doesn't show hand
*** SUMMARY ***
Total pot $2 | Rake $0
Seat 1: ArtemVGTK (button) (small blind) folded before Flop
Seat 2: NIGHTyxa (big blind) collected ($2)


PokerStars Hand #144356100832:  Hold'em Limit ($3/$6 USD) - 2015/11/25 7:32:23 ET
Table 'Messalina' 2-max Seat #2 is the button
Seat 1: ArtemVGTK ($107.24 in chips)
Seat 2: NIGHTyxa ($115.78 in chips)
NIGHTyxa: posts small blind $1
ArtemVGTK: posts big blind $3
*** HOLE CARDS ***
NIGHTyxa: raises $3 to $6
ArtemVGTK: raises $3 to $9
NIGHTyxa: calls $3
*** FLOP *** [Kc 9d Kh]
ArtemVGTK: bets $3
NIGHTyxa: folds
Uncalled bet ($3) returned to ArtemVGTK
ArtemVGTK collected $17.64 from pot
ArtemVGTK: doesn't show hand
*** SUMMARY ***
Total pot $18 | Rake $0.36
Board [Kc 9d Kh]
Seat 1: ArtemVGTK (big blind) collected ($17.64)
Seat 2: NIGHTyxa (button) (small blind) folded on the Flop


PokerStars Hand #144356072786:  Hold'em Limit ($3/$6 USD) - 2015/11/25 7:31:30 ET
Table 'Messalina' 2-max Seat #1 is the button
Seat 1: ArtemVGTK ($128.74 in chips)
Seat 2: NIGHTyxa ($96 in chips)
ArtemVGTK: posts small blind $1
NIGHTyxa: posts big blind $3
*** HOLE CARDS ***
ArtemVGTK: raises $3 to $6
NIGHTyxa: calls $3
*** FLOP *** [8h 5h Ah]
NIGHTyxa: checks
ArtemVGTK: bets $3
NIGHTyxa: calls $3
*** TURN *** [8h 5h Ah] [3h]
NIGHTyxa: checks
ArtemVGTK: checks
*** RIVER *** [8h 5h Ah 3h] [2d]
NIGHTyxa: bets $6
ArtemVGTK: calls $6
*** SHOW DOWN ***
NIGHTyxa: shows [7c 9c] (high card Ace)
ArtemVGTK: shows [5d 6h] (a flush, Ace high)
ArtemVGTK collected $29.50 from pot
*** SUMMARY ***
Total pot $30 | Rake $0.50
Board [8h 5h Ah 3h 2d]
Seat 1: ArtemVGTK (button) (small blind) showed [5d 6h] and won ($29.50) with a flush, Ace high
Seat 2: NIGHTyxa (big blind) showed [7c 9c] and lost with high card Ace


PokerStars Hand #144356108365:  Hold'em Limit ($3/$6 USD) - 2015/11/25 7:32:37 ET
Table 'Messalina' 2-max Seat #2 is the button
Seat 1: ArtemVGTK ($114.88 in chips)
Seat 2: NIGHTyxa ($107.78 in chips)
NIGHTyxa: posts small blind $1
ArtemVGTK: posts big blind $3
*** HOLE CARDS ***
NIGHTyxa: raises $3 to $6
ArtemVGTK: raises $3 to $9
NIGHTyxa: calls $3
*** FLOP *** [2c 7c 2d]
ArtemVGTK: bets $3
NIGHTyxa: raises $3 to $6
ArtemVGTK: calls $3
*** TURN *** [2c 7c 2d] [4h]
ArtemVGTK: checks
NIGHTyxa: bets $6
ArtemVGTK: raises $6 to $12
NIGHTyxa: raises $6 to $18
ArtemVGTK: raises $6 to $24
Betting is capped
NIGHTyxa: calls $6
*** RIVER *** [2c 7c 2d 4h] [Qh]
ArtemVGTK: bets $6
NIGHTyxa: raises $6 to $12
ArtemVGTK: raises $6 to $18
NIGHTyxa: raises $6 to $24
Betting is capped
ArtemVGTK: calls $6
*** SHOW DOWN ***
NIGHTyxa: shows [Qc Qs] (a full house, Queens full of Deuces)
ArtemVGTK: mucks hand
NIGHTyxa collected $125.50 from pot
*** SUMMARY ***
Total pot $126 | Rake $0.50
Board [2c 7c 2d 4h Qh]
Seat 1: ArtemVGTK (big blind) mucked
Seat 2: NIGHTyxa (button) (small blind) showed [Qc Qs] and won ($125.50) with a full house, Queens full of Deuces


PokerStars Hand #144356120044:  Hold'em Limit ($3/$6 USD) - 2015/11/25 7:33:00 ET
Table 'Messalina' 2-max Seat #1 is the button
Seat 1: ArtemVGTK ($51.88 in chips)
Seat 2: NIGHTyxa ($170.28 in chips)
ArtemVGTK: posts small blind $1
NIGHTyxa: posts big blind $3
*** HOLE CARDS ***
ArtemVGTK: raises $3 to $6
NIGHTyxa: calls $3
*** FLOP *** [4c Ac 9h]
NIGHTyxa: checks
ArtemVGTK: bets $3
NIGHTyxa: calls $3
*** TURN *** [4c Ac 9h] [9c]
NIGHTyxa: checks
ArtemVGTK: bets $6
NIGHTyxa: folds
Uncalled bet ($6) returned to ArtemVGTK
ArtemVGTK collected $17.64 from pot
ArtemVGTK: doesn't show hand
*** SUMMARY ***
Total pot $18 | Rake $0.36
Board [4c Ac 9h 9c]
Seat 1: ArtemVGTK (button) (small blind) collected ($17.64)
Seat 2: NIGHTyxa (big blind) folded on the Turn


PokerStars Hand #144356136396:  Hold'em Limit ($3/$6 USD) - 2015/11/25 7:33:31 ET
Table 'Messalina' 2-max Seat #2 is the button
Seat 1: ArtemVGTK ($60.52 in chips)
Seat 2: NIGHTyxa ($161.28 in chips)
NIGHTyxa: posts small blind $1
ArtemVGTK: posts big blind $3
*** HOLE CARDS ***
NIGHTyxa: raises $3 to $6
ArtemVGTK: calls $3
*** FLOP *** [7d 5d 3s]
ArtemVGTK: bets $3
NIGHTyxa: calls $3
*** TURN *** [7d 5d 3s] [9h]
ArtemVGTK: bets $6
NIGHTyxa: calls $6
*** RIVER *** [7d 5d 3s 9h] [Jd]
ArtemVGTK: checks
NIGHTyxa: bets $6
ArtemVGTK: calls $6
*** SHOW DOWN ***
NIGHTyxa: shows [Jh 6c] (a pair of Jacks)
ArtemVGTK: mucks hand
NIGHTyxa collected $41.50 from pot
*** SUMMARY ***
Total pot $42 | Rake $0.50
Board [7d 5d 3s 9h Jd]
Seat 1: ArtemVGTK (big blind) mucked
Seat 2: NIGHTyxa (button) (small blind) showed [Jh 6c] and won ($41.50) with a pair of Jacks


PokerStars Hand #144356145563:  Hold'em Limit ($3/$6 USD) - 2015/11/25 7:33:49 ET
Table 'Messalina' 2-max Seat #1 is the button
Seat 1: ArtemVGTK ($39.52 in chips)
Seat 2: NIGHTyxa ($181.78 in chips)
ArtemVGTK: posts small blind $1
NIGHTyxa: posts big blind $3
*** HOLE CARDS ***
ArtemVGTK: raises $3 to $6
NIGHTyxa: calls $3
*** FLOP *** [2h 4d Js]
NIGHTyxa: checks
ArtemVGTK: checks
*** TURN *** [2h 4d Js] [Ts]
NIGHTyxa: bets $6
ArtemVGTK: folds
Uncalled bet ($6) returned to NIGHTyxa
NIGHTyxa collected $11.76 from pot
NIGHTyxa: doesn't show hand
*** SUMMARY ***
Total pot $12 | Rake $0.24
Board [2h 4d Js Ts]
Seat 1: ArtemVGTK (button) (small blind) folded on the Turn
Seat 2: NIGHTyxa (big blind) collected ($11.76)


PokerStars Hand #144356152364:  Hold'em Limit ($3/$6 USD) - 2015/11/25 7:34:02 ET
Table 'Messalina' 2-max Seat #2 is the button
Seat 1: ArtemVGTK ($33.52 in chips)
Seat 2: NIGHTyxa ($187.54 in chips)
NIGHTyxa: posts small blind $1
ArtemVGTK: posts big blind $3
*** HOLE CARDS ***
NIGHTyxa: raises $3 to $6
ArtemVGTK: folds
Uncalled bet ($3) returned to NIGHTyxa
NIGHTyxa collected $6 from pot
NIGHTyxa: doesn't show hand
*** SUMMARY ***
Total pot $6 | Rake $0
Seat 1: ArtemVGTK (big blind) folded before Flop
Seat 2: NIGHTyxa (button) (small blind) collected ($6)


PokerStars Hand #144356163506:  Hold'em Limit ($3/$6 USD) - 2015/11/25 7:34:23 ET
Table 'Messalina' 2-max Seat #2 is the button
Seat 1: ArtemVGTK ($33.52 in chips)
Seat 2: NIGHTyxa ($187.54 in chips)
NIGHTyxa: posts small blind $1
ArtemVGTK: posts big blind $3
*** HOLE CARDS ***
NIGHTyxa: raises $3 to $6
ArtemVGTK: folds
Uncalled bet ($3) returned to NIGHTyxa
NIGHTyxa collected $6 from pot
NIGHTyxa: doesn't show hand
*** SUMMARY ***
Total pot $6 | Rake $0
Seat 1: ArtemVGTK (big blind) folded before Flop
Seat 2: NIGHTyxa (button) (small blind) collected ($6)


PokerStars Hand #144356159654:  Hold'em Limit ($3/$6 USD) - 2015/11/25 7:34:16 ET
Table 'Messalina' 2-max Seat #1 is the button
Seat 1: ArtemVGTK ($30.52 in chips)
Seat 2: NIGHTyxa ($190.54 in chips)
ArtemVGTK: posts small blind $1
NIGHTyxa: posts big blind $3
*** HOLE CARDS ***
ArtemVGTK: raises $3 to $6
NIGHTyxa: folds
Uncalled bet ($3) returned to ArtemVGTK
ArtemVGTK collected $6 from pot
ArtemVGTK: doesn't show hand
*** SUMMARY ***
Total pot $6 | Rake $0
Seat 1: ArtemVGTK (button) (small blind) collected ($6)
Seat 2: NIGHTyxa (big blind) folded before Flop


PokerStars Hand #144356169228:  Hold'em Limit ($3/$6 USD) - 2015/11/25 7:34:34 ET
Table 'Messalina' 2-max Seat #2 is the button
Seat 1: ArtemVGTK ($29.52 in chips)
Seat 2: NIGHTyxa ($191.54 in chips)
NIGHTyxa: posts small blind $1
ArtemVGTK: posts big blind $3
*** HOLE CARDS ***
NIGHTyxa: raises $3 to $6
ArtemVGTK: raises $3 to $9
NIGHTyxa: calls $3
*** FLOP *** [Qs 7d Ah]
ArtemVGTK: bets $3
NIGHTyxa: calls $3
*** TURN *** [Qs 7d Ah] [6h]
ArtemVGTK: bets $6
NIGHTyxa: calls $6
*** RIVER *** [Qs 7d Ah 6h] [7h]
ArtemVGTK: bets $6
NIGHTyxa: raises $6 to $12
ArtemVGTK: calls $5.52 and is all-in
Uncalled bet ($0.48) returned to NIGHTyxa
*** SHOW DOWN ***
NIGHTyxa: shows [As 6d] (two pair, Aces and Sevens)
ArtemVGTK: shows [Qh Ks] (two pair, Queens and Sevens)
NIGHTyxa collected $58.54 from pot
*** SUMMARY ***
Total pot $59.04 | Rake $0.50
Board [Qs 7d Ah 6h 7h]
Seat 1: ArtemVGTK (big blind) showed [Qh Ks] and lost with two pair, Queens and Sevens
Seat 2: NIGHTyxa (button) (small blind) showed [As 6d] and won ($58.54) with two pair, Aces and Sevens


