PokerStars Hand #144471814565:  Hold'em Limit ($3/$6 USD) - 2015/11/27 15:05:42 ET
Table 'Messina II' 6-max Seat #1 is the button
Seat 1: hairy1961 ($60 in chips)
Seat 2: ZinZar ($72 in chips)
hairy1961: posts small blind $1
ZinZar: posts big blind $3
*** HOLE CARDS ***
hairy1961: raises $3 to $6
ZinZar: calls $3
*** FLOP *** [9d Ac Ah]
ZinZar: checks
hairy1961: bets $3
ZinZar: calls $3
*** TURN *** [9d Ac Ah] [5d]
ZinZar: checks
hairy1961: bets $6
ZinZar: calls $6
*** RIVER *** [9d Ac Ah 5d] [3s]
ZinZar: checks
hairy1961: bets $6
Great_Kang joins the table at seat #3
ZinZar: calls $6
*** SHOW DOWN ***
hairy1961: shows [Qs Jc] (a pair of Aces)
ZinZar: mucks hand
hairy1961 collected $41.50 from pot
*** SUMMARY ***
Total pot $42 | Rake $0.50
Board [9d Ac Ah 5d 3s]
Seat 1: hairy1961 (button) (small blind) showed [Qs Jc] and won ($41.50) with a pair of Aces
Seat 2: ZinZar (big blind) mucked


PokerStars Hand #144476938526:  Hold'em Limit ($3/$6 USD) - 2015/11/27 16:38:30 ET
Table 'Messina II' 6-max Seat #1 is the button
Seat 1: Karpik09 ($152.71 in chips)
Seat 3: Great_Kang ($305.22 in chips)
Karpik09: posts small blind $1
ZinZar: is sitting out
ZinZar leaves the table
Great_Kang: posts big blind $3
*** HOLE CARDS ***
Karpik09: folds
Uncalled bet ($2) returned to Great_Kang
Great_Kang collected $2 from pot
Great_Kang: doesn't show hand
*** SUMMARY ***
Total pot $2 | Rake $0
Seat 1: Karpik09 (button) (small blind) folded before Flop
Seat 3: Great_Kang (big blind) collected ($2)


