PokerStars Hand #154659987410:  Hold'em Limit ($3/$6 USD) - 2016/06/12 19:19:36 ET
Table 'Messina' 6-max Seat #3 is the button
Seat 3: jackRizzar ($290.14 in chips)
Seat 6: Garuda Black ($154.21 in chips)
jackRizzar: posts small blind $1
Pelurile: is sitting out
Garuda Black: posts big blind $3
*** HOLE CARDS ***
jackRizzar: raises $3 to $6
Garuda Black: folds
Uncalled bet ($3) returned to jackRizzar
jackRizzar collected $6 from pot
*** SUMMARY ***
Total pot $6 | Rake $0
Seat 3: jackRizzar (button) (small blind) collected ($6)
Seat 6: Garuda Black (big blind) folded before Flop


PokerStars Hand #154662580850:  Hold'em Limit ($3/$6 USD) - 2016/06/12 20:44:22 ET
Table 'Messina' 6-max Seat #4 is the button
Seat 3: anetkaapro ($82.50 in chips)
Seat 4: shalomrum ($278.28 in chips)
shalomrum: posts small blind $1
anetkaapro: posts big blind $3
*** HOLE CARDS ***
igmade joins the table at seat #2
shalomrum: raises $3 to $6
anetkaapro: calls $3
*** FLOP *** [Ts 8d Qs]
anetkaapro: checks
shalomrum: bets $3
anetkaapro: raises $3 to $6
shalomrum: raises $3 to $9
anetkaapro: calls $3
*** TURN *** [Ts 8d Qs] [9c]
anetkaapro: checks
shalomrum: checks
*** RIVER *** [Ts 8d Qs 9c] [3c]
anetkaapro: bets $6
shalomrum: folds
Uncalled bet ($6) returned to anetkaapro
anetkaapro collected $29.50 from pot
anetkaapro: doesn't show hand
*** SUMMARY ***
Total pot $30 | Rake $0.50
Board [Ts 8d Qs 9c 3c]
Seat 3: anetkaapro (big blind) collected ($29.50)
Seat 4: shalomrum (button) (small blind) folded on the River


PokerStars Hand #154662576900:  Hold'em Limit ($3/$6 USD) - 2016/06/12 20:44:13 ET
Table 'Messina' 6-max Seat #3 is the button
Seat 3: anetkaapro ($83.50 in chips)
Seat 4: shalomrum ($277.28 in chips)
anetkaapro: posts small blind $1
shalomrum: posts big blind $3
*** HOLE CARDS ***
anetkaapro: folds
Uncalled bet ($2) returned to shalomrum
shalomrum collected $2 from pot
shalomrum: doesn't show hand
*** SUMMARY ***
Total pot $2 | Rake $0
Seat 3: anetkaapro (button) (small blind) folded before Flop
Seat 4: shalomrum (big blind) collected ($2)


PokerStars Hand #154662573303:  Hold'em Limit ($3/$6 USD) - 2016/06/12 20:44:05 ET
Table 'Messina' 6-max Seat #4 is the button
Seat 3: anetkaapro ($86.50 in chips)
Seat 4: shalomrum ($274.28 in chips)
shalomrum: posts small blind $1
anetkaapro: posts big blind $3
*** HOLE CARDS ***
shalomrum: raises $3 to $6
anetkaapro: folds
Uncalled bet ($3) returned to shalomrum
shalomrum collected $6 from pot
shalomrum: doesn't show hand
*** SUMMARY ***
Total pot $6 | Rake $0
Seat 3: anetkaapro (big blind) folded before Flop
Seat 4: shalomrum (button) (small blind) collected ($6)


PokerStars Hand #154662559755:  Hold'em Limit ($3/$6 USD) - 2016/06/12 20:43:33 ET
Table 'Messina' 6-max Seat #3 is the button
Seat 3: anetkaapro ($72 in chips)
Seat 4: shalomrum ($289.28 in chips)
anetkaapro: posts small blind $1
shalomrum: posts big blind $3
*** HOLE CARDS ***
anetkaapro: raises $3 to $6
shalomrum: calls $3
*** FLOP *** [9d 8d 2h]
shalomrum: checks
anetkaapro: bets $3
shalomrum: calls $3
*** TURN *** [9d 8d 2h] [8h]
shalomrum: checks
anetkaapro: bets $6
shalomrum: calls $6
*** RIVER *** [9d 8d 2h 8h] [6h]
shalomrum: checks
anetkaapro: checks
*** SHOW DOWN ***
shalomrum: shows [As Th] (a pair of Eights)
anetkaapro: shows [6d 3d] (two pair, Eights and Sixes)
anetkaapro collected $29.50 from pot
*** SUMMARY ***
Total pot $30 | Rake $0.50
Board [9d 8d 2h 8h 6h]
Seat 3: anetkaapro (button) (small blind) showed [6d 3d] and won ($29.50) with two pair, Eights and Sixes
Seat 4: shalomrum (big blind) showed [As Th] and lost with a pair of Eights


PokerStars Hand #154662592669:  Hold'em Limit ($3/$6 USD) - 2016/06/12 20:44:50 ET
Table 'Messina' 6-max Seat #3 is the button
Seat 3: anetkaapro ($97 in chips)
Seat 4: shalomrum ($263.28 in chips)
anetkaapro: posts small blind $1
shalomrum: posts big blind $3
*** HOLE CARDS ***
anetkaapro: raises $3 to $6
shalomrum: calls $3
*** FLOP *** [2d Jh Ah]
shalomrum: checks
anetkaapro: bets $3
shalomrum: calls $3
*** TURN *** [2d Jh Ah] [Jc]
shalomrum: checks
anetkaapro: checks
*** RIVER *** [2d Jh Ah Jc] [5s]
shalomrum: checks
anetkaapro: checks
*** SHOW DOWN ***
shalomrum: shows [5c Qh] (two pair, Jacks and Fives)
anetkaapro: shows [9s 5d] (two pair, Jacks and Fives)
shalomrum collected $8.82 from pot
anetkaapro collected $8.82 from pot
*** SUMMARY ***
Total pot $18 | Rake $0.36
Board [2d Jh Ah Jc 5s]
Seat 3: anetkaapro (button) (small blind) showed [9s 5d] and won ($8.82) with two pair, Jacks and Fives
Seat 4: shalomrum (big blind) showed [5c Qh] and won ($8.82) with two pair, Jacks and Fives


PokerStars Hand #154662836726:  Hold'em Limit ($3/$6 USD) - 2016/06/12 20:54:15 ET
Table 'Messina' 6-max Seat #5 is the button
Seat 2: igmade ($154.17 in chips)
Seat 5: chip_diddler ($108.29 in chips)
chip_diddler: posts small blind $1
igmade: posts big blind $3
*** HOLE CARDS ***
chip_diddler: raises $3 to $6
igmade: calls $3
*** FLOP *** [8c 8h 4h]
igmade: checks
chip_diddler: bets $3
igmade: folds
Uncalled bet ($3) returned to chip_diddler
chip_diddler collected $11.76 from pot
*** SUMMARY ***
Total pot $12 | Rake $0.24
Board [8c 8h 4h]
Seat 2: igmade (big blind) folded on the Flop
Seat 5: chip_diddler (button) (small blind) collected ($11.76)


PokerStars Hand #154662828713:  Hold'em Limit ($3/$6 USD) - 2016/06/12 20:53:55 ET
Table 'Messina' 6-max Seat #2 is the button
Seat 2: igmade ($178.17 in chips)
Seat 5: chip_diddler ($84.79 in chips)
igmade: posts small blind $1
shalomrum: is sitting out
shalomrum leaves the table
chip_diddler: posts big blind $3
*** HOLE CARDS ***
igmade: raises $3 to $6
chip_diddler: calls $3
*** FLOP *** [3c Ac 8s]
chip_diddler: checks
igmade: bets $3
chip_diddler: raises $3 to $6
igmade: calls $3
*** TURN *** [3c Ac 8s] [4h]
chip_diddler: bets $6
igmade: calls $6
*** RIVER *** [3c Ac 8s 4h] [2s]
chip_diddler: bets $6
igmade: calls $6
*** SHOW DOWN ***
chip_diddler: shows [8c 7d] (a pair of Eights)
igmade: mucks hand
chip_diddler collected $47.50 from pot
*** SUMMARY ***
Total pot $48 | Rake $0.50
Board [3c Ac 8s 4h 2s]
Seat 2: igmade (button) (small blind) mucked
Seat 5: chip_diddler (big blind) showed [8c 7d] and won ($47.50) with a pair of Eights


PokerStars Hand #154663261285:  Hold'em Limit ($3/$6 USD) - 2016/06/12 21:12:18 ET
Table 'Messina' 6-max Seat #2 is the button
Seat 2: igmade ($154.71 in chips)
Seat 5: chip_diddler ($24.12 in chips)
igmade: posts small blind $1
anetkaapro: is sitting out
chip_diddler: posts big blind $3
*** HOLE CARDS ***
igmade: raises $3 to $6
chip_diddler: folds
Uncalled bet ($3) returned to igmade
igmade collected $6 from pot
igmade: doesn't show hand
*** SUMMARY ***
Total pot $6 | Rake $0
Seat 2: igmade (button) (small blind) collected ($6)
Seat 5: chip_diddler (big blind) folded before Flop


PokerStars Hand #154663264217:  Hold'em Limit ($3/$6 USD) - 2016/06/12 21:12:25 ET
Table 'Messina' 6-max Seat #5 is the button
Seat 2: igmade ($157.71 in chips)
Seat 5: chip_diddler ($21.12 in chips)
chip_diddler: posts small blind $1
igmade: posts big blind $3
*** HOLE CARDS ***
chip_diddler: raises $3 to $6
igmade: calls $3
*** FLOP *** [9s Ah 7h]
igmade: checks
chip_diddler: bets $3
igmade: calls $3
*** TURN *** [9s Ah 7h] [5h]
igmade: checks
chip_diddler: bets $6
igmade: raises $6 to $12
chip_diddler: raises $0.12 to $12.12 and is all-in
igmade: calls $0.12
*** RIVER *** [9s Ah 7h 5h] [9d]
*** SHOW DOWN ***
igmade: shows [7s 9h] (a full house, Nines full of Sevens)
chip_diddler: shows [8s 9c] (three of a kind, Nines)
igmade collected $41.74 from pot
*** SUMMARY ***
Total pot $42.24 | Rake $0.50
Board [9s Ah 7h 5h 9d]
Seat 2: igmade (big blind) showed [7s 9h] and won ($41.74) with a full house, Nines full of Sevens
Seat 5: chip_diddler (button) (small blind) showed [8s 9c] and lost with three of a kind, Nines


