PokerStars Hand #171947470091:  Hold'em Limit ($3/$6 USD) - 2017/06/18 16:28:26 ET
Table 'Meta' 6-max Seat #1 is the button
Seat 1: scorpio04 ($150 in chips)
Seat 5: LotsaBalls12 ($50.25 in chips)
scorpio04: posts small blind $1
LotsaBalls12: posts big blind $3
*** HOLE CARDS ***
Apanage joins the table at seat #6
scorpio04: raises $3 to $6
LotsaBalls12: calls $3
*** FLOP *** [Ks 3h Jd]
LotsaBalls12: checks
scorpio04: bets $3
LotsaBalls12: folds
Uncalled bet ($3) returned to scorpio04
scorpio04 collected $11.76 from pot
scorpio04: doesn't show hand
*** SUMMARY ***
Total pot $12 | Rake $0.24
Board [Ks 3h Jd]
Seat 1: scorpio04 (button) (small blind) collected ($11.76)
Seat 5: LotsaBalls12 (big blind) folded on the Flop


PokerStars Hand #171948338519:  Hold'em Limit ($3/$6 USD) - 2017/06/18 16:44:59 ET
Table 'Meta' 6-max Seat #2 is the button
Seat 1: scorpio04 ($154.55 in chips)
Seat 2: nedo1414 ($206.99 in chips)
nedo1414: posts small blind $1
Apanage: is sitting out
scorpio04: posts big blind $3
*** HOLE CARDS ***
nedo1414: raises $3 to $6
scorpio04: raises $3 to $9
nedo1414: calls $3
*** FLOP *** [9d Th 2c]
scorpio04: bets $3
nedo1414: calls $3
*** TURN *** [9d Th 2c] [9s]
scorpio04: bets $6
nedo1414: raises $6 to $12
scorpio04: folds
Uncalled bet ($6) returned to nedo1414
nedo1414 collected $35.50 from pot
nedo1414: doesn't show hand
*** SUMMARY ***
Total pot $36 | Rake $0.50
Board [9d Th 2c 9s]
Seat 1: scorpio04 (big blind) folded on the Turn
Seat 2: nedo1414 (button) (small blind) collected ($35.50)


PokerStars Hand #171948361747:  Hold'em Limit ($3/$6 USD) - 2017/06/18 16:45:26 ET
Table 'Meta' 6-max Seat #1 is the button
Seat 1: scorpio04 ($150 in chips)
Seat 2: nedo1414 ($224.49 in chips)
scorpio04: posts small blind $1
nedo1414: posts big blind $3
*** HOLE CARDS ***
Apanage leaves the table
scorpio04: raises $3 to $6
nedo1414: raises $3 to $9
scorpio04: calls $3
*** FLOP *** [Th Kh 3d]
nedo1414: bets $3
scorpio04: calls $3
*** TURN *** [Th Kh 3d] [Td]
nedo1414: bets $6
scorpio04: raises $6 to $12
nedo1414: raises $6 to $18
scorpio04: calls $6
*** RIVER *** [Th Kh 3d Td] [4c]
nedo1414: bets $6
scorpio04: calls $6
*** SHOW DOWN ***
nedo1414: shows [Kc Tc] (a full house, Tens full of Kings)
scorpio04: mucks hand
nedo1414 collected $71.50 from pot
*** SUMMARY ***
Total pot $72 | Rake $0.50
Board [Th Kh 3d Td 4c]
Seat 1: scorpio04 (button) (small blind) mucked
Seat 2: nedo1414 (big blind) showed [Kc Tc] and won ($71.50) with a full house, Tens full of Kings


PokerStars Hand #171948381537:  Hold'em Limit ($3/$6 USD) - 2017/06/18 16:45:49 ET
Table 'Meta' 6-max Seat #2 is the button
Seat 1: scorpio04 ($150 in chips)
Seat 2: nedo1414 ($259.99 in chips)
nedo1414: posts small blind $1
scorpio04: posts big blind $3
*** HOLE CARDS ***
nedo1414: raises $3 to $6
scorpio04: calls $3
*** FLOP *** [5d 6d 3h]
scorpio04: checks
nedo1414: bets $3
scorpio04: raises $3 to $6
nedo1414: calls $3
*** TURN *** [5d 6d 3h] [Jh]
scorpio04: bets $6
nedo1414: calls $6
*** RIVER *** [5d 6d 3h Jh] [4c]
scorpio04: bets $6
nedo1414: calls $6
*** SHOW DOWN ***
scorpio04: shows [2h Qh] (a straight, Deuce to Six)
nedo1414: mucks hand
scorpio04 collected $47.50 from pot
*** SUMMARY ***
Total pot $48 | Rake $0.50
Board [5d 6d 3h Jh 4c]
Seat 1: scorpio04 (big blind) showed [2h Qh] and won ($47.50) with a straight, Deuce to Six
Seat 2: nedo1414 (button) (small blind) mucked


PokerStars Hand #171948394794:  Hold'em Limit ($3/$6 USD) - 2017/06/18 16:46:04 ET
Table 'Meta' 6-max Seat #1 is the button
Seat 1: scorpio04 ($173.50 in chips)
Seat 2: nedo1414 ($235.99 in chips)
scorpio04: posts small blind $1
nedo1414: posts big blind $3
*** HOLE CARDS ***
scorpio04: raises $3 to $6
nedo1414: calls $3
*** FLOP *** [3h Qh 4c]
nedo1414: checks
scorpio04: checks
*** TURN *** [3h Qh 4c] [Kc]
nedo1414: bets $6
scorpio04: folds
Uncalled bet ($6) returned to nedo1414
nedo1414 collected $11.76 from pot
nedo1414: doesn't show hand
*** SUMMARY ***
Total pot $12 | Rake $0.24
Board [3h Qh 4c Kc]
Seat 1: scorpio04 (button) (small blind) folded on the Turn
Seat 2: nedo1414 (big blind) collected ($11.76)


PokerStars Hand #171948408627:  Hold'em Limit ($3/$6 USD) - 2017/06/18 16:46:20 ET
Table 'Meta' 6-max Seat #1 is the button
Seat 1: scorpio04 ($164.50 in chips)
Seat 2: nedo1414 ($244.75 in chips)
scorpio04: posts small blind $1
nedo1414: posts big blind $3
*** HOLE CARDS ***
scorpio04: folds
Uncalled bet ($2) returned to nedo1414
nedo1414 collected $2 from pot
nedo1414: doesn't show hand
*** SUMMARY ***
Total pot $2 | Rake $0
Seat 1: scorpio04 (button) (small blind) folded before Flop
Seat 2: nedo1414 (big blind) collected ($2)


PokerStars Hand #171948403747:  Hold'em Limit ($3/$6 USD) - 2017/06/18 16:46:14 ET
Table 'Meta' 6-max Seat #2 is the button
Seat 1: scorpio04 ($167.50 in chips)
Seat 2: nedo1414 ($241.75 in chips)
nedo1414: posts small blind $1
scorpio04: posts big blind $3
*** HOLE CARDS ***
nedo1414: raises $3 to $6
scorpio04: folds
Uncalled bet ($3) returned to nedo1414
nedo1414 collected $6 from pot
nedo1414: doesn't show hand
*** SUMMARY ***
Total pot $6 | Rake $0
Seat 1: scorpio04 (big blind) folded before Flop
Seat 2: nedo1414 (button) (small blind) collected ($6)


PokerStars Hand #171948414055:  Hold'em Limit ($3/$6 USD) - 2017/06/18 16:46:26 ET
Table 'Meta' 6-max Seat #2 is the button
Seat 1: scorpio04 ($163.50 in chips)
Seat 2: nedo1414 ($245.75 in chips)
nedo1414: posts small blind $1
scorpio04: posts big blind $3
*** HOLE CARDS ***
nedo1414: raises $3 to $6
scorpio04: folds
Uncalled bet ($3) returned to nedo1414
nedo1414 collected $6 from pot
nedo1414: doesn't show hand
*** SUMMARY ***
Total pot $6 | Rake $0
Seat 1: scorpio04 (big blind) folded before Flop
Seat 2: nedo1414 (button) (small blind) collected ($6)


PokerStars Hand #171948421827:  Hold'em Limit ($3/$6 USD) - 2017/06/18 16:46:35 ET
Table 'Meta' 6-max Seat #1 is the button
Seat 1: scorpio04 ($160.50 in chips)
Seat 2: nedo1414 ($248.75 in chips)
scorpio04: posts small blind $1
nedo1414: posts big blind $3
*** HOLE CARDS ***
scorpio04: raises $3 to $6
nedo1414: calls $3
*** FLOP *** [As 2c Th]
nedo1414: checks
scorpio04: checks
*** TURN *** [As 2c Th] [7h]
nedo1414: bets $6
scorpio04: raises $6 to $12
nedo1414: calls $6
*** RIVER *** [As 2c Th 7h] [Ad]
nedo1414: checks
scorpio04: bets $6
nedo1414: calls $6
*** SHOW DOWN ***
scorpio04: shows [2s Ac] (a full house, Aces full of Deuces)
nedo1414: mucks hand
scorpio04 collected $47.50 from pot
*** SUMMARY ***
Total pot $48 | Rake $0.50
Board [As 2c Th 7h Ad]
Seat 1: scorpio04 (button) (small blind) showed [2s Ac] and won ($47.50) with a full house, Aces full of Deuces
Seat 2: nedo1414 (big blind) mucked


PokerStars Hand #171948489514:  Hold'em Limit ($3/$6 USD) - 2017/06/18 16:47:53 ET
Table 'Meta' 6-max Seat #1 is the button
Seat 1: scorpio04 ($192.64 in chips)
Seat 2: nedo1414 ($215.75 in chips)
scorpio04: posts small blind $1
nedo1414: posts big blind $3
*** HOLE CARDS ***
scorpio04: folds
Uncalled bet ($2) returned to nedo1414
nedo1414 collected $2 from pot
nedo1414: doesn't show hand
*** SUMMARY ***
Total pot $2 | Rake $0
Seat 1: scorpio04 (button) (small blind) folded before Flop
Seat 2: nedo1414 (big blind) collected ($2)


PokerStars Hand #171948485305:  Hold'em Limit ($3/$6 USD) - 2017/06/18 16:47:48 ET
Table 'Meta' 6-max Seat #2 is the button
Seat 1: scorpio04 ($191.64 in chips)
Seat 2: nedo1414 ($216.75 in chips)
nedo1414: posts small blind $1
scorpio04: posts big blind $3
*** HOLE CARDS ***
nedo1414: folds
Uncalled bet ($2) returned to scorpio04
scorpio04 collected $2 from pot
scorpio04: doesn't show hand
*** SUMMARY ***
Total pot $2 | Rake $0
Seat 1: scorpio04 (big blind) collected ($2)
Seat 2: nedo1414 (button) (small blind) folded before Flop


PokerStars Hand #171948476707:  Hold'em Limit ($3/$6 USD) - 2017/06/18 16:47:38 ET
Table 'Meta' 6-max Seat #1 is the button
Seat 1: scorpio04 ($192.64 in chips)
Seat 2: nedo1414 ($215.75 in chips)
scorpio04: posts small blind $1
nedo1414: posts big blind $3
*** HOLE CARDS ***
scorpio04: folds
Uncalled bet ($2) returned to nedo1414
nedo1414 collected $2 from pot
nedo1414: doesn't show hand
*** SUMMARY ***
Total pot $2 | Rake $0
Seat 1: scorpio04 (button) (small blind) folded before Flop
Seat 2: nedo1414 (big blind) collected ($2)


PokerStars Hand #171948493598:  Hold'em Limit ($3/$6 USD) - 2017/06/18 16:47:58 ET
Table 'Meta' 6-max Seat #2 is the button
Seat 1: scorpio04 ($191.64 in chips)
Seat 2: nedo1414 ($216.75 in chips)
nedo1414: posts small blind $1
scorpio04: posts big blind $3
*** HOLE CARDS ***
nedo1414: raises $3 to $6
scorpio04: raises $3 to $9
nedo1414: calls $3
*** FLOP *** [8s Ad 4h]
scorpio04: bets $3
nedo1414: calls $3
*** TURN *** [8s Ad 4h] [9h]
scorpio04: bets $6
nedo1414: calls $6
*** RIVER *** [8s Ad 4h 9h] [Kd]
scorpio04: bets $6
nedo1414: calls $6
*** SHOW DOWN ***
scorpio04: shows [Th Jh] (high card Ace)
nedo1414: shows [9d Qh] (a pair of Nines)
nedo1414 collected $47.50 from pot
*** SUMMARY ***
Total pot $48 | Rake $0.50
Board [8s Ad 4h 9h Kd]
Seat 1: scorpio04 (big blind) showed [Th Jh] and lost with high card Ace
Seat 2: nedo1414 (button) (small blind) showed [9d Qh] and won ($47.50) with a pair of Nines


PokerStars Hand #171948509055:  Hold'em Limit ($3/$6 USD) - 2017/06/18 16:48:15 ET
Table 'Meta' 6-max Seat #1 is the button
Seat 1: scorpio04 ($167.64 in chips)
Seat 2: nedo1414 ($240.25 in chips)
scorpio04: posts small blind $1
nedo1414: posts big blind $3
*** HOLE CARDS ***
scorpio04: raises $3 to $6
nedo1414: calls $3
*** FLOP *** [3s 6h 8h]
nedo1414: checks
scorpio04: bets $3
nedo1414: raises $3 to $6
scorpio04: calls $3
*** TURN *** [3s 6h 8h] [Kc]
nedo1414: bets $6
scorpio04: folds
Uncalled bet ($6) returned to nedo1414
nedo1414 collected $23.52 from pot
nedo1414: doesn't show hand
*** SUMMARY ***
Total pot $24 | Rake $0.48
Board [3s 6h 8h Kc]
Seat 1: scorpio04 (button) (small blind) folded on the Turn
Seat 2: nedo1414 (big blind) collected ($23.52)


PokerStars Hand #171948435232:  Hold'em Limit ($3/$6 USD) - 2017/06/18 16:46:50 ET
Table 'Meta' 6-max Seat #2 is the button
Seat 1: scorpio04 ($184 in chips)
Seat 2: nedo1414 ($224.75 in chips)
nedo1414: posts small blind $1
scorpio04: posts big blind $3
*** HOLE CARDS ***
nedo1414: raises $3 to $6
scorpio04: calls $3
*** FLOP *** [5c 2s Kd]
scorpio04: checks
nedo1414: bets $3
scorpio04: calls $3
*** TURN *** [5c 2s Kd] [9d]
scorpio04: checks
nedo1414: checks
*** RIVER *** [5c 2s Kd 9d] [Js]
scorpio04: checks
nedo1414: checks
*** SHOW DOWN ***
scorpio04: shows [7s Ac] (high card Ace)
nedo1414: mucks hand
scorpio04 collected $17.64 from pot
*** SUMMARY ***
Total pot $18 | Rake $0.36
Board [5c 2s Kd 9d Js]
Seat 1: scorpio04 (big blind) showed [7s Ac] and won ($17.64) with high card Ace
Seat 2: nedo1414 (button) (small blind) mucked


PokerStars Hand #171948519777:  Hold'em Limit ($3/$6 USD) - 2017/06/18 16:48:28 ET
Table 'Meta' 6-max Seat #2 is the button
Seat 1: scorpio04 ($155.64 in chips)
Seat 2: nedo1414 ($251.77 in chips)
nedo1414: posts small blind $1
scorpio04: posts big blind $3
*** HOLE CARDS ***
nedo1414: raises $3 to $6
scorpio04: calls $3
*** FLOP *** [8c Ts Kh]
scorpio04: checks
nedo1414: bets $3
scorpio04: calls $3
*** TURN *** [8c Ts Kh] [Th]
scorpio04: bets $6
nedo1414: folds
Uncalled bet ($6) returned to scorpio04
scorpio04 collected $17.64 from pot
scorpio04: doesn't show hand
*** SUMMARY ***
Total pot $18 | Rake $0.36
Board [8c Ts Kh Th]
Seat 1: scorpio04 (big blind) collected ($17.64)
Seat 2: nedo1414 (button) (small blind) folded on the Turn


PokerStars Hand #171948542777:  Hold'em Limit ($3/$6 USD) - 2017/06/18 16:48:55 ET
Table 'Meta' 6-max Seat #1 is the button
Seat 1: scorpio04 ($164.28 in chips)
Seat 2: nedo1414 ($242.77 in chips)
scorpio04: posts small blind $1
nedo1414: posts big blind $3
*** HOLE CARDS ***
scorpio04: raises $3 to $6
nedo1414: calls $3
*** FLOP *** [9h 5c Ah]
nedo1414: checks
scorpio04: checks
*** TURN *** [9h 5c Ah] [6d]
nedo1414: bets $6
scorpio04: folds
Uncalled bet ($6) returned to nedo1414
nedo1414 collected $11.76 from pot
nedo1414: doesn't show hand
*** SUMMARY ***
Total pot $12 | Rake $0.24
Board [9h 5c Ah 6d]
Seat 1: scorpio04 (button) (small blind) folded on the Turn
Seat 2: nedo1414 (big blind) collected ($11.76)


PokerStars Hand #171948559352:  Hold'em Limit ($3/$6 USD) - 2017/06/18 16:49:14 ET
Table 'Meta' 6-max Seat #2 is the button
Seat 1: scorpio04 ($158.28 in chips)
Seat 2: nedo1414 ($248.53 in chips)
nedo1414: posts small blind $1
scorpio04: posts big blind $3
*** HOLE CARDS ***
nedo1414: raises $3 to $6
scorpio04: calls $3
*** FLOP *** [7c 2c 6s]
scorpio04: bets $3
nedo1414: calls $3
*** TURN *** [7c 2c 6s] [7d]
scorpio04: bets $6
nedo1414: calls $6
*** RIVER *** [7c 2c 6s 7d] [5c]
scorpio04: bets $6
nedo1414: calls $6
*** SHOW DOWN ***
scorpio04: shows [2d 5d] (two pair, Sevens and Fives)
nedo1414: mucks hand
scorpio04 collected $41.50 from pot
*** SUMMARY ***
Total pot $42 | Rake $0.50
Board [7c 2c 6s 7d 5c]
Seat 1: scorpio04 (big blind) showed [2d 5d] and won ($41.50) with two pair, Sevens and Fives
Seat 2: nedo1414 (button) (small blind) mucked


PokerStars Hand #171948576183:  Hold'em Limit ($3/$6 USD) - 2017/06/18 16:49:33 ET
Table 'Meta' 6-max Seat #1 is the button
Seat 1: scorpio04 ($178.78 in chips)
Seat 2: nedo1414 ($227.53 in chips)
scorpio04: posts small blind $1
nedo1414: posts big blind $3
*** HOLE CARDS ***
scorpio04: raises $3 to $6
nedo1414: calls $3
*** FLOP *** [6s 3c Kd]
nedo1414: checks
scorpio04: bets $3
nedo1414: calls $3
*** TURN *** [6s 3c Kd] [Jc]
nedo1414: checks
scorpio04: bets $6
nedo1414: calls $6
*** RIVER *** [6s 3c Kd Jc] [2s]
nedo1414: checks
scorpio04: bets $6
nedo1414: folds
Uncalled bet ($6) returned to scorpio04
scorpio04 collected $29.50 from pot
scorpio04: doesn't show hand
*** SUMMARY ***
Total pot $30 | Rake $0.50
Board [6s 3c Kd Jc 2s]
Seat 1: scorpio04 (button) (small blind) collected ($29.50)
Seat 2: nedo1414 (big blind) folded on the River


PokerStars Hand #171948590619:  Hold'em Limit ($3/$6 USD) - 2017/06/18 16:49:50 ET
Table 'Meta' 6-max Seat #2 is the button
Seat 1: scorpio04 ($193.28 in chips)
Seat 2: nedo1414 ($212.53 in chips)
nedo1414: posts small blind $1
scorpio04: posts big blind $3
*** HOLE CARDS ***
nedo1414: raises $3 to $6
scorpio04: raises $3 to $9
nedo1414: calls $3
*** FLOP *** [4h 2h Jh]
prallimall joins the table at seat #6
scorpio04: bets $3
nedo1414: calls $3
*** TURN *** [4h 2h Jh] [3h]
scorpio04: bets $6
nedo1414: calls $6
*** RIVER *** [4h 2h Jh 3h] [Qd]
scorpio04: bets $6
nedo1414: raises $6 to $12
scorpio04: calls $6
*** SHOW DOWN ***
nedo1414: shows [3c Ah] (a flush, Ace high)
scorpio04: mucks hand
nedo1414 collected $59.50 from pot
*** SUMMARY ***
Total pot $60 | Rake $0.50
Board [4h 2h Jh 3h Qd]
Seat 1: scorpio04 (big blind) mucked
Seat 2: nedo1414 (button) (small blind) showed [3c Ah] and won ($59.50) with a flush, Ace high


PokerStars Hand #171948768278:  Hold'em Limit ($3/$6 USD) - 2017/06/18 16:53:19 ET
Table 'Meta' 6-max Seat #3 is the button
Seat 1: scorpio04 ($163.80 in chips)
Seat 3: NewRocker ($109.01 in chips)
NewRocker: posts small blind $1
Velbor107: is sitting out
scorpio04: posts big blind $3
*** HOLE CARDS ***
nedo1414 leaves the table
Velbor107 leaves the table
NewRocker: raises $3 to $6
scorpio04: calls $3
*** FLOP *** [8c 3s 9c]
scorpio04: checks
vlaprok joins the table at seat #4
NewRocker: bets $3
scorpio04: calls $3
*** TURN *** [8c 3s 9c] [Ts]
scorpio04: checks
NewRocker: bets $6
scorpio04: folds
Uncalled bet ($6) returned to NewRocker
NewRocker collected $17.64 from pot
NewRocker: doesn't show hand
*** SUMMARY ***
Total pot $18 | Rake $0.36
Board [8c 3s 9c Ts]
Seat 1: scorpio04 (big blind) folded on the Turn
Seat 3: NewRocker (button) (small blind) collected ($17.64)


PokerStars Hand #171948810723:  Hold'em Limit ($3/$6 USD) - 2017/06/18 16:54:10 ET
Table 'Meta' 6-max Seat #1 is the button
Seat 1: scorpio04 ($154.80 in chips)
Seat 3: NewRocker ($117.65 in chips)
scorpio04: posts small blind $1
NewRocker: posts big blind $3
*** HOLE CARDS ***
scorpio04: raises $3 to $6
NewRocker: raises $3 to $9
scorpio04: calls $3
*** FLOP *** [Kh 6d Kc]
NewRocker: bets $3
scorpio04: calls $3
*** TURN *** [Kh 6d Kc] [Jc]
NewRocker: bets $6
scorpio04: calls $6
*** RIVER *** [Kh 6d Kc Jc] [Qh]
NewRocker: checks
scorpio04: bets $6
NewRocker: calls $6
*** SHOW DOWN ***
scorpio04: shows [Ac Jh] (two pair, Kings and Jacks)
NewRocker: shows [Js Ah] (two pair, Kings and Jacks)
NewRocker collected $23.75 from pot
scorpio04 collected $23.75 from pot
*** SUMMARY ***
Total pot $48 | Rake $0.50
Board [Kh 6d Kc Jc Qh]
Seat 1: scorpio04 (button) (small blind) showed [Ac Jh] and won ($23.75) with two pair, Kings and Jacks
Seat 3: NewRocker (big blind) showed [Js Ah] and won ($23.75) with two pair, Kings and Jacks


PokerStars Hand #171949869578:  Hold'em Limit ($3/$6 USD) - 2017/06/18 17:16:33 ET
Table 'Meta' 6-max Seat #2 is the button
Seat 1: scorpio04 ($150 in chips)
Seat 2: pianopoker ($185.44 in chips)
pianopoker: posts small blind $1
Velbor107: is sitting out
scorpio04: posts big blind $3
*** HOLE CARDS ***
Velbor107 leaves the table
pianopoker: raises $3 to $6
scorpio04: calls $3
*** FLOP *** [9h 7d 7h]
scorpio04: checks
pianopoker: bets $3
scorpio04: calls $3
*** TURN *** [9h 7d 7h] [Jh]
scorpio04: checks
pianopoker: bets $6
gertjan75 joins the table at seat #3
scorpio04: raises $6 to $12
pianopoker: calls $6
*** RIVER *** [9h 7d 7h Jh] [6c]
scorpio04: bets $6
pianopoker: calls $6
*** SHOW DOWN ***
scorpio04: shows [Qd Js] (two pair, Jacks and Sevens)
pianopoker: mucks hand
scorpio04 collected $53.50 from pot
*** SUMMARY ***
Total pot $54 | Rake $0.50
Board [9h 7d 7h Jh 6c]
Seat 1: scorpio04 (big blind) showed [Qd Js] and won ($53.50) with two pair, Jacks and Sevens
Seat 2: pianopoker (button) (small blind) mucked


PokerStars Hand #171949904928:  Hold'em Limit ($3/$6 USD) - 2017/06/18 17:17:15 ET
Table 'Meta' 6-max Seat #1 is the button
Seat 1: scorpio04 ($176.50 in chips)
Seat 3: gertjan75 ($120 in chips)
scorpio04: posts small blind $1
gertjan75: posts big blind $3
*** HOLE CARDS ***
scorpio04: raises $3 to $6
gertjan75: calls $3
*** FLOP *** [Kc 4h 9h]
gertjan75: checks
Jack_Wu1985 joins the table at seat #4
scorpio04: bets $3
gertjan75: calls $3
*** TURN *** [Kc 4h 9h] [5s]
gertjan75: checks
scorpio04: bets $6
pianopoker said, "LOOSE FN IDIOT"
gertjan75: calls $6
*** RIVER *** [Kc 4h 9h 5s] [Qh]
gertjan75: checks
scorpio04: bets $6
gertjan75: calls $6
*** SHOW DOWN ***
scorpio04: shows [Kd 5c] (two pair, Kings and Fives)
gertjan75: mucks hand
scorpio04 collected $41.50 from pot
*** SUMMARY ***
Total pot $42 | Rake $0.50
Board [Kc 4h 9h 5s Qh]
Seat 1: scorpio04 (button) (small blind) showed [Kd 5c] and won ($41.50) with two pair, Kings and Fives
Seat 3: gertjan75 (big blind) mucked


PokerStars Hand #171950949123:  Hold'em Limit ($3/$6 USD) - 2017/06/18 17:38:22 ET
Table 'Meta' 6-max Seat #4 is the button
Seat 1: scorpio04 ($221.82 in chips)
Seat 4: NewRocker ($117 in chips)
NewRocker: posts small blind $1
belik555: is sitting out
Jack_Wu1985: is sitting out
scorpio04: posts big blind $3
*** HOLE CARDS ***
belik555 leaves the table
Jack_Wu1985 leaves the table
NewRocker: raises $3 to $6
scorpio04: calls $3
*** FLOP *** [2h 7c 4h]
scorpio04: checks
NewRocker: bets $3
scorpio04: folds
Uncalled bet ($3) returned to NewRocker
NewRocker collected $11.76 from pot
NewRocker: doesn't show hand
*** SUMMARY ***
Total pot $12 | Rake $0.24
Board [2h 7c 4h]
Seat 1: scorpio04 (big blind) folded on the Flop
Seat 4: NewRocker (button) (small blind) collected ($11.76)


PokerStars Hand #171950975478:  Hold'em Limit ($3/$6 USD) - 2017/06/18 17:38:55 ET
Table 'Meta' 6-max Seat #4 is the button
Seat 1: scorpio04 ($218.82 in chips)
Seat 4: NewRocker ($119.76 in chips)
NewRocker: posts small blind $1
scorpio04: posts big blind $3
*** HOLE CARDS ***
NewRocker: raises $3 to $6
scorpio04: raises $3 to $9
NewRocker: calls $3
*** FLOP *** [Td 7d 4h]
scorpio04: bets $3
NewRocker: calls $3
*** TURN *** [Td 7d 4h] [6d]
scorpio04: bets $6
NewRocker: calls $6
*** RIVER *** [Td 7d 4h 6d] [Kc]
scorpio04: bets $6
NewRocker: calls $6
*** SHOW DOWN ***
scorpio04: shows [Js 7s] (a pair of Sevens)
NewRocker: mucks hand
scorpio04 collected $47.50 from pot
*** SUMMARY ***
Total pot $48 | Rake $0.50
Board [Td 7d 4h 6d Kc]
Seat 1: scorpio04 (big blind) showed [Js 7s] and won ($47.50) with a pair of Sevens
Seat 4: NewRocker (button) (small blind) mucked


PokerStars Hand #171950965116:  Hold'em Limit ($3/$6 USD) - 2017/06/18 17:38:42 ET
Table 'Meta' 6-max Seat #1 is the button
Seat 1: scorpio04 ($215.82 in chips)
Seat 4: NewRocker ($122.76 in chips)
scorpio04: posts small blind $1
NewRocker: posts big blind $3
*** HOLE CARDS ***
scorpio04: raises $3 to $6
NewRocker: folds
Uncalled bet ($3) returned to scorpio04
scorpio04 collected $6 from pot
scorpio04: doesn't show hand
*** SUMMARY ***
Total pot $6 | Rake $0
Seat 1: scorpio04 (button) (small blind) collected ($6)
Seat 4: NewRocker (big blind) folded before Flop


