PokerStars Hand #160038343664:  Hold'em Limit ($3/$6 USD) - 2016/10/16 19:59:05 ET
Table 'Meta' 6-max Seat #1 is the button
Seat 1: Rmk1500 ($279.67 in chips)
Seat 6: RaisemyNut$ ($216.41 in chips)
Rmk1500: posts small blind $1
RaisemyNut$: posts big blind $3
*** HOLE CARDS ***
Rmk1500: raises $3 to $6
RaisemyNut$: calls $3
*** FLOP *** [8c Qd 3s]
RaisemyNut$: checks
Rmk1500: bets $3
RaisemyNut$: calls $3
*** TURN *** [8c Qd 3s] [4c]
RaisemyNut$: checks
Rmk1500: checks
*** RIVER *** [8c Qd 3s 4c] [9s]
RaisemyNut$: bets $6
Rmk1500: calls $6
*** SHOW DOWN ***
RaisemyNut$: shows [Qh 6s] (a pair of Queens)
Rmk1500: mucks hand
RaisemyNut$ collected $29.50 from pot
*** SUMMARY ***
Total pot $30 | Rake $0.50
Board [8c Qd 3s 4c 9s]
Seat 1: Rmk1500 (button) (small blind) mucked
Seat 6: RaisemyNut$ (big blind) showed [Qh 6s] and won ($29.50) with a pair of Queens


PokerStars Hand #160038329685:  Hold'em Limit ($3/$6 USD) - 2016/10/16 19:58:32 ET
Table 'Meta' 6-max Seat #1 is the button
Seat 1: Rmk1500 ($265.17 in chips)
Seat 6: RaisemyNut$ ($231.77 in chips)
Rmk1500: posts small blind $1
RaisemyNut$: posts big blind $3
*** HOLE CARDS ***
Rmk1500: raises $3 to $6
RaisemyNut$: raises $3 to $9
Rmk1500: calls $3
*** FLOP *** [Ks 8h 2s]
RaisemyNut$: bets $3
Rmk1500: calls $3
*** TURN *** [Ks 8h 2s] [Kc]
RaisemyNut$: bets $6
Rmk1500: calls $6
*** RIVER *** [Ks 8h 2s Kc] [5c]
RaisemyNut$: bets $6
Rmk1500: calls $6
*** SHOW DOWN ***
RaisemyNut$: shows [6d 6h] (two pair, Kings and Sixes)
Rmk1500: shows [8d 5s] (two pair, Kings and Eights)
Rmk1500 collected $47.50 from pot
*** SUMMARY ***
Total pot $48 | Rake $0.50
Board [Ks 8h 2s Kc 5c]
Seat 1: Rmk1500 (button) (small blind) showed [8d 5s] and won ($47.50) with two pair, Kings and Eights
Seat 6: RaisemyNut$ (big blind) showed [6d 6h] and lost with two pair, Kings and Sixes


PokerStars Hand #160038365164:  Hold'em Limit ($3/$6 USD) - 2016/10/16 19:59:55 ET
Table 'Meta' 6-max Seat #6 is the button
Seat 1: Rmk1500 ($243.67 in chips)
Seat 6: RaisemyNut$ ($251.07 in chips)
RaisemyNut$: posts small blind $1
Rmk1500: posts big blind $3
*** HOLE CARDS ***
RaisemyNut$: raises $3 to $6
Rmk1500: calls $3
*** FLOP *** [3d 9h 2s]
Rmk1500: checks
RaisemyNut$: bets $3
Rmk1500: raises $3 to $6
RaisemyNut$: folds
Uncalled bet ($3) returned to Rmk1500
Rmk1500 collected $17.64 from pot
*** SUMMARY ***
Total pot $18 | Rake $0.36
Board [3d 9h 2s]
Seat 1: Rmk1500 (big blind) collected ($17.64)
Seat 6: RaisemyNut$ (button) (small blind) folded on the Flop


PokerStars Hand #160038358883:  Hold'em Limit ($3/$6 USD) - 2016/10/16 19:59:40 ET
Table 'Meta' 6-max Seat #1 is the button
Seat 1: Rmk1500 ($255.67 in chips)
Seat 6: RaisemyNut$ ($239.55 in chips)
Rmk1500: posts small blind $1
RaisemyNut$: posts big blind $3
*** HOLE CARDS ***
Rmk1500: raises $3 to $6
RaisemyNut$: raises $3 to $9
Rmk1500: calls $3
*** FLOP *** [Js Tc 7d]
RaisemyNut$: bets $3
Rmk1500: calls $3
*** TURN *** [Js Tc 7d] [3h]
RaisemyNut$: bets $6
Rmk1500: folds
Uncalled bet ($6) returned to RaisemyNut$
RaisemyNut$ collected $23.52 from pot
RaisemyNut$: doesn't show hand
*** SUMMARY ***
Total pot $24 | Rake $0.48
Board [Js Tc 7d 3h]
Seat 1: Rmk1500 (button) (small blind) folded on the Turn
Seat 6: RaisemyNut$ (big blind) collected ($23.52)


PokerStars Hand #160038374242:  Hold'em Limit ($3/$6 USD) - 2016/10/16 20:00:15 ET
Table 'Meta' 6-max Seat #1 is the button
Seat 1: Rmk1500 ($252.31 in chips)
Seat 6: RaisemyNut$ ($242.07 in chips)
Rmk1500: posts small blind $1
RaisemyNut$: posts big blind $3
*** HOLE CARDS ***
Rmk1500: folds
Uncalled bet ($2) returned to RaisemyNut$
RaisemyNut$ collected $2 from pot
RaisemyNut$: doesn't show hand
*** SUMMARY ***
Total pot $2 | Rake $0
Seat 1: Rmk1500 (button) (small blind) folded before Flop
Seat 6: RaisemyNut$ (big blind) collected ($2)


PokerStars Hand #160038389910:  Hold'em Limit ($3/$6 USD) - 2016/10/16 20:00:49 ET
Table 'Meta' 6-max Seat #1 is the button
Seat 1: Rmk1500 ($224.31 in chips)
Seat 6: RaisemyNut$ ($269.57 in chips)
Rmk1500: posts small blind $1
RaisemyNut$: posts big blind $3
*** HOLE CARDS ***
Rmk1500: folds
Uncalled bet ($2) returned to RaisemyNut$
RaisemyNut$ collected $2 from pot
RaisemyNut$: doesn't show hand
*** SUMMARY ***
Total pot $2 | Rake $0
Seat 1: Rmk1500 (button) (small blind) folded before Flop
Seat 6: RaisemyNut$ (big blind) collected ($2)


PokerStars Hand #160038377592:  Hold'em Limit ($3/$6 USD) - 2016/10/16 20:00:22 ET
Table 'Meta' 6-max Seat #6 is the button
Seat 1: Rmk1500 ($251.31 in chips)
Seat 6: RaisemyNut$ ($243.07 in chips)
RaisemyNut$: posts small blind $1
Rmk1500: posts big blind $3
*** HOLE CARDS ***
RaisemyNut$: raises $3 to $6
Rmk1500: calls $3
*** FLOP *** [Ts 3d 9d]
Rmk1500: checks
RaisemyNut$: bets $3
Rmk1500: calls $3
*** TURN *** [Ts 3d 9d] [3s]
Rmk1500: checks
RaisemyNut$: bets $6
Rmk1500: calls $6
*** RIVER *** [Ts 3d 9d 3s] [7h]
Rmk1500: bets $6
RaisemyNut$: raises $6 to $12
Rmk1500: calls $6
*** SHOW DOWN ***
RaisemyNut$: shows [3h Qc] (three of a kind, Threes)
Rmk1500: mucks hand
RaisemyNut$ collected $53.50 from pot
*** SUMMARY ***
Total pot $54 | Rake $0.50
Board [Ts 3d 9d 3s 7h]
Seat 1: Rmk1500 (big blind) mucked
Seat 6: RaisemyNut$ (button) (small blind) showed [3h Qc] and won ($53.50) with three of a kind, Threes


PokerStars Hand #160038392275:  Hold'em Limit ($3/$6 USD) - 2016/10/16 20:00:54 ET
Table 'Meta' 6-max Seat #6 is the button
Seat 1: Rmk1500 ($223.31 in chips)
Seat 6: RaisemyNut$ ($270.57 in chips)
RaisemyNut$: posts small blind $1
Rmk1500: posts big blind $3
*** HOLE CARDS ***
RaisemyNut$: raises $3 to $6
Rmk1500: calls $3
*** FLOP *** [Ac Th Qc]
Rmk1500: checks
RaisemyNut$: bets $3
Rmk1500: raises $3 to $6
RaisemyNut$: folds
Uncalled bet ($3) returned to Rmk1500
Rmk1500 collected $17.64 from pot
*** SUMMARY ***
Total pot $18 | Rake $0.36
Board [Ac Th Qc]
Seat 1: Rmk1500 (big blind) collected ($17.64)
Seat 6: RaisemyNut$ (button) (small blind) folded on the Flop


PokerStars Hand #160038401040:  Hold'em Limit ($3/$6 USD) - 2016/10/16 20:01:12 ET
Table 'Meta' 6-max Seat #1 is the button
Seat 1: Rmk1500 ($231.95 in chips)
Seat 6: RaisemyNut$ ($261.57 in chips)
Rmk1500: posts small blind $1
RaisemyNut$: posts big blind $3
*** HOLE CARDS ***
Rmk1500: folds
Uncalled bet ($2) returned to RaisemyNut$
RaisemyNut$ collected $2 from pot
RaisemyNut$: doesn't show hand
*** SUMMARY ***
Total pot $2 | Rake $0
Seat 1: Rmk1500 (button) (small blind) folded before Flop
Seat 6: RaisemyNut$ (big blind) collected ($2)


PokerStars Hand #160038403501:  Hold'em Limit ($3/$6 USD) - 2016/10/16 20:01:17 ET
Table 'Meta' 6-max Seat #6 is the button
Seat 1: Rmk1500 ($230.95 in chips)
Seat 6: RaisemyNut$ ($262.57 in chips)
RaisemyNut$: posts small blind $1
Rmk1500: posts big blind $3
*** HOLE CARDS ***
RaisemyNut$: raises $3 to $6
Rmk1500: calls $3
*** FLOP *** [Jh Qs 8h]
Rmk1500: checks
RaisemyNut$: bets $3
Rmk1500: folds
Uncalled bet ($3) returned to RaisemyNut$
RaisemyNut$ collected $11.76 from pot
RaisemyNut$: doesn't show hand
*** SUMMARY ***
Total pot $12 | Rake $0.24
Board [Jh Qs 8h]
Seat 1: Rmk1500 (big blind) folded on the Flop
Seat 6: RaisemyNut$ (button) (small blind) collected ($11.76)


PokerStars Hand #160038410691:  Hold'em Limit ($3/$6 USD) - 2016/10/16 20:01:31 ET
Table 'Meta' 6-max Seat #1 is the button
Seat 1: Rmk1500 ($224.95 in chips)
Seat 6: RaisemyNut$ ($268.33 in chips)
Rmk1500: posts small blind $1
RaisemyNut$: posts big blind $3
*** HOLE CARDS ***
Rmk1500: folds
Uncalled bet ($2) returned to RaisemyNut$
RaisemyNut$ collected $2 from pot
RaisemyNut$: doesn't show hand
*** SUMMARY ***
Total pot $2 | Rake $0
Seat 1: Rmk1500 (button) (small blind) folded before Flop
Seat 6: RaisemyNut$ (big blind) collected ($2)


PokerStars Hand #160038423497:  Hold'em Limit ($3/$6 USD) - 2016/10/16 20:01:56 ET
Table 'Meta' 6-max Seat #1 is the button
Seat 1: Rmk1500 ($217.95 in chips)
Seat 6: RaisemyNut$ ($275.09 in chips)
Rmk1500: posts small blind $1
RaisemyNut$: posts big blind $3
*** HOLE CARDS ***
Rmk1500: folds
Uncalled bet ($2) returned to RaisemyNut$
RaisemyNut$ collected $2 from pot
RaisemyNut$: doesn't show hand
*** SUMMARY ***
Total pot $2 | Rake $0
Seat 1: Rmk1500 (button) (small blind) folded before Flop
Seat 6: RaisemyNut$ (big blind) collected ($2)


PokerStars Hand #160038413434:  Hold'em Limit ($3/$6 USD) - 2016/10/16 20:01:37 ET
Table 'Meta' 6-max Seat #6 is the button
Seat 1: Rmk1500 ($223.95 in chips)
Seat 6: RaisemyNut$ ($269.33 in chips)
RaisemyNut$: posts small blind $1
Rmk1500: posts big blind $3
*** HOLE CARDS ***
RaisemyNut$: raises $3 to $6
Rmk1500: calls $3
*** FLOP *** [Ad Ah 7s]
Rmk1500: checks
RaisemyNut$: bets $3
Rmk1500: folds
Uncalled bet ($3) returned to RaisemyNut$
RaisemyNut$ collected $11.76 from pot
RaisemyNut$: doesn't show hand
*** SUMMARY ***
Total pot $12 | Rake $0.24
Board [Ad Ah 7s]
Seat 1: Rmk1500 (big blind) folded on the Flop
Seat 6: RaisemyNut$ (button) (small blind) collected ($11.76)


PokerStars Hand #160038426762:  Hold'em Limit ($3/$6 USD) - 2016/10/16 20:02:03 ET
Table 'Meta' 6-max Seat #6 is the button
Seat 1: Rmk1500 ($216.95 in chips)
Seat 6: RaisemyNut$ ($276.09 in chips)
RaisemyNut$: posts small blind $1
Rmk1500: posts big blind $3
*** HOLE CARDS ***
RaisemyNut$: raises $3 to $6
Rmk1500: calls $3
*** FLOP *** [8s Ts Ad]
Rmk1500: checks
RaisemyNut$: bets $3
Rmk1500: calls $3
*** TURN *** [8s Ts Ad] [9s]
Rmk1500: checks
RaisemyNut$: checks
*** RIVER *** [8s Ts Ad 9s] [Js]
Rmk1500: checks
RaisemyNut$: bets $6
Rmk1500: folds
Uncalled bet ($6) returned to RaisemyNut$
RaisemyNut$ collected $17.64 from pot
RaisemyNut$: doesn't show hand
*** SUMMARY ***
Total pot $18 | Rake $0.36
Board [8s Ts Ad 9s Js]
Seat 1: Rmk1500 (big blind) folded on the River
Seat 6: RaisemyNut$ (button) (small blind) collected ($17.64)


PokerStars Hand #160038448630:  Hold'em Limit ($3/$6 USD) - 2016/10/16 20:02:46 ET
Table 'Meta' 6-max Seat #6 is the button
Seat 1: Rmk1500 ($210.95 in chips)
Seat 6: RaisemyNut$ ($281.73 in chips)
RaisemyNut$: posts small blind $1
Rmk1500: posts big blind $3
*** HOLE CARDS ***
RaisemyNut$: raises $3 to $6
Rmk1500: raises $3 to $9
RaisemyNut$: calls $3
*** FLOP *** [3c 4d Tc]
Rmk1500: bets $3
RaisemyNut$: calls $3
*** TURN *** [3c 4d Tc] [6s]
Rmk1500: bets $6
RaisemyNut$: folds
Uncalled bet ($6) returned to Rmk1500
Rmk1500 collected $23.52 from pot
*** SUMMARY ***
Total pot $24 | Rake $0.48
Board [3c 4d Tc 6s]
Seat 1: Rmk1500 (big blind) collected ($23.52)
Seat 6: RaisemyNut$ (button) (small blind) folded on the Turn


PokerStars Hand #160038459299:  Hold'em Limit ($3/$6 USD) - 2016/10/16 20:03:07 ET
Table 'Meta' 6-max Seat #6 is the button
Seat 1: Rmk1500 ($225.47 in chips)
Seat 6: RaisemyNut$ ($266.73 in chips)
RaisemyNut$: posts small blind $1
Rmk1500: posts big blind $3
*** HOLE CARDS ***
RaisemyNut$: raises $3 to $6
Rmk1500: calls $3
*** FLOP *** [5d Js Qd]
Rmk1500: checks
RaisemyNut$: bets $3
Rmk1500: raises $3 to $6
RaisemyNut$: calls $3
*** TURN *** [5d Js Qd] [7s]
Rmk1500: bets $6
RaisemyNut$: folds
Uncalled bet ($6) returned to Rmk1500
Rmk1500 collected $23.52 from pot
*** SUMMARY ***
Total pot $24 | Rake $0.48
Board [5d Js Qd 7s]
Seat 1: Rmk1500 (big blind) collected ($23.52)
Seat 6: RaisemyNut$ (button) (small blind) folded on the Turn


PokerStars Hand #160038440262:  Hold'em Limit ($3/$6 USD) - 2016/10/16 20:02:29 ET
Table 'Meta' 6-max Seat #1 is the button
Seat 1: Rmk1500 ($207.95 in chips)
Seat 6: RaisemyNut$ ($284.73 in chips)
Rmk1500: posts small blind $1
RaisemyNut$: posts big blind $3
*** HOLE CARDS ***
Rmk1500: raises $3 to $6
RaisemyNut$: folds
Uncalled bet ($3) returned to Rmk1500
Rmk1500 collected $6 from pot
*** SUMMARY ***
Total pot $6 | Rake $0
Seat 1: Rmk1500 (button) (small blind) collected ($6)
Seat 6: RaisemyNut$ (big blind) folded before Flop


PokerStars Hand #160038456086:  Hold'em Limit ($3/$6 USD) - 2016/10/16 20:03:01 ET
Table 'Meta' 6-max Seat #1 is the button
Seat 1: Rmk1500 ($222.47 in chips)
Seat 6: RaisemyNut$ ($269.73 in chips)
Rmk1500: posts small blind $1
RaisemyNut$: posts big blind $3
*** HOLE CARDS ***
Rmk1500: raises $3 to $6
RaisemyNut$: folds
Uncalled bet ($3) returned to Rmk1500
Rmk1500 collected $6 from pot
*** SUMMARY ***
Total pot $6 | Rake $0
Seat 1: Rmk1500 (button) (small blind) collected ($6)
Seat 6: RaisemyNut$ (big blind) folded before Flop


PokerStars Hand #160038476615:  Hold'em Limit ($3/$6 USD) - 2016/10/16 20:03:42 ET
Table 'Meta' 6-max Seat #6 is the button
Seat 1: Rmk1500 ($254.49 in chips)
Seat 6: RaisemyNut$ ($236.73 in chips)
RaisemyNut$: posts small blind $1
Rmk1500: posts big blind $3
*** HOLE CARDS ***
RaisemyNut$: raises $3 to $6
Rmk1500: calls $3
*** FLOP *** [4h Jd 6s]
Rmk1500: checks
RaisemyNut$: bets $3
Rmk1500: calls $3
*** TURN *** [4h Jd 6s] [Qd]
Rmk1500: checks
RaisemyNut$: bets $6
Rmk1500: calls $6
*** RIVER *** [4h Jd 6s Qd] [6c]
Rmk1500: checks
RaisemyNut$: bets $6
Rmk1500: calls $6
*** SHOW DOWN ***
RaisemyNut$: shows [Qs 3c] (two pair, Queens and Sixes)
Rmk1500: mucks hand
RaisemyNut$ collected $41.50 from pot
*** SUMMARY ***
Total pot $42 | Rake $0.50
Board [4h Jd 6s Qd 6c]
Seat 1: Rmk1500 (big blind) mucked
Seat 6: RaisemyNut$ (button) (small blind) showed [Qs 3c] and won ($41.50) with two pair, Queens and Sixes


PokerStars Hand #160038486011:  Hold'em Limit ($3/$6 USD) - 2016/10/16 20:04:00 ET
Table 'Meta' 6-max Seat #1 is the button
Seat 1: Rmk1500 ($233.49 in chips)
Seat 6: RaisemyNut$ ($257.23 in chips)
Rmk1500: posts small blind $1
RaisemyNut$: posts big blind $3
*** HOLE CARDS ***
Rmk1500: raises $3 to $6
RaisemyNut$: folds
Uncalled bet ($3) returned to Rmk1500
Rmk1500 collected $6 from pot
*** SUMMARY ***
Total pot $6 | Rake $0
Seat 1: Rmk1500 (button) (small blind) collected ($6)
Seat 6: RaisemyNut$ (big blind) folded before Flop


PokerStars Hand #160038506365:  Hold'em Limit ($3/$6 USD) - 2016/10/16 20:04:40 ET
Table 'Meta' 6-max Seat #1 is the button
Seat 1: Rmk1500 ($248.01 in chips)
Seat 6: RaisemyNut$ ($242.23 in chips)
Rmk1500: posts small blind $1
RaisemyNut$: posts big blind $3
*** HOLE CARDS ***
Rmk1500: folds
Uncalled bet ($2) returned to RaisemyNut$
RaisemyNut$ collected $2 from pot
RaisemyNut$: doesn't show hand
*** SUMMARY ***
Total pot $2 | Rake $0
Seat 1: Rmk1500 (button) (small blind) folded before Flop
Seat 6: RaisemyNut$ (big blind) collected ($2)


PokerStars Hand #160038491276:  Hold'em Limit ($3/$6 USD) - 2016/10/16 20:04:10 ET
Table 'Meta' 6-max Seat #6 is the button
Seat 1: Rmk1500 ($236.49 in chips)
Seat 6: RaisemyNut$ ($254.23 in chips)
RaisemyNut$: posts small blind $1
Rmk1500: posts big blind $3
*** HOLE CARDS ***
RaisemyNut$: raises $3 to $6
Rmk1500: raises $3 to $9
RaisemyNut$: calls $3
*** FLOP *** [Ad Ks 2c]
Rmk1500: bets $3
RaisemyNut$: calls $3
*** TURN *** [Ad Ks 2c] [8c]
Rmk1500: checks
RaisemyNut$: checks
*** RIVER *** [Ad Ks 2c 8c] [9s]
Rmk1500: bets $6
RaisemyNut$: folds
Uncalled bet ($6) returned to Rmk1500
Rmk1500 collected $23.52 from pot
*** SUMMARY ***
Total pot $24 | Rake $0.48
Board [Ad Ks 2c 8c 9s]
Seat 1: Rmk1500 (big blind) collected ($23.52)
Seat 6: RaisemyNut$ (button) (small blind) folded on the River


PokerStars Hand #160038524433:  Hold'em Limit ($3/$6 USD) - 2016/10/16 20:05:16 ET
Table 'Meta' 6-max Seat #1 is the button
Seat 1: Rmk1500 ($226.01 in chips)
Seat 6: RaisemyNut$ ($263.73 in chips)
Rmk1500: posts small blind $1
RaisemyNut$: posts big blind $3
*** HOLE CARDS ***
Rmk1500: folds
Uncalled bet ($2) returned to RaisemyNut$
RaisemyNut$ collected $2 from pot
RaisemyNut$: doesn't show hand
*** SUMMARY ***
Total pot $2 | Rake $0
Seat 1: Rmk1500 (button) (small blind) folded before Flop
Seat 6: RaisemyNut$ (big blind) collected ($2)


PokerStars Hand #160038508845:  Hold'em Limit ($3/$6 USD) - 2016/10/16 20:04:45 ET
Table 'Meta' 6-max Seat #6 is the button
Seat 1: Rmk1500 ($247.01 in chips)
Seat 6: RaisemyNut$ ($243.23 in chips)
RaisemyNut$: posts small blind $1
Rmk1500: posts big blind $3
*** HOLE CARDS ***
RaisemyNut$: raises $3 to $6
Rmk1500: calls $3
*** FLOP *** [9d Td 5s]
Rmk1500: checks
RaisemyNut$: bets $3
Rmk1500: calls $3
*** TURN *** [9d Td 5s] [9h]
Rmk1500: checks
RaisemyNut$: bets $6
Rmk1500: calls $6
*** RIVER *** [9d Td 5s 9h] [Qh]
Rmk1500: checks
RaisemyNut$: bets $6
Rmk1500: calls $6
*** SHOW DOWN ***
RaisemyNut$: shows [Qd Tc] (two pair, Queens and Tens)
Rmk1500: mucks hand
RaisemyNut$ collected $41.50 from pot
*** SUMMARY ***
Total pot $42 | Rake $0.50
Board [9d Td 5s 9h Qh]
Seat 1: Rmk1500 (big blind) mucked
Seat 6: RaisemyNut$ (button) (small blind) showed [Qd Tc] and won ($41.50) with two pair, Queens and Tens


PokerStars Hand #160038526883:  Hold'em Limit ($3/$6 USD) - 2016/10/16 20:05:21 ET
Table 'Meta' 6-max Seat #6 is the button
Seat 1: Rmk1500 ($225.01 in chips)
Seat 6: RaisemyNut$ ($264.73 in chips)
RaisemyNut$: posts small blind $1
Rmk1500: posts big blind $3
*** HOLE CARDS ***
RaisemyNut$: raises $3 to $6
Rmk1500: folds
Uncalled bet ($3) returned to RaisemyNut$
RaisemyNut$ collected $6 from pot
RaisemyNut$: doesn't show hand
*** SUMMARY ***
Total pot $6 | Rake $0
Seat 1: Rmk1500 (big blind) folded before Flop
Seat 6: RaisemyNut$ (button) (small blind) collected ($6)


PokerStars Hand #160038543684:  Hold'em Limit ($3/$6 USD) - 2016/10/16 20:05:55 ET
Table 'Meta' 6-max Seat #1 is the button
Seat 1: Rmk1500 ($207.01 in chips)
Seat 6: RaisemyNut$ ($282.25 in chips)
Rmk1500: posts small blind $1
RaisemyNut$: posts big blind $3
*** HOLE CARDS ***
Rmk1500: raises $3 to $6
RaisemyNut$: raises $3 to $9
Rmk1500: calls $3
*** FLOP *** [Jc Ts 2d]
RaisemyNut$: bets $3
Rmk1500: calls $3
*** TURN *** [Jc Ts 2d] [5s]
RaisemyNut$: bets $6
Rmk1500: calls $6
*** RIVER *** [Jc Ts 2d 5s] [Qc]
RaisemyNut$: checks
Rmk1500: checks
*** SHOW DOWN ***
RaisemyNut$: shows [8h 8d] (a pair of Eights)
Rmk1500: mucks hand
RaisemyNut$ collected $35.50 from pot
*** SUMMARY ***
Total pot $36 | Rake $0.50
Board [Jc Ts 2d 5s Qc]
Seat 1: Rmk1500 (button) (small blind) mucked
Seat 6: RaisemyNut$ (big blind) showed [8h 8d] and won ($35.50) with a pair of Eights


PokerStars Hand #160038553872:  Hold'em Limit ($3/$6 USD) - 2016/10/16 20:06:15 ET
Table 'Meta' 6-max Seat #6 is the button
Seat 1: Rmk1500 ($189.01 in chips)
Seat 6: RaisemyNut$ ($299.75 in chips)
RaisemyNut$: posts small blind $1
Rmk1500: posts big blind $3
*** HOLE CARDS ***
RaisemyNut$: raises $3 to $6
Rmk1500: folds
Uncalled bet ($3) returned to RaisemyNut$
RaisemyNut$ collected $6 from pot
RaisemyNut$: doesn't show hand
*** SUMMARY ***
Total pot $6 | Rake $0
Seat 1: Rmk1500 (big blind) folded before Flop
Seat 6: RaisemyNut$ (button) (small blind) collected ($6)


PokerStars Hand #160038530630:  Hold'em Limit ($3/$6 USD) - 2016/10/16 20:05:29 ET
Table 'Meta' 6-max Seat #1 is the button
Seat 1: Rmk1500 ($222.01 in chips)
Seat 6: RaisemyNut$ ($267.73 in chips)
Rmk1500: posts small blind $1
RaisemyNut$: posts big blind $3
*** HOLE CARDS ***
Rmk1500: raises $3 to $6
RaisemyNut$: calls $3
*** FLOP *** [3d Ah Ad]
RaisemyNut$: checks
Rmk1500: bets $3
RaisemyNut$: raises $3 to $6
Rmk1500: calls $3
*** TURN *** [3d Ah Ad] [As]
RaisemyNut$: bets $6
Rmk1500: folds
Uncalled bet ($6) returned to RaisemyNut$
RaisemyNut$ collected $23.52 from pot
RaisemyNut$: doesn't show hand
*** SUMMARY ***
Total pot $24 | Rake $0.48
Board [3d Ah Ad As]
Seat 1: Rmk1500 (button) (small blind) folded on the Turn
Seat 6: RaisemyNut$ (big blind) collected ($23.52)


PokerStars Hand #160038539420:  Hold'em Limit ($3/$6 USD) - 2016/10/16 20:05:46 ET
Table 'Meta' 6-max Seat #6 is the button
Seat 1: Rmk1500 ($210.01 in chips)
Seat 6: RaisemyNut$ ($279.25 in chips)
RaisemyNut$: posts small blind $1
Rmk1500: posts big blind $3
*** HOLE CARDS ***
RaisemyNut$: raises $3 to $6
Rmk1500: folds
Uncalled bet ($3) returned to RaisemyNut$
RaisemyNut$ collected $6 from pot
RaisemyNut$: doesn't show hand
*** SUMMARY ***
Total pot $6 | Rake $0
Seat 1: Rmk1500 (big blind) folded before Flop
Seat 6: RaisemyNut$ (button) (small blind) collected ($6)


PokerStars Hand #160038565331:  Hold'em Limit ($3/$6 USD) - 2016/10/16 20:06:38 ET
Table 'Meta' 6-max Seat #6 is the button
Seat 1: Rmk1500 ($191.77 in chips)
Seat 6: RaisemyNut$ ($296.75 in chips)
RaisemyNut$: posts small blind $1
Rmk1500: posts big blind $3
*** HOLE CARDS ***
RaisemyNut$: raises $3 to $6
Rmk1500: calls $3
*** FLOP *** [Jc 7d Qs]
Rmk1500: checks
RaisemyNut$: bets $3
Rmk1500: raises $3 to $6
RaisemyNut$: calls $3
*** TURN *** [Jc 7d Qs] [Ac]
Rmk1500: checks
RaisemyNut$: checks
*** RIVER *** [Jc 7d Qs Ac] [3s]
Rmk1500: bets $6
RaisemyNut$: folds
Uncalled bet ($6) returned to Rmk1500
Rmk1500 collected $23.52 from pot
*** SUMMARY ***
Total pot $24 | Rake $0.48
Board [Jc 7d Qs Ac 3s]
Seat 1: Rmk1500 (big blind) collected ($23.52)
Seat 6: RaisemyNut$ (button) (small blind) folded on the River


PokerStars Hand #160038558010:  Hold'em Limit ($3/$6 USD) - 2016/10/16 20:06:24 ET
Table 'Meta' 6-max Seat #1 is the button
Seat 1: Rmk1500 ($186.01 in chips)
Seat 6: RaisemyNut$ ($302.75 in chips)
Rmk1500: posts small blind $1
RaisemyNut$: posts big blind $3
*** HOLE CARDS ***
pogi74 joins the table at seat #2
Rmk1500: raises $3 to $6
RaisemyNut$: calls $3
*** FLOP *** [2h Qs Ah]
RaisemyNut$: checks
Rmk1500: bets $3
RaisemyNut$: folds
Uncalled bet ($3) returned to Rmk1500
Rmk1500 collected $11.76 from pot
*** SUMMARY ***
Total pot $12 | Rake $0.24
Board [2h Qs Ah]
Seat 1: Rmk1500 (button) (small blind) collected ($11.76)
Seat 6: RaisemyNut$ (big blind) folded on the Flop


