PokerStars Hand #160030320128:  Hold'em Limit ($3/$6 USD) - 2016/10/16 16:54:12 ET
Table 'Meta' 6-max Seat #3 is the button
Seat 3: xitrec123 ($164 in chips)
Seat 4: FHstyles ($81.50 in chips)
xitrec123: posts small blind $1
FHstyles: posts big blind $3
*** HOLE CARDS ***
xitrec123: raises $3 to $6
FHstyles: raises $3 to $9
xitrec123: raises $3 to $12
Betting is capped
FHstyles: calls $3
*** FLOP *** [Kc 3c 9d]
FHstyles: checks
xitrec123: bets $3
FHstyles: calls $3
*** TURN *** [Kc 3c 9d] [4h]
FHstyles: checks
xitrec123: bets $6
FHstyles: calls $6
*** RIVER *** [Kc 3c 9d 4h] [8d]
FHstyles: checks
xitrec123: checks
*** SHOW DOWN ***
FHstyles: shows [3s As] (a pair of Threes)
mailme1 joins the table at seat #2
xitrec123: mucks hand
FHstyles collected $41.50 from pot
*** SUMMARY ***
Total pot $42 | Rake $0.50
Board [Kc 3c 9d 4h 8d]
Seat 3: xitrec123 (button) (small blind) mucked
Seat 4: FHstyles (big blind) showed [3s As] and won ($41.50) with a pair of Threes


PokerStars Hand #160030302353:  Hold'em Limit ($3/$6 USD) - 2016/10/16 16:53:54 ET
Table 'Meta' 6-max Seat #4 is the button
Seat 3: xitrec123 ($185 in chips)
Seat 4: FHstyles ($61 in chips)
FHstyles: posts small blind $1
xitrec123: posts big blind $3
*** HOLE CARDS ***
FHstyles: raises $3 to $6
xitrec123: calls $3
*** FLOP *** [Jc 6c 9d]
xitrec123: checks
FHstyles: bets $3
xitrec123: calls $3
*** TURN *** [Jc 6c 9d] [Kd]
xitrec123: checks
FHstyles: bets $6
xitrec123: calls $6
*** RIVER *** [Jc 6c 9d Kd] [3c]
xitrec123: checks
FHstyles: bets $6
xitrec123: calls $6
*** SHOW DOWN ***
FHstyles: shows [2s Kc] (a pair of Kings)
Zubasa07 joins the table at seat #5
xitrec123: mucks hand
FHstyles collected $41.50 from pot
*** SUMMARY ***
Total pot $42 | Rake $0.50
Board [Jc 6c 9d Kd 3c]
Seat 3: xitrec123 (big blind) mucked
Seat 4: FHstyles (button) (small blind) showed [2s Kc] and won ($41.50) with a pair of Kings


PokerStars Hand #160030849619:  Hold'em Limit ($3/$6 USD) - 2016/10/16 17:05:18 ET
Table 'Meta' 6-max Seat #4 is the button
Seat 1: Rmk1500 ($37.10 in chips)
Seat 4: FHstyles ($117.73 in chips)
FHstyles: posts small blind $1
Rmk1500: posts big blind $3
*** HOLE CARDS ***
FHstyles: raises $3 to $6
Rmk1500: folds
Uncalled bet ($3) returned to FHstyles
sony1989868 leaves the table
FHstyles collected $6 from pot
FHstyles: doesn't show hand
*** SUMMARY ***
Total pot $6 | Rake $0
Seat 1: Rmk1500 (big blind) folded before Flop
Seat 4: FHstyles (button) (small blind) collected ($6)


PokerStars Hand #160030855463:  Hold'em Limit ($3/$6 USD) - 2016/10/16 17:05:25 ET
Table 'Meta' 6-max Seat #1 is the button
Seat 1: Rmk1500 ($34.10 in chips)
Seat 4: FHstyles ($120.73 in chips)
Rmk1500: posts small blind $1
FHstyles: posts big blind $3
*** HOLE CARDS ***
Rmk1500: raises $3 to $6
FHstyles: calls $3
*** FLOP *** [Ac Qd 4d]
FHstyles: checks
Rmk1500: bets $3
FHstyles: folds
Uncalled bet ($3) returned to Rmk1500
Rmk1500 collected $11.76 from pot
*** SUMMARY ***
Total pot $12 | Rake $0.24
Board [Ac Qd 4d]
Seat 1: Rmk1500 (button) (small blind) collected ($11.76)
Seat 4: FHstyles (big blind) folded on the Flop


PokerStars Hand #160030876539:  Hold'em Limit ($3/$6 USD) - 2016/10/16 17:05:47 ET
Table 'Meta' 6-max Seat #1 is the button
Seat 1: Rmk1500 ($33.86 in chips)
Seat 4: FHstyles ($120.49 in chips)
Rmk1500: posts small blind $1
FHstyles: posts big blind $3
*** HOLE CARDS ***
Rmk1500: raises $3 to $6
FHstyles: raises $3 to $9
Rmk1500: calls $3
*** FLOP *** [Th 4s 8s]
FHstyles: bets $3
Rmk1500: calls $3
*** TURN *** [Th 4s 8s] [8c]
Great_Kang joins the table at seat #2
FHstyles: bets $6
Rmk1500: raises $6 to $12
FHstyles: raises $6 to $18
Rmk1500: raises $3.86 to $21.86 and is all-in
Betting is capped
FHstyles: calls $3.86
*** RIVER *** [Th 4s 8s 8c] [6h]
*** SHOW DOWN ***
FHstyles: shows [Td Ad] (two pair, Tens and Eights)
Rmk1500: shows [8d Qc] (three of a kind, Eights)
Rmk1500 collected $67.22 from pot
*** SUMMARY ***
Total pot $67.72 | Rake $0.50
Board [Th 4s 8s 8c 6h]
Seat 1: Rmk1500 (button) (small blind) showed [8d Qc] and won ($67.22) with three of a kind, Eights
Seat 4: FHstyles (big blind) showed [Td Ad] and lost with two pair, Tens and Eights


PokerStars Hand #160030867981:  Hold'em Limit ($3/$6 USD) - 2016/10/16 17:05:38 ET
Table 'Meta' 6-max Seat #4 is the button
Seat 1: Rmk1500 ($39.86 in chips)
Seat 4: FHstyles ($114.73 in chips)
FHstyles: posts small blind $1
Rmk1500: posts big blind $3
*** HOLE CARDS ***
FHstyles: raises $3 to $6
Rmk1500: calls $3
*** FLOP *** [3h 3s Ks]
Rmk1500: checks
FHstyles: bets $3
Rmk1500: folds
Uncalled bet ($3) returned to FHstyles
FHstyles collected $11.76 from pot
FHstyles: doesn't show hand
*** SUMMARY ***
Total pot $12 | Rake $0.24
Board [3h 3s Ks]
Seat 1: Rmk1500 (big blind) folded on the Flop
Seat 4: FHstyles (button) (small blind) collected ($11.76)


PokerStars Hand #160030897507:  Hold'em Limit ($3/$6 USD) - 2016/10/16 17:06:10 ET
Table 'Meta' 6-max Seat #4 is the button
Seat 1: Rmk1500 ($67.22 in chips)
Seat 4: FHstyles ($86.63 in chips)
FHstyles: posts small blind $1
Rmk1500: posts big blind $3
*** HOLE CARDS ***
FHstyles: raises $3 to $6
Rmk1500: calls $3
*** FLOP *** [2d Qs 9d]
Rmk1500: checks
FHstyles: bets $3
Rmk1500: folds
Uncalled bet ($3) returned to FHstyles
FHstyles collected $11.76 from pot
FHstyles: doesn't show hand
*** SUMMARY ***
Total pot $12 | Rake $0.24
Board [2d Qs 9d]
Seat 1: Rmk1500 (big blind) folded on the Flop
Seat 4: FHstyles (button) (small blind) collected ($11.76)


PokerStars Hand #160037150281:  Hold'em Limit ($3/$6 USD) - 2016/10/16 19:22:12 ET
Table 'Meta' 6-max Seat #6 is the button
Seat 1: Rmk1500 ($171.27 in chips)
Seat 6: RaisemyNut$ ($279.64 in chips)
RaisemyNut$: posts small blind $1
Rmk1500: posts big blind $3
*** HOLE CARDS ***
RaisemyNut$: raises $3 to $6
Rmk1500: folds
Uncalled bet ($3) returned to RaisemyNut$
RaisemyNut$ collected $6 from pot
RaisemyNut$: doesn't show hand
*** SUMMARY ***
Total pot $6 | Rake $0
Seat 1: Rmk1500 (big blind) folded before Flop
Seat 6: RaisemyNut$ (button) (small blind) collected ($6)


PokerStars Hand #160038260550:  Hold'em Limit ($3/$6 USD) - 2016/10/16 19:55:51 ET
Table 'Meta' 6-max Seat #6 is the button
Seat 1: Rmk1500 ($230.99 in chips)
Seat 6: RaisemyNut$ ($268.49 in chips)
RaisemyNut$: posts small blind $1
Rmk1500: posts big blind $3
*** HOLE CARDS ***
RaisemyNut$: raises $3 to $6
Rmk1500: calls $3
*** FLOP *** [8d Ac 9d]
Rmk1500: checks
RaisemyNut$: bets $3
Rmk1500: calls $3
*** TURN *** [8d Ac 9d] [4s]
Rmk1500: checks
RaisemyNut$: checks
*** RIVER *** [8d Ac 9d 4s] [6h]
Rmk1500: checks
RaisemyNut$: checks
*** SHOW DOWN ***
Rmk1500: shows [Jd 7d] (high card Ace)
RaisemyNut$: mucks hand
Rmk1500 collected $17.64 from pot
*** SUMMARY ***
Total pot $18 | Rake $0.36
Board [8d Ac 9d 4s 6h]
Seat 1: Rmk1500 (big blind) showed [Jd 7d] and won ($17.64) with high card Ace
Seat 6: RaisemyNut$ (button) (small blind) mucked


PokerStars Hand #160038268048:  Hold'em Limit ($3/$6 USD) - 2016/10/16 19:56:08 ET
Table 'Meta' 6-max Seat #1 is the button
Seat 1: Rmk1500 ($239.63 in chips)
Seat 6: RaisemyNut$ ($259.49 in chips)
Rmk1500: posts small blind $1
RaisemyNut$: posts big blind $3
*** HOLE CARDS ***
Rmk1500: raises $3 to $6
RaisemyNut$: calls $3
*** FLOP *** [6s Qd 3h]
RaisemyNut$: checks
Rmk1500: bets $3
RaisemyNut$: folds
Uncalled bet ($3) returned to Rmk1500
Rmk1500 collected $11.76 from pot
*** SUMMARY ***
Total pot $12 | Rake $0.24
Board [6s Qd 3h]
Seat 1: Rmk1500 (button) (small blind) collected ($11.76)
Seat 6: RaisemyNut$ (big blind) folded on the Flop


PokerStars Hand #160038252231:  Hold'em Limit ($3/$6 USD) - 2016/10/16 19:55:31 ET
Table 'Meta' 6-max Seat #1 is the button
Seat 1: Rmk1500 ($216.49 in chips)
Seat 6: RaisemyNut$ ($283.49 in chips)
Rmk1500: posts small blind $1
komornik: is sitting out
RaisemyNut$: posts big blind $3
*** HOLE CARDS ***
komornik leaves the table
Rmk1500: raises $3 to $6
RaisemyNut$: calls $3
*** FLOP *** [2d 4c Js]
RaisemyNut$: checks
Rmk1500: bets $3
RaisemyNut$: calls $3
*** TURN *** [2d 4c Js] [6h]
RaisemyNut$: checks
Rmk1500: checks
*** RIVER *** [2d 4c Js 6h] [Ah]
RaisemyNut$: checks
Rmk1500: bets $6
RaisemyNut$: calls $6
*** SHOW DOWN ***
Rmk1500: shows [Th Ad] (a pair of Aces)
RaisemyNut$: mucks hand
Rmk1500 collected $29.50 from pot
*** SUMMARY ***
Total pot $30 | Rake $0.50
Board [2d 4c Js 6h Ah]
Seat 1: Rmk1500 (button) (small blind) showed [Th Ad] and won ($29.50) with a pair of Aces
Seat 6: RaisemyNut$ (big blind) mucked


PokerStars Hand #160038273613:  Hold'em Limit ($3/$6 USD) - 2016/10/16 19:56:21 ET
Table 'Meta' 6-max Seat #6 is the button
Seat 1: Rmk1500 ($245.39 in chips)
Seat 6: RaisemyNut$ ($253.49 in chips)
RaisemyNut$: posts small blind $1
Rmk1500: posts big blind $3
*** HOLE CARDS ***
RaisemyNut$: raises $3 to $6
Rmk1500: calls $3
*** FLOP *** [8h 6c Ah]
Rmk1500: checks
RaisemyNut$: bets $3
Rmk1500: folds
Uncalled bet ($3) returned to RaisemyNut$
RaisemyNut$ collected $11.76 from pot
RaisemyNut$: doesn't show hand
*** SUMMARY ***
Total pot $12 | Rake $0.24
Board [8h 6c Ah]
Seat 1: Rmk1500 (big blind) folded on the Flop
Seat 6: RaisemyNut$ (button) (small blind) collected ($11.76)


PokerStars Hand #160038290178:  Hold'em Limit ($3/$6 USD) - 2016/10/16 19:57:00 ET
Table 'Meta' 6-max Seat #6 is the button
Seat 1: Rmk1500 ($227.39 in chips)
Seat 6: RaisemyNut$ ($270.77 in chips)
RaisemyNut$: posts small blind $1
Rmk1500: posts big blind $3
*** HOLE CARDS ***
RaisemyNut$: raises $3 to $6
Rmk1500: raises $3 to $9
RaisemyNut$: calls $3
*** FLOP *** [Ts Kh 5c]
Rmk1500: bets $3
RaisemyNut$: folds
Uncalled bet ($3) returned to Rmk1500
Rmk1500 collected $17.64 from pot
*** SUMMARY ***
Total pot $18 | Rake $0.36
Board [Ts Kh 5c]
Seat 1: Rmk1500 (big blind) collected ($17.64)
Seat 6: RaisemyNut$ (button) (small blind) folded on the Flop


PokerStars Hand #160038280877:  Hold'em Limit ($3/$6 USD) - 2016/10/16 19:56:39 ET
Table 'Meta' 6-max Seat #1 is the button
Seat 1: Rmk1500 ($239.39 in chips)
Seat 6: RaisemyNut$ ($259.25 in chips)
Rmk1500: posts small blind $1
RaisemyNut$: posts big blind $3
*** HOLE CARDS ***
Rmk1500: raises $3 to $6
RaisemyNut$: raises $3 to $9
Rmk1500: calls $3
*** FLOP *** [Tc 8d Qh]
RaisemyNut$: bets $3
Rmk1500: calls $3
*** TURN *** [Tc 8d Qh] [2d]
RaisemyNut$: bets $6
Rmk1500: folds
Uncalled bet ($6) returned to RaisemyNut$
RaisemyNut$ collected $23.52 from pot
RaisemyNut$: doesn't show hand
*** SUMMARY ***
Total pot $24 | Rake $0.48
Board [Tc 8d Qh 2d]
Seat 1: Rmk1500 (button) (small blind) folded on the Turn
Seat 6: RaisemyNut$ (big blind) collected ($23.52)


PokerStars Hand #160038317193:  Hold'em Limit ($3/$6 USD) - 2016/10/16 19:58:03 ET
Table 'Meta' 6-max Seat #6 is the button
Seat 1: Rmk1500 ($244.67 in chips)
Seat 6: RaisemyNut$ ($252.77 in chips)
RaisemyNut$: posts small blind $1
Rmk1500: posts big blind $3
*** HOLE CARDS ***
RaisemyNut$: raises $3 to $6
Rmk1500: calls $3
*** FLOP *** [5d Kd 3s]
Rmk1500: checks
RaisemyNut$: bets $3
Rmk1500: calls $3
*** TURN *** [5d Kd 3s] [7d]
Rmk1500: checks
RaisemyNut$: bets $6
Rmk1500: calls $6
*** RIVER *** [5d Kd 3s 7d] [Qd]
Rmk1500: bets $6
RaisemyNut$: calls $6
*** SHOW DOWN ***
Rmk1500: shows [5h Ad] (a flush, Ace high)
RaisemyNut$: mucks hand
Rmk1500 collected $41.50 from pot
*** SUMMARY ***
Total pot $42 | Rake $0.50
Board [5d Kd 3s 7d Qd]
Seat 1: Rmk1500 (big blind) showed [5h Ad] and won ($41.50) with a flush, Ace high
Seat 6: RaisemyNut$ (button) (small blind) mucked


PokerStars Hand #160038311652:  Hold'em Limit ($3/$6 USD) - 2016/10/16 19:57:50 ET
Table 'Meta' 6-max Seat #1 is the button
Seat 1: Rmk1500 ($241.67 in chips)
Seat 6: RaisemyNut$ ($255.77 in chips)
Rmk1500: posts small blind $1
RaisemyNut$: posts big blind $3
*** HOLE CARDS ***
Rmk1500: raises $3 to $6
RaisemyNut$: folds
Uncalled bet ($3) returned to Rmk1500
Rmk1500 collected $6 from pot
*** SUMMARY ***
Total pot $6 | Rake $0
Seat 1: Rmk1500 (button) (small blind) collected ($6)
Seat 6: RaisemyNut$ (big blind) folded before Flop


PokerStars Hand #160038306486:  Hold'em Limit ($3/$6 USD) - 2016/10/16 19:57:38 ET
Table 'Meta' 6-max Seat #6 is the button
Seat 1: Rmk1500 ($244.67 in chips)
Seat 6: RaisemyNut$ ($252.77 in chips)
RaisemyNut$: posts small blind $1
Rmk1500: posts big blind $3
*** HOLE CARDS ***
RaisemyNut$: raises $3 to $6
Rmk1500: folds
Uncalled bet ($3) returned to RaisemyNut$
RaisemyNut$ collected $6 from pot
RaisemyNut$: doesn't show hand
*** SUMMARY ***
Total pot $6 | Rake $0
Seat 1: Rmk1500 (big blind) folded before Flop
Seat 6: RaisemyNut$ (button) (small blind) collected ($6)


PokerStars Hand #160038297586:  Hold'em Limit ($3/$6 USD) - 2016/10/16 19:57:18 ET
Table 'Meta' 6-max Seat #1 is the button
Seat 1: Rmk1500 ($236.03 in chips)
Seat 6: RaisemyNut$ ($261.77 in chips)
Rmk1500: posts small blind $1
RaisemyNut$: posts big blind $3
*** HOLE CARDS ***
Rmk1500: raises $3 to $6
RaisemyNut$: calls $3
*** FLOP *** [As Jd 9d]
RaisemyNut$: checks
Rmk1500: bets $3
RaisemyNut$: calls $3
*** TURN *** [As Jd 9d] [3s]
RaisemyNut$: checks
Rmk1500: bets $6
RaisemyNut$: folds
Uncalled bet ($6) returned to Rmk1500
Rmk1500 collected $17.64 from pot
*** SUMMARY ***
Total pot $18 | Rake $0.36
Board [As Jd 9d 3s]
Seat 1: Rmk1500 (button) (small blind) collected ($17.64)
Seat 6: RaisemyNut$ (big blind) folded on the Turn


