PokerStars Hand #160838899444:  Hold'em Limit ($3/$6 USD) - 2016/11/03 11:40:56 ET
Table 'Meta' 10-max Seat #1 is the button
Seat 1: LifeisagameX ($84 in chips)
Seat 6: entucaraweon ($78 in chips)
LifeisagameX: posts small blind $1
entucaraweon: posts big blind $3
*** HOLE CARDS ***
LifeisagameX: raises $3 to $6
entucaraweon: calls $3
*** FLOP *** [Kc Ks 6s]
entucaraweon: checks
LifeisagameX: bets $3
entucaraweon: raises $3 to $6
B_loJkl joins the table at seat #7
LifeisagameX: folds
Uncalled bet ($3) returned to entucaraweon
entucaraweon collected $17.64 from pot
entucaraweon: doesn't show hand
*** SUMMARY ***
Total pot $18 | Rake $0.36
Board [Kc Ks 6s]
Seat 1: LifeisagameX (button) (small blind) folded on the Flop
Seat 6: entucaraweon (big blind) collected ($17.64)


PokerStars Hand #160838972053:  Hold'em Limit ($3/$6 USD) - 2016/11/03 11:42:41 ET
Table 'Meta' 10-max Seat #1 is the button
Seat 1: LifeisagameX ($90.61 in chips)
Seat 7: B_loJkl ($148.19 in chips)
LifeisagameX: posts small blind $1
entucaraweon: is sitting out
B_loJkl: posts big blind $3
*** HOLE CARDS ***
entucaraweon leaves the table
LifeisagameX: raises $3 to $6
B_loJkl: calls $3
*** FLOP *** [3c 3h Kc]
B_loJkl: checks
LifeisagameX: bets $3
B_loJkl: folds
Uncalled bet ($3) returned to LifeisagameX
LifeisagameX collected $11.76 from pot
*** SUMMARY ***
Total pot $12 | Rake $0.24
Board [3c 3h Kc]
Seat 1: LifeisagameX (button) (small blind) collected ($11.76)
Seat 7: B_loJkl (big blind) folded on the Flop


