PokerStars Hand #166178978022:  Hold'em Limit ($3/$6 USD) - 2017/02/13 20:23:29 ET
Table 'Meta' 6-max Seat #3 is the button
Seat 3: Eklund_1891 ($51.76 in chips)
Seat 4: AzureCaper ($86.52 in chips)
Eklund_1891: posts small blind $1
AzureCaper: posts big blind $3
*** HOLE CARDS ***
Eklund_1891: folds
Uncalled bet ($2) returned to AzureCaper
AzureCaper collected $2 from pot
AzureCaper: doesn't show hand
*** SUMMARY ***
Total pot $2 | Rake $0
Seat 3: Eklund_1891 (button) (small blind) folded before Flop
Seat 4: AzureCaper (big blind) collected ($2)


PokerStars Hand #166178974512:  Hold'em Limit ($3/$6 USD) - 2017/02/13 20:23:22 ET
Table 'Meta' 6-max Seat #4 is the button
Seat 3: Eklund_1891 ($54.76 in chips)
Seat 4: AzureCaper ($83.52 in chips)
AzureCaper: posts small blind $1
Eklund_1891: posts big blind $3
*** HOLE CARDS ***
AzureCaper: raises $3 to $6
Eklund_1891: folds
Uncalled bet ($3) returned to AzureCaper
AzureCaper collected $6 from pot
AzureCaper: doesn't show hand
*** SUMMARY ***
Total pot $6 | Rake $0
Seat 3: Eklund_1891 (big blind) folded before Flop
Seat 4: AzureCaper (button) (small blind) collected ($6)


PokerStars Hand #166178960006:  Hold'em Limit ($3/$6 USD) - 2017/02/13 20:22:55 ET
Table 'Meta' 6-max Seat #3 is the button
Seat 3: Eklund_1891 ($66.76 in chips)
Seat 4: AzureCaper ($72 in chips)
Eklund_1891: posts small blind $1
AzureCaper: posts big blind $3
*** HOLE CARDS ***
Eklund_1891: raises $3 to $6
AzureCaper: calls $3
*** FLOP *** [Jd Ts Ac]
AzureCaper: checks
Eklund_1891: checks
*** TURN *** [Jd Ts Ac] [9s]
AzureCaper: bets $6
Eklund_1891: calls $6
*** RIVER *** [Jd Ts Ac 9s] [9c]
AzureCaper: bets $6
Eklund_1891: folds
Uncalled bet ($6) returned to AzureCaper
AzureCaper collected $23.52 from pot
AzureCaper: doesn't show hand
*** SUMMARY ***
Total pot $24 | Rake $0.48
Board [Jd Ts Ac 9s 9c]
Seat 3: Eklund_1891 (button) (small blind) folded on the River
Seat 4: AzureCaper (big blind) collected ($23.52)


PokerStars Hand #166178957105:  Hold'em Limit ($3/$6 USD) - 2017/02/13 20:22:49 ET
Table 'Meta' 6-max Seat #4 is the button
Seat 3: Eklund_1891 ($65.76 in chips)
Seat 4: AzureCaper ($72 in chips)
AzureCaper: posts small blind $1
Eklund_1891: posts big blind $3
*** HOLE CARDS ***
AzureCaper: folds
Uncalled bet ($2) returned to Eklund_1891
Eklund_1891 collected $2 from pot
Eklund_1891: doesn't show hand
*** SUMMARY ***
Total pot $2 | Rake $0
Seat 3: Eklund_1891 (big blind) collected ($2)
Seat 4: AzureCaper (button) (small blind) folded before Flop


PokerStars Hand #166179015067:  Hold'em Limit ($3/$6 USD) - 2017/02/13 20:24:40 ET
Table 'Meta' 6-max Seat #3 is the button
Seat 3: Eklund_1891 ($82.90 in chips)
Seat 4: AzureCaper ($104.02 in chips)
Eklund_1891: posts small blind $1
AzureCaper: posts big blind $3
*** HOLE CARDS ***
Eklund_1891: raises $3 to $6
AzureCaper: folds
Uncalled bet ($3) returned to Eklund_1891
Eklund_1891 collected $6 from pot
Eklund_1891: doesn't show hand
*** SUMMARY ***
Total pot $6 | Rake $0
Seat 3: Eklund_1891 (button) (small blind) collected ($6)
Seat 4: AzureCaper (big blind) folded before Flop


PokerStars Hand #166179008855:  Hold'em Limit ($3/$6 USD) - 2017/02/13 20:24:28 ET
Table 'Meta' 6-max Seat #4 is the button
Seat 3: Eklund_1891 ($81.90 in chips)
Seat 4: AzureCaper ($105.02 in chips)
AzureCaper: posts small blind $1
Eklund_1891: posts big blind $3
*** HOLE CARDS ***
AzureCaper: folds
Uncalled bet ($2) returned to Eklund_1891
Eklund_1891 collected $2 from pot
Eklund_1891: doesn't show hand
*** SUMMARY ***
Total pot $2 | Rake $0
Seat 3: Eklund_1891 (big blind) collected ($2)
Seat 4: AzureCaper (button) (small blind) folded before Flop


PokerStars Hand #166179006032:  Hold'em Limit ($3/$6 USD) - 2017/02/13 20:24:23 ET
Table 'Meta' 6-max Seat #3 is the button
Seat 3: Eklund_1891 ($82.90 in chips)
Seat 4: AzureCaper ($104.02 in chips)
Eklund_1891: posts small blind $1
AzureCaper: posts big blind $3
*** HOLE CARDS ***
Eklund_1891: folds
Uncalled bet ($2) returned to AzureCaper
AzureCaper collected $2 from pot
AzureCaper: doesn't show hand
*** SUMMARY ***
Total pot $2 | Rake $0
Seat 3: Eklund_1891 (button) (small blind) folded before Flop
Seat 4: AzureCaper (big blind) collected ($2)


PokerStars Hand #166179002840:  Hold'em Limit ($3/$6 USD) - 2017/02/13 20:24:17 ET
Table 'Meta' 6-max Seat #4 is the button
Seat 3: Eklund_1891 ($32.76 in chips)
Seat 4: AzureCaper ($105.02 in chips)
AzureCaper: posts small blind $1
Eklund_1891: posts big blind $3
*** HOLE CARDS ***
AzureCaper: folds
Uncalled bet ($2) returned to Eklund_1891
Eklund_1891 collected $2 from pot
Eklund_1891: doesn't show hand
*** SUMMARY ***
Total pot $2 | Rake $0
Seat 3: Eklund_1891 (big blind) collected ($2)
Seat 4: AzureCaper (button) (small blind) folded before Flop


PokerStars Hand #166178997955:  Hold'em Limit ($3/$6 USD) - 2017/02/13 20:24:07 ET
Table 'Meta' 6-max Seat #3 is the button
Seat 3: Eklund_1891 ($29.76 in chips)
Seat 4: AzureCaper ($108.02 in chips)
Eklund_1891: posts small blind $1
AzureCaper: posts big blind $3
*** HOLE CARDS ***
Eklund_1891: raises $3 to $6
AzureCaper: folds
Uncalled bet ($3) returned to Eklund_1891
Eklund_1891 collected $6 from pot
*** SUMMARY ***
Total pot $6 | Rake $0
Seat 3: Eklund_1891 (button) (small blind) collected ($6)
Seat 4: AzureCaper (big blind) folded before Flop


PokerStars Hand #166178981927:  Hold'em Limit ($3/$6 USD) - 2017/02/13 20:23:37 ET
Table 'Meta' 6-max Seat #4 is the button
Seat 3: Eklund_1891 ($50.76 in chips)
Seat 4: AzureCaper ($87.52 in chips)
AzureCaper: posts small blind $1
Eklund_1891: posts big blind $3
*** HOLE CARDS ***
AzureCaper: raises $3 to $6
Eklund_1891: calls $3
*** FLOP *** [7d 4d Js]
Eklund_1891: checks
AzureCaper: bets $3
Eklund_1891: calls $3
*** TURN *** [7d 4d Js] [Qh]
Eklund_1891: checks
AzureCaper: bets $6
Eklund_1891: calls $6
*** RIVER *** [7d 4d Js Qh] [Ts]
Eklund_1891: checks
AzureCaper: bets $6
Eklund_1891: calls $6
*** SHOW DOWN ***
AzureCaper: shows [Tc Qc] (two pair, Queens and Tens)
Eklund_1891: mucks hand
AzureCaper collected $41.50 from pot
*** SUMMARY ***
Total pot $42 | Rake $0.50
Board [7d 4d Js Qh Ts]
Seat 3: Eklund_1891 (big blind) mucked
Seat 4: AzureCaper (button) (small blind) showed [Tc Qc] and won ($41.50) with two pair, Queens and Tens


PokerStars Hand #166179046070:  Hold'em Limit ($3/$6 USD) - 2017/02/13 20:25:23 ET
Table 'Meta' 6-max Seat #4 is the button
Seat 3: Eklund_1891 ($93.54 in chips)
Seat 4: AzureCaper ($93.02 in chips)
AzureCaper: posts small blind $1
Eklund_1891: posts big blind $3
*** HOLE CARDS ***
AzureCaper: raises $3 to $6
Eklund_1891: calls $3
*** FLOP *** [8h 9h 3c]
Eklund_1891: checks
AzureCaper: bets $3
Eklund_1891: folds
Uncalled bet ($3) returned to AzureCaper
AzureCaper collected $11.76 from pot
AzureCaper: doesn't show hand
*** SUMMARY ***
Total pot $12 | Rake $0.24
Board [8h 9h 3c]
Seat 3: Eklund_1891 (big blind) folded on the Flop
Seat 4: AzureCaper (button) (small blind) collected ($11.76)


PokerStars Hand #166179043349:  Hold'em Limit ($3/$6 USD) - 2017/02/13 20:25:18 ET
Table 'Meta' 6-max Seat #3 is the button
Seat 3: Eklund_1891 ($94.54 in chips)
Seat 4: AzureCaper ($92.02 in chips)
Eklund_1891: posts small blind $1
AzureCaper: posts big blind $3
*** HOLE CARDS ***
Eklund_1891: folds
Uncalled bet ($2) returned to AzureCaper
AzureCaper collected $2 from pot
AzureCaper: doesn't show hand
*** SUMMARY ***
Total pot $2 | Rake $0
Seat 3: Eklund_1891 (button) (small blind) folded before Flop
Seat 4: AzureCaper (big blind) collected ($2)


PokerStars Hand #166179025196:  Hold'em Limit ($3/$6 USD) - 2017/02/13 20:24:59 ET
Table 'Meta' 6-max Seat #4 is the button
Seat 3: Eklund_1891 ($85.90 in chips)
Seat 4: AzureCaper ($101.02 in chips)
AzureCaper: posts small blind $1
Eklund_1891: posts big blind $3
*** HOLE CARDS ***
AzureCaper: raises $3 to $6
Eklund_1891: calls $3
*** FLOP *** [3s 2c 2d]
Eklund_1891: checks
AzureCaper: bets $3
Eklund_1891: calls $3
*** TURN *** [3s 2c 2d] [9d]
Eklund_1891: checks
AzureCaper: checks
*** RIVER *** [3s 2c 2d 9d] [Qd]
Eklund_1891: bets $6
AzureCaper: folds
Uncalled bet ($6) returned to Eklund_1891
Eklund_1891 collected $17.64 from pot
Eklund_1891: doesn't show hand
*** SUMMARY ***
Total pot $18 | Rake $0.36
Board [3s 2c 2d 9d Qd]
Seat 3: Eklund_1891 (big blind) collected ($17.64)
Seat 4: AzureCaper (button) (small blind) folded on the River


PokerStars Hand #166179021616:  Hold'em Limit ($3/$6 USD) - 2017/02/13 20:24:52 ET
Table 'Meta' 6-max Seat #3 is the button
Seat 3: Eklund_1891 ($86.90 in chips)
Seat 4: AzureCaper ($100.02 in chips)
Eklund_1891: posts small blind $1
AzureCaper: posts big blind $3
*** HOLE CARDS ***
Eklund_1891: folds
Uncalled bet ($2) returned to AzureCaper
AzureCaper collected $2 from pot
AzureCaper: doesn't show hand
*** SUMMARY ***
Total pot $2 | Rake $0
Seat 3: Eklund_1891 (button) (small blind) folded before Flop
Seat 4: AzureCaper (big blind) collected ($2)


PokerStars Hand #166179018412:  Hold'em Limit ($3/$6 USD) - 2017/02/13 20:24:46 ET
Table 'Meta' 6-max Seat #4 is the button
Seat 3: Eklund_1891 ($85.90 in chips)
Seat 4: AzureCaper ($101.02 in chips)
AzureCaper: posts small blind $1
Eklund_1891: posts big blind $3
*** HOLE CARDS ***
AzureCaper: folds
Uncalled bet ($2) returned to Eklund_1891
Eklund_1891 collected $2 from pot
Eklund_1891: doesn't show hand
*** SUMMARY ***
Total pot $2 | Rake $0
Seat 3: Eklund_1891 (big blind) collected ($2)
Seat 4: AzureCaper (button) (small blind) folded before Flop


PokerStars Hand #166179062086:  Hold'em Limit ($3/$6 USD) - 2017/02/13 20:25:54 ET
Table 'Meta' 6-max Seat #4 is the button
Seat 3: Eklund_1891 ($111.04 in chips)
Seat 4: AzureCaper ($74.78 in chips)
AzureCaper: posts small blind $1
Eklund_1891: posts big blind $3
*** HOLE CARDS ***
AzureCaper: raises $3 to $6
Eklund_1891: raises $3 to $9
AzureCaper: calls $3
*** FLOP *** [Kc Jc 2d]
Eklund_1891: bets $3
AzureCaper: calls $3
*** TURN *** [Kc Jc 2d] [2h]
Eklund_1891: bets $6
AzureCaper: raises $6 to $12
Eklund_1891: raises $6 to $18
AzureCaper: calls $6
*** RIVER *** [Kc Jc 2d 2h] [Kd]
Eklund_1891: bets $6
AzureCaper: calls $6
*** SHOW DOWN ***
Eklund_1891: shows [Ah Ad] (two pair, Aces and Kings)
AzureCaper: shows [8c Ks] (a full house, Kings full of Deuces)
AzureCaper collected $71.50 from pot
*** SUMMARY ***
Total pot $72 | Rake $0.50
Board [Kc Jc 2d 2h Kd]
Seat 3: Eklund_1891 (big blind) showed [Ah Ad] and lost with two pair, Aces and Kings
Seat 4: AzureCaper (button) (small blind) showed [8c Ks] and won ($71.50) with a full house, Kings full of Deuces


PokerStars Hand #166179052506:  Hold'em Limit ($3/$6 USD) - 2017/02/13 20:25:36 ET
Table 'Meta' 6-max Seat #3 is the button
Seat 3: Eklund_1891 ($87.54 in chips)
Seat 4: AzureCaper ($98.78 in chips)
Eklund_1891: posts small blind $1
AzureCaper: posts big blind $3
*** HOLE CARDS ***
Eklund_1891: raises $3 to $6
AzureCaper: calls $3
*** FLOP *** [Jc Ad Qh]
AzureCaper: checks
Eklund_1891: bets $3
AzureCaper: raises $3 to $6
Eklund_1891: calls $3
*** TURN *** [Jc Ad Qh] [2s]
AzureCaper: bets $6
Eklund_1891: calls $6
*** RIVER *** [Jc Ad Qh 2s] [4s]
AzureCaper: bets $6
Eklund_1891: calls $6
*** SHOW DOWN ***
AzureCaper: shows [3s Ac] (a pair of Aces)
Eklund_1891: shows [Ah 6c] (a pair of Aces - Queen+Jack+Six kicker)
Eklund_1891 collected $47.50 from pot
*** SUMMARY ***
Total pot $48 | Rake $0.50
Board [Jc Ad Qh 2s 4s]
Seat 3: Eklund_1891 (button) (small blind) showed [Ah 6c] and won ($47.50) with a pair of Aces
Seat 4: AzureCaper (big blind) showed [3s Ac] and lost with a pair of Aces


PokerStars Hand #166179078212:  Hold'em Limit ($3/$6 USD) - 2017/02/13 20:26:25 ET
Table 'Meta' 6-max Seat #3 is the button
Seat 3: Eklund_1891 ($75.04 in chips)
Seat 4: AzureCaper ($110.28 in chips)
Eklund_1891: posts small blind $1
AzureCaper: posts big blind $3
*** HOLE CARDS ***
Eklund_1891: raises $3 to $6
AzureCaper: raises $3 to $9
Eklund_1891: raises $3 to $12
Betting is capped
AzureCaper: calls $3
*** FLOP *** [Qh 6d 2d]
AzureCaper: checks
Eklund_1891: checks
*** TURN *** [Qh 6d 2d] [7h]
kusznak joins the table at seat #2
AzureCaper: bets $6
Eklund_1891: raises $6 to $12
AzureCaper: calls $6
*** RIVER *** [Qh 6d 2d 7h] [Js]
AzureCaper: checks
Eklund_1891: checks
*** SHOW DOWN ***
AzureCaper: shows [8s 8c] (a pair of Eights)
Eklund_1891: shows [Kh Jh] (a pair of Jacks)
Eklund_1891 collected $47.50 from pot
*** SUMMARY ***
Total pot $48 | Rake $0.50
Board [Qh 6d 2d 7h Js]
Seat 3: Eklund_1891 (button) (small blind) showed [Kh Jh] and won ($47.50) with a pair of Jacks
Seat 4: AzureCaper (big blind) showed [8s 8c] and lost with a pair of Eights


PokerStars Hand #166183502356:  Hold'em Limit ($3/$6 USD) - 2017/02/13 23:30:26 ET
Table 'Meta' 6-max Seat #3 is the button
Seat 3: Fabulous108 ($198.09 in chips)
Seat 5: JG005 ($98.42 in chips)
Fabulous108: posts small blind $1
JG005: posts big blind $3
*** HOLE CARDS ***
Fabulous108: folds
Uncalled bet ($2) returned to JG005
JG005 collected $2 from pot
JG005: doesn't show hand
*** SUMMARY ***
Total pot $2 | Rake $0
Seat 3: Fabulous108 (button) (small blind) folded before Flop
Seat 5: JG005 (big blind) collected ($2)


PokerStars Hand #166183493190:  Hold'em Limit ($3/$6 USD) - 2017/02/13 23:29:55 ET
Table 'Meta' 6-max Seat #5 is the button
Seat 3: Fabulous108 ($216.09 in chips)
Seat 5: JG005 ($80.92 in chips)
JG005: posts small blind $1
tttzzz: is sitting out
Fabulous108: posts big blind $3
*** HOLE CARDS ***
tttzzz leaves the table
JG005: raises $3 to $6
Fabulous108: raises $3 to $9
JG005: calls $3
*** FLOP *** [4s 7c 4d]
Fabulous108: bets $3
JG005: calls $3
*** TURN *** [4s 7c 4d] [Ad]
Fabulous108: bets $6
JG005: raises $6 to $12
Fabulous108: folds
Uncalled bet ($6) returned to JG005
JG005 collected $35.50 from pot
JG005: doesn't show hand
*** SUMMARY ***
Total pot $36 | Rake $0.50
Board [4s 7c 4d Ad]
Seat 3: Fabulous108 (big blind) folded on the Turn
Seat 5: JG005 (button) (small blind) collected ($35.50)


