PokerStars Hand #169827138423:  Hold'em Limit ($3/$6 USD) - 2017/05/01 16:58:44 ET
Table 'Metis' 6-max Seat #2 is the button
Seat 1: LeifiBlomero ($118.53 in chips)
Seat 2: **Geka**555 ($37.61 in chips)
**Geka**555: posts small blind $1
Zubasa07: is sitting out
ToDaFelt: is sitting out
LeifiBlomero: posts big blind $3
*** HOLE CARDS ***
**Geka**555: calls $2
LeifiBlomero: raises $3 to $6
ToDaFelt leaves the table
**Geka**555: calls $3
*** FLOP *** [5s 5c Kd]
LeifiBlomero: checks
Zubasa07 leaves the table
**Geka**555: checks
*** TURN *** [5s 5c Kd] [3s]
LeifiBlomero: checks
**Geka**555: bets $6
LeifiBlomero: calls $6
*** RIVER *** [5s 5c Kd 3s] [Kc]
LeifiBlomero: checks
**Geka**555: bets $6
LeifiBlomero: calls $6
*** SHOW DOWN ***
**Geka**555: shows [Kh 8h] (a full house, Kings full of Fives)
LeifiBlomero: mucks hand
**Geka**555 collected $35.50 from pot
*** SUMMARY ***
Total pot $36 | Rake $0.50
Board [5s 5c Kd 3s Kc]
Seat 1: LeifiBlomero (big blind) mucked
Seat 2: **Geka**555 (button) (small blind) showed [Kh 8h] and won ($35.50) with a full house, Kings full of Fives


PokerStars Hand #169827162822:  Hold'em Limit ($3/$6 USD) - 2017/05/01 16:59:20 ET
Table 'Metis' 6-max Seat #1 is the button
Seat 1: LeifiBlomero ($100.53 in chips)
Seat 2: **Geka**555 ($55.11 in chips)
LeifiBlomero: posts small blind $1
**Geka**555: posts big blind $3
*** HOLE CARDS ***
LeifiBlomero: raises $3 to $6
**Geka**555: calls $3
*** FLOP *** [8d 2h 4d]
**Geka**555: checks
LeifiBlomero: checks
*** TURN *** [8d 2h 4d] [8c]
**Geka**555: checks
LeifiBlomero: bets $6
**Geka**555: calls $6
*** RIVER *** [8d 2h 4d 8c] [8s]
**Geka**555: checks
Auge72 joins the table at seat #4
LeifiBlomero: bets $6
**Geka**555: calls $6
*** SHOW DOWN ***
LeifiBlomero: shows [Ts 6s] (three of a kind, Eights)
**Geka**555: shows [Th Ks] (three of a kind, Eights - King kicker)
**Geka**555 collected $35.50 from pot
*** SUMMARY ***
Total pot $36 | Rake $0.50
Board [8d 2h 4d 8c 8s]
Seat 1: LeifiBlomero (button) (small blind) showed [Ts 6s] and lost with three of a kind, Eights
Seat 2: **Geka**555 (big blind) showed [Th Ks] and won ($35.50) with three of a kind, Eights


PokerStars Hand #169827227808:  Hold'em Limit ($3/$6 USD) - 2017/05/01 17:00:54 ET
Table 'Metis' 6-max Seat #2 is the button
Seat 1: LeifiBlomero ($93.81 in chips)
Seat 2: **Geka**555 ($60.61 in chips)
**Geka**555: posts small blind $1
LeifiBlomero: posts big blind $3
*** HOLE CARDS ***
**Geka**555: folds
Uncalled bet ($2) returned to LeifiBlomero
LeifiBlomero collected $2 from pot
*** SUMMARY ***
Total pot $2 | Rake $0
Seat 1: LeifiBlomero (big blind) collected ($2)
Seat 2: **Geka**555 (button) (small blind) folded before Flop


PokerStars Hand #169827251760:  Hold'em Limit ($3/$6 USD) - 2017/05/01 17:01:25 ET
Table 'Metis' 6-max Seat #2 is the button
Seat 1: LeifiBlomero ($115.31 in chips)
Seat 2: **Geka**555 ($38.61 in chips)
**Geka**555: posts small blind $1
deluxe joins the table at seat #6
LeifiBlomero: posts big blind $3
*** HOLE CARDS ***
**Geka**555: raises $3 to $6
LeifiBlomero: raises $3 to $9
**Geka**555: raises $3 to $12
Betting is capped
LeifiBlomero: calls $3
*** FLOP *** [3d Tc 6s]
LeifiBlomero: checks
**Geka**555: bets $3
LeifiBlomero: calls $3
*** TURN *** [3d Tc 6s] [8h]
ToDaFelt joins the table at seat #3
LeifiBlomero: checks
**Geka**555: bets $6
LeifiBlomero: calls $6
*** RIVER *** [3d Tc 6s 8h] [4h]
LeifiBlomero: checks
**Geka**555: bets $6
LeifiBlomero: calls $6
*** SHOW DOWN ***
**Geka**555: shows [Ks 8s] (a pair of Eights)
LeifiBlomero: mucks hand
**Geka**555 collected $53.50 from pot
*** SUMMARY ***
Total pot $54 | Rake $0.50
Board [3d Tc 6s 8h 4h]
Seat 1: LeifiBlomero (big blind) mucked
Seat 2: **Geka**555 (button) (small blind) showed [Ks 8s] and won ($53.50) with a pair of Eights


PokerStars Hand #169827232336:  Hold'em Limit ($3/$6 USD) - 2017/05/01 17:01:00 ET
Table 'Metis' 6-max Seat #1 is the button
Seat 1: LeifiBlomero ($94.81 in chips)
Seat 2: **Geka**555 ($59.61 in chips)
LeifiBlomero: posts small blind $1
**Geka**555: posts big blind $3
*** HOLE CARDS ***
LeifiBlomero: raises $3 to $6
**Geka**555: calls $3
*** FLOP *** [7d 5h Jc]
**Geka**555: checks
LeifiBlomero: bets $3
**Geka**555: calls $3
*** TURN *** [7d 5h Jc] [8d]
**Geka**555: checks
LeifiBlomero: bets $6
**Geka**555: calls $6
*** RIVER *** [7d 5h Jc 8d] [Js]
**Geka**555: checks
LeifiBlomero: bets $6
**Geka**555: calls $6
*** SHOW DOWN ***
LeifiBlomero: shows [Qc 7c] (two pair, Jacks and Sevens)
**Geka**555: mucks hand
LeifiBlomero collected $41.50 from pot
*** SUMMARY ***
Total pot $42 | Rake $0.50
Board [7d 5h Jc 8d Js]
Seat 1: LeifiBlomero (button) (small blind) showed [Qc 7c] and won ($41.50) with two pair, Jacks and Sevens
Seat 2: **Geka**555 (big blind) mucked


PokerStars Hand #169827282724:  Hold'em Limit ($3/$6 USD) - 2017/05/01 17:02:03 ET
Table 'Metis' 6-max Seat #1 is the button
Seat 1: LeifiBlomero ($88.31 in chips)
Seat 2: **Geka**555 ($65.11 in chips)
LeifiBlomero: posts small blind $1
**Geka**555: posts big blind $3
*** HOLE CARDS ***
LeifiBlomero: raises $3 to $6
**Geka**555: calls $3
*** FLOP *** [8s Tc Jc]
**Geka**555: checks
LeifiBlomero: bets $3
**Geka**555: folds
Uncalled bet ($3) returned to LeifiBlomero
LeifiBlomero collected $11.76 from pot
*** SUMMARY ***
Total pot $12 | Rake $0.24
Board [8s Tc Jc]
Seat 1: LeifiBlomero (button) (small blind) collected ($11.76)
Seat 2: **Geka**555 (big blind) folded on the Flop


