PokerStars Hand #169867863526:  Hold'em Limit ($3/$6 USD) - 2017/05/02 16:03:47 ET
Table 'Metis' 10-max Seat #4 is the button
Seat 4: estech10 ($204.08 in chips)
Seat 5: simper11 ($214.62 in chips)
estech10: posts small blind $1
simper11: posts big blind $3
*** HOLE CARDS ***
estech10: folds
Uncalled bet ($2) returned to simper11
Chessnok leaves the table
simper11 collected $2 from pot
simper11: doesn't show hand
*** SUMMARY ***
Total pot $2 | Rake $0
Seat 4: estech10 (button) (small blind) folded before Flop
Seat 5: simper11 (big blind) collected ($2)


PokerStars Hand #169867858019:  Hold'em Limit ($3/$6 USD) - 2017/05/02 16:03:40 ET
Table 'Metis' 10-max Seat #5 is the button
Seat 4: estech10 ($207.08 in chips)
Seat 5: simper11 ($211.62 in chips)
simper11: posts small blind $1
Chessnok: is sitting out
estech10: posts big blind $3
*** HOLE CARDS ***
simper11: raises $3 to $6
estech10: folds
Uncalled bet ($3) returned to simper11
simper11 collected $6 from pot
simper11: doesn't show hand
*** SUMMARY ***
Total pot $6 | Rake $0
Seat 4: estech10 (big blind) folded before Flop
Seat 5: simper11 (button) (small blind) collected ($6)


PokerStars Hand #169867882289:  Hold'em Limit ($3/$6 USD) - 2017/05/02 16:04:09 ET
Table 'Metis' 10-max Seat #4 is the button
Seat 4: estech10 ($197.08 in chips)
Seat 5: simper11 ($221.38 in chips)
estech10: posts small blind $1
simper11: posts big blind $3
*** HOLE CARDS ***
estech10: folds
Uncalled bet ($2) returned to simper11
simper11 collected $2 from pot
simper11: doesn't show hand
*** SUMMARY ***
Total pot $2 | Rake $0
Seat 4: estech10 (button) (small blind) folded before Flop
Seat 5: simper11 (big blind) collected ($2)


PokerStars Hand #169867869707:  Hold'em Limit ($3/$6 USD) - 2017/05/02 16:03:54 ET
Table 'Metis' 10-max Seat #5 is the button
Seat 4: estech10 ($203.08 in chips)
Seat 5: simper11 ($215.62 in chips)
simper11: posts small blind $1
estech10: posts big blind $3
*** HOLE CARDS ***
simper11: raises $3 to $6
estech10: calls $3
*** FLOP *** [8c 6h Qd]
estech10: checks
simper11: checks
*** TURN *** [8c 6h Qd] [Ks]
estech10: checks
simper11: bets $6
estech10: folds
Uncalled bet ($6) returned to simper11
simper11 collected $11.76 from pot
simper11: doesn't show hand
*** SUMMARY ***
Total pot $12 | Rake $0.24
Board [8c 6h Qd Ks]
Seat 4: estech10 (big blind) folded on the Turn
Seat 5: simper11 (button) (small blind) collected ($11.76)


