PokerStars Hand #160504411722:  Hold'em Limit ($3/$6 USD) - 2016/10/27 9:29:04 ET
Table 'Metis' 6-max Seat #4 is the button
Seat 3: DDriessen ($83 in chips)
Seat 4: Agrotait ($78.88 in chips)
Agrotait: posts small blind $1
DDriessen: posts big blind $3
*** HOLE CARDS ***
Agrotait: raises $3 to $6
DDriessen: folds
Uncalled bet ($3) returned to Agrotait
Agrotait collected $6 from pot
Agrotait: doesn't show hand
*** SUMMARY ***
Total pot $6 | Rake $0
Seat 3: DDriessen (big blind) folded before Flop
Seat 4: Agrotait (button) (small blind) collected ($6)


PokerStars Hand #160504418530:  Hold'em Limit ($3/$6 USD) - 2016/10/27 9:29:15 ET
Table 'Metis' 6-max Seat #3 is the button
Seat 3: DDriessen ($80 in chips)
Seat 4: Agrotait ($81.88 in chips)
DDriessen: posts small blind $1
Agrotait: posts big blind $3
*** HOLE CARDS ***
DDriessen: calls $2
Agrotait: raises $3 to $6
DDriessen: calls $3
*** FLOP *** [Jd Kc Tc]
Agrotait: bets $3
DDriessen: calls $3
*** TURN *** [Jd Kc Tc] [4d]
Agrotait: bets $6
DDriessen: calls $6
*** RIVER *** [Jd Kc Tc 4d] [Qc]
Agrotait: bets $6
DDriessen: folds
Uncalled bet ($6) returned to Agrotait
Agrotait collected $29.50 from pot
Agrotait: doesn't show hand
*** SUMMARY ***
Total pot $30 | Rake $0.50
Board [Jd Kc Tc 4d Qc]
Seat 3: DDriessen (button) (small blind) folded on the River
Seat 4: Agrotait (big blind) collected ($29.50)


PokerStars Hand #160504428605:  Hold'em Limit ($3/$6 USD) - 2016/10/27 9:29:32 ET
Table 'Metis' 6-max Seat #4 is the button
Seat 3: DDriessen ($65 in chips)
Seat 4: Agrotait ($96.38 in chips)
Agrotait: posts small blind $1
DDriessen: posts big blind $3
*** HOLE CARDS ***
Agrotait: raises $3 to $6
DDriessen: folds
Uncalled bet ($3) returned to Agrotait
Agrotait collected $6 from pot
Agrotait: doesn't show hand
*** SUMMARY ***
Total pot $6 | Rake $0
Seat 3: DDriessen (big blind) folded before Flop
Seat 4: Agrotait (button) (small blind) collected ($6)


PokerStars Hand #160504431318:  Hold'em Limit ($3/$6 USD) - 2016/10/27 9:29:36 ET
Table 'Metis' 6-max Seat #3 is the button
Seat 3: DDriessen ($62 in chips)
Seat 4: Agrotait ($99.38 in chips)
DDriessen: posts small blind $1
Agrotait: posts big blind $3
*** HOLE CARDS ***
DDriessen: calls $2
Agrotait: checks
*** FLOP *** [2d 7d 5s]
Agrotait: bets $3
DDriessen: calls $3
*** TURN *** [2d 7d 5s] [Tc]
Agrotait: bets $6
DDriessen: calls $6
*** RIVER *** [2d 7d 5s Tc] [Ah]
Agrotait: checks
DDriessen: bets $6
Agrotait: calls $6
*** SHOW DOWN ***
DDriessen: shows [8s Ad] (a pair of Aces)
Agrotait: mucks hand
DDriessen collected $35.50 from pot
*** SUMMARY ***
Total pot $36 | Rake $0.50
Board [2d 7d 5s Tc Ah]
Seat 3: DDriessen (button) (small blind) showed [8s Ad] and won ($35.50) with a pair of Aces
Seat 4: Agrotait (big blind) mucked


PokerStars Hand #160504443439:  Hold'em Limit ($3/$6 USD) - 2016/10/27 9:29:56 ET
Table 'Metis' 6-max Seat #3 is the button
Seat 3: DDriessen ($80.50 in chips)
Seat 4: Agrotait ($80.38 in chips)
DDriessen: posts small blind $1
Agrotait: posts big blind $3
*** HOLE CARDS ***
DDriessen: calls $2
Agrotait: checks
*** FLOP *** [Ah 6h Kc]
Agrotait: bets $3
DDriessen: folds
Uncalled bet ($3) returned to Agrotait
Agrotait collected $5.88 from pot
Agrotait: doesn't show hand
*** SUMMARY ***
Total pot $6 | Rake $0.12
Board [Ah 6h Kc]
Seat 3: DDriessen (button) (small blind) folded on the Flop
Seat 4: Agrotait (big blind) collected ($5.88)


PokerStars Hand #160504448875:  Hold'em Limit ($3/$6 USD) - 2016/10/27 9:30:05 ET
Table 'Metis' 6-max Seat #4 is the button
Seat 3: DDriessen ($77.50 in chips)
Seat 4: Agrotait ($83.26 in chips)
Agrotait: posts small blind $1
DDriessen: posts big blind $3
*** HOLE CARDS ***
Agrotait: raises $3 to $6
DDriessen: calls $3
*** FLOP *** [Tc 9h 9c]
DDriessen: checks
Agrotait: bets $3
DDriessen: folds
Uncalled bet ($3) returned to Agrotait
Agrotait collected $11.76 from pot
Agrotait: doesn't show hand
*** SUMMARY ***
Total pot $12 | Rake $0.24
Board [Tc 9h 9c]
Seat 3: DDriessen (big blind) folded on the Flop
Seat 4: Agrotait (button) (small blind) collected ($11.76)


PokerStars Hand #160504465672:  Hold'em Limit ($3/$6 USD) - 2016/10/27 9:30:33 ET
Table 'Metis' 6-max Seat #4 is the button
Seat 3: DDriessen ($77.26 in chips)
Seat 4: Agrotait ($83.02 in chips)
Agrotait: posts small blind $1
DDriessen: posts big blind $3
*** HOLE CARDS ***
Agrotait: raises $3 to $6
DDriessen: calls $3
*** FLOP *** [2d Qc 8c]
DDriessen: checks
Agrotait: bets $3
DDriessen: calls $3
*** TURN *** [2d Qc 8c] [8d]
DDriessen: bets $6
Agrotait: calls $6
*** RIVER *** [2d Qc 8c 8d] [Qs]
DDriessen: checks
Agrotait: checks
*** SHOW DOWN ***
DDriessen: shows [5c 5s] (two pair, Queens and Eights)
Agrotait: shows [Ad 9c] (two pair, Queens and Eights - Ace kicker)
Agrotait collected $29.50 from pot
*** SUMMARY ***
Total pot $30 | Rake $0.50
Board [2d Qc 8c 8d Qs]
Seat 3: DDriessen (big blind) showed [5c 5s] and lost with two pair, Queens and Eights
Seat 4: Agrotait (button) (small blind) showed [Ad 9c] and won ($29.50) with two pair, Queens and Eights


PokerStars Hand #160504476441:  Hold'em Limit ($3/$6 USD) - 2016/10/27 9:30:51 ET
Table 'Metis' 6-max Seat #3 is the button
Seat 3: DDriessen ($62.26 in chips)
Seat 4: Agrotait ($97.52 in chips)
DDriessen: posts small blind $1
Agrotait: posts big blind $3
*** HOLE CARDS ***
DDriessen: calls $2
Agrotait: raises $3 to $6
andrey0709 joins the table at seat #2
DDriessen: calls $3
*** FLOP *** [Jd Tc 3h]
Agrotait: bets $3
DDriessen: raises $3 to $6
Agrotait: calls $3
*** TURN *** [Jd Tc 3h] [Jh]
Agrotait: checks
DDriessen: bets $6
Agrotait: calls $6
*** RIVER *** [Jd Tc 3h Jh] [9s]
Agrotait: checks
DDriessen: bets $6
Agrotait: calls $6
*** SHOW DOWN ***
DDriessen: shows [Qd Js] (three of a kind, Jacks)
Agrotait: mucks hand
DDriessen collected $47.50 from pot
*** SUMMARY ***
Total pot $48 | Rake $0.50
Board [Jd Tc 3h Jh 9s]
Seat 3: DDriessen (button) (small blind) showed [Qd Js] and won ($47.50) with three of a kind, Jacks
Seat 4: Agrotait (big blind) mucked


PokerStars Hand #160504454606:  Hold'em Limit ($3/$6 USD) - 2016/10/27 9:30:15 ET
Table 'Metis' 6-max Seat #3 is the button
Seat 3: DDriessen ($71.50 in chips)
Seat 4: Agrotait ($89.02 in chips)
DDriessen: posts small blind $1
Agrotait: posts big blind $3
*** HOLE CARDS ***
DDriessen: calls $2
Agrotait: checks
*** FLOP *** [6h 6d Qd]
Agrotait: bets $3
DDriessen: calls $3
*** TURN *** [6h 6d Qd] [Ac]
Agrotait: checks
DDriessen: bets $6
Agrotait: folds
Uncalled bet ($6) returned to DDriessen
DDriessen collected $11.76 from pot
DDriessen: doesn't show hand
*** SUMMARY ***
Total pot $12 | Rake $0.24
Board [6h 6d Qd Ac]
Seat 3: DDriessen (button) (small blind) collected ($11.76)
Seat 4: Agrotait (big blind) folded on the Turn


PokerStars Hand #160504597884:  Hold'em Limit ($3/$6 USD) - 2016/10/27 9:34:11 ET
Table 'Metis' 6-max Seat #4 is the button
Seat 3: DDriessen ($64.59 in chips)
Seat 4: Agrotait ($83.28 in chips)
Agrotait: posts small blind $1
andrey0709: is sitting out
DDriessen: posts big blind $3
*** HOLE CARDS ***
andrey0709 leaves the table
Agrotait: raises $3 to $6
DDriessen: calls $3
*** FLOP *** [3d Ad 3c]
DDriessen: bets $3
Agrotait: calls $3
*** TURN *** [3d Ad 3c] [Jd]
DDriessen: bets $6
Agrotait: folds
Uncalled bet ($6) returned to DDriessen
DDriessen collected $17.64 from pot
DDriessen: doesn't show hand
*** SUMMARY ***
Total pot $18 | Rake $0.36
Board [3d Ad 3c Jd]
Seat 3: DDriessen (big blind) collected ($17.64)
Seat 4: Agrotait (button) (small blind) folded on the Turn


PokerStars Hand #160504621416:  Hold'em Limit ($3/$6 USD) - 2016/10/27 9:34:50 ET
Table 'Metis' 6-max Seat #3 is the button
Seat 3: DDriessen ($73.11 in chips)
Seat 4: Agrotait ($74.28 in chips)
DDriessen: posts small blind $1
Agrotait: posts big blind $3
*** HOLE CARDS ***
DDriessen: calls $2
Agrotait: checks
*** FLOP *** [4d 4c Qc]
Agrotait: bets $3
DDriessen: calls $3
*** TURN *** [4d 4c Qc] [Kd]
Agrotait: checks
DDriessen: checks
*** RIVER *** [4d 4c Qc Kd] [7d]
Agrotait: checks
DDriessen: checks
*** SHOW DOWN ***
Agrotait: shows [3h Jh] (a pair of Fours)
DDriessen: shows [5c 5s] (two pair, Fives and Fours)
DDriessen collected $11.76 from pot
*** SUMMARY ***
Total pot $12 | Rake $0.24
Board [4d 4c Qc Kd 7d]
Seat 3: DDriessen (button) (small blind) showed [5c 5s] and won ($11.76) with two pair, Fives and Fours
Seat 4: Agrotait (big blind) showed [3h Jh] and lost with a pair of Fours


PokerStars Hand #160504639313:  Hold'em Limit ($3/$6 USD) - 2016/10/27 9:35:20 ET
Table 'Metis' 6-max Seat #3 is the button
Seat 3: DDriessen ($78.69 in chips)
Seat 4: Agrotait ($68.10 in chips)
DDriessen: posts small blind $1
Agrotait: posts big blind $3
*** HOLE CARDS ***
DDriessen: folds
Uncalled bet ($2) returned to Agrotait
Agrotait collected $2 from pot
Agrotait: doesn't show hand
*** SUMMARY ***
Total pot $2 | Rake $0
Seat 3: DDriessen (button) (small blind) folded before Flop
Seat 4: Agrotait (big blind) collected ($2)


PokerStars Hand #160504629683:  Hold'em Limit ($3/$6 USD) - 2016/10/27 9:35:04 ET
Table 'Metis' 6-max Seat #4 is the button
Seat 3: DDriessen ($78.87 in chips)
Seat 4: Agrotait ($68.28 in chips)
Agrotait: posts small blind $1
DDriessen: posts big blind $3
*** HOLE CARDS ***
Agrotait: raises $3 to $6
DDriessen: calls $3
*** FLOP *** [6s Ts Th]
DDriessen: checks
Agrotait: bets $3
DDriessen: calls $3
*** TURN *** [6s Ts Th] [Jc]
DDriessen: checks
Agrotait: checks
*** RIVER *** [6s Ts Th Jc] [Ad]
DDriessen: checks
Agrotait: checks
*** SHOW DOWN ***
DDriessen: shows [3h Qh] (a pair of Tens)
Agrotait: shows [2h Qs] (a pair of Tens)
DDriessen collected $8.82 from pot
Agrotait collected $8.82 from pot
*** SUMMARY ***
Total pot $18 | Rake $0.36
Board [6s Ts Th Jc Ad]
Seat 3: DDriessen (big blind) showed [3h Qh] and won ($8.82) with a pair of Tens
Seat 4: Agrotait (button) (small blind) showed [2h Qs] and won ($8.82) with a pair of Tens


PokerStars Hand #160504641771:  Hold'em Limit ($3/$6 USD) - 2016/10/27 9:35:24 ET
Table 'Metis' 6-max Seat #4 is the button
Seat 3: DDriessen ($77.69 in chips)
Seat 4: Agrotait ($69.10 in chips)
Agrotait: posts small blind $1
DDriessen: posts big blind $3
*** HOLE CARDS ***
Agrotait: raises $3 to $6
DDriessen: calls $3
*** FLOP *** [3d 8d Js]
DDriessen: bets $3
Agrotait: folds
Uncalled bet ($3) returned to DDriessen
DDriessen collected $11.76 from pot
DDriessen: doesn't show hand
*** SUMMARY ***
Total pot $12 | Rake $0.24
Board [3d 8d Js]
Seat 3: DDriessen (big blind) collected ($11.76)
Seat 4: Agrotait (button) (small blind) folded on the Flop


PokerStars Hand #160504618552:  Hold'em Limit ($3/$6 USD) - 2016/10/27 9:34:46 ET
Table 'Metis' 6-max Seat #4 is the button
Seat 3: DDriessen ($76.11 in chips)
Seat 4: Agrotait ($71.28 in chips)
Agrotait: posts small blind $1
DDriessen: posts big blind $3
*** HOLE CARDS ***
Agrotait: raises $3 to $6
DDriessen: folds
Uncalled bet ($3) returned to Agrotait
Agrotait collected $6 from pot
Agrotait: doesn't show hand
*** SUMMARY ***
Total pot $6 | Rake $0
Seat 3: DDriessen (big blind) folded before Flop
Seat 4: Agrotait (button) (small blind) collected ($6)


PokerStars Hand #160504610525:  Hold'em Limit ($3/$6 USD) - 2016/10/27 9:34:32 ET
Table 'Metis' 6-max Seat #3 is the button
Seat 3: DDriessen ($73.23 in chips)
Seat 4: Agrotait ($74.28 in chips)
DDriessen: posts small blind $1
Agrotait: posts big blind $3
*** HOLE CARDS ***
DDriessen: calls $2
Agrotait: checks
*** FLOP *** [8d Ah 6d]
Agrotait: checks
DDriessen: bets $3
Agrotait: folds
Uncalled bet ($3) returned to DDriessen
DDriessen collected $5.88 from pot
DDriessen: doesn't show hand
*** SUMMARY ***
Total pot $6 | Rake $0.12
Board [8d Ah 6d]
Seat 3: DDriessen (button) (small blind) collected ($5.88)
Seat 4: Agrotait (big blind) folded on the Flop


PokerStars Hand #160504673602:  Hold'em Limit ($3/$6 USD) - 2016/10/27 9:36:18 ET
Table 'Metis' 6-max Seat #4 is the button
Seat 3: DDriessen ($97.95 in chips)
Seat 4: Agrotait ($72 in chips)
Agrotait: posts small blind $1
DDriessen: posts big blind $3
*** HOLE CARDS ***
Agrotait: raises $3 to $6
DDriessen: folds
Uncalled bet ($3) returned to Agrotait
Agrotait collected $6 from pot
Agrotait: doesn't show hand
*** SUMMARY ***
Total pot $6 | Rake $0
Seat 3: DDriessen (big blind) folded before Flop
Seat 4: Agrotait (button) (small blind) collected ($6)


PokerStars Hand #160504671469:  Hold'em Limit ($3/$6 USD) - 2016/10/27 9:36:13 ET
Table 'Metis' 6-max Seat #3 is the button
Seat 3: DDriessen ($98.95 in chips)
Seat 4: Agrotait ($71 in chips)
DDriessen: posts small blind $1
Agrotait: posts big blind $3
*** HOLE CARDS ***
DDriessen: folds
Uncalled bet ($2) returned to Agrotait
Agrotait collected $2 from pot
Agrotait: doesn't show hand
*** SUMMARY ***
Total pot $2 | Rake $0
Seat 3: DDriessen (button) (small blind) folded before Flop
Seat 4: Agrotait (big blind) collected ($2)


PokerStars Hand #160504668432:  Hold'em Limit ($3/$6 USD) - 2016/10/27 9:36:08 ET
Table 'Metis' 6-max Seat #4 is the button
Seat 3: DDriessen ($97.95 in chips)
Seat 4: Agrotait ($72 in chips)
Agrotait: posts small blind $1
DDriessen: posts big blind $3
*** HOLE CARDS ***
Agrotait: folds
Uncalled bet ($2) returned to DDriessen
DDriessen collected $2 from pot
DDriessen: doesn't show hand
*** SUMMARY ***
Total pot $2 | Rake $0
Seat 3: DDriessen (big blind) collected ($2)
Seat 4: Agrotait (button) (small blind) folded before Flop


PokerStars Hand #160504646954:  Hold'em Limit ($3/$6 USD) - 2016/10/27 9:35:33 ET
Table 'Metis' 6-max Seat #3 is the button
Seat 3: DDriessen ($83.45 in chips)
Seat 4: Agrotait ($63.10 in chips)
DDriessen: posts small blind $1
Agrotait: posts big blind $3
*** HOLE CARDS ***
DDriessen: calls $2
Agrotait: checks
*** FLOP *** [Tc 9d 8d]
Agrotait: bets $3
DDriessen: raises $3 to $6
Agrotait: calls $3
*** TURN *** [Tc 9d 8d] [Th]
Agrotait: checks
DDriessen: bets $6
Agrotait: calls $6
*** RIVER *** [Tc 9d 8d Th] [4h]
Agrotait: checks
DDriessen: bets $6
Agrotait: folds
Uncalled bet ($6) returned to DDriessen
DDriessen collected $29.50 from pot
DDriessen: doesn't show hand
*** SUMMARY ***
Total pot $30 | Rake $0.50
Board [Tc 9d 8d Th 4h]
Seat 3: DDriessen (button) (small blind) collected ($29.50)
Seat 4: Agrotait (big blind) folded on the River


PokerStars Hand #160504674495:  Hold'em Limit ($3/$6 USD) - 2016/10/27 9:36:23 ET
Table 'Metis' 6-max Seat #3 is the button
Seat 3: DDriessen ($94.95 in chips)
Seat 4: Agrotait ($75 in chips)
DDriessen: posts small blind $1
Agrotait: posts big blind $3
*** HOLE CARDS ***
DDriessen: folds
Uncalled bet ($2) returned to Agrotait
Agrotait collected $2 from pot
Agrotait: doesn't show hand
*** SUMMARY ***
Total pot $2 | Rake $0
Seat 3: DDriessen (button) (small blind) folded before Flop
Seat 4: Agrotait (big blind) collected ($2)


PokerStars Hand #160504678864:  Hold'em Limit ($3/$6 USD) - 2016/10/27 9:36:27 ET
Table 'Metis' 6-max Seat #4 is the button
Seat 3: DDriessen ($93.95 in chips)
Seat 4: Agrotait ($76 in chips)
Agrotait: posts small blind $1
DDriessen: posts big blind $3
*** HOLE CARDS ***
Agrotait: raises $3 to $6
DDriessen: calls $3
*** FLOP *** [Ks 5d Tc]
DDriessen: checks
Agrotait: bets $3
DDriessen: calls $3
*** TURN *** [Ks 5d Tc] [Kh]
DDriessen: bets $6
Agrotait: folds
Uncalled bet ($6) returned to DDriessen
DDriessen collected $17.64 from pot
DDriessen: doesn't show hand
*** SUMMARY ***
Total pot $18 | Rake $0.36
Board [Ks 5d Tc Kh]
Seat 3: DDriessen (big blind) collected ($17.64)
Seat 4: Agrotait (button) (small blind) folded on the Turn


PokerStars Hand #160504692016:  Hold'em Limit ($3/$6 USD) - 2016/10/27 9:36:49 ET
Table 'Metis' 6-max Seat #3 is the button
Seat 3: DDriessen ($102.59 in chips)
Seat 4: Agrotait ($67 in chips)
DDriessen: posts small blind $1
Agrotait: posts big blind $3
*** HOLE CARDS ***
DDriessen: calls $2
Agrotait: raises $3 to $6
DDriessen: calls $3
*** FLOP *** [2d Qs 8h]
Agrotait: bets $3
DDriessen: raises $3 to $6
Agrotait: folds
Uncalled bet ($3) returned to DDriessen
DDriessen collected $17.64 from pot
DDriessen: doesn't show hand
*** SUMMARY ***
Total pot $18 | Rake $0.36
Board [2d Qs 8h]
Seat 3: DDriessen (button) (small blind) collected ($17.64)
Seat 4: Agrotait (big blind) folded on the Flop


