PokerStars Hand #166255338743:  Hold'em Limit ($3/$6 USD) - 2017/02/15 13:56:06 ET
Table 'Metsahovi' 6-max Seat #3 is the button
Seat 3: gekos21 ($20.71 in chips)
Seat 6: kimendo3 ($55.65 in chips)
gekos21: posts small blind $1
kimendo3: posts big blind $3
*** HOLE CARDS ***
gekos21: raises $3 to $6
kimendo3: raises $3 to $9
gekos21: raises $3 to $12
Betting is capped
kimendo3: calls $3
*** FLOP *** [9c Td Qh]
kimendo3: checks
gekos21: bets $3
kimendo3: calls $3
*** TURN *** [9c Td Qh] [8d]
kimendo3: checks
gekos21: bets $5.71 and is all-in
kimendo3: folds
Uncalled bet ($5.71) returned to gekos21
Jack_Wu1985 joins the table at seat #2
gekos21 collected $29.50 from pot
gekos21: doesn't show hand
*** SUMMARY ***
Total pot $30 | Rake $0.50
Board [9c Td Qh 8d]
Seat 3: gekos21 (button) (small blind) collected ($29.50)
Seat 6: kimendo3 (big blind) folded on the Turn


PokerStars Hand #166255656689:  Hold'em Limit ($3/$6 USD) - 2017/02/15 14:02:37 ET
Table 'Metsahovi' 6-max Seat #6 is the button
Seat 3: gekos21 ($35.21 in chips)
Seat 6: kimendo3 ($40.65 in chips)
kimendo3: posts small blind $1
gekos21: posts big blind $3
*** HOLE CARDS ***
kimendo3: calls $2
gekos21: raises $3 to $6
kimendo3: calls $3
*** FLOP *** [9h Js 6c]
gekos21: bets $3
kimendo3: calls $3
*** TURN *** [9h Js 6c] [6h]
gekos21: bets $6
kimendo3: folds
Uncalled bet ($6) returned to gekos21
gekos21 collected $17.64 from pot
gekos21: doesn't show hand
*** SUMMARY ***
Total pot $18 | Rake $0.36
Board [9h Js 6c 6h]
Seat 3: gekos21 (big blind) collected ($17.64)
Seat 6: kimendo3 (button) (small blind) folded on the Turn


PokerStars Hand #166255672430:  Hold'em Limit ($3/$6 USD) - 2017/02/15 14:02:54 ET
Table 'Metsahovi' 6-max Seat #3 is the button
Seat 3: gekos21 ($43.85 in chips)
Seat 6: kimendo3 ($31.65 in chips)
gekos21: posts small blind $1
kimendo3: posts big blind $3
Jack_Wu1985 joins the table at seat #4
*** HOLE CARDS ***
gekos21: raises $3 to $6
kimendo3: raises $3 to $9
gekos21: calls $3
*** FLOP *** [5d 8c 2h]
kimendo3: bets $3
gekos21: folds
Uncalled bet ($3) returned to kimendo3
kimendo3 collected $17.64 from pot
kimendo3: doesn't show hand
*** SUMMARY ***
Total pot $18 | Rake $0.36
Board [5d 8c 2h]
Seat 3: gekos21 (button) (small blind) folded on the Flop
Seat 6: kimendo3 (big blind) collected ($17.64)


