PokerStars Hand #172172970649:  Hold'em Limit ($3/$6 USD) - 2017/06/24 7:55:08 ET
Table 'Metsahovi' 6-max Seat #2 is the button
Seat 1: Cowgirlgea ($44.50 in chips)
Seat 2: AzureCaper ($72 in chips)
AzureCaper: posts small blind $1
Cowgirlgea: posts big blind $3
*** HOLE CARDS ***
Agrotait leaves the table
AzureCaper: raises $3 to $6
Cowgirlgea: folds
Uncalled bet ($3) returned to AzureCaper
AzureCaper collected $6 from pot
AzureCaper: doesn't show hand
*** SUMMARY ***
Total pot $6 | Rake $0
Seat 1: Cowgirlgea (big blind) folded before Flop
Seat 2: AzureCaper (button) (small blind) collected ($6)


PokerStars Hand #172172960377:  Hold'em Limit ($3/$6 USD) - 2017/06/24 7:54:46 ET
Table 'Metsahovi' 6-max Seat #2 is the button
Seat 1: Cowgirlgea ($29 in chips)
Seat 2: AzureCaper ($73 in chips)
AzureCaper: posts small blind $1
Cowgirlgea: posts big blind $3
*** HOLE CARDS ***
AzureCaper: folds
Uncalled bet ($2) returned to Cowgirlgea
Cowgirlgea collected $2 from pot
Cowgirlgea: doesn't show hand
*** SUMMARY ***
Total pot $2 | Rake $0
Seat 1: Cowgirlgea (big blind) collected ($2)
Seat 2: AzureCaper (button) (small blind) folded before Flop


PokerStars Hand #172172957343:  Hold'em Limit ($3/$6 USD) - 2017/06/24 7:54:39 ET
Table 'Metsahovi' 6-max Seat #1 is the button
Seat 1: Cowgirlgea ($30 in chips)
Seat 2: AzureCaper ($72 in chips)
Cowgirlgea: posts small blind $1
AzureCaper: posts big blind $3
*** HOLE CARDS ***
Cowgirlgea: folds
Uncalled bet ($2) returned to AzureCaper
AzureCaper collected $2 from pot
AzureCaper: doesn't show hand
*** SUMMARY ***
Total pot $2 | Rake $0
Seat 1: Cowgirlgea (button) (small blind) folded before Flop
Seat 2: AzureCaper (big blind) collected ($2)


PokerStars Hand #172172962900:  Hold'em Limit ($3/$6 USD) - 2017/06/24 7:54:51 ET
Table 'Metsahovi' 6-max Seat #1 is the button
Seat 1: Cowgirlgea ($30 in chips)
Seat 2: AzureCaper ($72 in chips)
Cowgirlgea: posts small blind $1
AzureCaper: posts big blind $3
*** HOLE CARDS ***
Cowgirlgea: raises $3 to $6
AzureCaper: calls $3
*** FLOP *** [Ts 7h Qd]
AzureCaper: checks
Cowgirlgea: bets $3
AzureCaper: calls $3
*** TURN *** [Ts 7h Qd] [7s]
AzureCaper: checks
Cowgirlgea: bets $6
AzureCaper: calls $6
*** RIVER *** [Ts 7h Qd 7s] [4c]
AzureCaper: checks
Cowgirlgea: bets $6
AzureCaper: folds
Uncalled bet ($6) returned to Cowgirlgea
Cowgirlgea collected $29.50 from pot
Cowgirlgea: doesn't show hand
*** SUMMARY ***
Total pot $30 | Rake $0.50
Board [Ts 7h Qd 7s 4c]
Seat 1: Cowgirlgea (button) (small blind) collected ($29.50)
Seat 2: AzureCaper (big blind) folded on the River


PokerStars Hand #172172973613:  Hold'em Limit ($3/$6 USD) - 2017/06/24 7:55:16 ET
Table 'Metsahovi' 6-max Seat #1 is the button
Seat 1: Cowgirlgea ($41.50 in chips)
Seat 2: AzureCaper ($75 in chips)
Cowgirlgea: posts small blind $1
AzureCaper: posts big blind $3
*** HOLE CARDS ***
Cowgirlgea: calls $2
AzureCaper: checks
*** FLOP *** [6s 8h Qd]
AzureCaper: bets $3
Cowgirlgea: folds
Uncalled bet ($3) returned to AzureCaper
AzureCaper collected $5.88 from pot
AzureCaper: doesn't show hand
*** SUMMARY ***
Total pot $6 | Rake $0.12
Board [6s 8h Qd]
Seat 1: Cowgirlgea (button) (small blind) folded on the Flop
Seat 2: AzureCaper (big blind) collected ($5.88)


PokerStars Hand #172172989092:  Hold'em Limit ($3/$6 USD) - 2017/06/24 7:55:54 ET
Table 'Metsahovi' 6-max Seat #2 is the button
Seat 1: Cowgirlgea ($32.50 in chips)
Seat 2: AzureCaper ($83.52 in chips)
AzureCaper: posts small blind $1
Cowgirlgea: posts big blind $3
*** HOLE CARDS ***
AzureCaper: raises $3 to $6
Cowgirlgea: folds
Uncalled bet ($3) returned to AzureCaper
AzureCaper collected $6 from pot
AzureCaper: doesn't show hand
*** SUMMARY ***
Total pot $6 | Rake $0
Seat 1: Cowgirlgea (big blind) folded before Flop
Seat 2: AzureCaper (button) (small blind) collected ($6)


PokerStars Hand #172172985769:  Hold'em Limit ($3/$6 USD) - 2017/06/24 7:55:45 ET
Table 'Metsahovi' 6-max Seat #1 is the button
Seat 1: Cowgirlgea ($29.50 in chips)
Seat 2: AzureCaper ($86.52 in chips)
Cowgirlgea: posts small blind $1
AzureCaper: posts big blind $3
*** HOLE CARDS ***
Cowgirlgea: raises $3 to $6
AzureCaper: folds
Uncalled bet ($3) returned to Cowgirlgea
Cowgirlgea collected $6 from pot
Cowgirlgea: doesn't show hand
*** SUMMARY ***
Total pot $6 | Rake $0
Seat 1: Cowgirlgea (button) (small blind) collected ($6)
Seat 2: AzureCaper (big blind) folded before Flop


PokerStars Hand #172172978367:  Hold'em Limit ($3/$6 USD) - 2017/06/24 7:55:27 ET
Table 'Metsahovi' 6-max Seat #2 is the button
Seat 1: Cowgirlgea ($38.50 in chips)
Seat 2: AzureCaper ($77.88 in chips)
AzureCaper: posts small blind $1
Cowgirlgea: posts big blind $3
*** HOLE CARDS ***
AzureCaper: raises $3 to $6
Cowgirlgea: calls $3
*** FLOP *** [Td 6s Js]
Cowgirlgea: checks
AzureCaper: bets $3
Cowgirlgea: calls $3
*** TURN *** [Td 6s Js] [5s]
Cowgirlgea: checks
AzureCaper: bets $6
Cowgirlgea: folds
Uncalled bet ($6) returned to AzureCaper
AzureCaper collected $17.64 from pot
AzureCaper: doesn't show hand
*** SUMMARY ***
Total pot $18 | Rake $0.36
Board [Td 6s Js 5s]
Seat 1: Cowgirlgea (big blind) folded on the Turn
Seat 2: AzureCaper (button) (small blind) collected ($17.64)


PokerStars Hand #172172991684:  Hold'em Limit ($3/$6 USD) - 2017/06/24 7:56:00 ET
Table 'Metsahovi' 6-max Seat #1 is the button
Seat 1: Cowgirlgea ($29.50 in chips)
Seat 2: AzureCaper ($86.52 in chips)
Cowgirlgea: posts small blind $1
AzureCaper: posts big blind $3
*** HOLE CARDS ***
Cowgirlgea: calls $2
AzureCaper: raises $3 to $6
Cowgirlgea: calls $3
*** FLOP *** [Jc Ks 9d]
AzureCaper: bets $3
Cowgirlgea: calls $3
*** TURN *** [Jc Ks 9d] [Tc]
AzureCaper: checks
Cowgirlgea: bets $6
AzureCaper: folds
Uncalled bet ($6) returned to Cowgirlgea
Cowgirlgea collected $17.64 from pot
Cowgirlgea: doesn't show hand
*** SUMMARY ***
Total pot $18 | Rake $0.36
Board [Jc Ks 9d Tc]
Seat 1: Cowgirlgea (button) (small blind) collected ($17.64)
Seat 2: AzureCaper (big blind) folded on the Turn


PokerStars Hand #172172999653:  Hold'em Limit ($3/$6 USD) - 2017/06/24 7:56:19 ET
Table 'Metsahovi' 6-max Seat #2 is the button
Seat 1: Cowgirlgea ($38.14 in chips)
Seat 2: AzureCaper ($77.52 in chips)
AzureCaper: posts small blind $1
Cowgirlgea: posts big blind $3
*** HOLE CARDS ***
AzureCaper: raises $3 to $6
Cowgirlgea: folds
Uncalled bet ($3) returned to AzureCaper
AzureCaper collected $6 from pot
AzureCaper: doesn't show hand
*** SUMMARY ***
Total pot $6 | Rake $0
Seat 1: Cowgirlgea (big blind) folded before Flop
Seat 2: AzureCaper (button) (small blind) collected ($6)


PokerStars Hand #172173015077:  Hold'em Limit ($3/$6 USD) - 2017/06/24 7:56:57 ET
Table 'Metsahovi' 6-max Seat #1 is the button
Seat 1: Cowgirlgea ($55.40 in chips)
Seat 2: AzureCaper ($72 in chips)
Cowgirlgea: posts small blind $1
AzureCaper: posts big blind $3
*** HOLE CARDS ***
Cowgirlgea: calls $2
AzureCaper: raises $3 to $6
Cowgirlgea: calls $3
*** FLOP *** [2c 6h 7c]
AzureCaper: bets $3
Cowgirlgea: calls $3
*** TURN *** [2c 6h 7c] [4c]
AzureCaper: bets $6
Cowgirlgea: folds
Uncalled bet ($6) returned to AzureCaper
AzureCaper collected $17.64 from pot
AzureCaper: doesn't show hand
*** SUMMARY ***
Total pot $18 | Rake $0.36
Board [2c 6h 7c 4c]
Seat 1: Cowgirlgea (button) (small blind) folded on the Turn
Seat 2: AzureCaper (big blind) collected ($17.64)


PokerStars Hand #172173024208:  Hold'em Limit ($3/$6 USD) - 2017/06/24 7:57:19 ET
Table 'Metsahovi' 6-max Seat #1 is the button
Seat 1: Cowgirlgea ($40.40 in chips)
Seat 2: AzureCaper ($86.40 in chips)
Cowgirlgea: posts small blind $1
AzureCaper: posts big blind $3
*** HOLE CARDS ***
Cowgirlgea: raises $3 to $6
AzureCaper: folds
Uncalled bet ($3) returned to Cowgirlgea
Cowgirlgea collected $6 from pot
Cowgirlgea: doesn't show hand
*** SUMMARY ***
Total pot $6 | Rake $0
Seat 1: Cowgirlgea (button) (small blind) collected ($6)
Seat 2: AzureCaper (big blind) folded before Flop


PokerStars Hand #172173020617:  Hold'em Limit ($3/$6 USD) - 2017/06/24 7:57:10 ET
Table 'Metsahovi' 6-max Seat #2 is the button
Seat 1: Cowgirlgea ($46.40 in chips)
Seat 2: AzureCaper ($80.64 in chips)
AzureCaper: posts small blind $1
Cowgirlgea: posts big blind $3
*** HOLE CARDS ***
AzureCaper: raises $3 to $6
Cowgirlgea: calls $3
*** FLOP *** [Kh 5d 8d]
Cowgirlgea: checks
AzureCaper: bets $3
Cowgirlgea: folds
Uncalled bet ($3) returned to AzureCaper
AzureCaper collected $11.76 from pot
AzureCaper: doesn't show hand
*** SUMMARY ***
Total pot $12 | Rake $0.24
Board [Kh 5d 8d]
Seat 1: Cowgirlgea (big blind) folded on the Flop
Seat 2: AzureCaper (button) (small blind) collected ($11.76)


PokerStars Hand #172173002314:  Hold'em Limit ($3/$6 USD) - 2017/06/24 7:56:26 ET
Table 'Metsahovi' 6-max Seat #1 is the button
Seat 1: Cowgirlgea ($35.14 in chips)
Seat 2: AzureCaper ($80.52 in chips)
Cowgirlgea: posts small blind $1
AzureCaper: posts big blind $3
*** HOLE CARDS ***
Cowgirlgea: raises $3 to $6
AzureCaper: calls $3
*** FLOP *** [9h Qh Qs]
AzureCaper: checks
Cowgirlgea: bets $3
AzureCaper: folds
Uncalled bet ($3) returned to Cowgirlgea
Cowgirlgea collected $11.76 from pot
Cowgirlgea: doesn't show hand
*** SUMMARY ***
Total pot $12 | Rake $0.24
Board [9h Qh Qs]
Seat 1: Cowgirlgea (button) (small blind) collected ($11.76)
Seat 2: AzureCaper (big blind) folded on the Flop


PokerStars Hand #172173006992:  Hold'em Limit ($3/$6 USD) - 2017/06/24 7:56:37 ET
Table 'Metsahovi' 6-max Seat #2 is the button
Seat 1: Cowgirlgea ($40.90 in chips)
Seat 2: AzureCaper ($74.52 in chips)
AzureCaper: posts small blind $1
Cowgirlgea: posts big blind $3
*** HOLE CARDS ***
AzureCaper: raises $3 to $6
Cowgirlgea: calls $3
*** FLOP *** [Td 4h 2d]
Cowgirlgea: checks
AzureCaper: bets $3
Cowgirlgea: calls $3
*** TURN *** [Td 4h 2d] [8h]
Cowgirlgea: checks
AzureCaper: bets $6
Cowgirlgea: calls $6
*** RIVER *** [Td 4h 2d 8h] [Ks]
Cowgirlgea: bets $6
AzureCaper: folds
Uncalled bet ($6) returned to Cowgirlgea
Cowgirlgea collected $29.50 from pot
Cowgirlgea: doesn't show hand
*** SUMMARY ***
Total pot $30 | Rake $0.50
Board [Td 4h 2d 8h Ks]
Seat 1: Cowgirlgea (big blind) collected ($29.50)
Seat 2: AzureCaper (button) (small blind) folded on the River


PokerStars Hand #172173040489:  Hold'em Limit ($3/$6 USD) - 2017/06/24 7:57:58 ET
Table 'Metsahovi' 6-max Seat #1 is the button
Seat 1: Cowgirlgea ($30.40 in chips)
Seat 2: AzureCaper ($95.92 in chips)
Cowgirlgea: posts small blind $1
AzureCaper: posts big blind $3
*** HOLE CARDS ***
Cowgirlgea: folds
Uncalled bet ($2) returned to AzureCaper
AzureCaper collected $2 from pot
AzureCaper: doesn't show hand
*** SUMMARY ***
Total pot $2 | Rake $0
Seat 1: Cowgirlgea (button) (small blind) folded before Flop
Seat 2: AzureCaper (big blind) collected ($2)


PokerStars Hand #172173026710:  Hold'em Limit ($3/$6 USD) - 2017/06/24 7:57:25 ET
Table 'Metsahovi' 6-max Seat #2 is the button
Seat 1: Cowgirlgea ($43.40 in chips)
Seat 2: AzureCaper ($83.40 in chips)
AzureCaper: posts small blind $1
Cowgirlgea: posts big blind $3
*** HOLE CARDS ***
AzureCaper: raises $3 to $6
Cowgirlgea: calls $3
*** FLOP *** [Qh Jc 9c]
Cowgirlgea: checks
AzureCaper: bets $3
Cowgirlgea: folds
Uncalled bet ($3) returned to AzureCaper
AzureCaper collected $11.76 from pot
AzureCaper: doesn't show hand
*** SUMMARY ***
Total pot $12 | Rake $0.24
Board [Qh Jc 9c]
Seat 1: Cowgirlgea (big blind) folded on the Flop
Seat 2: AzureCaper (button) (small blind) collected ($11.76)


PokerStars Hand #172173045060:  Hold'em Limit ($3/$6 USD) - 2017/06/24 7:58:10 ET
Table 'Metsahovi' 6-max Seat #1 is the button
Seat 1: Cowgirlgea ($30.40 in chips)
Seat 2: AzureCaper ($95.92 in chips)
Cowgirlgea: posts small blind $1
AzureCaper: posts big blind $3
*** HOLE CARDS ***
Cowgirlgea: folds
Uncalled bet ($2) returned to AzureCaper
AzureCaper collected $2 from pot
AzureCaper: doesn't show hand
*** SUMMARY ***
Total pot $2 | Rake $0
Seat 1: Cowgirlgea (button) (small blind) folded before Flop
Seat 2: AzureCaper (big blind) collected ($2)


PokerStars Hand #172173043082:  Hold'em Limit ($3/$6 USD) - 2017/06/24 7:58:05 ET
Table 'Metsahovi' 6-max Seat #2 is the button
Seat 1: Cowgirlgea ($29.40 in chips)
Seat 2: AzureCaper ($96.92 in chips)
AzureCaper: posts small blind $1
Cowgirlgea: posts big blind $3
*** HOLE CARDS ***
AzureCaper: folds
Uncalled bet ($2) returned to Cowgirlgea
Cowgirlgea collected $2 from pot
Cowgirlgea: doesn't show hand
*** SUMMARY ***
Total pot $2 | Rake $0
Seat 1: Cowgirlgea (big blind) collected ($2)
Seat 2: AzureCaper (button) (small blind) folded before Flop


PokerStars Hand #172173034043:  Hold'em Limit ($3/$6 USD) - 2017/06/24 7:57:43 ET
Table 'Metsahovi' 6-max Seat #1 is the button
Seat 1: Cowgirlgea ($37.40 in chips)
Seat 2: AzureCaper ($89.16 in chips)
Cowgirlgea: posts small blind $1
AzureCaper: posts big blind $3
*** HOLE CARDS ***
Cowgirlgea: folds
Uncalled bet ($2) returned to AzureCaper
AzureCaper collected $2 from pot
AzureCaper: doesn't show hand
*** SUMMARY ***
Total pot $2 | Rake $0
Seat 1: Cowgirlgea (button) (small blind) folded before Flop
Seat 2: AzureCaper (big blind) collected ($2)


PokerStars Hand #172173032095:  Hold'em Limit ($3/$6 USD) - 2017/06/24 7:57:38 ET
Table 'Metsahovi' 6-max Seat #2 is the button
Seat 1: Cowgirlgea ($36.40 in chips)
Seat 2: AzureCaper ($90.16 in chips)
AzureCaper: posts small blind $1
Cowgirlgea: posts big blind $3
*** HOLE CARDS ***
AzureCaper: folds
Uncalled bet ($2) returned to Cowgirlgea
Cowgirlgea collected $2 from pot
Cowgirlgea: doesn't show hand
*** SUMMARY ***
Total pot $2 | Rake $0
Seat 1: Cowgirlgea (big blind) collected ($2)
Seat 2: AzureCaper (button) (small blind) folded before Flop


PokerStars Hand #172173030204:  Hold'em Limit ($3/$6 USD) - 2017/06/24 7:57:33 ET
Table 'Metsahovi' 6-max Seat #1 is the button
Seat 1: Cowgirlgea ($37.40 in chips)
Seat 2: AzureCaper ($89.16 in chips)
Cowgirlgea: posts small blind $1
AzureCaper: posts big blind $3
*** HOLE CARDS ***
Cowgirlgea: folds
Uncalled bet ($2) returned to AzureCaper
AzureCaper collected $2 from pot
AzureCaper: doesn't show hand
*** SUMMARY ***
Total pot $2 | Rake $0
Seat 1: Cowgirlgea (button) (small blind) folded before Flop
Seat 2: AzureCaper (big blind) collected ($2)


PokerStars Hand #172173049395:  Hold'em Limit ($3/$6 USD) - 2017/06/24 7:58:20 ET
Table 'Metsahovi' 6-max Seat #1 is the button
Seat 1: Cowgirlgea ($30.40 in chips)
Seat 2: AzureCaper ($95.92 in chips)
Cowgirlgea: posts small blind $1
AzureCaper: posts big blind $3
*** HOLE CARDS ***
Cowgirlgea: folds
Uncalled bet ($2) returned to AzureCaper
AzureCaper collected $2 from pot
AzureCaper: doesn't show hand
*** SUMMARY ***
Total pot $2 | Rake $0
Seat 1: Cowgirlgea (button) (small blind) folded before Flop
Seat 2: AzureCaper (big blind) collected ($2)


PokerStars Hand #172173051612:  Hold'em Limit ($3/$6 USD) - 2017/06/24 7:58:25 ET
Table 'Metsahovi' 6-max Seat #2 is the button
Seat 1: Cowgirlgea ($29.40 in chips)
Seat 2: AzureCaper ($96.92 in chips)
AzureCaper: posts small blind $1
Cowgirlgea: posts big blind $3
*** HOLE CARDS ***
AzureCaper: raises $3 to $6
Cowgirlgea: raises $3 to $9
AzureCaper: calls $3
*** FLOP *** [2d Qd 9s]
Cowgirlgea: bets $3
AzureCaper: folds
Uncalled bet ($3) returned to Cowgirlgea
Cowgirlgea collected $17.64 from pot
Cowgirlgea: doesn't show hand
*** SUMMARY ***
Total pot $18 | Rake $0.36
Board [2d Qd 9s]
Seat 1: Cowgirlgea (big blind) collected ($17.64)
Seat 2: AzureCaper (button) (small blind) folded on the Flop


PokerStars Hand #172173063041:  Hold'em Limit ($3/$6 USD) - 2017/06/24 7:58:53 ET
Table 'Metsahovi' 6-max Seat #2 is the button
Seat 1: Cowgirlgea ($46.68 in chips)
Seat 2: AzureCaper ($78.92 in chips)
AzureCaper: posts small blind $1
Cowgirlgea: posts big blind $3
*** HOLE CARDS ***
AzureCaper: raises $3 to $6
Cowgirlgea: raises $3 to $9
AzureCaper: calls $3
*** FLOP *** [Jd Jh 2d]
Cowgirlgea: bets $3
AzureCaper: calls $3
*** TURN *** [Jd Jh 2d] [Qd]
Cowgirlgea: bets $6
AzureCaper: calls $6
*** RIVER *** [Jd Jh 2d Qd] [7d]
Cowgirlgea: checks
AzureCaper: bets $6
Cowgirlgea: calls $6
*** SHOW DOWN ***
AzureCaper: shows [9d Ts] (a flush, Queen high)
Cowgirlgea: mucks hand
AzureCaper collected $47.50 from pot
*** SUMMARY ***
Total pot $48 | Rake $0.50
Board [Jd Jh 2d Qd 7d]
Seat 1: Cowgirlgea (big blind) mucked
Seat 2: AzureCaper (button) (small blind) showed [9d Ts] and won ($47.50) with a flush, Queen high


PokerStars Hand #172173069703:  Hold'em Limit ($3/$6 USD) - 2017/06/24 7:59:09 ET
Table 'Metsahovi' 6-max Seat #1 is the button
Seat 1: Cowgirlgea ($22.68 in chips)
Seat 2: AzureCaper ($102.42 in chips)
Cowgirlgea: posts small blind $1
AzureCaper: posts big blind $3
*** HOLE CARDS ***
Cowgirlgea: calls $2
AzureCaper: checks
*** FLOP *** [4c 2s 3s]
AzureCaper: bets $3
Cowgirlgea: calls $3
*** TURN *** [4c 2s 3s] [5s]
AzureCaper: bets $6
Cowgirlgea: calls $6
*** RIVER *** [4c 2s 3s 5s] [Ad]
AzureCaper: checks
Cowgirlgea: bets $6
AzureCaper: calls $6
*** SHOW DOWN ***
Cowgirlgea: shows [2h 9h] (a straight, Ace to Five)
AzureCaper: shows [8c 2c] (a straight, Ace to Five)
AzureCaper collected $17.75 from pot
Cowgirlgea collected $17.75 from pot
*** SUMMARY ***
Total pot $36 | Rake $0.50
Board [4c 2s 3s 5s Ad]
Seat 1: Cowgirlgea (button) (small blind) showed [2h 9h] and won ($17.75) with a straight, Ace to Five
Seat 2: AzureCaper (big blind) showed [8c 2c] and won ($17.75) with a straight, Ace to Five


PokerStars Hand #172173055930:  Hold'em Limit ($3/$6 USD) - 2017/06/24 7:58:36 ET
Table 'Metsahovi' 6-max Seat #1 is the button
Seat 1: Cowgirlgea ($38.04 in chips)
Seat 2: AzureCaper ($87.92 in chips)
Cowgirlgea: posts small blind $1
AzureCaper: posts big blind $3
*** HOLE CARDS ***
Cowgirlgea: calls $2
AzureCaper: checks
*** FLOP *** [9h 5c 8c]
AzureCaper: checks
Cowgirlgea: checks
*** TURN *** [9h 5c 8c] [3d]
AzureCaper: checks
Cowgirlgea: checks
*** RIVER *** [9h 5c 8c 3d] [Js]
AzureCaper: bets $6
Cowgirlgea: raises $6 to $12
AzureCaper: folds
Uncalled bet ($6) returned to Cowgirlgea
Cowgirlgea collected $17.64 from pot
Cowgirlgea: doesn't show hand
*** SUMMARY ***
Total pot $18 | Rake $0.36
Board [9h 5c 8c 3d Js]
Seat 1: Cowgirlgea (button) (small blind) collected ($17.64)
Seat 2: AzureCaper (big blind) folded on the River


PokerStars Hand #172173095999:  Hold'em Limit ($3/$6 USD) - 2017/06/24 8:00:13 ET
Table 'Metsahovi' 6-max Seat #1 is the button
Seat 1: Cowgirlgea ($17.06 in chips)
Seat 2: AzureCaper ($106.68 in chips)
Cowgirlgea: posts small blind $1
AzureCaper: posts big blind $3
*** HOLE CARDS ***
Cowgirlgea: raises $3 to $6
AzureCaper: calls $3
*** FLOP *** [Kc 9d Kd]
AzureCaper: checks
Cowgirlgea: bets $3
AzureCaper: folds
Uncalled bet ($3) returned to Cowgirlgea
Cowgirlgea collected $11.76 from pot
Cowgirlgea: doesn't show hand
*** SUMMARY ***
Total pot $12 | Rake $0.24
Board [Kc 9d Kd]
Seat 1: Cowgirlgea (button) (small blind) collected ($11.76)
Seat 2: AzureCaper (big blind) folded on the Flop


PokerStars Hand #172173085049:  Hold'em Limit ($3/$6 USD) - 2017/06/24 7:59:46 ET
Table 'Metsahovi' 6-max Seat #1 is the button
Seat 1: Cowgirlgea ($23.31 in chips)
Seat 2: AzureCaper ($101.17 in chips)
Cowgirlgea: posts small blind $1
AzureCaper: posts big blind $3
*** HOLE CARDS ***
Cowgirlgea: calls $2
AzureCaper: checks
*** FLOP *** [8s 9d 7c]
AzureCaper: bets $3
Cowgirlgea: calls $3
*** TURN *** [8s 9d 7c] [Ts]
AzureCaper: bets $6
Cowgirlgea: calls $6
*** RIVER *** [8s 9d 7c Ts] [6s]
AzureCaper: checks
Cowgirlgea: bets $6
AzureCaper: calls $6
*** SHOW DOWN ***
Cowgirlgea: shows [7d Kc] (a straight, Six to Ten)
AzureCaper: shows [8d 9c] (a straight, Six to Ten)
AzureCaper collected $17.75 from pot
Cowgirlgea collected $17.75 from pot
*** SUMMARY ***
Total pot $36 | Rake $0.50
Board [8s 9d 7c Ts 6s]
Seat 1: Cowgirlgea (button) (small blind) showed [7d Kc] and won ($17.75) with a straight, Six to Ten
Seat 2: AzureCaper (big blind) showed [8d 9c] and won ($17.75) with a straight, Six to Ten


PokerStars Hand #172173075887:  Hold'em Limit ($3/$6 USD) - 2017/06/24 7:59:25 ET
Table 'Metsahovi' 6-max Seat #2 is the button
Seat 1: Cowgirlgea ($22.43 in chips)
Seat 2: AzureCaper ($102.17 in chips)
AzureCaper: posts small blind $1
Cowgirlgea: posts big blind $3
*** HOLE CARDS ***
AzureCaper: raises $3 to $6
Cowgirlgea: folds
Uncalled bet ($3) returned to AzureCaper
AzureCaper collected $6 from pot
AzureCaper: doesn't show hand
*** SUMMARY ***
Total pot $6 | Rake $0
Seat 1: Cowgirlgea (big blind) folded before Flop
Seat 2: AzureCaper (button) (small blind) collected ($6)


PokerStars Hand #172173078819:  Hold'em Limit ($3/$6 USD) - 2017/06/24 7:59:32 ET
Table 'Metsahovi' 6-max Seat #1 is the button
Seat 1: Cowgirlgea ($19.43 in chips)
Seat 2: AzureCaper ($105.17 in chips)
Cowgirlgea: posts small blind $1
AzureCaper: posts big blind $3
*** HOLE CARDS ***
Cowgirlgea: calls $2
AzureCaper: checks
*** FLOP *** [Th 9h 5s]
AzureCaper: checks
Cowgirlgea: bets $3
AzureCaper: folds
Uncalled bet ($3) returned to Cowgirlgea
Cowgirlgea collected $5.88 from pot
Cowgirlgea: doesn't show hand
*** SUMMARY ***
Total pot $6 | Rake $0.12
Board [Th 9h 5s]
Seat 1: Cowgirlgea (button) (small blind) collected ($5.88)
Seat 2: AzureCaper (big blind) folded on the Flop


PokerStars Hand #172173083185:  Hold'em Limit ($3/$6 USD) - 2017/06/24 7:59:42 ET
Table 'Metsahovi' 6-max Seat #2 is the button
Seat 1: Cowgirlgea ($22.31 in chips)
Seat 2: AzureCaper ($102.17 in chips)
AzureCaper: posts small blind $1
Cowgirlgea: posts big blind $3
*** HOLE CARDS ***
AzureCaper: folds
Uncalled bet ($2) returned to Cowgirlgea
Cowgirlgea collected $2 from pot
Cowgirlgea: doesn't show hand
*** SUMMARY ***
Total pot $2 | Rake $0
Seat 1: Cowgirlgea (big blind) collected ($2)
Seat 2: AzureCaper (button) (small blind) folded before Flop


PokerStars Hand #172173091940:  Hold'em Limit ($3/$6 USD) - 2017/06/24 8:00:03 ET
Table 'Metsahovi' 6-max Seat #2 is the button
Seat 1: Cowgirlgea ($23.06 in chips)
Seat 2: AzureCaper ($100.92 in chips)
AzureCaper: posts small blind $1
Cowgirlgea: posts big blind $3
*** HOLE CARDS ***
AzureCaper: raises $3 to $6
Cowgirlgea: calls $3
*** FLOP *** [Ac Td Ts]
Cowgirlgea: checks
AzureCaper: bets $3
Cowgirlgea: folds
Uncalled bet ($3) returned to AzureCaper
AzureCaper collected $11.76 from pot
AzureCaper: doesn't show hand
*** SUMMARY ***
Total pot $12 | Rake $0.24
Board [Ac Td Ts]
Seat 1: Cowgirlgea (big blind) folded on the Flop
Seat 2: AzureCaper (button) (small blind) collected ($11.76)


PokerStars Hand #172173118390:  Hold'em Limit ($3/$6 USD) - 2017/06/24 8:01:04 ET
Table 'Metsahovi' 6-max Seat #1 is the button
Seat 1: Cowgirlgea ($17.34 in chips)
Seat 2: AzureCaper ($105.18 in chips)
Cowgirlgea: posts small blind $1
AzureCaper: posts big blind $3
*** HOLE CARDS ***
Cowgirlgea: raises $3 to $6
AzureCaper: folds
Uncalled bet ($3) returned to Cowgirlgea
Cowgirlgea collected $6 from pot
Cowgirlgea: doesn't show hand
*** SUMMARY ***
Total pot $6 | Rake $0
Seat 1: Cowgirlgea (button) (small blind) collected ($6)
Seat 2: AzureCaper (big blind) folded before Flop


PokerStars Hand #172173099854:  Hold'em Limit ($3/$6 USD) - 2017/06/24 8:00:21 ET
Table 'Metsahovi' 6-max Seat #2 is the button
Seat 1: Cowgirlgea ($22.82 in chips)
Seat 2: AzureCaper ($100.68 in chips)
AzureCaper: posts small blind $1
Cowgirlgea: posts big blind $3
*** HOLE CARDS ***
AzureCaper: folds
Uncalled bet ($2) returned to Cowgirlgea
Cowgirlgea collected $2 from pot
Cowgirlgea: doesn't show hand
*** SUMMARY ***
Total pot $2 | Rake $0
Seat 1: Cowgirlgea (big blind) collected ($2)
Seat 2: AzureCaper (button) (small blind) folded before Flop


PokerStars Hand #172173102035:  Hold'em Limit ($3/$6 USD) - 2017/06/24 8:00:27 ET
Table 'Metsahovi' 6-max Seat #1 is the button
Seat 1: Cowgirlgea ($23.82 in chips)
Seat 2: AzureCaper ($99.68 in chips)
Cowgirlgea: posts small blind $1
AzureCaper: posts big blind $3
*** HOLE CARDS ***
Cowgirlgea: raises $3 to $6
AzureCaper: calls $3
*** FLOP *** [As 4d 6h]
AzureCaper: checks
Cowgirlgea: checks
*** TURN *** [As 4d 6h] [3c]
AzureCaper: bets $6
Cowgirlgea: calls $6
*** RIVER *** [As 4d 6h 3c] [Qc]
AzureCaper: checks
Cowgirlgea: bets $6
AzureCaper: folds
Uncalled bet ($6) returned to Cowgirlgea
Cowgirlgea collected $23.52 from pot
Cowgirlgea: doesn't show hand
*** SUMMARY ***
Total pot $24 | Rake $0.48
Board [As 4d 6h 3c Qc]
Seat 1: Cowgirlgea (button) (small blind) collected ($23.52)
Seat 2: AzureCaper (big blind) folded on the River


PokerStars Hand #172173144756:  Hold'em Limit ($3/$6 USD) - 2017/06/24 8:02:02 ET
Table 'Metsahovi' 6-max Seat #2 is the button
Seat 1: Cowgirlgea ($22 in chips)
Seat 2: AzureCaper ($129.78 in chips)
AzureCaper: posts small blind $1
Cowgirlgea: posts big blind $3
*** HOLE CARDS ***
AzureCaper: raises $3 to $6
Cowgirlgea: folds
Uncalled bet ($3) returned to AzureCaper
AzureCaper collected $6 from pot
AzureCaper: doesn't show hand
*** SUMMARY ***
Total pot $6 | Rake $0
Seat 1: Cowgirlgea (big blind) folded before Flop
Seat 2: AzureCaper (button) (small blind) collected ($6)


PokerStars Hand #172173142607:  Hold'em Limit ($3/$6 USD) - 2017/06/24 8:01:58 ET
Table 'Metsahovi' 6-max Seat #1 is the button
Seat 1: Cowgirlgea ($23 in chips)
Seat 2: AzureCaper ($128.78 in chips)
Cowgirlgea: posts small blind $1
AzureCaper: posts big blind $3
*** HOLE CARDS ***
Cowgirlgea: folds
Uncalled bet ($2) returned to AzureCaper
AzureCaper collected $2 from pot
AzureCaper: doesn't show hand
*** SUMMARY ***
Total pot $2 | Rake $0
Seat 1: Cowgirlgea (button) (small blind) folded before Flop
Seat 2: AzureCaper (big blind) collected ($2)


PokerStars Hand #172173138163:  Hold'em Limit ($3/$6 USD) - 2017/06/24 8:01:48 ET
Table 'Metsahovi' 6-max Seat #2 is the button
Seat 1: Cowgirlgea ($29 in chips)
Seat 2: AzureCaper ($123.02 in chips)
AzureCaper: posts small blind $1
Cowgirlgea: posts big blind $3
*** HOLE CARDS ***
AzureCaper: raises $3 to $6
Cowgirlgea: calls $3
*** FLOP *** [As Th Kh]
Cowgirlgea: checks
AzureCaper: bets $3
Cowgirlgea: folds
Uncalled bet ($3) returned to AzureCaper
AzureCaper collected $11.76 from pot
AzureCaper: doesn't show hand
*** SUMMARY ***
Total pot $12 | Rake $0.24
Board [As Th Kh]
Seat 1: Cowgirlgea (big blind) folded on the Flop
Seat 2: AzureCaper (button) (small blind) collected ($11.76)


PokerStars Hand #172173147668:  Hold'em Limit ($3/$6 USD) - 2017/06/24 8:02:09 ET
Table 'Metsahovi' 6-max Seat #1 is the button
Seat 1: Cowgirlgea ($19 in chips)
Seat 2: AzureCaper ($132.78 in chips)
Cowgirlgea: posts small blind $1
AzureCaper: posts big blind $3
*** HOLE CARDS ***
Cowgirlgea: calls $2
AzureCaper: raises $3 to $6
Cowgirlgea: calls $3
*** FLOP *** [Jc 6c Kd]
AzureCaper: bets $3
Cowgirlgea: calls $3
*** TURN *** [Jc 6c Kd] [As]
AzureCaper: bets $6
Cowgirlgea: raises $4 to $10 and is all-in
AzureCaper: calls $4
*** RIVER *** [Jc 6c Kd As] [Qs]
*** SHOW DOWN ***
AzureCaper: shows [9d Kc] (a pair of Kings)
Cowgirlgea: shows [3s Ac] (a pair of Aces)
Cowgirlgea collected $37.50 from pot
*** SUMMARY ***
Total pot $38 | Rake $0.50
Board [Jc 6c Kd As Qs]
Seat 1: Cowgirlgea (button) (small blind) showed [3s Ac] and won ($37.50) with a pair of Aces
Seat 2: AzureCaper (big blind) showed [9d Kc] and lost with a pair of Kings


PokerStars Hand #172173135843:  Hold'em Limit ($3/$6 USD) - 2017/06/24 8:01:43 ET
Table 'Metsahovi' 6-max Seat #1 is the button
Seat 1: Cowgirlgea ($30 in chips)
Seat 2: AzureCaper ($122.02 in chips)
Cowgirlgea: posts small blind $1
AzureCaper: posts big blind $3
*** HOLE CARDS ***
Cowgirlgea: folds
Uncalled bet ($2) returned to AzureCaper
AzureCaper collected $2 from pot
AzureCaper: doesn't show hand
*** SUMMARY ***
Total pot $2 | Rake $0
Seat 1: Cowgirlgea (button) (small blind) folded before Flop
Seat 2: AzureCaper (big blind) collected ($2)


PokerStars Hand #172173120490:  Hold'em Limit ($3/$6 USD) - 2017/06/24 8:01:08 ET
Table 'Metsahovi' 6-max Seat #2 is the button
Seat 1: Cowgirlgea ($20.34 in chips)
Seat 2: AzureCaper ($102.18 in chips)
AzureCaper: posts small blind $1
Cowgirlgea: posts big blind $3
*** HOLE CARDS ***
AzureCaper: raises $3 to $6
Cowgirlgea: raises $3 to $9
AzureCaper: calls $3
*** FLOP *** [8d 3c 8s]
Cowgirlgea: bets $3
AzureCaper: calls $3
*** TURN *** [8d 3c 8s] [Qs]
Cowgirlgea: checks
AzureCaper: bets $6
Cowgirlgea: calls $6
*** RIVER *** [8d 3c 8s Qs] [5s]
Cowgirlgea: checks
AzureCaper: bets $6
Cowgirlgea: calls $2.34 and is all-in
Uncalled bet ($3.66) returned to AzureCaper
*** SHOW DOWN ***
AzureCaper: shows [Kh Qd] (two pair, Queens and Eights)
Cowgirlgea: shows [Kc 4c] (a pair of Eights)
AzureCaper collected $40.18 from pot
*** SUMMARY ***
Total pot $40.68 | Rake $0.50
Board [8d 3c 8s Qs 5s]
Seat 1: Cowgirlgea (big blind) showed [Kc 4c] and lost with a pair of Eights
Seat 2: AzureCaper (button) (small blind) showed [Kh Qd] and won ($40.18) with two pair, Queens and Eights


PokerStars Hand #172173161409:  Hold'em Limit ($3/$6 USD) - 2017/06/24 8:02:39 ET
Table 'Metsahovi' 6-max Seat #1 is the button
Seat 1: Cowgirlgea ($16.50 in chips)
Seat 2: AzureCaper ($134.28 in chips)
Cowgirlgea: posts small blind $1
AzureCaper: posts big blind $3
*** HOLE CARDS ***
Cowgirlgea: folds
Uncalled bet ($2) returned to AzureCaper
AzureCaper collected $2 from pot
AzureCaper: doesn't show hand
*** SUMMARY ***
Total pot $2 | Rake $0
Seat 1: Cowgirlgea (button) (small blind) folded before Flop
Seat 2: AzureCaper (big blind) collected ($2)


PokerStars Hand #172173154430:  Hold'em Limit ($3/$6 USD) - 2017/06/24 8:02:23 ET
Table 'Metsahovi' 6-max Seat #2 is the button
Seat 1: Cowgirlgea ($37.50 in chips)
Seat 2: AzureCaper ($113.78 in chips)
AzureCaper: posts small blind $1
Cowgirlgea: posts big blind $3
*** HOLE CARDS ***
AzureCaper: raises $3 to $6
Cowgirlgea: calls $3
*** FLOP *** [7d 6s Js]
Cowgirlgea: checks
AzureCaper: bets $3
Cowgirlgea: calls $3
*** TURN *** [7d 6s Js] [Ts]
Cowgirlgea: checks
AzureCaper: bets $6
Cowgirlgea: calls $6
*** RIVER *** [7d 6s Js Ts] [5c]
Cowgirlgea: checks
AzureCaper: bets $6
Cowgirlgea: calls $6
*** SHOW DOWN ***
AzureCaper: shows [6h 7h] (two pair, Sevens and Sixes)
Cowgirlgea: mucks hand
AzureCaper collected $41.50 from pot
*** SUMMARY ***
Total pot $42 | Rake $0.50
Board [7d 6s Js Ts 5c]
Seat 1: Cowgirlgea (big blind) mucked
Seat 2: AzureCaper (button) (small blind) showed [6h 7h] and won ($41.50) with two pair, Sevens and Sixes


PokerStars Hand #172173171442:  Hold'em Limit ($3/$6 USD) - 2017/06/24 8:03:00 ET
Table 'Metsahovi' 6-max Seat #1 is the button
Seat 1: Cowgirlgea ($30.50 in chips)
Seat 2: AzureCaper ($119.78 in chips)
Cowgirlgea: posts small blind $1
AzureCaper: posts big blind $3
*** HOLE CARDS ***
Cowgirlgea: calls $2
AzureCaper: raises $3 to $6
Cowgirlgea: calls $3
*** FLOP *** [3c 5s 4h]
AzureCaper: bets $3
Cowgirlgea: calls $3
*** TURN *** [3c 5s 4h] [Ks]
AzureCaper: bets $6
Cowgirlgea: calls $6
*** RIVER *** [3c 5s 4h Ks] [9c]
AzureCaper: checks
Cowgirlgea: checks
*** SHOW DOWN ***
AzureCaper: shows [Tc Qc] (high card King)
Cowgirlgea: mucks hand
AzureCaper collected $29.50 from pot
*** SUMMARY ***
Total pot $30 | Rake $0.50
Board [3c 5s 4h Ks 9c]
Seat 1: Cowgirlgea (button) (small blind) mucked
Seat 2: AzureCaper (big blind) showed [Tc Qc] and won ($29.50) with high card King


PokerStars Hand #172173163664:  Hold'em Limit ($3/$6 USD) - 2017/06/24 8:02:43 ET
Table 'Metsahovi' 6-max Seat #2 is the button
Seat 1: Cowgirlgea ($15.50 in chips)
Seat 2: AzureCaper ($135.28 in chips)
AzureCaper: posts small blind $1
Cowgirlgea: posts big blind $3
*** HOLE CARDS ***
AzureCaper: raises $3 to $6
Cowgirlgea: raises $3 to $9
AzureCaper: calls $3
*** FLOP *** [7s 8d Ac]
Cowgirlgea: checks
AzureCaper: bets $3
Cowgirlgea: raises $3 to $6
AzureCaper: raises $3 to $9
Cowgirlgea: calls $0.50 and is all-in
Uncalled bet ($2.50) returned to AzureCaper
*** TURN *** [7s 8d Ac] [6c]
*** RIVER *** [7s 8d Ac 6c] [9c]
*** SHOW DOWN ***
Cowgirlgea: shows [2c Ah] (a pair of Aces)
AzureCaper: shows [7h 3h] (a pair of Sevens)
Cowgirlgea collected $30.50 from pot
*** SUMMARY ***
Total pot $31 | Rake $0.50
Board [7s 8d Ac 6c 9c]
Seat 1: Cowgirlgea (big blind) showed [2c Ah] and won ($30.50) with a pair of Aces
Seat 2: AzureCaper (button) (small blind) showed [7h 3h] and lost with a pair of Sevens


PokerStars Hand #172173178263:  Hold'em Limit ($3/$6 USD) - 2017/06/24 8:03:14 ET
Table 'Metsahovi' 6-max Seat #2 is the button
Seat 1: Cowgirlgea ($15.50 in chips)
Seat 2: AzureCaper ($134.28 in chips)
AzureCaper: posts small blind $1
Cowgirlgea: posts big blind $3
*** HOLE CARDS ***
AzureCaper: raises $3 to $6
Cowgirlgea: calls $3
*** FLOP *** [2d 8c Qc]
Cowgirlgea: checks
AzureCaper: bets $3
Cowgirlgea: folds
Uncalled bet ($3) returned to AzureCaper
AzureCaper collected $11.76 from pot
AzureCaper: doesn't show hand
*** SUMMARY ***
Total pot $12 | Rake $0.24
Board [2d 8c Qc]
Seat 1: Cowgirlgea (big blind) folded on the Flop
Seat 2: AzureCaper (button) (small blind) collected ($11.76)


PokerStars Hand #172173190278:  Hold'em Limit ($3/$6 USD) - 2017/06/24 8:03:41 ET
Table 'Metsahovi' 6-max Seat #1 is the button
Seat 1: Cowgirlgea ($39.50 in chips)
Seat 2: AzureCaper ($140.04 in chips)
Cowgirlgea: posts small blind $1
AzureCaper: posts big blind $3
*** HOLE CARDS ***
Cowgirlgea: folds
Uncalled bet ($2) returned to AzureCaper
AzureCaper collected $2 from pot
AzureCaper: doesn't show hand
*** SUMMARY ***
Total pot $2 | Rake $0
Seat 1: Cowgirlgea (button) (small blind) folded before Flop
Seat 2: AzureCaper (big blind) collected ($2)


PokerStars Hand #172173188025:  Hold'em Limit ($3/$6 USD) - 2017/06/24 8:03:36 ET
Table 'Metsahovi' 6-max Seat #2 is the button
Seat 1: Cowgirlgea ($38.50 in chips)
Seat 2: AzureCaper ($141.04 in chips)
AzureCaper: posts small blind $1
Cowgirlgea: posts big blind $3
*** HOLE CARDS ***
AzureCaper: folds
Uncalled bet ($2) returned to Cowgirlgea
Cowgirlgea collected $2 from pot
Cowgirlgea: doesn't show hand
*** SUMMARY ***
Total pot $2 | Rake $0
Seat 1: Cowgirlgea (big blind) collected ($2)
Seat 2: AzureCaper (button) (small blind) folded before Flop


PokerStars Hand #172173192715:  Hold'em Limit ($3/$6 USD) - 2017/06/24 8:03:46 ET
Table 'Metsahovi' 6-max Seat #2 is the button
Seat 1: Cowgirlgea ($38.50 in chips)
Seat 2: AzureCaper ($141.04 in chips)
AzureCaper: posts small blind $1
Cowgirlgea: posts big blind $3
*** HOLE CARDS ***
AzureCaper: raises $3 to $6
Cowgirlgea: raises $3 to $9
AzureCaper: calls $3
*** FLOP *** [Ks 9h 9c]
Cowgirlgea: bets $3
AzureCaper: folds
Uncalled bet ($3) returned to Cowgirlgea
Cowgirlgea collected $17.64 from pot
Cowgirlgea: doesn't show hand
*** SUMMARY ***
Total pot $18 | Rake $0.36
Board [Ks 9h 9c]
Seat 1: Cowgirlgea (big blind) collected ($17.64)
Seat 2: AzureCaper (button) (small blind) folded on the Flop


PokerStars Hand #172173181835:  Hold'em Limit ($3/$6 USD) - 2017/06/24 8:03:22 ET
Table 'Metsahovi' 6-max Seat #1 is the button
Seat 1: Cowgirlgea ($9.50 in chips)
Seat 2: AzureCaper ($140.04 in chips)
Cowgirlgea: posts small blind $1
AzureCaper: posts big blind $3
*** HOLE CARDS ***
Cowgirlgea: folds
Uncalled bet ($2) returned to AzureCaper
AzureCaper collected $2 from pot
AzureCaper: doesn't show hand
*** SUMMARY ***
Total pot $2 | Rake $0
Seat 1: Cowgirlgea (button) (small blind) folded before Flop
Seat 2: AzureCaper (big blind) collected ($2)


PokerStars Hand #172173196885:  Hold'em Limit ($3/$6 USD) - 2017/06/24 8:03:55 ET
Table 'Metsahovi' 6-max Seat #1 is the button
Seat 1: Cowgirlgea ($47.14 in chips)
Seat 2: AzureCaper ($132.04 in chips)
Cowgirlgea: posts small blind $1
AzureCaper: posts big blind $3
*** HOLE CARDS ***
Cowgirlgea: raises $3 to $6
AzureCaper: calls $3
*** FLOP *** [Js 4c 8c]
AzureCaper: bets $3
Cowgirlgea: calls $3
*** TURN *** [Js 4c 8c] [Ad]
AzureCaper: bets $6
Cowgirlgea: raises $6 to $12
AzureCaper: raises $6 to $18
Cowgirlgea: calls $6
*** RIVER *** [Js 4c 8c Ad] [7s]
AzureCaper: bets $6
Cowgirlgea: raises $6 to $12
AzureCaper: folds
Uncalled bet ($6) returned to Cowgirlgea
Cowgirlgea collected $65.50 from pot
Cowgirlgea: doesn't show hand
*** SUMMARY ***
Total pot $66 | Rake $0.50
Board [Js 4c 8c Ad 7s]
Seat 1: Cowgirlgea (button) (small blind) collected ($65.50)
Seat 2: AzureCaper (big blind) folded on the River


PokerStars Hand #172173208749:  Hold'em Limit ($3/$6 USD) - 2017/06/24 8:04:20 ET
Table 'Metsahovi' 6-max Seat #1 is the button
Seat 1: Cowgirlgea ($73.64 in chips)
Seat 2: AzureCaper ($104.80 in chips)
Cowgirlgea: posts small blind $1
AzureCaper: posts big blind $3
*** HOLE CARDS ***
Cowgirlgea: folds
Uncalled bet ($2) returned to AzureCaper
AzureCaper collected $2 from pot
AzureCaper: doesn't show hand
*** SUMMARY ***
Total pot $2 | Rake $0
Seat 1: Cowgirlgea (button) (small blind) folded before Flop
Seat 2: AzureCaper (big blind) collected ($2)


PokerStars Hand #172173204394:  Hold'em Limit ($3/$6 USD) - 2017/06/24 8:04:11 ET
Table 'Metsahovi' 6-max Seat #2 is the button
Seat 1: Cowgirlgea ($79.64 in chips)
Seat 2: AzureCaper ($99.04 in chips)
AzureCaper: posts small blind $1
Cowgirlgea: posts big blind $3
*** HOLE CARDS ***
AzureCaper: raises $3 to $6
Cowgirlgea: calls $3
*** FLOP *** [Qc 3d Qh]
Cowgirlgea: checks
AzureCaper: bets $3
Cowgirlgea: folds
Uncalled bet ($3) returned to AzureCaper
AzureCaper collected $11.76 from pot
AzureCaper: doesn't show hand
*** SUMMARY ***
Total pot $12 | Rake $0.24
Board [Qc 3d Qh]
Seat 1: Cowgirlgea (big blind) folded on the Flop
Seat 2: AzureCaper (button) (small blind) collected ($11.76)


PokerStars Hand #172173223663:  Hold'em Limit ($3/$6 USD) - 2017/06/24 8:04:52 ET
Table 'Metsahovi' 6-max Seat #2 is the button
Seat 1: Cowgirlgea ($96.14 in chips)
Seat 2: AzureCaper ($81.80 in chips)
AzureCaper: posts small blind $1
Cowgirlgea: posts big blind $3
*** HOLE CARDS ***
AzureCaper: raises $3 to $6
Cowgirlgea: calls $3
*** FLOP *** [8c Jc Kh]
Cowgirlgea: checks
AzureCaper: bets $3
Cowgirlgea: calls $3
*** TURN *** [8c Jc Kh] [Th]
Cowgirlgea: checks
AzureCaper: checks
*** RIVER *** [8c Jc Kh Th] [Qc]
Cowgirlgea: checks
AzureCaper: bets $6
Cowgirlgea: calls $6
*** SHOW DOWN ***
AzureCaper: shows [5s 9d] (a straight, Nine to King)
Cowgirlgea: mucks hand
AzureCaper collected $29.50 from pot
*** SUMMARY ***
Total pot $30 | Rake $0.50
Board [8c Jc Kh Th Qc]
Seat 1: Cowgirlgea (big blind) mucked
Seat 2: AzureCaper (button) (small blind) showed [5s 9d] and won ($29.50) with a straight, Nine to King


PokerStars Hand #172173230961:  Hold'em Limit ($3/$6 USD) - 2017/06/24 8:05:07 ET
Table 'Metsahovi' 6-max Seat #1 is the button
Seat 1: Cowgirlgea ($81.14 in chips)
Seat 2: AzureCaper ($96.30 in chips)
Cowgirlgea: posts small blind $1
AzureCaper: posts big blind $3
*** HOLE CARDS ***
Cowgirlgea: raises $3 to $6
AzureCaper: folds
Uncalled bet ($3) returned to Cowgirlgea
Cowgirlgea collected $6 from pot
Cowgirlgea: doesn't show hand
*** SUMMARY ***
Total pot $6 | Rake $0
Seat 1: Cowgirlgea (button) (small blind) collected ($6)
Seat 2: AzureCaper (big blind) folded before Flop


PokerStars Hand #172173211514:  Hold'em Limit ($3/$6 USD) - 2017/06/24 8:04:26 ET
Table 'Metsahovi' 6-max Seat #2 is the button
Seat 1: Cowgirlgea ($72.64 in chips)
Seat 2: AzureCaper ($105.80 in chips)
AzureCaper: posts small blind $1
Cowgirlgea: posts big blind $3
*** HOLE CARDS ***
AzureCaper: raises $3 to $6
Cowgirlgea: folds
Uncalled bet ($3) returned to AzureCaper
AzureCaper collected $6 from pot
AzureCaper: doesn't show hand
*** SUMMARY ***
Total pot $6 | Rake $0
Seat 1: Cowgirlgea (big blind) folded before Flop
Seat 2: AzureCaper (button) (small blind) collected ($6)


PokerStars Hand #172173214423:  Hold'em Limit ($3/$6 USD) - 2017/06/24 8:04:32 ET
Table 'Metsahovi' 6-max Seat #1 is the button
Seat 1: Cowgirlgea ($69.64 in chips)
Seat 2: AzureCaper ($108.80 in chips)
Cowgirlgea: posts small blind $1
AzureCaper: posts big blind $3
*** HOLE CARDS ***
Cowgirlgea: raises $3 to $6
AzureCaper: calls $3
*** FLOP *** [3h As Ac]
AzureCaper: bets $3
Cowgirlgea: calls $3
*** TURN *** [3h As Ac] [Kc]
AzureCaper: bets $6
Cowgirlgea: raises $6 to $12
AzureCaper: calls $6
*** RIVER *** [3h As Ac Kc] [5h]
AzureCaper: checks
Cowgirlgea: bets $6
AzureCaper: calls $6
*** SHOW DOWN ***
Cowgirlgea: shows [3d Ad] (a full house, Aces full of Threes)
AzureCaper: mucks hand
Cowgirlgea collected $53.50 from pot
*** SUMMARY ***
Total pot $54 | Rake $0.50
Board [3h As Ac Kc 5h]
Seat 1: Cowgirlgea (button) (small blind) showed [3d Ad] and won ($53.50) with a full house, Aces full of Threes
Seat 2: AzureCaper (big blind) mucked


PokerStars Hand #172173246340:  Hold'em Limit ($3/$6 USD) - 2017/06/24 8:05:39 ET
Table 'Metsahovi' 6-max Seat #1 is the button
Seat 1: Cowgirlgea ($92.78 in chips)
Seat 2: AzureCaper ($84.30 in chips)
Cowgirlgea: posts small blind $1
AzureCaper: posts big blind $3
*** HOLE CARDS ***
Cowgirlgea: folds
Uncalled bet ($2) returned to AzureCaper
AzureCaper collected $2 from pot
AzureCaper: doesn't show hand
*** SUMMARY ***
Total pot $2 | Rake $0
Seat 1: Cowgirlgea (button) (small blind) folded before Flop
Seat 2: AzureCaper (big blind) collected ($2)


PokerStars Hand #172173237363:  Hold'em Limit ($3/$6 USD) - 2017/06/24 8:05:20 ET
Table 'Metsahovi' 6-max Seat #2 is the button
Seat 1: Cowgirlgea ($84.14 in chips)
Seat 2: AzureCaper ($93.30 in chips)
AzureCaper: posts small blind $1
Cowgirlgea: posts big blind $3
*** HOLE CARDS ***
AzureCaper: raises $3 to $6
Cowgirlgea: calls $3
*** FLOP *** [4d Ks 6c]
Cowgirlgea: checks
AzureCaper: bets $3
Cowgirlgea: calls $3
*** TURN *** [4d Ks 6c] [6d]
Cowgirlgea: checks
AzureCaper: checks
*** RIVER *** [4d Ks 6c 6d] [2h]
Cowgirlgea: bets $6
AzureCaper: folds
Uncalled bet ($6) returned to Cowgirlgea
Cowgirlgea collected $17.64 from pot
Cowgirlgea: doesn't show hand
*** SUMMARY ***
Total pot $18 | Rake $0.36
Board [4d Ks 6c 6d 2h]
Seat 1: Cowgirlgea (big blind) collected ($17.64)
Seat 2: AzureCaper (button) (small blind) folded on the River


PokerStars Hand #172173249298:  Hold'em Limit ($3/$6 USD) - 2017/06/24 8:05:45 ET
Table 'Metsahovi' 6-max Seat #2 is the button
Seat 1: Cowgirlgea ($91.78 in chips)
Seat 2: AzureCaper ($85.30 in chips)
AzureCaper: posts small blind $1
Cowgirlgea: posts big blind $3
*** HOLE CARDS ***
AzureCaper: raises $3 to $6
Cowgirlgea: calls $3
*** FLOP *** [Tc 2h 6d]
Cowgirlgea: checks
AzureCaper: bets $3
Cowgirlgea: calls $3
*** TURN *** [Tc 2h 6d] [Td]
Cowgirlgea: checks
AzureCaper: bets $6
Cowgirlgea: calls $6
*** RIVER *** [Tc 2h 6d Td] [6h]
Cowgirlgea: checks
AzureCaper: bets $6
Cowgirlgea: folds
Uncalled bet ($6) returned to AzureCaper
AzureCaper collected $29.50 from pot
AzureCaper: doesn't show hand
*** SUMMARY ***
Total pot $30 | Rake $0.50
Board [Tc 2h 6d Td 6h]
Seat 1: Cowgirlgea (big blind) folded on the River
Seat 2: AzureCaper (button) (small blind) collected ($29.50)


PokerStars Hand #172173258288:  Hold'em Limit ($3/$6 USD) - 2017/06/24 8:06:04 ET
Table 'Metsahovi' 6-max Seat #1 is the button
Seat 1: Cowgirlgea ($76.78 in chips)
Seat 2: AzureCaper ($99.80 in chips)
Cowgirlgea: posts small blind $1
AzureCaper: posts big blind $3
*** HOLE CARDS ***
Cowgirlgea: calls $2
AzureCaper: checks
*** FLOP *** [4d 3s Jh]
AzureCaper: checks
Cowgirlgea: bets $3
AzureCaper: calls $3
*** TURN *** [4d 3s Jh] [4s]
AzureCaper: checks
Cowgirlgea: bets $6
AzureCaper: folds
Uncalled bet ($6) returned to Cowgirlgea
Cowgirlgea collected $11.76 from pot
Cowgirlgea: doesn't show hand
*** SUMMARY ***
Total pot $12 | Rake $0.24
Board [4d 3s Jh 4s]
Seat 1: Cowgirlgea (button) (small blind) collected ($11.76)
Seat 2: AzureCaper (big blind) folded on the Turn


PokerStars Hand #172173292004:  Hold'em Limit ($3/$6 USD) - 2017/06/24 8:07:16 ET
Table 'Metsahovi' 6-max Seat #1 is the button
Seat 1: Cowgirlgea ($53.30 in chips)
Seat 2: AzureCaper ($121.68 in chips)
Cowgirlgea: posts small blind $1
AzureCaper: posts big blind $3
*** HOLE CARDS ***
Cowgirlgea: folds
Uncalled bet ($2) returned to AzureCaper
AzureCaper collected $2 from pot
AzureCaper: doesn't show hand
*** SUMMARY ***
Total pot $2 | Rake $0
Seat 1: Cowgirlgea (button) (small blind) folded before Flop
Seat 2: AzureCaper (big blind) collected ($2)


PokerStars Hand #172173271239:  Hold'em Limit ($3/$6 USD) - 2017/06/24 8:06:32 ET
Table 'Metsahovi' 6-max Seat #1 is the button
Seat 1: Cowgirlgea ($67.54 in chips)
Seat 2: AzureCaper ($108.30 in chips)
Cowgirlgea: posts small blind $1
AzureCaper: posts big blind $3
*** HOLE CARDS ***
Cowgirlgea: raises $3 to $6
AzureCaper: calls $3
*** FLOP *** [5h 8h 4d]
AzureCaper: checks
Cowgirlgea: checks
*** TURN *** [5h 8h 4d] [Js]
AzureCaper: checks
Cowgirlgea: bets $6
AzureCaper: folds
Uncalled bet ($6) returned to Cowgirlgea
Cowgirlgea collected $11.76 from pot
Cowgirlgea: doesn't show hand
*** SUMMARY ***
Total pot $12 | Rake $0.24
Board [5h 8h 4d Js]
Seat 1: Cowgirlgea (button) (small blind) collected ($11.76)
Seat 2: AzureCaper (big blind) folded on the Turn


PokerStars Hand #172173289339:  Hold'em Limit ($3/$6 USD) - 2017/06/24 8:07:10 ET
Table 'Metsahovi' 6-max Seat #2 is the button
Seat 1: Cowgirlgea ($52.30 in chips)
Seat 2: AzureCaper ($122.68 in chips)
AzureCaper: posts small blind $1
Cowgirlgea: posts big blind $3
*** HOLE CARDS ***
AzureCaper: folds
Uncalled bet ($2) returned to Cowgirlgea
Cowgirlgea collected $2 from pot
Cowgirlgea: doesn't show hand
*** SUMMARY ***
Total pot $2 | Rake $0
Seat 1: Cowgirlgea (big blind) collected ($2)
Seat 2: AzureCaper (button) (small blind) folded before Flop


PokerStars Hand #172173282741:  Hold'em Limit ($3/$6 USD) - 2017/06/24 8:06:56 ET
Table 'Metsahovi' 6-max Seat #1 is the button
Seat 1: Cowgirlgea ($55.30 in chips)
Seat 2: AzureCaper ($119.80 in chips)
Cowgirlgea: posts small blind $1
AzureCaper: posts big blind $3
*** HOLE CARDS ***
Cowgirlgea: calls $2
AzureCaper: checks
*** FLOP *** [Qs 3c Qh]
AzureCaper: checks
Cowgirlgea: checks
*** TURN *** [Qs 3c Qh] [8c]
AzureCaper: checks
Cowgirlgea: checks
*** RIVER *** [Qs 3c Qh 8c] [Ac]
AzureCaper: bets $6
Cowgirlgea: folds
Uncalled bet ($6) returned to AzureCaper
AzureCaper collected $5.88 from pot
AzureCaper: doesn't show hand
*** SUMMARY ***
Total pot $6 | Rake $0.12
Board [Qs 3c Qh 8c Ac]
Seat 1: Cowgirlgea (button) (small blind) folded on the River
Seat 2: AzureCaper (big blind) collected ($5.88)


PokerStars Hand #172173265452:  Hold'em Limit ($3/$6 USD) - 2017/06/24 8:06:20 ET
Table 'Metsahovi' 6-max Seat #2 is the button
Seat 1: Cowgirlgea ($82.54 in chips)
Seat 2: AzureCaper ($93.80 in chips)
AzureCaper: posts small blind $1
Cowgirlgea: posts big blind $3
*** HOLE CARDS ***
AzureCaper: raises $3 to $6
Cowgirlgea: calls $3
*** FLOP *** [Ts As 7d]
Cowgirlgea: checks
AzureCaper: bets $3
Cowgirlgea: calls $3
*** TURN *** [Ts As 7d] [4s]
Cowgirlgea: checks
AzureCaper: bets $6
Cowgirlgea: calls $6
*** RIVER *** [Ts As 7d 4s] [Jd]
Cowgirlgea: checks
AzureCaper: checks
*** SHOW DOWN ***
Cowgirlgea: shows [3h 7h] (a pair of Sevens)
AzureCaper: shows [Tc Ks] (a pair of Tens)
AzureCaper collected $29.50 from pot
*** SUMMARY ***
Total pot $30 | Rake $0.50
Board [Ts As 7d 4s Jd]
Seat 1: Cowgirlgea (big blind) showed [3h 7h] and lost with a pair of Sevens
Seat 2: AzureCaper (button) (small blind) showed [Tc Ks] and won ($29.50) with a pair of Tens


PokerStars Hand #172173276356:  Hold'em Limit ($3/$6 USD) - 2017/06/24 8:06:43 ET
Table 'Metsahovi' 6-max Seat #2 is the button
Seat 1: Cowgirlgea ($73.30 in chips)
Seat 2: AzureCaper ($102.30 in chips)
AzureCaper: posts small blind $1
Cowgirlgea: posts big blind $3
*** HOLE CARDS ***
AzureCaper: raises $3 to $6
Cowgirlgea: raises $3 to $9
AzureCaper: calls $3
*** FLOP *** [6s 8h 5h]
Cowgirlgea: bets $3
AzureCaper: calls $3
*** TURN *** [6s 8h 5h] [3h]
Cowgirlgea: bets $6
AzureCaper: raises $6 to $12
Cowgirlgea: folds
Uncalled bet ($6) returned to AzureCaper
AzureCaper collected $35.50 from pot
AzureCaper: doesn't show hand
*** SUMMARY ***
Total pot $36 | Rake $0.50
Board [6s 8h 5h 3h]
Seat 1: Cowgirlgea (big blind) folded on the Turn
Seat 2: AzureCaper (button) (small blind) collected ($35.50)


PokerStars Hand #172173311939:  Hold'em Limit ($3/$6 USD) - 2017/06/24 8:07:58 ET
Table 'Metsahovi' 6-max Seat #1 is the button
Seat 1: Cowgirlgea ($7.30 in chips)
Seat 2: AzureCaper ($166.58 in chips)
Cowgirlgea: posts small blind $1
AzureCaper: posts big blind $3
*** HOLE CARDS ***
Cowgirlgea: raises $3 to $6
AzureCaper: raises $3 to $9
Cowgirlgea: calls $1.30 and is all-in
Uncalled bet ($1.70) returned to AzureCaper
*** FLOP *** [4d Jd 9s]
*** TURN *** [4d Jd 9s] [8d]
*** RIVER *** [4d Jd 9s 8d] [2s]
*** SHOW DOWN ***
AzureCaper: shows [Ah 3s] (high card Ace)
Cowgirlgea: shows [Kh 4s] (a pair of Fours)
Cowgirlgea collected $14.31 from pot
*** SUMMARY ***
Total pot $14.60 | Rake $0.29
Board [4d Jd 9s 8d 2s]
Seat 1: Cowgirlgea (button) (small blind) showed [Kh 4s] and won ($14.31) with a pair of Fours
Seat 2: AzureCaper (big blind) showed [Ah 3s] and lost with high card Ace


PokerStars Hand #172173294176:  Hold'em Limit ($3/$6 USD) - 2017/06/24 8:07:21 ET
Table 'Metsahovi' 6-max Seat #2 is the button
Seat 1: Cowgirlgea ($52.30 in chips)
Seat 2: AzureCaper ($122.68 in chips)
AzureCaper: posts small blind $1
Cowgirlgea: posts big blind $3
*** HOLE CARDS ***
AzureCaper: raises $3 to $6
Cowgirlgea: calls $3
*** FLOP *** [As 7s 2s]
Cowgirlgea: checks
AzureCaper: bets $3
Cowgirlgea: folds
Uncalled bet ($3) returned to AzureCaper
AzureCaper collected $11.76 from pot
AzureCaper: doesn't show hand
*** SUMMARY ***
Total pot $12 | Rake $0.24
Board [As 7s 2s]
Seat 1: Cowgirlgea (big blind) folded on the Flop
Seat 2: AzureCaper (button) (small blind) collected ($11.76)


PokerStars Hand #172173298137:  Hold'em Limit ($3/$6 USD) - 2017/06/24 8:07:29 ET
Table 'Metsahovi' 6-max Seat #1 is the button
Seat 1: Cowgirlgea ($46.30 in chips)
Seat 2: AzureCaper ($128.44 in chips)
Cowgirlgea: posts small blind $1
AzureCaper: posts big blind $3
*** HOLE CARDS ***
Cowgirlgea: raises $3 to $6
AzureCaper: calls $3
*** FLOP *** [7h 3c Jc]
AzureCaper: checks
Cowgirlgea: bets $3
AzureCaper: calls $3
*** TURN *** [7h 3c Jc] [Qc]
AzureCaper: checks
Cowgirlgea: checks
*** RIVER *** [7h 3c Jc Qc] [3s]
AzureCaper: bets $6
Cowgirlgea: folds
Uncalled bet ($6) returned to AzureCaper
AzureCaper collected $17.64 from pot
AzureCaper: doesn't show hand
*** SUMMARY ***
Total pot $18 | Rake $0.36
Board [7h 3c Jc Qc 3s]
Seat 1: Cowgirlgea (button) (small blind) folded on the River
Seat 2: AzureCaper (big blind) collected ($17.64)


PokerStars Hand #172173305398:  Hold'em Limit ($3/$6 USD) - 2017/06/24 8:07:44 ET
Table 'Metsahovi' 6-max Seat #2 is the button
Seat 1: Cowgirlgea ($37.30 in chips)
Seat 2: AzureCaper ($137.08 in chips)
AzureCaper: posts small blind $1
Cowgirlgea: posts big blind $3
*** HOLE CARDS ***
AzureCaper: raises $3 to $6
Cowgirlgea: raises $3 to $9
AzureCaper: calls $3
*** FLOP *** [Tc 6d 9h]
Cowgirlgea: bets $3
AzureCaper: calls $3
*** TURN *** [Tc 6d 9h] [7h]
Cowgirlgea: bets $6
AzureCaper: calls $6
*** RIVER *** [Tc 6d 9h 7h] [4h]
Cowgirlgea: bets $6
AzureCaper: raises $6 to $12
Cowgirlgea: calls $6
*** SHOW DOWN ***
AzureCaper: shows [4s Ts] (two pair, Tens and Fours)
Cowgirlgea: mucks hand
AzureCaper collected $59.50 from pot
*** SUMMARY ***
Total pot $60 | Rake $0.50
Board [Tc 6d 9h 7h 4h]
Seat 1: Cowgirlgea (big blind) mucked
Seat 2: AzureCaper (button) (small blind) showed [4s Ts] and won ($59.50) with two pair, Tens and Fours


PokerStars Hand #172173333367:  Hold'em Limit ($3/$6 USD) - 2017/06/24 8:08:43 ET
Table 'Metsahovi' 6-max Seat #2 is the button
Seat 1: Cowgirlgea ($65.54 in chips)
Seat 2: AzureCaper ($156.04 in chips)
AzureCaper: posts small blind $1
Cowgirlgea: posts big blind $3
*** HOLE CARDS ***
AzureCaper: raises $3 to $6
Cowgirlgea: folds
Uncalled bet ($3) returned to AzureCaper
AzureCaper collected $6 from pot
AzureCaper: doesn't show hand
*** SUMMARY ***
Total pot $6 | Rake $0
Seat 1: Cowgirlgea (big blind) folded before Flop
Seat 2: AzureCaper (button) (small blind) collected ($6)


PokerStars Hand #172173335994:  Hold'em Limit ($3/$6 USD) - 2017/06/24 8:08:49 ET
Table 'Metsahovi' 6-max Seat #1 is the button
Seat 1: Cowgirlgea ($62.54 in chips)
Seat 2: AzureCaper ($159.04 in chips)
Cowgirlgea: posts small blind $1
AzureCaper: posts big blind $3
*** HOLE CARDS ***
Cowgirlgea: raises $3 to $6
AzureCaper: calls $3
*** FLOP *** [3d 6d 4s]
AzureCaper: checks
Cowgirlgea: checks
*** TURN *** [3d 6d 4s] [Js]
AzureCaper: checks
Cowgirlgea: bets $6
AzureCaper: folds
Uncalled bet ($6) returned to Cowgirlgea
Cowgirlgea collected $11.76 from pot
Cowgirlgea: doesn't show hand
*** SUMMARY ***
Total pot $12 | Rake $0.24
Board [3d 6d 4s Js]
Seat 1: Cowgirlgea (button) (small blind) collected ($11.76)
Seat 2: AzureCaper (big blind) folded on the Turn


PokerStars Hand #172173320095:  Hold'em Limit ($3/$6 USD) - 2017/06/24 8:08:15 ET
Table 'Metsahovi' 6-max Seat #2 is the button
Seat 1: Cowgirlgea ($62.90 in chips)
Seat 2: AzureCaper ($159.28 in chips)
AzureCaper: posts small blind $1
Cowgirlgea: posts big blind $3
*** HOLE CARDS ***
AzureCaper: raises $3 to $6
Cowgirlgea: calls $3
*** FLOP *** [7d Jd Jc]
Cowgirlgea: checks
AzureCaper: bets $3
Cowgirlgea: calls $3
*** TURN *** [7d Jd Jc] [9h]
Cowgirlgea: checks
AzureCaper: checks
*** RIVER *** [7d Jd Jc 9h] [5c]
Cowgirlgea: bets $6
AzureCaper: folds
Uncalled bet ($6) returned to Cowgirlgea
Cowgirlgea collected $17.64 from pot
Cowgirlgea: doesn't show hand
*** SUMMARY ***
Total pot $18 | Rake $0.36
Board [7d Jd Jc 9h 5c]
Seat 1: Cowgirlgea (big blind) collected ($17.64)
Seat 2: AzureCaper (button) (small blind) folded on the River


PokerStars Hand #172173327240:  Hold'em Limit ($3/$6 USD) - 2017/06/24 8:08:30 ET
Table 'Metsahovi' 6-max Seat #1 is the button
Seat 1: Cowgirlgea ($71.54 in chips)
Seat 2: AzureCaper ($150.28 in chips)
Cowgirlgea: posts small blind $1
AzureCaper: posts big blind $3
*** HOLE CARDS ***
Cowgirlgea: calls $2
AzureCaper: raises $3 to $6
Cowgirlgea: calls $3
*** FLOP *** [Td 9s 3c]
AzureCaper: bets $3
Cowgirlgea: folds
Uncalled bet ($3) returned to AzureCaper
AzureCaper collected $11.76 from pot
AzureCaper: doesn't show hand
*** SUMMARY ***
Total pot $12 | Rake $0.24
Board [Td 9s 3c]
Seat 1: Cowgirlgea (button) (small blind) folded on the Flop
Seat 2: AzureCaper (big blind) collected ($11.76)


PokerStars Hand #172173354342:  Hold'em Limit ($3/$6 USD) - 2017/06/24 8:09:27 ET
Table 'Metsahovi' 6-max Seat #2 is the button
Seat 1: Cowgirlgea ($75.06 in chips)
Seat 2: AzureCaper ($146.04 in chips)
scorpio04 joins the table at seat #3
AzureCaper: posts small blind $1
Cowgirlgea: posts big blind $3
*** HOLE CARDS ***
AzureCaper: folds
Uncalled bet ($2) returned to Cowgirlgea
Cowgirlgea collected $2 from pot
Cowgirlgea: doesn't show hand
*** SUMMARY ***
Total pot $2 | Rake $0
Seat 1: Cowgirlgea (big blind) collected ($2)
Seat 2: AzureCaper (button) (small blind) folded before Flop


PokerStars Hand #172173350171:  Hold'em Limit ($3/$6 USD) - 2017/06/24 8:09:18 ET
Table 'Metsahovi' 6-max Seat #1 is the button
Seat 1: Cowgirlgea ($69.30 in chips)
Seat 2: AzureCaper ($152.04 in chips)
Cowgirlgea: posts small blind $1
AzureCaper: posts big blind $3
*** HOLE CARDS ***
Cowgirlgea: raises $3 to $6
AzureCaper: calls $3
*** FLOP *** [Kd 7s Ad]
AzureCaper: checks
Cowgirlgea: bets $3
AzureCaper: folds
Uncalled bet ($3) returned to Cowgirlgea
Cowgirlgea collected $11.76 from pot
Cowgirlgea: doesn't show hand
*** SUMMARY ***
Total pot $12 | Rake $0.24
Board [Kd 7s Ad]
Seat 1: Cowgirlgea (button) (small blind) collected ($11.76)
Seat 2: AzureCaper (big blind) folded on the Flop


PokerStars Hand #172174320401:  Hold'em Limit ($3/$6 USD) - 2017/06/24 8:42:27 ET
Table 'Metsahovi' 6-max Seat #3 is the button
Seat 3: scorpio04 ($194.10 in chips)
Seat 5: Rednaxela05 ($82.27 in chips)
scorpio04: posts small blind $1
Rednaxela05: posts big blind $3
*** HOLE CARDS ***
scorpio04: raises $3 to $6
Rednaxela05: calls $3
*** FLOP *** [9h 4s Td]
Rednaxela05: checks
scorpio04: bets $3
Rednaxela05: folds
Uncalled bet ($3) returned to scorpio04
scorpio04 collected $11.76 from pot
scorpio04: doesn't show hand
*** SUMMARY ***
Total pot $12 | Rake $0.24
Board [9h 4s Td]
Seat 3: scorpio04 (button) (small blind) collected ($11.76)
Seat 5: Rednaxela05 (big blind) folded on the Flop


PokerStars Hand #172174341328:  Hold'em Limit ($3/$6 USD) - 2017/06/24 8:43:10 ET
Table 'Metsahovi' 6-max Seat #5 is the button
Seat 3: scorpio04 ($199.86 in chips)
Seat 5: Rednaxela05 ($76.27 in chips)
Rednaxela05: posts small blind $1
scorpio04: posts big blind $3
*** HOLE CARDS ***
Rednaxela05: folds
Uncalled bet ($2) returned to scorpio04
scorpio04 collected $2 from pot
scorpio04: doesn't show hand
*** SUMMARY ***
Total pot $2 | Rake $0
Seat 3: scorpio04 (big blind) collected ($2)
Seat 5: Rednaxela05 (button) (small blind) folded before Flop


