PokerStars Hand #144886614994:  Hold'em Limit ($3/$6 USD) - 2015/12/05 19:14:00 ET
Table 'Mette III' 2-max Seat #2 is the button
Seat 1: ManuelSikora ($16.28 in chips)
Seat 2: Bastenok ($273.76 in chips)
Bastenok: posts small blind $1
ManuelSikora: posts big blind $3
*** HOLE CARDS ***
Bastenok: folds
Uncalled bet ($2) returned to ManuelSikora
ManuelSikora collected $2 from pot
ManuelSikora: doesn't show hand
*** SUMMARY ***
Total pot $2 | Rake $0
Seat 1: ManuelSikora (big blind) collected ($2)
Seat 2: Bastenok (button) (small blind) folded before Flop


PokerStars Hand #144886606176:  Hold'em Limit ($3/$6 USD) - 2015/12/05 19:13:47 ET
Table 'Mette III' 2-max Seat #1 is the button
Seat 1: ManuelSikora ($31.28 in chips)
Seat 2: Bastenok ($259.26 in chips)
ManuelSikora: posts small blind $1
Bastenok: posts big blind $3
*** HOLE CARDS ***
ManuelSikora: raises $3 to $6
Bastenok: calls $3
*** FLOP *** [2h 4s 4h]
Bastenok: checks
ManuelSikora: bets $3
Bastenok: calls $3
*** TURN *** [2h 4s 4h] [2c]
Bastenok: checks
ManuelSikora: checks
*** RIVER *** [2h 4s 4h 2c] [7s]
Bastenok: bets $6
ManuelSikora: calls $6
*** SHOW DOWN ***
Bastenok: shows [9c 7d] (two pair, Sevens and Fours)
ManuelSikora: mucks hand
Bastenok collected $29.50 from pot
*** SUMMARY ***
Total pot $30 | Rake $0.50
Board [2h 4s 4h 2c 7s]
Seat 1: ManuelSikora (button) (small blind) mucked
Seat 2: Bastenok (big blind) showed [9c 7d] and won ($29.50) with two pair, Sevens and Fours


PokerStars Hand #144886590301:  Hold'em Limit ($3/$6 USD) - 2015/12/05 19:13:24 ET
Table 'Mette III' 2-max Seat #2 is the button
Seat 1: ManuelSikora ($67.28 in chips)
Seat 2: Bastenok ($223.76 in chips)
Bastenok: posts small blind $1
ManuelSikora: posts big blind $3
*** HOLE CARDS ***
Bastenok: raises $3 to $6
ManuelSikora: raises $3 to $9
Bastenok: raises $3 to $12
Betting is capped
ManuelSikora: calls $3
*** FLOP *** [5h Ah Qh]
ManuelSikora: bets $3
Bastenok: raises $3 to $6
ManuelSikora: raises $3 to $9
Bastenok: raises $3 to $12
Betting is capped
ManuelSikora: calls $3
*** TURN *** [5h Ah Qh] [6s]
ManuelSikora: bets $6
Bastenok: calls $6
*** RIVER *** [5h Ah Qh 6s] [8h]
ManuelSikora: bets $6
Bastenok: raises $6 to $12
ManuelSikora: folds
Uncalled bet ($6) returned to Bastenok
Bastenok collected $71.50 from pot
Bastenok: doesn't show hand
*** SUMMARY ***
Total pot $72 | Rake $0.50
Board [5h Ah Qh 6s 8h]
Seat 1: ManuelSikora (big blind) folded on the River
Seat 2: Bastenok (button) (small blind) collected ($71.50)


PokerStars Hand #144886580120:  Hold'em Limit ($3/$6 USD) - 2015/12/05 19:13:09 ET
Table 'Mette III' 2-max Seat #1 is the button
Seat 1: ManuelSikora ($55.76 in chips)
Seat 2: Bastenok ($235.76 in chips)
ManuelSikora: posts small blind $1
Bastenok: posts big blind $3
*** HOLE CARDS ***
ManuelSikora: raises $3 to $6
Bastenok: calls $3
*** FLOP *** [Ks As 7d]
Bastenok: checks
ManuelSikora: checks
*** TURN *** [Ks As 7d] [Th]
Bastenok: checks
ManuelSikora: bets $6
Bastenok: calls $6
*** RIVER *** [Ks As 7d Th] [4d]
Bastenok: checks
ManuelSikora: checks
*** SHOW DOWN ***
Bastenok: shows [8h Jc] (high card Ace)
ManuelSikora: shows [9h Tc] (a pair of Tens)
ManuelSikora collected $23.52 from pot
*** SUMMARY ***
Total pot $24 | Rake $0.48
Board [Ks As 7d Th 4d]
Seat 1: ManuelSikora (button) (small blind) showed [9h Tc] and won ($23.52) with a pair of Tens
Seat 2: Bastenok (big blind) showed [8h Jc] and lost with high card Ace


PokerStars Hand #144886651771:  Hold'em Limit ($3/$6 USD) - 2015/12/05 19:14:53 ET
Table 'Mette III' 2-max Seat #2 is the button
Seat 1: ManuelSikora ($17.68 in chips)
Seat 2: Bastenok ($271.16 in chips)
Bastenok: posts small blind $1
ManuelSikora: posts big blind $3
*** HOLE CARDS ***
Bastenok: raises $3 to $6
ManuelSikora: raises $3 to $9
Bastenok: raises $3 to $12
Betting is capped
ManuelSikora: calls $3
*** FLOP *** [4c 9h Jc]
ManuelSikora: bets $3
Bastenok: raises $3 to $6
ManuelSikora: calls $2.68 and is all-in
Uncalled bet ($0.32) returned to Bastenok
*** TURN *** [4c 9h Jc] [5s]
*** RIVER *** [4c 9h Jc 5s] [6d]
*** SHOW DOWN ***
ManuelSikora: shows [6h 8h] (a pair of Sixes)
Bastenok: shows [Qc Qs] (a pair of Queens)
Bastenok collected $34.86 from pot
*** SUMMARY ***
Total pot $35.36 | Rake $0.50
Board [4c 9h Jc 5s 6d]
Seat 1: ManuelSikora (big blind) showed [6h 8h] and lost with a pair of Sixes
Seat 2: Bastenok (button) (small blind) showed [Qc Qs] and won ($34.86) with a pair of Queens


PokerStars Hand #144886643202:  Hold'em Limit ($3/$6 USD) - 2015/12/05 19:14:41 ET
Table 'Mette III' 2-max Seat #1 is the button
Seat 1: ManuelSikora ($23.68 in chips)
Seat 2: Bastenok ($265.40 in chips)
ManuelSikora: posts small blind $1
Bastenok: posts big blind $3
*** HOLE CARDS ***
ManuelSikora: raises $3 to $6
Bastenok: calls $3
*** FLOP *** [Ah Td Th]
Bastenok: checks
ManuelSikora: checks
*** TURN *** [Ah Td Th] [2h]
Bastenok: checks
ManuelSikora: checks
*** RIVER *** [Ah Td Th 2h] [9d]
Bastenok: checks
ManuelSikora: checks
*** SHOW DOWN ***
Bastenok: shows [8h Kd] (a pair of Tens)
ManuelSikora: mucks hand
Bastenok collected $11.76 from pot
*** SUMMARY ***
Total pot $12 | Rake $0.24
Board [Ah Td Th 2h 9d]
Seat 1: ManuelSikora (button) (small blind) mucked
Seat 2: Bastenok (big blind) showed [8h Kd] and won ($11.76) with a pair of Tens


PokerStars Hand #144886636292:  Hold'em Limit ($3/$6 USD) - 2015/12/05 19:14:31 ET
Table 'Mette III' 2-max Seat #2 is the button
Seat 1: ManuelSikora ($32.68 in chips)
Seat 2: Bastenok ($256.76 in chips)
Bastenok: posts small blind $1
ManuelSikora: posts big blind $3
*** HOLE CARDS ***
Bastenok: raises $3 to $6
ManuelSikora: calls $3
*** FLOP *** [Js 6s Ah]
ManuelSikora: bets $3
Bastenok: raises $3 to $6
ManuelSikora: folds
Uncalled bet ($3) returned to Bastenok
Bastenok collected $17.64 from pot
Bastenok: doesn't show hand
*** SUMMARY ***
Total pot $18 | Rake $0.36
Board [Js 6s Ah]
Seat 1: ManuelSikora (big blind) folded on the Flop
Seat 2: Bastenok (button) (small blind) collected ($17.64)


PokerStars Hand #144886629422:  Hold'em Limit ($3/$6 USD) - 2015/12/05 19:14:21 ET
Table 'Mette III' 2-max Seat #1 is the button
Seat 1: ManuelSikora ($24.04 in chips)
Seat 2: Bastenok ($265.76 in chips)
ManuelSikora: posts small blind $1
Bastenok: posts big blind $3
*** HOLE CARDS ***
ManuelSikora: raises $3 to $6
Bastenok: calls $3
*** FLOP *** [7d Tc 8s]
Bastenok: checks
ManuelSikora: bets $3
Bastenok: calls $3
*** TURN *** [7d Tc 8s] [8c]
Bastenok: checks
ManuelSikora: bets $6
Bastenok: folds
Uncalled bet ($6) returned to ManuelSikora
ManuelSikora collected $17.64 from pot
ManuelSikora: doesn't show hand
*** SUMMARY ***
Total pot $18 | Rake $0.36
Board [7d Tc 8s 8c]
Seat 1: ManuelSikora (button) (small blind) collected ($17.64)
Seat 2: Bastenok (big blind) folded on the Turn


PokerStars Hand #144886626495:  Hold'em Limit ($3/$6 USD) - 2015/12/05 19:14:17 ET
Table 'Mette III' 2-max Seat #2 is the button
Seat 1: ManuelSikora ($23.04 in chips)
Seat 2: Bastenok ($266.76 in chips)
Bastenok: posts small blind $1
ManuelSikora: posts big blind $3
*** HOLE CARDS ***
Bastenok: folds
Uncalled bet ($2) returned to ManuelSikora
ManuelSikora collected $2 from pot
ManuelSikora: doesn't show hand
*** SUMMARY ***
Total pot $2 | Rake $0
Seat 1: ManuelSikora (big blind) collected ($2)
Seat 2: Bastenok (button) (small blind) folded before Flop


PokerStars Hand #144886617955:  Hold'em Limit ($3/$6 USD) - 2015/12/05 19:14:04 ET
Table 'Mette III' 2-max Seat #1 is the button
Seat 1: ManuelSikora ($17.28 in chips)
Seat 2: Bastenok ($272.76 in chips)
ManuelSikora: posts small blind $1
Bastenok: posts big blind $3
*** HOLE CARDS ***
ManuelSikora: raises $3 to $6
Bastenok: calls $3
*** FLOP *** [Qd 3s 9d]
Bastenok: checks
ManuelSikora: bets $3
Bastenok: folds
Uncalled bet ($3) returned to ManuelSikora
ManuelSikora collected $11.76 from pot
ManuelSikora: doesn't show hand
*** SUMMARY ***
Total pot $12 | Rake $0.24
Board [Qd 3s 9d]
Seat 1: ManuelSikora (button) (small blind) collected ($11.76)
Seat 2: Bastenok (big blind) folded on the Flop


PokerStars Hand #144902322001:  Hold'em Limit ($3/$6 USD) - 2015/12/06 6:16:52 ET
Table 'Mette III' 2-max Seat #1 is the button
Seat 1: jl45259071 ($514.18 in chips)
Seat 2: Bastenok ($324.30 in chips)
jl45259071: posts small blind $1
Bastenok: posts big blind $3
*** HOLE CARDS ***
jl45259071: raises $3 to $6
Bastenok: calls $3
*** FLOP *** [Ah Qc 5s]
Bastenok: checks
jl45259071: bets $3
Bastenok: calls $3
*** TURN *** [Ah Qc 5s] [6d]
Bastenok: checks
jl45259071: bets $6
Bastenok: folds
Uncalled bet ($6) returned to jl45259071
jl45259071 collected $17.64 from pot
jl45259071: doesn't show hand
*** SUMMARY ***
Total pot $18 | Rake $0.36
Board [Ah Qc 5s 6d]
Seat 1: jl45259071 (button) (small blind) collected ($17.64)
Seat 2: Bastenok (big blind) folded on the Turn


PokerStars Hand #144902328223:  Hold'em Limit ($3/$6 USD) - 2015/12/06 6:17:03 ET
Table 'Mette III' 2-max Seat #2 is the button
Seat 1: jl45259071 ($522.82 in chips)
Seat 2: Bastenok ($315.30 in chips)
Bastenok: posts small blind $1
jl45259071: posts big blind $3
*** HOLE CARDS ***
Bastenok: raises $3 to $6
jl45259071: raises $3 to $9
Bastenok: calls $3
*** FLOP *** [Qs 9h 2d]
jl45259071: bets $3
Bastenok: calls $3
*** TURN *** [Qs 9h 2d] [8d]
jl45259071: bets $6
Bastenok: calls $6
*** RIVER *** [Qs 9h 2d 8d] [Ks]
jl45259071: bets $6
Bastenok: calls $6
*** SHOW DOWN ***
jl45259071: shows [Kh Tc] (a pair of Kings)
Bastenok: mucks hand
jl45259071 collected $47.50 from pot
*** SUMMARY ***
Total pot $48 | Rake $0.50
Board [Qs 9h 2d 8d Ks]
Seat 1: jl45259071 (big blind) showed [Kh Tc] and won ($47.50) with a pair of Kings
Seat 2: Bastenok (button) (small blind) mucked


PokerStars Hand #144902364588:  Hold'em Limit ($3/$6 USD) - 2015/12/06 6:18:11 ET
Table 'Mette III' 2-max Seat #2 is the button
Seat 1: jl45259071 ($550.82 in chips)
Seat 2: Bastenok ($285.94 in chips)
Bastenok: posts small blind $1
jl45259071: posts big blind $3
*** HOLE CARDS ***
Bastenok: raises $3 to $6
jl45259071: calls $3
*** FLOP *** [6h 3h 3s]
jl45259071: checks
Bastenok: bets $3
jl45259071: calls $3
*** TURN *** [6h 3h 3s] [4d]
jl45259071: checks
Bastenok: bets $6
jl45259071: raises $6 to $12
Bastenok: raises $6 to $18
jl45259071: calls $6
*** RIVER *** [6h 3h 3s 4d] [5h]
jl45259071: checks
Bastenok: bets $6
jl45259071: calls $6
*** SHOW DOWN ***
Bastenok: shows [9d 3d] (three of a kind, Threes)
jl45259071: mucks hand
Bastenok collected $65.50 from pot
*** SUMMARY ***
Total pot $66 | Rake $0.50
Board [6h 3h 3s 4d 5h]
Seat 1: jl45259071 (big blind) mucked
Seat 2: Bastenok (button) (small blind) showed [9d 3d] and won ($65.50) with three of a kind, Threes


PokerStars Hand #144902338280:  Hold'em Limit ($3/$6 USD) - 2015/12/06 6:17:22 ET
Table 'Mette III' 2-max Seat #1 is the button
Seat 1: jl45259071 ($546.32 in chips)
Seat 2: Bastenok ($291.30 in chips)
jl45259071: posts small blind $1
Bastenok: posts big blind $3
*** HOLE CARDS ***
jl45259071: calls $2
Bastenok: raises $3 to $6
jl45259071: calls $3
*** FLOP *** [Kd 8d Ks]
Bastenok: bets $3
jl45259071: calls $3
*** TURN *** [Kd 8d Ks] [4h]
Bastenok: bets $6
jl45259071: calls $6
*** RIVER *** [Kd 8d Ks 4h] [2s]
Bastenok: checks
jl45259071: bets $6
Bastenok: folds
Uncalled bet ($6) returned to jl45259071
jl45259071 collected $29.50 from pot
jl45259071: doesn't show hand
*** SUMMARY ***
Total pot $30 | Rake $0.50
Board [Kd 8d Ks 4h 2s]
Seat 1: jl45259071 (button) (small blind) collected ($29.50)
Seat 2: Bastenok (big blind) folded on the River


PokerStars Hand #144902348818:  Hold'em Limit ($3/$6 USD) - 2015/12/06 6:17:41 ET
Table 'Mette III' 2-max Seat #2 is the button
Seat 1: jl45259071 ($560.82 in chips)
Seat 2: Bastenok ($276.30 in chips)
Bastenok: posts small blind $1
jl45259071: posts big blind $3
*** HOLE CARDS ***
Bastenok: raises $3 to $6
jl45259071: calls $3
*** FLOP *** [8s 5h 7d]
jl45259071: checks
Bastenok: bets $3
jl45259071: calls $3
*** TURN *** [8s 5h 7d] [8d]
jl45259071: checks
Bastenok: checks
*** RIVER *** [8s 5h 7d 8d] [Jh]
jl45259071: checks
Bastenok: checks
*** SHOW DOWN ***
jl45259071: shows [Ts 3c] (a pair of Eights)
Bastenok: shows [Td Qh] (a pair of Eights - Queen kicker)
Bastenok collected $17.64 from pot
*** SUMMARY ***
Total pot $18 | Rake $0.36
Board [8s 5h 7d 8d Jh]
Seat 1: jl45259071 (big blind) showed [Ts 3c] and lost with a pair of Eights
Seat 2: Bastenok (button) (small blind) showed [Td Qh] and won ($17.64) with a pair of Eights


PokerStars Hand #144902355934:  Hold'em Limit ($3/$6 USD) - 2015/12/06 6:17:54 ET
Table 'Mette III' 2-max Seat #1 is the button
Seat 1: jl45259071 ($551.82 in chips)
Seat 2: Bastenok ($284.94 in chips)
jl45259071: posts small blind $1
Bastenok: posts big blind $3
*** HOLE CARDS ***
jl45259071: folds
Uncalled bet ($2) returned to Bastenok
Bastenok collected $2 from pot
Bastenok: doesn't show hand
*** SUMMARY ***
Total pot $2 | Rake $0
Seat 1: jl45259071 (button) (small blind) folded before Flop
Seat 2: Bastenok (big blind) collected ($2)


PokerStars Hand #144902383191:  Hold'em Limit ($3/$6 USD) - 2015/12/06 6:18:45 ET
Table 'Mette III' 2-max Seat #2 is the button
Seat 1: jl45259071 ($535.32 in chips)
Seat 2: Bastenok ($300.44 in chips)
Bastenok: posts small blind $1
jl45259071: posts big blind $3
*** HOLE CARDS ***
Bastenok: raises $3 to $6
jl45259071: raises $3 to $9
Bastenok: calls $3
*** FLOP *** [Kh Ks 5s]
jl45259071: bets $3
Bastenok: raises $3 to $6
jl45259071: calls $3
*** TURN *** [Kh Ks 5s] [Ts]
jl45259071: checks
Bastenok: bets $6
jl45259071: calls $6
*** RIVER *** [Kh Ks 5s Ts] [7d]
jl45259071: checks
Bastenok: bets $6
jl45259071: folds
Uncalled bet ($6) returned to Bastenok
Bastenok collected $41.50 from pot
Bastenok: doesn't show hand
*** SUMMARY ***
Total pot $42 | Rake $0.50
Board [Kh Ks 5s Ts 7d]
Seat 1: jl45259071 (big blind) folded on the River
Seat 2: Bastenok (button) (small blind) collected ($41.50)


PokerStars Hand #144902405796:  Hold'em Limit ($3/$6 USD) - 2015/12/06 6:19:27 ET
Table 'Mette III' 2-max Seat #1 is the button
Seat 1: jl45259071 ($531.60 in chips)
Seat 2: Bastenok ($302.94 in chips)
jl45259071: posts small blind $1
Bastenok: posts big blind $3
*** HOLE CARDS ***
jl45259071: calls $2
Bastenok: checks
*** FLOP *** [Ad As Ah]
Bastenok: checks
jl45259071: checks
*** TURN *** [Ad As Ah] [7c]
Bastenok: checks
jl45259071: checks
*** RIVER *** [Ad As Ah 7c] [2s]
Bastenok: checks
jl45259071: checks
*** SHOW DOWN ***
Bastenok: shows [Th 4c] (three of a kind, Aces)
jl45259071: shows [Jh 3c] (three of a kind, Aces - Jack kicker)
jl45259071 collected $5.88 from pot
*** SUMMARY ***
Total pot $6 | Rake $0.12
Board [Ad As Ah 7c 2s]
Seat 1: jl45259071 (button) (small blind) showed [Jh 3c] and won ($5.88) with three of a kind, Aces
Seat 2: Bastenok (big blind) showed [Th 4c] and lost with three of a kind, Aces


PokerStars Hand #144902374386:  Hold'em Limit ($3/$6 USD) - 2015/12/06 6:18:29 ET
Table 'Mette III' 2-max Seat #1 is the button
Seat 1: jl45259071 ($517.82 in chips)
Seat 2: Bastenok ($318.44 in chips)
jl45259071: posts small blind $1
Bastenok: posts big blind $3
*** HOLE CARDS ***
jl45259071: calls $2
Bastenok: raises $3 to $6
jl45259071: calls $3
*** FLOP *** [Jd 8h 9c]
Bastenok: bets $3
jl45259071: raises $3 to $6
Bastenok: calls $3
*** TURN *** [Jd 8h 9c] [2h]
Bastenok: checks
jl45259071: bets $6
Bastenok: calls $6
*** RIVER *** [Jd 8h 9c 2h] [Qs]
Bastenok: checks
jl45259071: bets $6
Bastenok: folds
Uncalled bet ($6) returned to jl45259071
jl45259071 collected $35.50 from pot
jl45259071: doesn't show hand
*** SUMMARY ***
Total pot $36 | Rake $0.50
Board [Jd 8h 9c 2h Qs]
Seat 1: jl45259071 (button) (small blind) collected ($35.50)
Seat 2: Bastenok (big blind) folded on the River


PokerStars Hand #144902391727:  Hold'em Limit ($3/$6 USD) - 2015/12/06 6:19:01 ET
Table 'Mette III' 2-max Seat #1 is the button
Seat 1: jl45259071 ($514.32 in chips)
Seat 2: Bastenok ($320.94 in chips)
jl45259071: posts small blind $1
Bastenok: posts big blind $3
*** HOLE CARDS ***
jl45259071: calls $2
Bastenok: raises $3 to $6
jl45259071: calls $3
*** FLOP *** [2d Qc Kc]
Bastenok: bets $3
jl45259071: calls $3
*** TURN *** [2d Qc Kc] [8h]
Bastenok: checks
jl45259071: bets $6
Bastenok: folds
Uncalled bet ($6) returned to jl45259071
jl45259071 collected $17.64 from pot
jl45259071: doesn't show hand
*** SUMMARY ***
Total pot $18 | Rake $0.36
Board [2d Qc Kc 8h]
Seat 1: jl45259071 (button) (small blind) collected ($17.64)
Seat 2: Bastenok (big blind) folded on the Turn


PokerStars Hand #144902399985:  Hold'em Limit ($3/$6 USD) - 2015/12/06 6:19:16 ET
Table 'Mette III' 2-max Seat #2 is the button
Seat 1: jl45259071 ($522.96 in chips)
Seat 2: Bastenok ($311.94 in chips)
Bastenok: posts small blind $1
jl45259071: posts big blind $3
*** HOLE CARDS ***
Bastenok: raises $3 to $6
jl45259071: raises $3 to $9
Bastenok: calls $3
*** FLOP *** [5c Ts 9d]
jl45259071: bets $3
Bastenok: folds
Uncalled bet ($3) returned to jl45259071
jl45259071 collected $17.64 from pot
jl45259071: doesn't show hand
*** SUMMARY ***
Total pot $18 | Rake $0.36
Board [5c Ts 9d]
Seat 1: jl45259071 (big blind) collected ($17.64)
Seat 2: Bastenok (button) (small blind) folded on the Flop


PokerStars Hand #144902426986:  Hold'em Limit ($3/$6 USD) - 2015/12/06 6:20:05 ET
Table 'Mette III' 2-max Seat #2 is the button
Seat 1: jl45259071 ($531 in chips)
Seat 2: Bastenok ($302.44 in chips)
Bastenok: posts small blind $1
jl45259071: posts big blind $3
*** HOLE CARDS ***
Bastenok: raises $3 to $6
jl45259071: calls $3
*** FLOP *** [Kc Kh 5s]
jl45259071: checks
Bastenok: bets $3
jl45259071: calls $3
*** TURN *** [Kc Kh 5s] [Js]
jl45259071: checks
Bastenok: bets $6
jl45259071: calls $6
*** RIVER *** [Kc Kh 5s Js] [9c]
jl45259071: checks
Bastenok: checks
*** SHOW DOWN ***
jl45259071: shows [7h 5c] (two pair, Kings and Fives)
Bastenok: shows [4c 5d] (two pair, Kings and Fives)
jl45259071 collected $14.75 from pot
Bastenok collected $14.75 from pot
*** SUMMARY ***
Total pot $30 | Rake $0.50
Board [Kc Kh 5s Js 9c]
Seat 1: jl45259071 (big blind) showed [7h 5c] and won ($14.75) with two pair, Kings and Fives
Seat 2: Bastenok (button) (small blind) showed [4c 5d] and won ($14.75) with two pair, Kings and Fives


PokerStars Hand #144902433529:  Hold'em Limit ($3/$6 USD) - 2015/12/06 6:20:18 ET
Table 'Mette III' 2-max Seat #1 is the button
Seat 1: jl45259071 ($530.75 in chips)
Seat 2: Bastenok ($302.19 in chips)
jl45259071: posts small blind $1
Bastenok: posts big blind $3
*** HOLE CARDS ***
jl45259071: calls $2
Bastenok: checks
*** FLOP *** [Ah 8c Kd]
Bastenok: checks
jl45259071: checks
*** TURN *** [Ah 8c Kd] [2d]
Bastenok: checks
jl45259071: checks
*** RIVER *** [Ah 8c Kd 2d] [2h]
Bastenok: bets $6
jl45259071: calls $6
*** SHOW DOWN ***
Bastenok: shows [4c Ks] (two pair, Kings and Deuces)
jl45259071: mucks hand
Bastenok collected $17.64 from pot
*** SUMMARY ***
Total pot $18 | Rake $0.36
Board [Ah 8c Kd 2d 2h]
Seat 1: jl45259071 (button) (small blind) mucked
Seat 2: Bastenok (big blind) showed [4c Ks] and won ($17.64) with two pair, Kings and Deuces


PokerStars Hand #144902440282:  Hold'em Limit ($3/$6 USD) - 2015/12/06 6:20:30 ET
Table 'Mette III' 2-max Seat #2 is the button
Seat 1: jl45259071 ($521.75 in chips)
Seat 2: Bastenok ($310.83 in chips)
Bastenok: posts small blind $1
jl45259071: posts big blind $3
*** HOLE CARDS ***
Bastenok: raises $3 to $6
jl45259071: raises $3 to $9
Bastenok: calls $3
*** FLOP *** [8s Jh Jc]
jl45259071: bets $3
Bastenok: folds
Uncalled bet ($3) returned to jl45259071
jl45259071 collected $17.64 from pot
jl45259071: doesn't show hand
*** SUMMARY ***
Total pot $18 | Rake $0.36
Board [8s Jh Jc]
Seat 1: jl45259071 (big blind) collected ($17.64)
Seat 2: Bastenok (button) (small blind) folded on the Flop


PokerStars Hand #144902413408:  Hold'em Limit ($3/$6 USD) - 2015/12/06 6:19:41 ET
Table 'Mette III' 2-max Seat #2 is the button
Seat 1: jl45259071 ($534.48 in chips)
Seat 2: Bastenok ($299.94 in chips)
Bastenok: posts small blind $1
jl45259071: posts big blind $3
*** HOLE CARDS ***
Bastenok: raises $3 to $6
jl45259071: calls $3
*** FLOP *** [3d Ks Qd]
jl45259071: checks
Bastenok: bets $3
jl45259071: raises $3 to $6
Bastenok: calls $3
*** TURN *** [3d Ks Qd] [9s]
jl45259071: bets $6
Bastenok: folds
Uncalled bet ($6) returned to jl45259071
jl45259071 collected $23.52 from pot
jl45259071: doesn't show hand
*** SUMMARY ***
Total pot $24 | Rake $0.48
Board [3d Ks Qd 9s]
Seat 1: jl45259071 (big blind) collected ($23.52)
Seat 2: Bastenok (button) (small blind) folded on the Turn


PokerStars Hand #144902419835:  Hold'em Limit ($3/$6 USD) - 2015/12/06 6:19:52 ET
Table 'Mette III' 2-max Seat #1 is the button
Seat 1: jl45259071 ($546 in chips)
Seat 2: Bastenok ($287.94 in chips)
jl45259071: posts small blind $1
Bastenok: posts big blind $3
*** HOLE CARDS ***
jl45259071: raises $3 to $6
Bastenok: calls $3
*** FLOP *** [5h 4h Kd]
Bastenok: checks
jl45259071: bets $3
Bastenok: calls $3
*** TURN *** [5h 4h Kd] [4c]
Bastenok: checks
jl45259071: checks
*** RIVER *** [5h 4h Kd 4c] [Qh]
Bastenok: bets $6
jl45259071: calls $6
*** SHOW DOWN ***
Bastenok: shows [Kc 3h] (two pair, Kings and Fours)
jl45259071: mucks hand
Bastenok collected $29.50 from pot
*** SUMMARY ***
Total pot $30 | Rake $0.50
Board [5h 4h Kd 4c Qh]
Seat 1: jl45259071 (button) (small blind) mucked
Seat 2: Bastenok (big blind) showed [Kc 3h] and won ($29.50) with two pair, Kings and Fours


PokerStars Hand #144902457649:  Hold'em Limit ($3/$6 USD) - 2015/12/06 6:21:02 ET
Table 'Mette III' 2-max Seat #1 is the button
Seat 1: jl45259071 ($509.15 in chips)
Seat 2: Bastenok ($322.33 in chips)
jl45259071: posts small blind $1
Bastenok: posts big blind $3
*** HOLE CARDS ***
jl45259071: raises $3 to $6
Bastenok: folds
Uncalled bet ($3) returned to jl45259071
jl45259071 collected $6 from pot
jl45259071: doesn't show hand
*** SUMMARY ***
Total pot $6 | Rake $0
Seat 1: jl45259071 (button) (small blind) collected ($6)
Seat 2: Bastenok (big blind) folded before Flop


PokerStars Hand #144902449363:  Hold'em Limit ($3/$6 USD) - 2015/12/06 6:20:47 ET
Table 'Mette III' 2-max Seat #2 is the button
Seat 1: jl45259071 ($536.15 in chips)
Seat 2: Bastenok ($295.83 in chips)
Bastenok: posts small blind $1
jl45259071: posts big blind $3
*** HOLE CARDS ***
Bastenok: raises $3 to $6
jl45259071: raises $3 to $9
Bastenok: raises $3 to $12
Betting is capped
jl45259071: calls $3
*** FLOP *** [6h 3c 6d]
jl45259071: bets $3
Bastenok: calls $3
*** TURN *** [6h 3c 6d] [5c]
jl45259071: bets $6
Bastenok: calls $6
*** RIVER *** [6h 3c 6d 5c] [2d]
jl45259071: bets $6
Bastenok: calls $6
*** SHOW DOWN ***
jl45259071: shows [8c Ks] (a pair of Sixes)
Bastenok: shows [Kc As] (a pair of Sixes - Ace kicker)
Bastenok collected $53.50 from pot
*** SUMMARY ***
Total pot $54 | Rake $0.50
Board [6h 3c 6d 5c 2d]
Seat 1: jl45259071 (big blind) showed [8c Ks] and lost with a pair of Sixes
Seat 2: Bastenok (button) (small blind) showed [Kc As] and won ($53.50) with a pair of Sixes


PokerStars Hand #144902444941:  Hold'em Limit ($3/$6 USD) - 2015/12/06 6:20:39 ET
Table 'Mette III' 2-max Seat #1 is the button
Seat 1: jl45259071 ($530.39 in chips)
Seat 2: Bastenok ($301.83 in chips)
jl45259071: posts small blind $1
Bastenok: posts big blind $3
*** HOLE CARDS ***
jl45259071: raises $3 to $6
Bastenok: calls $3
*** FLOP *** [4h Kc 4d]
Bastenok: checks
jl45259071: bets $3
Bastenok: folds
Uncalled bet ($3) returned to jl45259071
jl45259071 collected $11.76 from pot
jl45259071: doesn't show hand
*** SUMMARY ***
Total pot $12 | Rake $0.24
Board [4h Kc 4d]
Seat 1: jl45259071 (button) (small blind) collected ($11.76)
Seat 2: Bastenok (big blind) folded on the Flop


PokerStars Hand #144902460326:  Hold'em Limit ($3/$6 USD) - 2015/12/06 6:21:07 ET
Table 'Mette III' 2-max Seat #2 is the button
Seat 1: jl45259071 ($512.15 in chips)
Seat 2: Bastenok ($319.33 in chips)
Bastenok: posts small blind $1
jl45259071: posts big blind $3
*** HOLE CARDS ***
Bastenok: raises $3 to $6
jl45259071: calls $3
*** FLOP *** [As 6d 2h]
jl45259071: checks
Bastenok: bets $3
jl45259071: calls $3
*** TURN *** [As 6d 2h] [8c]
jl45259071: checks
Bastenok: bets $6
jl45259071: calls $6
*** RIVER *** [As 6d 2h 8c] [Kc]
jl45259071: checks
Bastenok: checks
*** SHOW DOWN ***
jl45259071: shows [5h 2d] (a pair of Deuces)
Bastenok: shows [Qh 6h] (a pair of Sixes)
Bastenok collected $29.50 from pot
*** SUMMARY ***
Total pot $30 | Rake $0.50
Board [As 6d 2h 8c Kc]
Seat 1: jl45259071 (big blind) showed [5h 2d] and lost with a pair of Deuces
Seat 2: Bastenok (button) (small blind) showed [Qh 6h] and won ($29.50) with a pair of Sixes


PokerStars Hand #144902467433:  Hold'em Limit ($3/$6 USD) - 2015/12/06 6:21:20 ET
Table 'Mette III' 2-max Seat #1 is the button
Seat 1: jl45259071 ($497.15 in chips)
Seat 2: Bastenok ($333.83 in chips)
jl45259071: posts small blind $1
Bastenok: posts big blind $3
*** HOLE CARDS ***
jl45259071: folds
Uncalled bet ($2) returned to Bastenok
Bastenok collected $2 from pot
Bastenok: doesn't show hand
*** SUMMARY ***
Total pot $2 | Rake $0
Seat 1: jl45259071 (button) (small blind) folded before Flop
Seat 2: Bastenok (big blind) collected ($2)


PokerStars Hand #144902470273:  Hold'em Limit ($3/$6 USD) - 2015/12/06 6:21:25 ET
Table 'Mette III' 2-max Seat #2 is the button
Seat 1: jl45259071 ($496.15 in chips)
Seat 2: Bastenok ($334.83 in chips)
Bastenok: posts small blind $1
jl45259071: posts big blind $3
*** HOLE CARDS ***
Bastenok: raises $3 to $6
jl45259071: raises $3 to $9
Bastenok: calls $3
*** FLOP *** [2s 2h 7h]
jl45259071: bets $3
Bastenok: raises $3 to $6
jl45259071: calls $3
*** TURN *** [2s 2h 7h] [Qs]
jl45259071: checks
Bastenok: checks
*** RIVER *** [2s 2h 7h Qs] [9d]
jl45259071: bets $6
Bastenok: calls $6
*** SHOW DOWN ***
jl45259071: shows [7s 6s] (two pair, Sevens and Deuces)
Bastenok: shows [Js 9s] (two pair, Nines and Deuces)
Bastenok collected $41.50 from pot
*** SUMMARY ***
Total pot $42 | Rake $0.50
Board [2s 2h 7h Qs 9d]
Seat 1: jl45259071 (big blind) showed [7s 6s] and lost with two pair, Sevens and Deuces
Seat 2: Bastenok (button) (small blind) showed [Js 9s] and won ($41.50) with two pair, Nines and Deuces


PokerStars Hand #144902486037:  Hold'em Limit ($3/$6 USD) - 2015/12/06 6:21:54 ET
Table 'Mette III' 2-max Seat #2 is the button
Seat 1: jl45259071 ($457.15 in chips)
Seat 2: Bastenok ($372.83 in chips)
Bastenok: posts small blind $1
jl45259071: posts big blind $3
*** HOLE CARDS ***
Bastenok: raises $3 to $6
jl45259071: calls $3
*** FLOP *** [9d 6s 9h]
jl45259071: checks
Bastenok: bets $3
jl45259071: calls $3
*** TURN *** [9d 6s 9h] [6h]
jl45259071: checks
Bastenok: checks
*** RIVER *** [9d 6s 9h 6h] [2c]
jl45259071: checks
Bastenok: checks
*** SHOW DOWN ***
jl45259071: shows [8c Qs] (two pair, Nines and Sixes)
Bastenok: mucks hand
jl45259071 collected $17.64 from pot
*** SUMMARY ***
Total pot $18 | Rake $0.36
Board [9d 6s 9h 6h 2c]
Seat 1: jl45259071 (big blind) showed [8c Qs] and won ($17.64) with two pair, Nines and Sixes
Seat 2: Bastenok (button) (small blind) mucked


PokerStars Hand #144902501123:  Hold'em Limit ($3/$6 USD) - 2015/12/06 6:22:22 ET
Table 'Mette III' 2-max Seat #2 is the button
Seat 1: jl45259071 ($474.43 in chips)
Seat 2: Bastenok ($354.83 in chips)
Bastenok: posts small blind $1
jl45259071: posts big blind $3
*** HOLE CARDS ***
Bastenok: raises $3 to $6
jl45259071: calls $3
*** FLOP *** [Ah 2h Kc]
jl45259071: checks
Bastenok: bets $3
jl45259071: folds
Uncalled bet ($3) returned to Bastenok
Bastenok collected $11.76 from pot
Bastenok: doesn't show hand
*** SUMMARY ***
Total pot $12 | Rake $0.24
Board [Ah 2h Kc]
Seat 1: jl45259071 (big blind) folded on the Flop
Seat 2: Bastenok (button) (small blind) collected ($11.76)


PokerStars Hand #144902493681:  Hold'em Limit ($3/$6 USD) - 2015/12/06 6:22:08 ET
Table 'Mette III' 2-max Seat #1 is the button
Seat 1: jl45259071 ($465.79 in chips)
Seat 2: Bastenok ($363.83 in chips)
jl45259071: posts small blind $1
Bastenok: posts big blind $3
*** HOLE CARDS ***
jl45259071: calls $2
Bastenok: checks
*** FLOP *** [Ks 3c Ac]
Bastenok: checks
jl45259071: checks
*** TURN *** [Ks 3c Ac] [8s]
Bastenok: checks
jl45259071: checks
*** RIVER *** [Ks 3c Ac 8s] [4c]
Bastenok: checks
jl45259071: bets $6
Bastenok: calls $6
*** SHOW DOWN ***
jl45259071: shows [As Ts] (a pair of Aces)
Bastenok: mucks hand
jl45259071 collected $17.64 from pot
*** SUMMARY ***
Total pot $18 | Rake $0.36
Board [Ks 3c Ac 8s 4c]
Seat 1: jl45259071 (button) (small blind) showed [As Ts] and won ($17.64) with a pair of Aces
Seat 2: Bastenok (big blind) mucked


PokerStars Hand #144902513322:  Hold'em Limit ($3/$6 USD) - 2015/12/06 6:22:44 ET
Table 'Mette III' 2-max Seat #2 is the button
Seat 1: jl45259071 ($456.43 in chips)
Seat 2: Bastenok ($372.11 in chips)
Bastenok: posts small blind $1
jl45259071: posts big blind $3
*** HOLE CARDS ***
Bastenok: raises $3 to $6
jl45259071: raises $3 to $9
Bastenok: calls $3
*** FLOP *** [Kc As Kh]
jl45259071: bets $3
Bastenok: calls $3
*** TURN *** [Kc As Kh] [6c]
jl45259071: bets $6
Bastenok: calls $6
*** RIVER *** [Kc As Kh 6c] [Ks]
jl45259071: bets $6
Bastenok: raises $6 to $12
jl45259071: calls $6
*** SHOW DOWN ***
Bastenok: shows [Ac 7s] (a full house, Kings full of Aces)
jl45259071: mucks hand
Bastenok collected $59.50 from pot
*** SUMMARY ***
Total pot $60 | Rake $0.50
Board [Kc As Kh 6c Ks]
Seat 1: jl45259071 (big blind) mucked
Seat 2: Bastenok (button) (small blind) showed [Ac 7s] and won ($59.50) with a full house, Kings full of Aces


PokerStars Hand #144902505579:  Hold'em Limit ($3/$6 USD) - 2015/12/06 6:22:30 ET
Table 'Mette III' 2-max Seat #1 is the button
Seat 1: jl45259071 ($468.43 in chips)
Seat 2: Bastenok ($360.59 in chips)
jl45259071: posts small blind $1
Bastenok: posts big blind $3
*** HOLE CARDS ***
jl45259071: calls $2
Bastenok: checks
*** FLOP *** [2s 9c Ks]
Bastenok: checks
jl45259071: bets $3
Bastenok: calls $3
*** TURN *** [2s 9c Ks] [4h]
Bastenok: checks
jl45259071: bets $6
Bastenok: calls $6
*** RIVER *** [2s 9c Ks 4h] [2d]
Bastenok: checks
jl45259071: checks
*** SHOW DOWN ***
Bastenok: shows [Ts 2h] (three of a kind, Deuces)
jl45259071: mucks hand
Bastenok collected $23.52 from pot
*** SUMMARY ***
Total pot $24 | Rake $0.48
Board [2s 9c Ks 4h 2d]
Seat 1: jl45259071 (button) (small blind) mucked
Seat 2: Bastenok (big blind) showed [Ts 2h] and won ($23.52) with three of a kind, Deuces


PokerStars Hand #144902521648:  Hold'em Limit ($3/$6 USD) - 2015/12/06 6:23:00 ET
Table 'Mette III' 2-max Seat #1 is the button
Seat 1: jl45259071 ($426.43 in chips)
Seat 2: Bastenok ($401.61 in chips)
jl45259071: posts small blind $1
Bastenok: posts big blind $3
*** HOLE CARDS ***
jl45259071: raises $3 to $6
Bastenok: calls $3
*** FLOP *** [Qs Qd Js]
Bastenok: checks
jl45259071: bets $3
Bastenok: calls $3
*** TURN *** [Qs Qd Js] [Ks]
Bastenok: checks
jl45259071: bets $6
Bastenok: calls $6
*** RIVER *** [Qs Qd Js Ks] [7d]
Bastenok: checks
jl45259071: checks
*** SHOW DOWN ***
Bastenok: shows [Ac 8c] (a pair of Queens)
jl45259071: shows [Jc Ad] (two pair, Queens and Jacks)
jl45259071 collected $29.50 from pot
*** SUMMARY ***
Total pot $30 | Rake $0.50
Board [Qs Qd Js Ks 7d]
Seat 1: jl45259071 (button) (small blind) showed [Jc Ad] and won ($29.50) with two pair, Queens and Jacks
Seat 2: Bastenok (big blind) showed [Ac 8c] and lost with a pair of Queens


PokerStars Hand #144902528694:  Hold'em Limit ($3/$6 USD) - 2015/12/06 6:23:13 ET
Table 'Mette III' 2-max Seat #2 is the button
Seat 1: jl45259071 ($440.93 in chips)
Seat 2: Bastenok ($386.61 in chips)
Bastenok: posts small blind $1
jl45259071: posts big blind $3
*** HOLE CARDS ***
Bastenok: raises $3 to $6
jl45259071: raises $3 to $9
Bastenok: calls $3
*** FLOP *** [2h 5s 7c]
jl45259071: bets $3
Bastenok: raises $3 to $6
jl45259071: calls $3
*** TURN *** [2h 5s 7c] [Qd]
jl45259071: checks
Bastenok: bets $6
jl45259071: calls $6
*** RIVER *** [2h 5s 7c Qd] [Jd]
jl45259071: checks
Bastenok: bets $6
jl45259071: raises $6 to $12
Bastenok: raises $6 to $18
jl45259071: calls $6
*** SHOW DOWN ***
Bastenok: shows [7h 7d] (three of a kind, Sevens)
jl45259071: mucks hand
Bastenok collected $77.50 from pot
*** SUMMARY ***
Total pot $78 | Rake $0.50
Board [2h 5s 7c Qd Jd]
Seat 1: jl45259071 (big blind) mucked
Seat 2: Bastenok (button) (small blind) showed [7h 7d] and won ($77.50) with three of a kind, Sevens


PokerStars Hand #144902549050:  Hold'em Limit ($3/$6 USD) - 2015/12/06 6:23:50 ET
Table 'Mette III' 2-max Seat #1 is the button
Seat 1: jl45259071 ($402.87 in chips)
Seat 2: Bastenok ($424.05 in chips)
jl45259071: posts small blind $1
Bastenok: posts big blind $3
*** HOLE CARDS ***
jl45259071: calls $2
Bastenok: raises $3 to $6
jl45259071: calls $3
*** FLOP *** [5s 6s 2h]
Bastenok: bets $3
jl45259071: calls $3
*** TURN *** [5s 6s 2h] [Tc]
Bastenok: bets $6
jl45259071: calls $6
*** RIVER *** [5s 6s 2h Tc] [8d]
Bastenok: bets $6
jl45259071: folds
Uncalled bet ($6) returned to Bastenok
Bastenok collected $29.50 from pot
Bastenok: doesn't show hand
*** SUMMARY ***
Total pot $30 | Rake $0.50
Board [5s 6s 2h Tc 8d]
Seat 1: jl45259071 (button) (small blind) folded on the River
Seat 2: Bastenok (big blind) collected ($29.50)


PokerStars Hand #144902546166:  Hold'em Limit ($3/$6 USD) - 2015/12/06 6:23:45 ET
Table 'Mette III' 2-max Seat #2 is the button
Seat 1: jl45259071 ($401.87 in chips)
Seat 2: Bastenok ($425.05 in chips)
Bastenok: posts small blind $1
jl45259071: posts big blind $3
*** HOLE CARDS ***
Bastenok: folds
Uncalled bet ($2) returned to jl45259071
jl45259071 collected $2 from pot
jl45259071: doesn't show hand
*** SUMMARY ***
Total pot $2 | Rake $0
Seat 1: jl45259071 (big blind) collected ($2)
Seat 2: Bastenok (button) (small blind) folded before Flop


PokerStars Hand #144902570978:  Hold'em Limit ($3/$6 USD) - 2015/12/06 6:24:30 ET
Table 'Mette III' 2-max Seat #2 is the button
Seat 1: jl45259071 ($411.01 in chips)
Seat 2: Bastenok ($414.55 in chips)
Bastenok: posts small blind $1
jl45259071: posts big blind $3
*** HOLE CARDS ***
Bastenok: folds
Uncalled bet ($2) returned to jl45259071
jl45259071 collected $2 from pot
jl45259071: doesn't show hand
*** SUMMARY ***
Total pot $2 | Rake $0
Seat 1: jl45259071 (big blind) collected ($2)
Seat 2: Bastenok (button) (small blind) folded before Flop


PokerStars Hand #144902556436:  Hold'em Limit ($3/$6 USD) - 2015/12/06 6:24:03 ET
Table 'Mette III' 2-max Seat #2 is the button
Seat 1: jl45259071 ($387.87 in chips)
Seat 2: Bastenok ($438.55 in chips)
Bastenok: posts small blind $1
jl45259071: posts big blind $3
*** HOLE CARDS ***
Bastenok: raises $3 to $6
jl45259071: calls $3
*** FLOP *** [6d Jh Ad]
jl45259071: checks
Bastenok: bets $3
jl45259071: calls $3
*** TURN *** [6d Jh Ad] [Kc]
jl45259071: checks
Bastenok: checks
*** RIVER *** [6d Jh Ad Kc] [9d]
jl45259071: bets $6
Bastenok: folds
Uncalled bet ($6) returned to jl45259071
jl45259071 collected $17.64 from pot
jl45259071: doesn't show hand
*** SUMMARY ***
Total pot $18 | Rake $0.36
Board [6d Jh Ad Kc 9d]
Seat 1: jl45259071 (big blind) collected ($17.64)
Seat 2: Bastenok (button) (small blind) folded on the River


PokerStars Hand #144902563568:  Hold'em Limit ($3/$6 USD) - 2015/12/06 6:24:16 ET
Table 'Mette III' 2-max Seat #1 is the button
Seat 1: jl45259071 ($396.51 in chips)
Seat 2: Bastenok ($429.55 in chips)
jl45259071: posts small blind $1
Bastenok: posts big blind $3
*** HOLE CARDS ***
jl45259071: calls $2
Bastenok: raises $3 to $6
jl45259071: calls $3
*** FLOP *** [6d Th 5h]
Bastenok: bets $3
jl45259071: calls $3
*** TURN *** [6d Th 5h] [7c]
Bastenok: bets $6
jl45259071: calls $6
*** RIVER *** [6d Th 5h 7c] [Qs]
Bastenok: checks
jl45259071: checks
*** SHOW DOWN ***
Bastenok: shows [9s Ac] (high card Ace)
jl45259071: shows [7s 2s] (a pair of Sevens)
jl45259071 collected $29.50 from pot
*** SUMMARY ***
Total pot $30 | Rake $0.50
Board [6d Th 5h 7c Qs]
Seat 1: jl45259071 (button) (small blind) showed [7s 2s] and won ($29.50) with a pair of Sevens
Seat 2: Bastenok (big blind) showed [9s Ac] and lost with high card Ace


PokerStars Hand #144902573718:  Hold'em Limit ($3/$6 USD) - 2015/12/06 6:24:35 ET
Table 'Mette III' 2-max Seat #1 is the button
Seat 1: jl45259071 ($412.01 in chips)
Seat 2: Bastenok ($413.55 in chips)
jl45259071: posts small blind $1
Bastenok: posts big blind $3
*** HOLE CARDS ***
jl45259071: calls $2
Bastenok: checks
*** FLOP *** [Tc 9h Td]
Bastenok: checks
jl45259071: bets $3
Bastenok: folds
Uncalled bet ($3) returned to jl45259071
jl45259071 collected $5.88 from pot
jl45259071: doesn't show hand
*** SUMMARY ***
Total pot $6 | Rake $0.12
Board [Tc 9h Td]
Seat 1: jl45259071 (button) (small blind) collected ($5.88)
Seat 2: Bastenok (big blind) folded on the Flop


PokerStars Hand #144902599128:  Hold'em Limit ($3/$6 USD) - 2015/12/06 6:25:22 ET
Table 'Mette III' 2-max Seat #1 is the button
Seat 1: jl45259071 ($403.89 in chips)
Seat 2: Bastenok ($421.07 in chips)
jl45259071: posts small blind $1
Bastenok: posts big blind $3
*** HOLE CARDS ***
jl45259071: raises $3 to $6
Bastenok: calls $3
*** FLOP *** [4d Qd 7s]
Bastenok: checks
jl45259071: bets $3
Bastenok: folds
Uncalled bet ($3) returned to jl45259071
jl45259071 collected $11.76 from pot
jl45259071: doesn't show hand
*** SUMMARY ***
Total pot $12 | Rake $0.24
Board [4d Qd 7s]
Seat 1: jl45259071 (button) (small blind) collected ($11.76)
Seat 2: Bastenok (big blind) folded on the Flop


PokerStars Hand #144902595613:  Hold'em Limit ($3/$6 USD) - 2015/12/06 6:25:16 ET
Table 'Mette III' 2-max Seat #2 is the button
Seat 1: jl45259071 ($402.89 in chips)
Seat 2: Bastenok ($422.07 in chips)
Bastenok: posts small blind $1
jl45259071: posts big blind $3
*** HOLE CARDS ***
Bastenok: folds
Uncalled bet ($2) returned to jl45259071
jl45259071 collected $2 from pot
jl45259071: doesn't show hand
*** SUMMARY ***
Total pot $2 | Rake $0
Seat 1: jl45259071 (big blind) collected ($2)
Seat 2: Bastenok (button) (small blind) folded before Flop


PokerStars Hand #144902588812:  Hold'em Limit ($3/$6 USD) - 2015/12/06 6:25:03 ET
Table 'Mette III' 2-max Seat #1 is the button
Seat 1: jl45259071 ($408.89 in chips)
Seat 2: Bastenok ($416.31 in chips)
jl45259071: posts small blind $1
Bastenok: posts big blind $3
*** HOLE CARDS ***
jl45259071: calls $2
Bastenok: checks
*** FLOP *** [3c Qd 8d]
Bastenok: bets $3
jl45259071: calls $3
*** TURN *** [3c Qd 8d] [3d]
Bastenok: bets $6
jl45259071: folds
Uncalled bet ($6) returned to Bastenok
Bastenok collected $11.76 from pot
Bastenok: doesn't show hand
*** SUMMARY ***
Total pot $12 | Rake $0.24
Board [3c Qd 8d 3d]
Seat 1: jl45259071 (button) (small blind) folded on the Turn
Seat 2: Bastenok (big blind) collected ($11.76)


PokerStars Hand #144902584090:  Hold'em Limit ($3/$6 USD) - 2015/12/06 6:24:55 ET
Table 'Mette III' 2-max Seat #2 is the button
Seat 1: jl45259071 ($414.89 in chips)
Seat 2: Bastenok ($410.55 in chips)
Bastenok: posts small blind $1
jl45259071: posts big blind $3
*** HOLE CARDS ***
Bastenok: raises $3 to $6
jl45259071: calls $3
*** FLOP *** [Qd 2h 6c]
jl45259071: checks
Bastenok: bets $3
jl45259071: folds
Uncalled bet ($3) returned to Bastenok
Bastenok collected $11.76 from pot
Bastenok: doesn't show hand
*** SUMMARY ***
Total pot $12 | Rake $0.24
Board [Qd 2h 6c]
Seat 1: jl45259071 (big blind) folded on the Flop
Seat 2: Bastenok (button) (small blind) collected ($11.76)


PokerStars Hand #144902615453:  Hold'em Limit ($3/$6 USD) - 2015/12/06 6:25:52 ET
Table 'Mette III' 2-max Seat #1 is the button
Seat 1: jl45259071 ($406.65 in chips)
Seat 2: Bastenok ($418.07 in chips)
jl45259071: posts small blind $1
Bastenok: posts big blind $3
*** HOLE CARDS ***
jl45259071: calls $2
Bastenok: checks
*** FLOP *** [7h Ac 5s]
Bastenok: bets $3
jl45259071: calls $3
*** TURN *** [7h Ac 5s] [2d]
Bastenok: bets $6
jl45259071: calls $6
*** RIVER *** [7h Ac 5s 2d] [Qc]
Bastenok: checks
jl45259071: checks
*** SHOW DOWN ***
Bastenok: shows [7s 2c] (two pair, Sevens and Deuces)
jl45259071: mucks hand
Bastenok collected $23.52 from pot
*** SUMMARY ***
Total pot $24 | Rake $0.48
Board [7h Ac 5s 2d Qc]
Seat 1: jl45259071 (button) (small blind) mucked
Seat 2: Bastenok (big blind) showed [7s 2c] and won ($23.52) with two pair, Sevens and Deuces


PokerStars Hand #144902604728:  Hold'em Limit ($3/$6 USD) - 2015/12/06 6:25:33 ET
Table 'Mette III' 2-max Seat #2 is the button
Seat 1: jl45259071 ($409.65 in chips)
Seat 2: Bastenok ($415.07 in chips)
Bastenok: posts small blind $1
jl45259071: posts big blind $3
*** HOLE CARDS ***
Bastenok: raises $3 to $6
jl45259071: folds
Uncalled bet ($3) returned to Bastenok
Bastenok collected $6 from pot
Bastenok: doesn't show hand
*** SUMMARY ***
Total pot $6 | Rake $0
Seat 1: jl45259071 (big blind) folded before Flop
Seat 2: Bastenok (button) (small blind) collected ($6)


PokerStars Hand #144902627886:  Hold'em Limit ($3/$6 USD) - 2015/12/06 6:26:15 ET
Table 'Mette III' 2-max Seat #2 is the button
Seat 1: jl45259071 ($394.65 in chips)
Seat 2: Bastenok ($429.59 in chips)
Bastenok: posts small blind $1
jl45259071: posts big blind $3
*** HOLE CARDS ***
Bastenok: raises $3 to $6
jl45259071: calls $3
*** FLOP *** [5h 5c 3d]
jl45259071: checks
Bastenok: checks
*** TURN *** [5h 5c 3d] [9d]
jl45259071: checks
Bastenok: checks
*** RIVER *** [5h 5c 3d 9d] [Jc]
jl45259071: checks
Bastenok: checks
*** SHOW DOWN ***
jl45259071: shows [2h 7c] (a pair of Fives)
Bastenok: shows [Qc 6c] (a pair of Fives - Queen kicker)
Bastenok collected $11.76 from pot
*** SUMMARY ***
Total pot $12 | Rake $0.24
Board [5h 5c 3d 9d Jc]
Seat 1: jl45259071 (big blind) showed [2h 7c] and lost with a pair of Fives
Seat 2: Bastenok (button) (small blind) showed [Qc 6c] and won ($11.76) with a pair of Fives


PokerStars Hand #144902667839:  Hold'em Limit ($3/$6 USD) - 2015/12/06 6:27:29 ET
Table 'Mette III' 2-max Seat #1 is the button
Seat 1: jl45259071 ($382.17 in chips)
Seat 2: Bastenok ($440.85 in chips)
jl45259071: posts small blind $1
Bastenok: posts big blind $3
*** HOLE CARDS ***
jl45259071: raises $3 to $6
Bastenok: calls $3
*** FLOP *** [Js Ac Jc]
Bastenok: checks
jl45259071: bets $3
Bastenok: folds
Uncalled bet ($3) returned to jl45259071
jl45259071 collected $11.76 from pot
jl45259071: doesn't show hand
*** SUMMARY ***
Total pot $12 | Rake $0.24
Board [Js Ac Jc]
Seat 1: jl45259071 (button) (small blind) collected ($11.76)
Seat 2: Bastenok (big blind) folded on the Flop


PokerStars Hand #144902663142:  Hold'em Limit ($3/$6 USD) - 2015/12/06 6:27:20 ET
Table 'Mette III' 2-max Seat #2 is the button
Seat 1: jl45259071 ($373.53 in chips)
Seat 2: Bastenok ($449.85 in chips)
Bastenok: posts small blind $1
jl45259071: posts big blind $3
*** HOLE CARDS ***
Bastenok: raises $3 to $6
jl45259071: raises $3 to $9
Bastenok: calls $3
*** FLOP *** [Qc 4h Jh]
jl45259071: bets $3
Bastenok: folds
Uncalled bet ($3) returned to jl45259071
jl45259071 collected $17.64 from pot
jl45259071: doesn't show hand
*** SUMMARY ***
Total pot $18 | Rake $0.36
Board [Qc 4h Jh]
Seat 1: jl45259071 (big blind) collected ($17.64)
Seat 2: Bastenok (button) (small blind) folded on the Flop


PokerStars Hand #144902659680:  Hold'em Limit ($3/$6 USD) - 2015/12/06 6:27:14 ET
Table 'Mette III' 2-max Seat #1 is the button
Seat 1: jl45259071 ($370.53 in chips)
Seat 2: Bastenok ($452.85 in chips)
jl45259071: posts small blind $1
Bastenok: posts big blind $3
*** HOLE CARDS ***
jl45259071: raises $3 to $6
Bastenok: folds
Uncalled bet ($3) returned to jl45259071
jl45259071 collected $6 from pot
jl45259071: doesn't show hand
*** SUMMARY ***
Total pot $6 | Rake $0
Seat 1: jl45259071 (button) (small blind) collected ($6)
Seat 2: Bastenok (big blind) folded before Flop


PokerStars Hand #144902650578:  Hold'em Limit ($3/$6 USD) - 2015/12/06 6:26:57 ET
Table 'Mette III' 2-max Seat #2 is the button
Seat 1: jl45259071 ($391.53 in chips)
Seat 2: Bastenok ($432.35 in chips)
Bastenok: posts small blind $1
jl45259071: posts big blind $3
*** HOLE CARDS ***
Bastenok: raises $3 to $6
jl45259071: calls $3
*** FLOP *** [Kh 3d 6d]
jl45259071: checks
Bastenok: bets $3
jl45259071: calls $3
*** TURN *** [Kh 3d 6d] [7c]
jl45259071: checks
Bastenok: bets $6
jl45259071: calls $6
*** RIVER *** [Kh 3d 6d 7c] [9s]
jl45259071: checks
Bastenok: bets $6
jl45259071: calls $6
*** SHOW DOWN ***
Bastenok: shows [5h 9c] (a pair of Nines)
jl45259071: mucks hand
Bastenok collected $41.50 from pot
*** SUMMARY ***
Total pot $42 | Rake $0.50
Board [Kh 3d 6d 7c 9s]
Seat 1: jl45259071 (big blind) mucked
Seat 2: Bastenok (button) (small blind) showed [5h 9c] and won ($41.50) with a pair of Nines


PokerStars Hand #144902638586:  Hold'em Limit ($3/$6 USD) - 2015/12/06 6:26:34 ET
Table 'Mette III' 2-max Seat #1 is the button
Seat 1: jl45259071 ($388.65 in chips)
Seat 2: Bastenok ($435.35 in chips)
jl45259071: posts small blind $1
Bastenok: posts big blind $3
*** HOLE CARDS ***
jl45259071: calls $2
Bastenok: checks
*** FLOP *** [3d Jc 2d]
Bastenok: checks
jl45259071: checks
*** TURN *** [3d Jc 2d] [6s]
Bastenok: checks
jl45259071: checks
*** RIVER *** [3d Jc 2d 6s] [3c]
Bastenok: checks
jl45259071: bets $6
Bastenok: folds
Uncalled bet ($6) returned to jl45259071
jl45259071 collected $5.88 from pot
jl45259071: doesn't show hand
*** SUMMARY ***
Total pot $6 | Rake $0.12
Board [3d Jc 2d 6s 3c]
Seat 1: jl45259071 (button) (small blind) collected ($5.88)
Seat 2: Bastenok (big blind) folded on the River


PokerStars Hand #144902685088:  Hold'em Limit ($3/$6 USD) - 2015/12/06 6:28:01 ET
Table 'Mette III' 2-max Seat #2 is the button
Seat 1: jl45259071 ($390.57 in chips)
Seat 2: Bastenok ($431.61 in chips)
Bastenok: posts small blind $1
jl45259071: posts big blind $3
*** HOLE CARDS ***
Bastenok: raises $3 to $6
jl45259071: calls $3
*** FLOP *** [As Qc Td]
jl45259071: checks
Bastenok: bets $3
jl45259071: calls $3
*** TURN *** [As Qc Td] [4c]
jl45259071: checks
Bastenok: bets $6
jl45259071: calls $6
*** RIVER *** [As Qc Td 4c] [6c]
jl45259071: checks
Bastenok: checks
*** SHOW DOWN ***
jl45259071: shows [5c Jh] (high card Ace)
Bastenok: shows [7c Th] (a pair of Tens)
Bastenok collected $29.50 from pot
*** SUMMARY ***
Total pot $30 | Rake $0.50
Board [As Qc Td 4c 6c]
Seat 1: jl45259071 (big blind) showed [5c Jh] and lost with high card Ace
Seat 2: Bastenok (button) (small blind) showed [7c Th] and won ($29.50) with a pair of Tens


PokerStars Hand #144902679234:  Hold'em Limit ($3/$6 USD) - 2015/12/06 6:27:50 ET
Table 'Mette III' 2-max Seat #1 is the button
Seat 1: jl45259071 ($396.57 in chips)
Seat 2: Bastenok ($425.85 in chips)
jl45259071: posts small blind $1
Bastenok: posts big blind $3
*** HOLE CARDS ***
jl45259071: raises $3 to $6
Bastenok: calls $3
*** FLOP *** [2s 6h 5c]
Bastenok: checks
jl45259071: checks
*** TURN *** [2s 6h 5c] [2h]
Bastenok: bets $6
jl45259071: folds
Uncalled bet ($6) returned to Bastenok
Bastenok collected $11.76 from pot
Bastenok: doesn't show hand
*** SUMMARY ***
Total pot $12 | Rake $0.24
Board [2s 6h 5c 2h]
Seat 1: jl45259071 (button) (small blind) folded on the Turn
Seat 2: Bastenok (big blind) collected ($11.76)


PokerStars Hand #144902672799:  Hold'em Limit ($3/$6 USD) - 2015/12/06 6:27:38 ET
Table 'Mette III' 2-max Seat #2 is the button
Seat 1: jl45259071 ($387.93 in chips)
Seat 2: Bastenok ($434.85 in chips)
Bastenok: posts small blind $1
jl45259071: posts big blind $3
*** HOLE CARDS ***
Bastenok: raises $3 to $6
jl45259071: raises $3 to $9
Bastenok: calls $3
*** FLOP *** [Th Qs 5s]
jl45259071: bets $3
Bastenok: folds
Uncalled bet ($3) returned to jl45259071
jl45259071 collected $17.64 from pot
jl45259071: doesn't show hand
*** SUMMARY ***
Total pot $18 | Rake $0.36
Board [Th Qs 5s]
Seat 1: jl45259071 (big blind) collected ($17.64)
Seat 2: Bastenok (button) (small blind) folded on the Flop


PokerStars Hand #144902693670:  Hold'em Limit ($3/$6 USD) - 2015/12/06 6:28:16 ET
Table 'Mette III' 2-max Seat #1 is the button
Seat 1: jl45259071 ($375.57 in chips)
Seat 2: Bastenok ($446.11 in chips)
jl45259071: posts small blind $1
Bastenok: posts big blind $3
*** HOLE CARDS ***
jl45259071: calls $2
Bastenok: checks
*** FLOP *** [Ts 4s Kc]
Bastenok: checks
jl45259071: checks
*** TURN *** [Ts 4s Kc] [5h]
Bastenok: checks
jl45259071: bets $6
Bastenok: folds
Uncalled bet ($6) returned to jl45259071
jl45259071 collected $5.88 from pot
jl45259071: doesn't show hand
*** SUMMARY ***
Total pot $6 | Rake $0.12
Board [Ts 4s Kc 5h]
Seat 1: jl45259071 (button) (small blind) collected ($5.88)
Seat 2: Bastenok (big blind) folded on the Turn


PokerStars Hand #144902701542:  Hold'em Limit ($3/$6 USD) - 2015/12/06 6:28:31 ET
Table 'Mette III' 2-max Seat #2 is the button
Seat 1: jl45259071 ($378.45 in chips)
Seat 2: Bastenok ($443.11 in chips)
Bastenok: posts small blind $1
jl45259071: posts big blind $3
*** HOLE CARDS ***
Bastenok: raises $3 to $6
jl45259071: raises $3 to $9
Bastenok: calls $3
*** FLOP *** [Kc 6s 7d]
jl45259071: bets $3
Bastenok: folds
Uncalled bet ($3) returned to jl45259071
jl45259071 collected $17.64 from pot
jl45259071: doesn't show hand
*** SUMMARY ***
Total pot $18 | Rake $0.36
Board [Kc 6s 7d]
Seat 1: jl45259071 (big blind) collected ($17.64)
Seat 2: Bastenok (button) (small blind) folded on the Flop


PokerStars Hand #144902724773:  Hold'em Limit ($3/$6 USD) - 2015/12/06 6:29:13 ET
Table 'Mette III' 2-max Seat #1 is the button
Seat 1: jl45259071 ($342.09 in chips)
Seat 2: Bastenok ($478.11 in chips)
jl45259071: posts small blind $1
Bastenok: posts big blind $3
*** HOLE CARDS ***
jl45259071: calls $2
Bastenok: raises $3 to $6
jl45259071: calls $3
*** FLOP *** [7d 8s 3c]
Bastenok: bets $3
jl45259071: calls $3
*** TURN *** [7d 8s 3c] [Kh]
Bastenok: checks
jl45259071: checks
*** RIVER *** [7d 8s 3c Kh] [Qd]
Bastenok: checks
jl45259071: checks
*** SHOW DOWN ***
Bastenok: shows [4d As] (high card Ace)
jl45259071: mucks hand
Bastenok collected $17.64 from pot
*** SUMMARY ***
Total pot $18 | Rake $0.36
Board [7d 8s 3c Kh Qd]
Seat 1: jl45259071 (button) (small blind) mucked
Seat 2: Bastenok (big blind) showed [4d As] and won ($17.64) with high card Ace


PokerStars Hand #144902706256:  Hold'em Limit ($3/$6 USD) - 2015/12/06 6:28:39 ET
Table 'Mette III' 2-max Seat #1 is the button
Seat 1: jl45259071 ($387.09 in chips)
Seat 2: Bastenok ($434.11 in chips)
jl45259071: posts small blind $1
Bastenok: posts big blind $3
*** HOLE CARDS ***
jl45259071: raises $3 to $6
Bastenok: calls $3
*** FLOP *** [Td 8c 4s]
Bastenok: checks
jl45259071: bets $3
Bastenok: calls $3
*** TURN *** [Td 8c 4s] [Ah]
Bastenok: checks
jl45259071: bets $6
Bastenok: calls $6
*** RIVER *** [Td 8c 4s Ah] [9d]
Bastenok: checks
jl45259071: checks
*** SHOW DOWN ***
Bastenok: shows [4d Js] (a pair of Fours)
jl45259071: mucks hand
Bastenok collected $29.50 from pot
*** SUMMARY ***
Total pot $30 | Rake $0.50
Board [Td 8c 4s Ah 9d]
Seat 1: jl45259071 (button) (small blind) mucked
Seat 2: Bastenok (big blind) showed [4d Js] and won ($29.50) with a pair of Fours


PokerStars Hand #144902713832:  Hold'em Limit ($3/$6 USD) - 2015/12/06 6:28:53 ET
Table 'Mette III' 2-max Seat #2 is the button
Seat 1: jl45259071 ($372.09 in chips)
Seat 2: Bastenok ($448.61 in chips)
Bastenok: posts small blind $1
jl45259071: posts big blind $3
*** HOLE CARDS ***
Bastenok: raises $3 to $6
jl45259071: calls $3
*** FLOP *** [4c Qs 8s]
jl45259071: checks
Bastenok: bets $3
jl45259071: raises $3 to $6
Bastenok: calls $3
*** TURN *** [4c Qs 8s] [Tc]
jl45259071: bets $6
Bastenok: raises $6 to $12
jl45259071: calls $6
*** RIVER *** [4c Qs 8s Tc] [2h]
jl45259071: checks
Bastenok: bets $6
jl45259071: calls $6
*** SHOW DOWN ***
Bastenok: shows [Jh 9d] (a straight, Eight to Queen)
jl45259071: mucks hand
Bastenok collected $59.50 from pot
*** SUMMARY ***
Total pot $60 | Rake $0.50
Board [4c Qs 8s Tc 2h]
Seat 1: jl45259071 (big blind) mucked
Seat 2: Bastenok (button) (small blind) showed [Jh 9d] and won ($59.50) with a straight, Eight to Queen


PokerStars Hand #144902732591:  Hold'em Limit ($3/$6 USD) - 2015/12/06 6:29:28 ET
Table 'Mette III' 2-max Seat #2 is the button
Seat 1: jl45259071 ($333.09 in chips)
Seat 2: Bastenok ($486.75 in chips)
Bastenok: posts small blind $1
jl45259071: posts big blind $3
*** HOLE CARDS ***
Bastenok: raises $3 to $6
jl45259071: raises $3 to $9
Bastenok: calls $3
*** FLOP *** [As Ks 6c]
jl45259071: bets $3
Bastenok: calls $3
*** TURN *** [As Ks 6c] [Jd]
jl45259071: bets $6
Bastenok: folds
Uncalled bet ($6) returned to jl45259071
jl45259071 collected $23.52 from pot
jl45259071: doesn't show hand
*** SUMMARY ***
Total pot $24 | Rake $0.48
Board [As Ks 6c Jd]
Seat 1: jl45259071 (big blind) collected ($23.52)
Seat 2: Bastenok (button) (small blind) folded on the Turn


PokerStars Hand #144902752748:  Hold'em Limit ($3/$6 USD) - 2015/12/06 6:30:04 ET
Table 'Mette III' 2-max Seat #1 is the button
Seat 1: jl45259071 ($329.25 in chips)
Seat 2: Bastenok ($489.25 in chips)
jl45259071: posts small blind $1
Bastenok: posts big blind $3
*** HOLE CARDS ***
jl45259071: calls $2
Bastenok: checks
*** FLOP *** [3s Jh Qh]
Bastenok: checks
jl45259071: checks
*** TURN *** [3s Jh Qh] [Ac]
Bastenok: checks
jl45259071: checks
*** RIVER *** [3s Jh Qh Ac] [2h]
Bastenok: checks
jl45259071: bets $6
Bastenok: folds
Uncalled bet ($6) returned to jl45259071
jl45259071 collected $5.88 from pot
jl45259071: doesn't show hand
*** SUMMARY ***
Total pot $6 | Rake $0.12
Board [3s Jh Qh Ac 2h]
Seat 1: jl45259071 (button) (small blind) collected ($5.88)
Seat 2: Bastenok (big blind) folded on the River


PokerStars Hand #144902747627:  Hold'em Limit ($3/$6 USD) - 2015/12/06 6:29:56 ET
Table 'Mette III' 2-max Seat #2 is the button
Seat 1: jl45259071 ($320.61 in chips)
Seat 2: Bastenok ($498.25 in chips)
Bastenok: posts small blind $1
jl45259071: posts big blind $3
*** HOLE CARDS ***
Bastenok: raises $3 to $6
jl45259071: raises $3 to $9
Bastenok: calls $3
*** FLOP *** [As 6c 6h]
jl45259071: bets $3
Bastenok: folds
Uncalled bet ($3) returned to jl45259071
jl45259071 collected $17.64 from pot
jl45259071: doesn't show hand
*** SUMMARY ***
Total pot $18 | Rake $0.36
Board [As 6c 6h]
Seat 1: jl45259071 (big blind) collected ($17.64)
Seat 2: Bastenok (button) (small blind) folded on the Flop


PokerStars Hand #144902739233:  Hold'em Limit ($3/$6 USD) - 2015/12/06 6:29:40 ET
Table 'Mette III' 2-max Seat #1 is the button
Seat 1: jl45259071 ($344.61 in chips)
Seat 2: Bastenok ($474.75 in chips)
jl45259071: posts small blind $1
Bastenok: posts big blind $3
*** HOLE CARDS ***
jl45259071: raises $3 to $6
Bastenok: calls $3
*** FLOP *** [5c 6s Ac]
Bastenok: checks
jl45259071: bets $3
Bastenok: raises $3 to $6
jl45259071: calls $3
*** TURN *** [5c 6s Ac] [8s]
Bastenok: bets $6
jl45259071: calls $6
*** RIVER *** [5c 6s Ac 8s] [4s]
Bastenok: bets $6
jl45259071: calls $6
*** SHOW DOWN ***
Bastenok: shows [As 7h] (a straight, Four to Eight)
jl45259071: mucks hand
Bastenok collected $47.50 from pot
*** SUMMARY ***
Total pot $48 | Rake $0.50
Board [5c 6s Ac 8s 4s]
Seat 1: jl45259071 (button) (small blind) mucked
Seat 2: Bastenok (big blind) showed [As 7h] and won ($47.50) with a straight, Four to Eight


PokerStars Hand #144902759972:  Hold'em Limit ($3/$6 USD) - 2015/12/06 6:30:17 ET
Table 'Mette III' 2-max Seat #2 is the button
Seat 1: jl45259071 ($332.13 in chips)
Seat 2: Bastenok ($486.25 in chips)
Bastenok: posts small blind $1
jl45259071: posts big blind $3
*** HOLE CARDS ***
Bastenok: raises $3 to $6
jl45259071: calls $3
*** FLOP *** [Qd 3h 3d]
jl45259071: checks
Bastenok: bets $3
jl45259071: calls $3
*** TURN *** [Qd 3h 3d] [8h]
jl45259071: checks
Bastenok: checks
*** RIVER *** [Qd 3h 3d 8h] [6c]
jl45259071: bets $6
Bastenok: folds
Uncalled bet ($6) returned to jl45259071
jl45259071 collected $17.64 from pot
jl45259071: doesn't show hand
*** SUMMARY ***
Total pot $18 | Rake $0.36
Board [Qd 3h 3d 8h 6c]
Seat 1: jl45259071 (big blind) collected ($17.64)
Seat 2: Bastenok (button) (small blind) folded on the River


PokerStars Hand #144902802529:  Hold'em Limit ($3/$6 USD) - 2015/12/06 6:31:34 ET
Table 'Mette III' 2-max Seat #1 is the button
Seat 1: jl45259071 ($330.91 in chips)
Seat 2: Bastenok ($485.25 in chips)
jl45259071: posts small blind $1
Bastenok: posts big blind $3
*** HOLE CARDS ***
jl45259071: calls $2
Bastenok: raises $3 to $6
jl45259071: calls $3
*** FLOP *** [5s 5c Qh]
Bastenok: bets $3
jl45259071: folds
Uncalled bet ($3) returned to Bastenok
Bastenok collected $11.76 from pot
Bastenok: doesn't show hand
*** SUMMARY ***
Total pot $12 | Rake $0.24
Board [5s 5c Qh]
Seat 1: jl45259071 (button) (small blind) folded on the Flop
Seat 2: Bastenok (big blind) collected ($11.76)


PokerStars Hand #144902785526:  Hold'em Limit ($3/$6 USD) - 2015/12/06 6:31:03 ET
Table 'Mette III' 2-max Seat #1 is the button
Seat 1: jl45259071 ($340.27 in chips)
Seat 2: Bastenok ($476.75 in chips)
jl45259071: posts small blind $1
Bastenok: posts big blind $3
*** HOLE CARDS ***
jl45259071: raises $3 to $6
Bastenok: calls $3
*** FLOP *** [3h Td 4h]
Bastenok: checks
jl45259071: bets $3
Bastenok: raises $3 to $6
jl45259071: calls $3
*** TURN *** [3h Td 4h] [5d]
Bastenok: bets $6
jl45259071: calls $6
*** RIVER *** [3h Td 4h 5d] [Jd]
Bastenok: bets $6
jl45259071: folds
Uncalled bet ($6) returned to Bastenok
Bastenok collected $35.50 from pot
Bastenok: doesn't show hand
*** SUMMARY ***
Total pot $36 | Rake $0.50
Board [3h Td 4h 5d Jd]
Seat 1: jl45259071 (button) (small blind) folded on the River
Seat 2: Bastenok (big blind) collected ($35.50)


PokerStars Hand #144902776675:  Hold'em Limit ($3/$6 USD) - 2015/12/06 6:30:47 ET
Table 'Mette III' 2-max Seat #2 is the button
Seat 1: jl45259071 ($322.77 in chips)
Seat 2: Bastenok ($494.75 in chips)
Bastenok: posts small blind $1
jl45259071: posts big blind $3
*** HOLE CARDS ***
Bastenok: raises $3 to $6
jl45259071: calls $3
*** FLOP *** [2h 9h Tc]
jl45259071: checks
Bastenok: bets $3
jl45259071: raises $3 to $6
Bastenok: calls $3
*** TURN *** [2h 9h Tc] [Th]
jl45259071: bets $6
Bastenok: calls $6
*** RIVER *** [2h 9h Tc Th] [Ts]
jl45259071: bets $6
Bastenok: folds
Uncalled bet ($6) returned to jl45259071
jl45259071 collected $35.50 from pot
jl45259071: doesn't show hand
*** SUMMARY ***
Total pot $36 | Rake $0.50
Board [2h 9h Tc Th Ts]
Seat 1: jl45259071 (big blind) collected ($35.50)
Seat 2: Bastenok (button) (small blind) folded on the River


PokerStars Hand #144902794717:  Hold'em Limit ($3/$6 USD) - 2015/12/06 6:31:20 ET
Table 'Mette III' 2-max Seat #2 is the button
Seat 1: jl45259071 ($322.27 in chips)
Seat 2: Bastenok ($494.25 in chips)
Bastenok: posts small blind $1
jl45259071: posts big blind $3
*** HOLE CARDS ***
Bastenok: raises $3 to $6
jl45259071: calls $3
*** FLOP *** [3c Kd 2s]
jl45259071: checks
Bastenok: bets $3
jl45259071: raises $3 to $6
Bastenok: folds
Uncalled bet ($3) returned to jl45259071
jl45259071 collected $17.64 from pot
jl45259071: doesn't show hand
*** SUMMARY ***
Total pot $18 | Rake $0.36
Board [3c Kd 2s]
Seat 1: jl45259071 (big blind) collected ($17.64)
Seat 2: Bastenok (button) (small blind) folded on the Flop


PokerStars Hand #144902767722:  Hold'em Limit ($3/$6 USD) - 2015/12/06 6:30:31 ET
Table 'Mette III' 2-max Seat #1 is the button
Seat 1: jl45259071 ($340.77 in chips)
Seat 2: Bastenok ($477.25 in chips)
jl45259071: posts small blind $1
Bastenok: posts big blind $3
*** HOLE CARDS ***
jl45259071: calls $2
Bastenok: checks
*** FLOP *** [4d 5c 4h]
Bastenok: bets $3
jl45259071: calls $3
*** TURN *** [4d 5c 4h] [9c]
Bastenok: bets $6
jl45259071: calls $6
*** RIVER *** [4d 5c 4h 9c] [6c]
Bastenok: checks
jl45259071: bets $6
Bastenok: calls $6
*** SHOW DOWN ***
jl45259071: shows [8h Qc] (a pair of Fours)
Bastenok: shows [5d Td] (two pair, Fives and Fours)
Bastenok collected $35.50 from pot
*** SUMMARY ***
Total pot $36 | Rake $0.50
Board [4d 5c 4h 9c 6c]
Seat 1: jl45259071 (button) (small blind) showed [8h Qc] and lost with a pair of Fours
Seat 2: Bastenok (big blind) showed [5d Td] and won ($35.50) with two pair, Fives and Fours


PokerStars Hand #144902830736:  Hold'em Limit ($3/$6 USD) - 2015/12/06 6:32:24 ET
Table 'Mette III' 2-max Seat #1 is the button
Seat 1: jl45259071 ($353.93 in chips)
Seat 2: Bastenok ($460.65 in chips)
jl45259071: posts small blind $1
Bastenok: posts big blind $3
*** HOLE CARDS ***
jl45259071: raises $3 to $6
Bastenok: calls $3
*** FLOP *** [7h Th 3d]
Bastenok: checks
jl45259071: bets $3
Bastenok: raises $3 to $6
jl45259071: raises $3 to $9
Bastenok: calls $3
*** TURN *** [7h Th 3d] [4s]
Bastenok: checks
jl45259071: bets $6
Bastenok: calls $6
*** RIVER *** [7h Th 3d 4s] [Kc]
Bastenok: checks
jl45259071: checks
*** SHOW DOWN ***
Bastenok: shows [8h 4h] (a pair of Fours)
jl45259071: shows [Ad Tc] (a pair of Tens)
jl45259071 collected $41.50 from pot
*** SUMMARY ***
Total pot $42 | Rake $0.50
Board [7h Th 3d 4s Kc]
Seat 1: jl45259071 (button) (small blind) showed [Ad Tc] and won ($41.50) with a pair of Tens
Seat 2: Bastenok (big blind) showed [8h 4h] and lost with a pair of Fours


PokerStars Hand #144902816127:  Hold'em Limit ($3/$6 USD) - 2015/12/06 6:31:58 ET
Table 'Mette III' 2-max Seat #1 is the button
Seat 1: jl45259071 ($351.41 in chips)
Seat 2: Bastenok ($464.01 in chips)
jl45259071: posts small blind $1
Bastenok: posts big blind $3
*** HOLE CARDS ***
jl45259071: calls $2
Bastenok: checks
*** FLOP *** [Td 8s Jd]
Bastenok: bets $3
jl45259071: calls $3
*** TURN *** [Td 8s Jd] [As]
Bastenok: bets $6
jl45259071: calls $6
*** RIVER *** [Td 8s Jd As] [9h]
Bastenok: checks
jl45259071: checks
*** SHOW DOWN ***
Bastenok: shows [Ts 6c] (a pair of Tens)
jl45259071: shows [6h Jh] (a pair of Jacks)
jl45259071 collected $23.52 from pot
*** SUMMARY ***
Total pot $24 | Rake $0.48
Board [Td 8s Jd As 9h]
Seat 1: jl45259071 (button) (small blind) showed [6h Jh] and won ($23.52) with a pair of Jacks
Seat 2: Bastenok (big blind) showed [Ts 6c] and lost with a pair of Tens


PokerStars Hand #144902807660:  Hold'em Limit ($3/$6 USD) - 2015/12/06 6:31:43 ET
Table 'Mette III' 2-max Seat #2 is the button
Seat 1: jl45259071 ($324.91 in chips)
Seat 2: Bastenok ($491.01 in chips)
Bastenok: posts small blind $1
jl45259071: posts big blind $3
*** HOLE CARDS ***
Bastenok: raises $3 to $6
jl45259071: calls $3
*** FLOP *** [7h 6s 5s]
jl45259071: checks
Bastenok: bets $3
jl45259071: calls $3
*** TURN *** [7h 6s 5s] [Kd]
jl45259071: checks
Bastenok: bets $6
jl45259071: raises $6 to $12
Bastenok: calls $6
*** RIVER *** [7h 6s 5s Kd] [6d]
jl45259071: bets $6
Bastenok: calls $6
*** SHOW DOWN ***
jl45259071: shows [Kh 3d] (two pair, Kings and Sixes)
Bastenok: mucks hand
jl45259071 collected $53.50 from pot
*** SUMMARY ***
Total pot $54 | Rake $0.50
Board [7h 6s 5s Kd 6d]
Seat 1: jl45259071 (big blind) showed [Kh 3d] and won ($53.50) with two pair, Kings and Sixes
Seat 2: Bastenok (button) (small blind) mucked


PokerStars Hand #144902844986:  Hold'em Limit ($3/$6 USD) - 2015/12/06 6:32:49 ET
Table 'Mette III' 2-max Seat #1 is the button
Seat 1: jl45259071 ($383.07 in chips)
Seat 2: Bastenok ($430.65 in chips)
jl45259071: posts small blind $1
Bastenok: posts big blind $3
*** HOLE CARDS ***
jl45259071: raises $3 to $6
Bastenok: calls $3
*** FLOP *** [6h 7h 7d]
Bastenok: checks
jl45259071: bets $3
Bastenok: raises $3 to $6
jl45259071: calls $3
*** TURN *** [6h 7h 7d] [As]
Bastenok: bets $6
jl45259071: calls $6
*** RIVER *** [6h 7h 7d As] [3c]
Bastenok: bets $6
jl45259071: folds
Uncalled bet ($6) returned to Bastenok
Bastenok collected $35.50 from pot
Bastenok: doesn't show hand
*** SUMMARY ***
Total pot $36 | Rake $0.50
Board [6h 7h 7d As 3c]
Seat 1: jl45259071 (button) (small blind) folded on the River
Seat 2: Bastenok (big blind) collected ($35.50)


PokerStars Hand #144902865075:  Hold'em Limit ($3/$6 USD) - 2015/12/06 6:33:24 ET
Table 'Mette III' 2-max Seat #2 is the button
Seat 1: jl45259071 ($339.07 in chips)
Seat 2: Bastenok ($473.65 in chips)
Bastenok: posts small blind $1
jl45259071: posts big blind $3
*** HOLE CARDS ***
Bastenok: raises $3 to $6
jl45259071: calls $3
*** FLOP *** [3h 5c 8c]
jl45259071: checks
Bastenok: bets $3
jl45259071: calls $3
*** TURN *** [3h 5c 8c] [9h]
jl45259071: checks
Bastenok: bets $6
jl45259071: calls $6
*** RIVER *** [3h 5c 8c 9h] [7h]
jl45259071: checks
Bastenok: checks
*** SHOW DOWN ***
jl45259071: shows [Tc 6h] (a straight, Six to Ten)
Bastenok: mucks hand
jl45259071 collected $29.50 from pot
*** SUMMARY ***
Total pot $30 | Rake $0.50
Board [3h 5c 8c 9h 7h]
Seat 1: jl45259071 (big blind) showed [Tc 6h] and won ($29.50) with a straight, Six to Ten
Seat 2: Bastenok (button) (small blind) mucked


PokerStars Hand #144902839912:  Hold'em Limit ($3/$6 USD) - 2015/12/06 6:32:40 ET
Table 'Mette III' 2-max Seat #2 is the button
Seat 1: jl45259071 ($374.43 in chips)
Seat 2: Bastenok ($439.65 in chips)
Bastenok: posts small blind $1
jl45259071: posts big blind $3
*** HOLE CARDS ***
Bastenok: raises $3 to $6
jl45259071: raises $3 to $9
Bastenok: calls $3
*** FLOP *** [5d Th 8h]
jl45259071: bets $3
Bastenok: folds
Uncalled bet ($3) returned to jl45259071
jl45259071 collected $17.64 from pot
jl45259071: doesn't show hand
*** SUMMARY ***
Total pot $18 | Rake $0.36
Board [5d Th 8h]
Seat 1: jl45259071 (big blind) collected ($17.64)
Seat 2: Bastenok (button) (small blind) folded on the Flop


PokerStars Hand #144902855796:  Hold'em Limit ($3/$6 USD) - 2015/12/06 6:33:08 ET
Table 'Mette III' 2-max Seat #1 is the button
Seat 1: jl45259071 ($366.07 in chips)
Seat 2: Bastenok ($447.15 in chips)
jl45259071: posts small blind $1
Bastenok: posts big blind $3
*** HOLE CARDS ***
jl45259071: calls $2
Bastenok: raises $3 to $6
jl45259071: raises $3 to $9
Bastenok: raises $3 to $12
Betting is capped
jl45259071: calls $3
*** FLOP *** [3d 7h 7s]
Bastenok: bets $3
jl45259071: calls $3
*** TURN *** [3d 7h 7s] [7d]
Bastenok: bets $6
jl45259071: calls $6
*** RIVER *** [3d 7h 7s 7d] [Ac]
Bastenok: bets $6
jl45259071: calls $6
*** SHOW DOWN ***
Bastenok: shows [Jh Ah] (a full house, Sevens full of Aces)
jl45259071: mucks hand
Bastenok collected $53.50 from pot
*** SUMMARY ***
Total pot $54 | Rake $0.50
Board [3d 7h 7s 7d Ac]
Seat 1: jl45259071 (button) (small blind) mucked
Seat 2: Bastenok (big blind) showed [Jh Ah] and won ($53.50) with a full house, Sevens full of Aces


PokerStars Hand #144902853048:  Hold'em Limit ($3/$6 USD) - 2015/12/06 6:33:03 ET
Table 'Mette III' 2-max Seat #2 is the button
Seat 1: jl45259071 ($365.07 in chips)
Seat 2: Bastenok ($448.15 in chips)
Bastenok: posts small blind $1
jl45259071: posts big blind $3
*** HOLE CARDS ***
Bastenok: folds
Uncalled bet ($2) returned to jl45259071
jl45259071 collected $2 from pot
jl45259071: doesn't show hand
*** SUMMARY ***
Total pot $2 | Rake $0
Seat 1: jl45259071 (big blind) collected ($2)
Seat 2: Bastenok (button) (small blind) folded before Flop


PokerStars Hand #144902872676:  Hold'em Limit ($3/$6 USD) - 2015/12/06 6:33:38 ET
Table 'Mette III' 2-max Seat #1 is the button
Seat 1: jl45259071 ($353.57 in chips)
Seat 2: Bastenok ($458.65 in chips)
jl45259071: posts small blind $1
Bastenok: posts big blind $3
*** HOLE CARDS ***
jl45259071: calls $2
Bastenok: raises $3 to $6
jl45259071: calls $3
*** FLOP *** [2h Qh 8h]
Bastenok: bets $3
jl45259071: calls $3
*** TURN *** [2h Qh 8h] [Qc]
Bastenok: checks
jl45259071: checks
*** RIVER *** [2h Qh 8h Qc] [6c]
Bastenok: checks
jl45259071: checks
*** SHOW DOWN ***
Bastenok: shows [Ks Jd] (a pair of Queens)
jl45259071: shows [2d 9h] (two pair, Queens and Deuces)
jl45259071 collected $17.64 from pot
*** SUMMARY ***
Total pot $18 | Rake $0.36
Board [2h Qh 8h Qc 6c]
Seat 1: jl45259071 (button) (small blind) showed [2d 9h] and won ($17.64) with two pair, Queens and Deuces
Seat 2: Bastenok (big blind) showed [Ks Jd] and lost with a pair of Queens


PokerStars Hand #144902897985:  Hold'em Limit ($3/$6 USD) - 2015/12/06 6:34:23 ET
Table 'Mette III' 2-max Seat #2 is the button
Seat 1: jl45259071 ($385.35 in chips)
Seat 2: Bastenok ($425.65 in chips)
Bastenok: posts small blind $1
jl45259071: posts big blind $3
*** HOLE CARDS ***
Bastenok: raises $3 to $6
jl45259071: calls $3
*** FLOP *** [Td 9c Qd]
jl45259071: checks
Bastenok: bets $3
jl45259071: calls $3
*** TURN *** [Td 9c Qd] [Kd]
jl45259071: checks
Bastenok: checks
*** RIVER *** [Td 9c Qd Kd] [8s]
jl45259071: bets $6
Bastenok: calls $6
*** SHOW DOWN ***
jl45259071: shows [7c As] (high card Ace)
Bastenok: shows [Kh 2s] (a pair of Kings)
Bastenok collected $29.50 from pot
*** SUMMARY ***
Total pot $30 | Rake $0.50
Board [Td 9c Qd Kd 8s]
Seat 1: jl45259071 (big blind) showed [7c As] and lost with high card Ace
Seat 2: Bastenok (button) (small blind) showed [Kh 2s] and won ($29.50) with a pair of Kings


PokerStars Hand #144902889067:  Hold'em Limit ($3/$6 USD) - 2015/12/06 6:34:07 ET
Table 'Mette III' 2-max Seat #1 is the button
Seat 1: jl45259071 ($376.71 in chips)
Seat 2: Bastenok ($434.65 in chips)
jl45259071: posts small blind $1
Bastenok: posts big blind $3
*** HOLE CARDS ***
jl45259071: calls $2
Bastenok: raises $3 to $6
jl45259071: calls $3
*** FLOP *** [8h Ac Ad]
Bastenok: bets $3
jl45259071: calls $3
*** TURN *** [8h Ac Ad] [9s]
Bastenok: checks
jl45259071: bets $6
Bastenok: folds
Uncalled bet ($6) returned to jl45259071
jl45259071 collected $17.64 from pot
jl45259071: doesn't show hand
*** SUMMARY ***
Total pot $18 | Rake $0.36
Board [8h Ac Ad 9s]
Seat 1: jl45259071 (button) (small blind) collected ($17.64)
Seat 2: Bastenok (big blind) folded on the Turn


PokerStars Hand #144902880496:  Hold'em Limit ($3/$6 USD) - 2015/12/06 6:33:52 ET
Table 'Mette III' 2-max Seat #2 is the button
Seat 1: jl45259071 ($362.21 in chips)
Seat 2: Bastenok ($449.65 in chips)
Bastenok: posts small blind $1
jl45259071: posts big blind $3
*** HOLE CARDS ***
Bastenok: raises $3 to $6
jl45259071: calls $3
*** FLOP *** [6h Ac 7h]
jl45259071: checks
Bastenok: bets $3
jl45259071: calls $3
*** TURN *** [6h Ac 7h] [Kh]
jl45259071: checks
Bastenok: bets $6
jl45259071: raises $6 to $12
Bastenok: folds
Uncalled bet ($6) returned to jl45259071
jl45259071 collected $29.50 from pot
jl45259071: doesn't show hand
*** SUMMARY ***
Total pot $30 | Rake $0.50
Board [6h Ac 7h Kh]
Seat 1: jl45259071 (big blind) collected ($29.50)
Seat 2: Bastenok (button) (small blind) folded on the Turn


PokerStars Hand #144902922827:  Hold'em Limit ($3/$6 USD) - 2015/12/06 6:35:07 ET
Table 'Mette III' 2-max Seat #1 is the button
Seat 1: jl45259071 ($387.73 in chips)
Seat 2: Bastenok ($422.15 in chips)
jl45259071: posts small blind $1
Bastenok: posts big blind $3
*** HOLE CARDS ***
jl45259071: raises $3 to $6
Bastenok: folds
Uncalled bet ($3) returned to jl45259071
jl45259071 collected $6 from pot
jl45259071: doesn't show hand
*** SUMMARY ***
Total pot $6 | Rake $0
Seat 1: jl45259071 (button) (small blind) collected ($6)
Seat 2: Bastenok (big blind) folded before Flop


PokerStars Hand #144902914554:  Hold'em Limit ($3/$6 USD) - 2015/12/06 6:34:52 ET
Table 'Mette III' 2-max Seat #2 is the button
Seat 1: jl45259071 ($373.23 in chips)
Seat 2: Bastenok ($437.15 in chips)
Bastenok: posts small blind $1
jl45259071: posts big blind $3
*** HOLE CARDS ***
Bastenok: raises $3 to $6
jl45259071: calls $3
*** FLOP *** [9s 4s 3h]
jl45259071: checks
Bastenok: bets $3
jl45259071: calls $3
*** TURN *** [9s 4s 3h] [Js]
jl45259071: checks
Bastenok: bets $6
jl45259071: calls $6
*** RIVER *** [9s 4s 3h Js] [7d]
jl45259071: checks
Bastenok: checks
*** SHOW DOWN ***
jl45259071: shows [8d 7h] (a pair of Sevens)
Bastenok: mucks hand
jl45259071 collected $29.50 from pot
*** SUMMARY ***
Total pot $30 | Rake $0.50
Board [9s 4s 3h Js 7d]
Seat 1: jl45259071 (big blind) showed [8d 7h] and won ($29.50) with a pair of Sevens
Seat 2: Bastenok (button) (small blind) mucked


PokerStars Hand #144902935683:  Hold'em Limit ($3/$6 USD) - 2015/12/06 6:35:30 ET
Table 'Mette III' 2-max Seat #2 is the button
Seat 1: jl45259071 ($394.61 in chips)
Seat 2: Bastenok ($415.15 in chips)
Bastenok: posts small blind $1
jl45259071: posts big blind $3
*** HOLE CARDS ***
Bastenok: raises $3 to $6
jl45259071: raises $3 to $9
Bastenok: calls $3
*** FLOP *** [Ah Jd Ts]
jl45259071: bets $3
Bastenok: calls $3
*** TURN *** [Ah Jd Ts] [Ac]
jl45259071: bets $6
Bastenok: folds
Uncalled bet ($6) returned to jl45259071
jl45259071 collected $23.52 from pot
jl45259071: doesn't show hand
*** SUMMARY ***
Total pot $24 | Rake $0.48
Board [Ah Jd Ts Ac]
Seat 1: jl45259071 (big blind) collected ($23.52)
Seat 2: Bastenok (button) (small blind) folded on the Turn


PokerStars Hand #144902905811:  Hold'em Limit ($3/$6 USD) - 2015/12/06 6:34:37 ET
Table 'Mette III' 2-max Seat #1 is the button
Seat 1: jl45259071 ($370.35 in chips)
Seat 2: Bastenok ($440.15 in chips)
jl45259071: posts small blind $1
Bastenok: posts big blind $3
*** HOLE CARDS ***
jl45259071: calls $2
Bastenok: checks
*** FLOP *** [3h As 9c]
Bastenok: checks
jl45259071: checks
*** TURN *** [3h As 9c] [9h]
Bastenok: checks
jl45259071: checks
*** RIVER *** [3h As 9c 9h] [2s]
Bastenok: checks
jl45259071: bets $6
Bastenok: folds
Uncalled bet ($6) returned to jl45259071
jl45259071 collected $5.88 from pot
jl45259071: doesn't show hand
*** SUMMARY ***
Total pot $6 | Rake $0.12
Board [3h As 9c 9h 2s]
Seat 1: jl45259071 (button) (small blind) collected ($5.88)
Seat 2: Bastenok (big blind) folded on the River


PokerStars Hand #144902928649:  Hold'em Limit ($3/$6 USD) - 2015/12/06 6:35:18 ET
Table 'Mette III' 2-max Seat #1 is the button
Seat 1: jl45259071 ($391.73 in chips)
Seat 2: Bastenok ($418.15 in chips)
jl45259071: posts small blind $1
Bastenok: posts big blind $3
*** HOLE CARDS ***
jl45259071: calls $2
Bastenok: checks
*** FLOP *** [Jc Kh 2c]
Bastenok: checks
jl45259071: checks
*** TURN *** [Jc Kh 2c] [3c]
Bastenok: checks
jl45259071: checks
*** RIVER *** [Jc Kh 2c 3c] [8s]
Bastenok: checks
jl45259071: checks
*** SHOW DOWN ***
Bastenok: shows [Ts 4d] (high card King)
jl45259071: shows [As 4c] (high card Ace)
jl45259071 collected $5.88 from pot
*** SUMMARY ***
Total pot $6 | Rake $0.12
Board [Jc Kh 2c 3c 8s]
Seat 1: jl45259071 (button) (small blind) showed [As 4c] and won ($5.88) with high card Ace
Seat 2: Bastenok (big blind) showed [Ts 4d] and lost with high card King


PokerStars Hand #144902925947:  Hold'em Limit ($3/$6 USD) - 2015/12/06 6:35:13 ET
Table 'Mette III' 2-max Seat #2 is the button
Seat 1: jl45259071 ($390.73 in chips)
Seat 2: Bastenok ($419.15 in chips)
Bastenok: posts small blind $1
jl45259071: posts big blind $3
*** HOLE CARDS ***
Bastenok: folds
Uncalled bet ($2) returned to jl45259071
jl45259071 collected $2 from pot
jl45259071: doesn't show hand
*** SUMMARY ***
Total pot $2 | Rake $0
Seat 1: jl45259071 (big blind) collected ($2)
Seat 2: Bastenok (button) (small blind) folded before Flop


PokerStars Hand #144902963593:  Hold'em Limit ($3/$6 USD) - 2015/12/06 6:36:19 ET
Table 'Mette III' 2-max Seat #2 is the button
Seat 1: jl45259071 ($455.89 in chips)
Seat 2: Bastenok ($352.15 in chips)
Bastenok: posts small blind $1
jl45259071: posts big blind $3
*** HOLE CARDS ***
Bastenok: raises $3 to $6
jl45259071: calls $3
*** FLOP *** [Qh 7h Ad]
jl45259071: checks
Bastenok: bets $3
jl45259071: calls $3
*** TURN *** [Qh 7h Ad] [Tc]
jl45259071: checks
Bastenok: checks
*** RIVER *** [Qh 7h Ad Tc] [Ks]
jl45259071: bets $6
Bastenok: calls $6
*** SHOW DOWN ***
jl45259071: shows [3d Kc] (a pair of Kings)
Bastenok: shows [4c Kh] (a pair of Kings)
jl45259071 collected $14.75 from pot
Bastenok collected $14.75 from pot
*** SUMMARY ***
Total pot $30 | Rake $0.50
Board [Qh 7h Ad Tc Ks]
Seat 1: jl45259071 (big blind) showed [3d Kc] and won ($14.75) with a pair of Kings
Seat 2: Bastenok (button) (small blind) showed [4c Kh] and won ($14.75) with a pair of Kings


PokerStars Hand #144902959081:  Hold'em Limit ($3/$6 USD) - 2015/12/06 6:36:11 ET
Table 'Mette III' 2-max Seat #1 is the button
Seat 1: jl45259071 ($450.13 in chips)
Seat 2: Bastenok ($358.15 in chips)
jl45259071: posts small blind $1
Bastenok: posts big blind $3
*** HOLE CARDS ***
jl45259071: raises $3 to $6
Bastenok: calls $3
*** FLOP *** [Kc 5d As]
Bastenok: checks
jl45259071: bets $3
Bastenok: folds
Uncalled bet ($3) returned to jl45259071
jl45259071 collected $11.76 from pot
jl45259071: doesn't show hand
*** SUMMARY ***
Total pot $12 | Rake $0.24
Board [Kc 5d As]
Seat 1: jl45259071 (button) (small blind) collected ($11.76)
Seat 2: Bastenok (big blind) folded on the Flop


PokerStars Hand #144902971290:  Hold'em Limit ($3/$6 USD) - 2015/12/06 6:36:33 ET
Table 'Mette III' 2-max Seat #1 is the button
Seat 1: jl45259071 ($455.64 in chips)
Seat 2: Bastenok ($351.90 in chips)
jl45259071: posts small blind $1
Bastenok: posts big blind $3
*** HOLE CARDS ***
jl45259071: calls $2
Bastenok: checks
*** FLOP *** [Jc 9c 6c]
Bastenok: checks
jl45259071: bets $3
Bastenok: folds
Uncalled bet ($3) returned to jl45259071
jl45259071 collected $5.88 from pot
jl45259071: doesn't show hand
*** SUMMARY ***
Total pot $6 | Rake $0.12
Board [Jc 9c 6c]
Seat 1: jl45259071 (button) (small blind) collected ($5.88)
Seat 2: Bastenok (big blind) folded on the Flop


PokerStars Hand #144902950801:  Hold'em Limit ($3/$6 USD) - 2015/12/06 6:35:57 ET
Table 'Mette III' 2-max Seat #2 is the button
Seat 1: jl45259071 ($426.63 in chips)
Seat 2: Bastenok ($382.15 in chips)
Bastenok: posts small blind $1
jl45259071: posts big blind $3
*** HOLE CARDS ***
Bastenok: raises $3 to $6
jl45259071: calls $3
*** FLOP *** [9d 6c 5h]
jl45259071: checks
Bastenok: bets $3
jl45259071: raises $3 to $6
Bastenok: calls $3
*** TURN *** [9d 6c 5h] [8d]
jl45259071: bets $6
Bastenok: calls $6
*** RIVER *** [9d 6c 5h 8d] [Tc]
jl45259071: bets $6
Bastenok: calls $6
*** SHOW DOWN ***
jl45259071: shows [5d 6h] (two pair, Sixes and Fives)
Bastenok: mucks hand
jl45259071 collected $47.50 from pot
*** SUMMARY ***
Total pot $48 | Rake $0.50
Board [9d 6c 5h 8d Tc]
Seat 1: jl45259071 (big blind) showed [5d 6h] and won ($47.50) with two pair, Sixes and Fives
Seat 2: Bastenok (button) (small blind) mucked


PokerStars Hand #144902942786:  Hold'em Limit ($3/$6 USD) - 2015/12/06 6:35:43 ET
Table 'Mette III' 2-max Seat #1 is the button
Seat 1: jl45259071 ($406.13 in chips)
Seat 2: Bastenok ($403.15 in chips)
jl45259071: posts small blind $1
Bastenok: posts big blind $3
*** HOLE CARDS ***
jl45259071: raises $3 to $6
Bastenok: calls $3
*** FLOP *** [7c Ac Qh]
Bastenok: checks
jl45259071: bets $3
Bastenok: calls $3
*** TURN *** [7c Ac Qh] [5c]
Bastenok: checks
jl45259071: checks
*** RIVER *** [7c Ac Qh 5c] [Kh]
Bastenok: bets $6
jl45259071: raises $6 to $12
Bastenok: calls $6
*** SHOW DOWN ***
jl45259071: shows [Js Tc] (a straight, Ten to Ace)
Bastenok: mucks hand
jl45259071 collected $41.50 from pot
*** SUMMARY ***
Total pot $42 | Rake $0.50
Board [7c Ac Qh 5c Kh]
Seat 1: jl45259071 (button) (small blind) showed [Js Tc] and won ($41.50) with a straight, Ten to Ace
Seat 2: Bastenok (big blind) mucked


PokerStars Hand #144902993975:  Hold'em Limit ($3/$6 USD) - 2015/12/06 6:37:14 ET
Table 'Mette III' 2-max Seat #2 is the button
Seat 1: jl45259071 ($425.52 in chips)
Seat 2: Bastenok ($380.92 in chips)
Bastenok: posts small blind $1
jl45259071: posts big blind $3
*** HOLE CARDS ***
Bastenok: raises $3 to $6
jl45259071: calls $3
*** FLOP *** [5h 2s Jd]
jl45259071: checks
Bastenok: bets $3
jl45259071: raises $3 to $6
Bastenok: calls $3
*** TURN *** [5h 2s Jd] [Js]
jl45259071: bets $6
Bastenok: raises $6 to $12
jl45259071: calls $6
*** RIVER *** [5h 2s Jd Js] [Th]
jl45259071: checks
Bastenok: bets $6
jl45259071: calls $6
*** SHOW DOWN ***
Bastenok: shows [6c 6s] (two pair, Jacks and Sixes)
jl45259071: mucks hand
Bastenok collected $59.50 from pot
*** SUMMARY ***
Total pot $60 | Rake $0.50
Board [5h 2s Jd Js Th]
Seat 1: jl45259071 (big blind) mucked
Seat 2: Bastenok (button) (small blind) showed [6c 6s] and won ($59.50) with two pair, Jacks and Sixes


PokerStars Hand #144903003877:  Hold'em Limit ($3/$6 USD) - 2015/12/06 6:37:31 ET
Table 'Mette III' 2-max Seat #1 is the button
Seat 1: jl45259071 ($395.52 in chips)
Seat 2: Bastenok ($410.42 in chips)
jl45259071: posts small blind $1
Bastenok: posts big blind $3
*** HOLE CARDS ***
jl45259071: calls $2
Bastenok: checks
*** FLOP *** [8d 2d 7s]
Bastenok: checks
jl45259071: checks
*** TURN *** [8d 2d 7s] [Kd]
Bastenok: bets $6
jl45259071: calls $6
*** RIVER *** [8d 2d 7s Kd] [Ts]
Bastenok: bets $6
jl45259071: calls $6
*** SHOW DOWN ***
Bastenok: shows [Kh 5h] (a pair of Kings)
jl45259071: mucks hand
Bastenok collected $29.50 from pot
*** SUMMARY ***
Total pot $30 | Rake $0.50
Board [8d 2d 7s Kd Ts]
Seat 1: jl45259071 (button) (small blind) mucked
Seat 2: Bastenok (big blind) showed [Kh 5h] and won ($29.50) with a pair of Kings


PokerStars Hand #144902976841:  Hold'em Limit ($3/$6 USD) - 2015/12/06 6:36:43 ET
Table 'Mette III' 2-max Seat #2 is the button
Seat 1: jl45259071 ($458.52 in chips)
Seat 2: Bastenok ($348.90 in chips)
Bastenok: posts small blind $1
jl45259071: posts big blind $3
*** HOLE CARDS ***
Bastenok: raises $3 to $6
jl45259071: raises $3 to $9
Bastenok: calls $3
*** FLOP *** [3s Jd 8h]
jl45259071: bets $3
Bastenok: raises $3 to $6
jl45259071: calls $3
*** TURN *** [3s Jd 8h] [2c]
jl45259071: checks
Bastenok: bets $6
jl45259071: calls $6
*** RIVER *** [3s Jd 8h 2c] [7s]
jl45259071: checks
Bastenok: bets $6
jl45259071: folds
Uncalled bet ($6) returned to Bastenok
Bastenok collected $41.50 from pot
Bastenok: doesn't show hand
*** SUMMARY ***
Total pot $42 | Rake $0.50
Board [3s Jd 8h 2c 7s]
Seat 1: jl45259071 (big blind) folded on the River
Seat 2: Bastenok (button) (small blind) collected ($41.50)


PokerStars Hand #144903029415:  Hold'em Limit ($3/$6 USD) - 2015/12/06 6:38:16 ET
Table 'Mette III' 2-max Seat #1 is the button
Seat 1: jl45259071 ($392.02 in chips)
Seat 2: Bastenok ($412.68 in chips)
jl45259071: posts small blind $1
Bastenok: posts big blind $3
*** HOLE CARDS ***
jl45259071: calls $2
Bastenok: raises $3 to $6
jl45259071: calls $3
*** FLOP *** [4s Kh Ah]
Bastenok: bets $3
jl45259071: folds
Uncalled bet ($3) returned to Bastenok
Bastenok collected $11.76 from pot
Bastenok: doesn't show hand
*** SUMMARY ***
Total pot $12 | Rake $0.24
Board [4s Kh Ah]
Seat 1: jl45259071 (button) (small blind) folded on the Flop
Seat 2: Bastenok (big blind) collected ($11.76)


PokerStars Hand #144903021098:  Hold'em Limit ($3/$6 USD) - 2015/12/06 6:38:02 ET
Table 'Mette III' 2-max Seat #2 is the button
Seat 1: jl45259071 ($377.52 in chips)
Seat 2: Bastenok ($427.68 in chips)
Bastenok: posts small blind $1
jl45259071: posts big blind $3
*** HOLE CARDS ***
Bastenok: raises $3 to $6
jl45259071: calls $3
*** FLOP *** [Qc As 7h]
jl45259071: checks
Bastenok: bets $3
jl45259071: calls $3
*** TURN *** [Qc As 7h] [Kd]
jl45259071: checks
Bastenok: bets $6
jl45259071: calls $6
*** RIVER *** [Qc As 7h Kd] [Tc]
jl45259071: checks
Bastenok: checks
*** SHOW DOWN ***
jl45259071: shows [Qd 2s] (a pair of Queens)
Bastenok: mucks hand
jl45259071 collected $29.50 from pot
*** SUMMARY ***
Total pot $30 | Rake $0.50
Board [Qc As 7h Kd Tc]
Seat 1: jl45259071 (big blind) showed [Qd 2s] and won ($29.50) with a pair of Queens
Seat 2: Bastenok (button) (small blind) mucked


PokerStars Hand #144903033992:  Hold'em Limit ($3/$6 USD) - 2015/12/06 6:38:25 ET
Table 'Mette III' 2-max Seat #2 is the button
Seat 1: jl45259071 ($386.02 in chips)
Seat 2: Bastenok ($418.44 in chips)
Bastenok: posts small blind $1
jl45259071: posts big blind $3
*** HOLE CARDS ***
Bastenok: raises $3 to $6
jl45259071: calls $3
*** FLOP *** [6d Jc Qd]
jl45259071: checks
Bastenok: bets $3
jl45259071: folds
Uncalled bet ($3) returned to Bastenok
Bastenok collected $11.76 from pot
Bastenok: doesn't show hand
*** SUMMARY ***
Total pot $12 | Rake $0.24
Board [6d Jc Qd]
Seat 1: jl45259071 (big blind) folded on the Flop
Seat 2: Bastenok (button) (small blind) collected ($11.76)


PokerStars Hand #144903040032:  Hold'em Limit ($3/$6 USD) - 2015/12/06 6:38:35 ET
Table 'Mette III' 2-max Seat #1 is the button
Seat 1: jl45259071 ($380.02 in chips)
Seat 2: Bastenok ($424.20 in chips)
jl45259071: posts small blind $1
Bastenok: posts big blind $3
*** HOLE CARDS ***
jl45259071: calls $2
Bastenok: checks
*** FLOP *** [Ad 9s Ks]
Bastenok: checks
jl45259071: bets $3
Bastenok: folds
Uncalled bet ($3) returned to jl45259071
jl45259071 collected $5.88 from pot
jl45259071: doesn't show hand
*** SUMMARY ***
Total pot $6 | Rake $0.12
Board [Ad 9s Ks]
Seat 1: jl45259071 (button) (small blind) collected ($5.88)
Seat 2: Bastenok (big blind) folded on the Flop


PokerStars Hand #144903011434:  Hold'em Limit ($3/$6 USD) - 2015/12/06 6:37:45 ET
Table 'Mette III' 2-max Seat #2 is the button
Seat 1: jl45259071 ($380.52 in chips)
Seat 2: Bastenok ($424.92 in chips)
Bastenok: posts small blind $1
jl45259071: posts big blind $3
*** HOLE CARDS ***
Bastenok: raises $3 to $6
jl45259071: calls $3
*** FLOP *** [4s 7c Tc]
jl45259071: checks
Bastenok: bets $3
jl45259071: folds
Uncalled bet ($3) returned to Bastenok
Bastenok collected $11.76 from pot
Bastenok: doesn't show hand
*** SUMMARY ***
Total pot $12 | Rake $0.24
Board [4s 7c Tc]
Seat 1: jl45259071 (big blind) folded on the Flop
Seat 2: Bastenok (button) (small blind) collected ($11.76)


PokerStars Hand #144903016691:  Hold'em Limit ($3/$6 USD) - 2015/12/06 6:37:54 ET
Table 'Mette III' 2-max Seat #1 is the button
Seat 1: jl45259071 ($374.52 in chips)
Seat 2: Bastenok ($430.68 in chips)
jl45259071: posts small blind $1
Bastenok: posts big blind $3
*** HOLE CARDS ***
jl45259071: raises $3 to $6
Bastenok: folds
Uncalled bet ($3) returned to jl45259071
jl45259071 collected $6 from pot
jl45259071: doesn't show hand
*** SUMMARY ***
Total pot $6 | Rake $0
Seat 1: jl45259071 (button) (small blind) collected ($6)
Seat 2: Bastenok (big blind) folded before Flop


PokerStars Hand #144903053941:  Hold'em Limit ($3/$6 USD) - 2015/12/06 6:39:00 ET
Table 'Mette III' 2-max Seat #1 is the button
Seat 1: jl45259071 ($403.40 in chips)
Seat 2: Bastenok ($400.20 in chips)
jl45259071: posts small blind $1
Bastenok: posts big blind $3
*** HOLE CARDS ***
jl45259071: folds
Uncalled bet ($2) returned to Bastenok
Bastenok collected $2 from pot
Bastenok: doesn't show hand
*** SUMMARY ***
Total pot $2 | Rake $0
Seat 1: jl45259071 (button) (small blind) folded before Flop
Seat 2: Bastenok (big blind) collected ($2)


PokerStars Hand #144903045310:  Hold'em Limit ($3/$6 USD) - 2015/12/06 6:38:45 ET
Table 'Mette III' 2-max Seat #2 is the button
Seat 1: jl45259071 ($382.90 in chips)
Seat 2: Bastenok ($421.20 in chips)
Bastenok: posts small blind $1
jl45259071: posts big blind $3
*** HOLE CARDS ***
Bastenok: raises $3 to $6
jl45259071: calls $3
*** FLOP *** [4s 4h 2h]
jl45259071: checks
Bastenok: bets $3
jl45259071: calls $3
*** TURN *** [4s 4h 2h] [9s]
jl45259071: checks
Bastenok: bets $6
jl45259071: raises $6 to $12
Bastenok: calls $6
*** RIVER *** [4s 4h 2h 9s] [Ac]
jl45259071: checks
Bastenok: checks
*** SHOW DOWN ***
jl45259071: shows [9h 3s] (two pair, Nines and Fours)
Bastenok: mucks hand
jl45259071 collected $41.50 from pot
*** SUMMARY ***
Total pot $42 | Rake $0.50
Board [4s 4h 2h 9s Ac]
Seat 1: jl45259071 (big blind) showed [9h 3s] and won ($41.50) with two pair, Nines and Fours
Seat 2: Bastenok (button) (small blind) mucked


PokerStars Hand #144903099392:  Hold'em Limit ($3/$6 USD) - 2015/12/06 6:40:22 ET
Table 'Mette III' 2-max Seat #2 is the button
Seat 1: jl45259071 ($380.92 in chips)
Seat 2: Bastenok ($421.34 in chips)
Bastenok: posts small blind $1
jl45259071: posts big blind $3
*** HOLE CARDS ***
Bastenok: raises $3 to $6
jl45259071: raises $3 to $9
Bastenok: calls $3
*** FLOP *** [Qc 3s 9s]
jl45259071: bets $3
Bastenok: raises $3 to $6
jl45259071: raises $3 to $9
Bastenok: calls $3
*** TURN *** [Qc 3s 9s] [4d]
jl45259071: bets $6
Bastenok: raises $6 to $12
jl45259071: calls $6
*** RIVER *** [Qc 3s 9s 4d] [3c]
jl45259071: checks
Bastenok: bets $6
jl45259071: folds
Uncalled bet ($6) returned to Bastenok
Bastenok collected $59.50 from pot
Bastenok: doesn't show hand
*** SUMMARY ***
Total pot $60 | Rake $0.50
Board [Qc 3s 9s 4d 3c]
Seat 1: jl45259071 (big blind) folded on the River
Seat 2: Bastenok (button) (small blind) collected ($59.50)


PokerStars Hand #144903063361:  Hold'em Limit ($3/$6 USD) - 2015/12/06 6:39:17 ET
Table 'Mette III' 2-max Seat #1 is the button
Seat 1: jl45259071 ($393.40 in chips)
Seat 2: Bastenok ($409.84 in chips)
jl45259071: posts small blind $1
Bastenok: posts big blind $3
*** HOLE CARDS ***
jl45259071: calls $2
Bastenok: checks
*** FLOP *** [9d 6h 2c]
Bastenok: checks
jl45259071: bets $3
Bastenok: calls $3
*** TURN *** [9d 6h 2c] [Ts]
Bastenok: checks
jl45259071: checks
*** RIVER *** [9d 6h 2c Ts] [4h]
Bastenok: checks
jl45259071: bets $6
Bastenok: folds
Uncalled bet ($6) returned to jl45259071
jl45259071 collected $11.76 from pot
jl45259071: doesn't show hand
*** SUMMARY ***
Total pot $12 | Rake $0.24
Board [9d 6h 2c Ts 4h]
Seat 1: jl45259071 (button) (small blind) collected ($11.76)
Seat 2: Bastenok (big blind) folded on the River


PokerStars Hand #144903084085:  Hold'em Limit ($3/$6 USD) - 2015/12/06 6:39:54 ET
Table 'Mette III' 2-max Seat #2 is the button
Seat 1: jl45259071 ($399.16 in chips)
Seat 2: Bastenok ($403.84 in chips)
Bastenok: posts small blind $1
jl45259071: posts big blind $3
*** HOLE CARDS ***
Bastenok: raises $3 to $6
jl45259071: calls $3
*** FLOP *** [3h 4h 8c]
jl45259071: checks
Bastenok: checks
*** TURN *** [3h 4h 8c] [7c]
jl45259071: bets $6
Bastenok: folds
Uncalled bet ($6) returned to jl45259071
jl45259071 collected $11.76 from pot
jl45259071: doesn't show hand
*** SUMMARY ***
Total pot $12 | Rake $0.24
Board [3h 4h 8c 7c]
Seat 1: jl45259071 (big blind) collected ($11.76)
Seat 2: Bastenok (button) (small blind) folded on the Turn


PokerStars Hand #144903091119:  Hold'em Limit ($3/$6 USD) - 2015/12/06 6:40:06 ET
Table 'Mette III' 2-max Seat #1 is the button
Seat 1: jl45259071 ($404.92 in chips)
Seat 2: Bastenok ($397.84 in chips)
jl45259071: posts small blind $1
Bastenok: posts big blind $3
*** HOLE CARDS ***
jl45259071: calls $2
Bastenok: checks
*** FLOP *** [Qh Js 7h]
Bastenok: bets $3
jl45259071: raises $3 to $6
Bastenok: raises $3 to $9
jl45259071: calls $3
*** TURN *** [Qh Js 7h] [9d]
Bastenok: bets $6
jl45259071: calls $6
*** RIVER *** [Qh Js 7h 9d] [Ts]
Bastenok: bets $6
jl45259071: calls $6
*** SHOW DOWN ***
Bastenok: shows [Qc 7s] (two pair, Queens and Sevens)
jl45259071: mucks hand
Bastenok collected $47.50 from pot
*** SUMMARY ***
Total pot $48 | Rake $0.50
Board [Qh Js 7h 9d Ts]
Seat 1: jl45259071 (button) (small blind) mucked
Seat 2: Bastenok (big blind) showed [Qc 7s] and won ($47.50) with two pair, Queens and Sevens


PokerStars Hand #144903121582:  Hold'em Limit ($3/$6 USD) - 2015/12/06 6:41:01 ET
Table 'Mette III' 2-max Seat #1 is the button
Seat 1: jl45259071 ($354.80 in chips)
Seat 2: Bastenok ($446.84 in chips)
jl45259071: posts small blind $1
Bastenok: posts big blind $3
*** HOLE CARDS ***
jl45259071: raises $3 to $6
Bastenok: folds
Uncalled bet ($3) returned to jl45259071
jl45259071 collected $6 from pot
jl45259071: doesn't show hand
*** SUMMARY ***
Total pot $6 | Rake $0
Seat 1: jl45259071 (button) (small blind) collected ($6)
Seat 2: Bastenok (big blind) folded before Flop


PokerStars Hand #144903132203:  Hold'em Limit ($3/$6 USD) - 2015/12/06 6:41:20 ET
Table 'Mette III' 2-max Seat #1 is the button
Seat 1: jl45259071 ($369.32 in chips)
Seat 2: Bastenok ($431.84 in chips)
jl45259071: posts small blind $1
Bastenok: posts big blind $3
*** HOLE CARDS ***
jl45259071: raises $3 to $6
Bastenok: calls $3
*** FLOP *** [6s 5d 3c]
Bastenok: checks
jl45259071: checks
*** TURN *** [6s 5d 3c] [Qs]
Bastenok: bets $6
jl45259071: calls $6
*** RIVER *** [6s 5d 3c Qs] [7h]
Bastenok: bets $6
jl45259071: calls $6
*** SHOW DOWN ***
Bastenok: shows [8d 5h] (a pair of Fives)
jl45259071: mucks hand
Bastenok collected $35.50 from pot
*** SUMMARY ***
Total pot $36 | Rake $0.50
Board [6s 5d 3c Qs 7h]
Seat 1: jl45259071 (button) (small blind) mucked
Seat 2: Bastenok (big blind) showed [8d 5h] and won ($35.50) with a pair of Fives


PokerStars Hand #144903117046:  Hold'em Limit ($3/$6 USD) - 2015/12/06 6:40:53 ET
Table 'Mette III' 2-max Seat #2 is the button
Seat 1: jl45259071 ($353.80 in chips)
Seat 2: Bastenok ($447.84 in chips)
Bastenok: posts small blind $1
jl45259071: posts big blind $3
*** HOLE CARDS ***
Bastenok: folds
Uncalled bet ($2) returned to jl45259071
jl45259071 collected $2 from pot
jl45259071: doesn't show hand
*** SUMMARY ***
Total pot $2 | Rake $0
Seat 1: jl45259071 (big blind) collected ($2)
Seat 2: Bastenok (button) (small blind) folded before Flop


PokerStars Hand #144903124910:  Hold'em Limit ($3/$6 USD) - 2015/12/06 6:41:07 ET
Table 'Mette III' 2-max Seat #2 is the button
Seat 1: jl45259071 ($357.80 in chips)
Seat 2: Bastenok ($443.84 in chips)
Bastenok: posts small blind $1
jl45259071: posts big blind $3
*** HOLE CARDS ***
Bastenok: raises $3 to $6
jl45259071: calls $3
*** FLOP *** [Tc 5s 3c]
jl45259071: checks
Bastenok: bets $3
jl45259071: raises $3 to $6
Bastenok: calls $3
*** TURN *** [Tc 5s 3c] [Ah]
jl45259071: bets $6
Bastenok: folds
Uncalled bet ($6) returned to jl45259071
jl45259071 collected $23.52 from pot
jl45259071: doesn't show hand
*** SUMMARY ***
Total pot $24 | Rake $0.48
Board [Tc 5s 3c Ah]
Seat 1: jl45259071 (big blind) collected ($23.52)
Seat 2: Bastenok (button) (small blind) folded on the Turn


PokerStars Hand #144903109728:  Hold'em Limit ($3/$6 USD) - 2015/12/06 6:40:40 ET
Table 'Mette III' 2-max Seat #1 is the button
Seat 1: jl45259071 ($350.92 in chips)
Seat 2: Bastenok ($450.84 in chips)
jl45259071: posts small blind $1
Bastenok: posts big blind $3
*** HOLE CARDS ***
jl45259071: calls $2
Bastenok: checks
*** FLOP *** [9c Ad 3d]
Bastenok: checks
jl45259071: checks
*** TURN *** [9c Ad 3d] [2c]
Bastenok: checks
jl45259071: checks
*** RIVER *** [9c Ad 3d 2c] [8s]
Bastenok: checks
jl45259071: checks
*** SHOW DOWN ***
Bastenok: shows [Td 6s] (high card Ace)
jl45259071: shows [7d Jd] (high card Ace - Jack kicker)
jl45259071 collected $5.88 from pot
*** SUMMARY ***
Total pot $6 | Rake $0.12
Board [9c Ad 3d 2c 8s]
Seat 1: jl45259071 (button) (small blind) showed [7d Jd] and won ($5.88) with high card Ace
Seat 2: Bastenok (big blind) showed [Td 6s] and lost with high card Ace


PokerStars Hand #144903147210:  Hold'em Limit ($3/$6 USD) - 2015/12/06 6:41:47 ET
Table 'Mette III' 2-max Seat #1 is the button
Seat 1: jl45259071 ($362.84 in chips)
Seat 2: Bastenok ($437.34 in chips)
jl45259071: posts small blind $1
Bastenok: posts big blind $3
*** HOLE CARDS ***
jl45259071: raises $3 to $6
Bastenok: calls $3
*** FLOP *** [Jc 5h 2d]
Bastenok: checks
jl45259071: bets $3
Bastenok: folds
Uncalled bet ($3) returned to jl45259071
jl45259071 collected $11.76 from pot
jl45259071: doesn't show hand
*** SUMMARY ***
Total pot $12 | Rake $0.24
Board [Jc 5h 2d]
Seat 1: jl45259071 (button) (small blind) collected ($11.76)
Seat 2: Bastenok (big blind) folded on the Flop


PokerStars Hand #144903139361:  Hold'em Limit ($3/$6 USD) - 2015/12/06 6:41:33 ET
Table 'Mette III' 2-max Seat #2 is the button
Seat 1: jl45259071 ($351.32 in chips)
Seat 2: Bastenok ($449.34 in chips)
Bastenok: posts small blind $1
jl45259071: posts big blind $3
*** HOLE CARDS ***
Bastenok: raises $3 to $6
jl45259071: calls $3
*** FLOP *** [Ad 2s 5d]
jl45259071: checks
Bastenok: bets $3
jl45259071: raises $3 to $6
Bastenok: calls $3
*** TURN *** [Ad 2s 5d] [9h]
jl45259071: bets $6
Bastenok: folds
Uncalled bet ($6) returned to jl45259071
jl45259071 collected $23.52 from pot
jl45259071: doesn't show hand
*** SUMMARY ***
Total pot $24 | Rake $0.48
Board [Ad 2s 5d 9h]
Seat 1: jl45259071 (big blind) collected ($23.52)
Seat 2: Bastenok (button) (small blind) folded on the Turn


PokerStars Hand #144903152058:  Hold'em Limit ($3/$6 USD) - 2015/12/06 6:41:55 ET
Table 'Mette III' 2-max Seat #2 is the button
Seat 1: jl45259071 ($368.60 in chips)
Seat 2: Bastenok ($431.34 in chips)
Bastenok: posts small blind $1
jl45259071: posts big blind $3
*** HOLE CARDS ***
Bastenok: raises $3 to $6
jl45259071: raises $3 to $9
Bastenok: calls $3
*** FLOP *** [9c 8d 9s]
jl45259071: bets $3
Bastenok: folds
Uncalled bet ($3) returned to jl45259071
jl45259071 collected $17.64 from pot
jl45259071: doesn't show hand
*** SUMMARY ***
Total pot $18 | Rake $0.36
Board [9c 8d 9s]
Seat 1: jl45259071 (big blind) collected ($17.64)
Seat 2: Bastenok (button) (small blind) folded on the Flop


PokerStars Hand #144903157754:  Hold'em Limit ($3/$6 USD) - 2015/12/06 6:42:04 ET
Table 'Mette III' 2-max Seat #1 is the button
Seat 1: jl45259071 ($377.24 in chips)
Seat 2: Bastenok ($422.34 in chips)
jl45259071: posts small blind $1
Bastenok: posts big blind $3
*** HOLE CARDS ***
jl45259071: raises $3 to $6
Bastenok: calls $3
*** FLOP *** [4s 4d 3c]
Bastenok: checks
jl45259071: bets $3
Bastenok: calls $3
*** TURN *** [4s 4d 3c] [5h]
Bastenok: checks
jl45259071: checks
*** RIVER *** [4s 4d 3c 5h] [7c]
Bastenok: bets $6
jl45259071: folds
Uncalled bet ($6) returned to Bastenok
Bastenok collected $17.64 from pot
Bastenok: doesn't show hand
*** SUMMARY ***
Total pot $18 | Rake $0.36
Board [4s 4d 3c 5h 7c]
Seat 1: jl45259071 (button) (small blind) folded on the River
Seat 2: Bastenok (big blind) collected ($17.64)


PokerStars Hand #144903165407:  Hold'em Limit ($3/$6 USD) - 2015/12/06 6:42:18 ET
Table 'Mette III' 2-max Seat #2 is the button
Seat 1: jl45259071 ($368.24 in chips)
Seat 2: Bastenok ($430.98 in chips)
Bastenok: posts small blind $1
jl45259071: posts big blind $3
*** HOLE CARDS ***
Bastenok: raises $3 to $6
jl45259071: calls $3
*** FLOP *** [Td 9c 9d]
jl45259071: checks
Bastenok: bets $3
jl45259071: calls $3
*** TURN *** [Td 9c 9d] [Jc]
jl45259071: checks
Bastenok: bets $6
jl45259071: calls $6
*** RIVER *** [Td 9c 9d Jc] [5c]
jl45259071: checks
Bastenok: bets $6
jl45259071: calls $6
*** SHOW DOWN ***
Bastenok: shows [2c Tc] (a flush, Jack high)
jl45259071: mucks hand
Bastenok collected $41.50 from pot
*** SUMMARY ***
Total pot $42 | Rake $0.50
Board [Td 9c 9d Jc 5c]
Seat 1: jl45259071 (big blind) mucked
Seat 2: Bastenok (button) (small blind) showed [2c Tc] and won ($41.50) with a flush, Jack high


PokerStars Hand #144903175187:  Hold'em Limit ($3/$6 USD) - 2015/12/06 6:42:35 ET
Table 'Mette III' 2-max Seat #1 is the button
Seat 1: jl45259071 ($347.24 in chips)
Seat 2: Bastenok ($451.48 in chips)
jl45259071: posts small blind $1
Bastenok: posts big blind $3
*** HOLE CARDS ***
jl45259071: raises $3 to $6
Bastenok: calls $3
*** FLOP *** [4h Ts Ac]
Bastenok: checks
jl45259071: bets $3
Bastenok: folds
Uncalled bet ($3) returned to jl45259071
jl45259071 collected $11.76 from pot
jl45259071: doesn't show hand
*** SUMMARY ***
Total pot $12 | Rake $0.24
Board [4h Ts Ac]
Seat 1: jl45259071 (button) (small blind) collected ($11.76)
Seat 2: Bastenok (big blind) folded on the Flop


PokerStars Hand #144903200986:  Hold'em Limit ($3/$6 USD) - 2015/12/06 6:43:20 ET
Table 'Mette III' 2-max Seat #2 is the button
Seat 1: jl45259071 ($343.76 in chips)
Seat 2: Bastenok ($453.98 in chips)
Bastenok: posts small blind $1
jl45259071: posts big blind $3
*** HOLE CARDS ***
Bastenok: raises $3 to $6
jl45259071: calls $3
*** FLOP *** [9h As 2s]
jl45259071: checks
Bastenok: bets $3
jl45259071: raises $3 to $6
Bastenok: calls $3
*** TURN *** [9h As 2s] [7c]
jl45259071: checks
Bastenok: bets $6
jl45259071: calls $6
*** RIVER *** [9h As 2s 7c] [6d]
jl45259071: checks
Bastenok: bets $6
jl45259071: calls $6
*** SHOW DOWN ***
Bastenok: shows [Ah 7d] (two pair, Aces and Sevens)
jl45259071: mucks hand
Bastenok collected $47.50 from pot
*** SUMMARY ***
Total pot $48 | Rake $0.50
Board [9h As 2s 7c 6d]
Seat 1: jl45259071 (big blind) mucked
Seat 2: Bastenok (button) (small blind) showed [Ah 7d] and won ($47.50) with two pair, Aces and Sevens


PokerStars Hand #144903179869:  Hold'em Limit ($3/$6 USD) - 2015/12/06 6:42:43 ET
Table 'Mette III' 2-max Seat #2 is the button
Seat 1: jl45259071 ($353 in chips)
Seat 2: Bastenok ($445.48 in chips)
Bastenok: posts small blind $1
jl45259071: posts big blind $3
*** HOLE CARDS ***
Bastenok: raises $3 to $6
jl45259071: calls $3
*** FLOP *** [3h 4h 2d]
jl45259071: checks
Bastenok: bets $3
jl45259071: calls $3
*** TURN *** [3h 4h 2d] [4d]
jl45259071: checks
Bastenok: bets $6
jl45259071: calls $6
*** RIVER *** [3h 4h 2d 4d] [Th]
jl45259071: checks
Bastenok: checks
*** SHOW DOWN ***
jl45259071: shows [Qh 6c] (a pair of Fours)
Bastenok: shows [9s Ah] (a pair of Fours - Ace kicker)
Bastenok collected $29.50 from pot
*** SUMMARY ***
Total pot $30 | Rake $0.50
Board [3h 4h 2d 4d Th]
Seat 1: jl45259071 (big blind) showed [Qh 6c] and lost with a pair of Fours
Seat 2: Bastenok (button) (small blind) showed [9s Ah] and won ($29.50) with a pair of Fours


PokerStars Hand #144903191307:  Hold'em Limit ($3/$6 USD) - 2015/12/06 6:43:03 ET
Table 'Mette III' 2-max Seat #1 is the button
Seat 1: jl45259071 ($338 in chips)
Seat 2: Bastenok ($459.98 in chips)
jl45259071: posts small blind $1
Bastenok: posts big blind $3
*** HOLE CARDS ***
jl45259071: raises $3 to $6
Bastenok: calls $3
*** FLOP *** [Ks 4s 3h]
Bastenok: checks
jl45259071: bets $3
Bastenok: folds
Uncalled bet ($3) returned to jl45259071
jl45259071 collected $11.76 from pot
jl45259071: doesn't show hand
*** SUMMARY ***
Total pot $12 | Rake $0.24
Board [Ks 4s 3h]
Seat 1: jl45259071 (button) (small blind) collected ($11.76)
Seat 2: Bastenok (big blind) folded on the Flop


PokerStars Hand #144903215248:  Hold'em Limit ($3/$6 USD) - 2015/12/06 6:43:44 ET
Table 'Mette III' 2-max Seat #1 is the button
Seat 1: jl45259071 ($319.76 in chips)
Seat 2: Bastenok ($477.48 in chips)
jl45259071: posts small blind $1
Bastenok: posts big blind $3
*** HOLE CARDS ***
jl45259071: raises $3 to $6
Bastenok: calls $3
*** FLOP *** [7h 8d 6d]
Bastenok: checks
jl45259071: bets $3
Bastenok: calls $3
*** TURN *** [7h 8d 6d] [9d]
Bastenok: checks
jl45259071: bets $6
Bastenok: calls $6
*** RIVER *** [7h 8d 6d 9d] [3d]
Bastenok: bets $6
jl45259071: raises $6 to $12
Bastenok: calls $6
*** SHOW DOWN ***
jl45259071: shows [Td 3h] (a flush, Ten high)
Bastenok: shows [Jd Ah] (a flush, Jack high)
Bastenok collected $53.50 from pot
*** SUMMARY ***
Total pot $54 | Rake $0.50
Board [7h 8d 6d 9d 3d]
Seat 1: jl45259071 (button) (small blind) showed [Td 3h] and lost with a flush, Ten high
Seat 2: Bastenok (big blind) showed [Jd Ah] and won ($53.50) with a flush, Jack high


PokerStars Hand #144903232103:  Hold'em Limit ($3/$6 USD) - 2015/12/06 6:44:13 ET
Table 'Mette III' 2-max Seat #1 is the button
Seat 1: jl45259071 ($313.26 in chips)
Seat 2: Bastenok ($482.98 in chips)
jl45259071: posts small blind $1
Bastenok: posts big blind $3
*** HOLE CARDS ***
jl45259071: calls $2
Bastenok: checks
*** FLOP *** [7c 3s 5d]
Bastenok: checks
jl45259071: bets $3
Bastenok: calls $3
*** TURN *** [7c 3s 5d] [Ad]
Bastenok: checks
jl45259071: bets $6
Bastenok: folds
Uncalled bet ($6) returned to jl45259071
jl45259071 collected $11.76 from pot
jl45259071: doesn't show hand
*** SUMMARY ***
Total pot $12 | Rake $0.24
Board [7c 3s 5d Ad]
Seat 1: jl45259071 (button) (small blind) collected ($11.76)
Seat 2: Bastenok (big blind) folded on the Turn


PokerStars Hand #144903223650:  Hold'em Limit ($3/$6 USD) - 2015/12/06 6:43:59 ET
Table 'Mette III' 2-max Seat #2 is the button
Seat 1: jl45259071 ($292.76 in chips)
Seat 2: Bastenok ($503.98 in chips)
Bastenok: posts small blind $1
jl45259071: posts big blind $3
*** HOLE CARDS ***
Bastenok: raises $3 to $6
jl45259071: raises $3 to $9
Bastenok: calls $3
*** FLOP *** [3h 4c 7s]
jl45259071: bets $3
Bastenok: raises $3 to $6
jl45259071: calls $3
*** TURN *** [3h 4c 7s] [Ah]
jl45259071: checks
Bastenok: checks
*** RIVER *** [3h 4c 7s Ah] [8s]
jl45259071: bets $6
Bastenok: calls $6
*** SHOW DOWN ***
jl45259071: shows [9d 8d] (a pair of Eights)
Bastenok: mucks hand
jl45259071 collected $41.50 from pot
*** SUMMARY ***
Total pot $42 | Rake $0.50
Board [3h 4c 7s Ah 8s]
Seat 1: jl45259071 (big blind) showed [9d 8d] and won ($41.50) with a pair of Eights
Seat 2: Bastenok (button) (small blind) mucked


PokerStars Hand #144903247959:  Hold'em Limit ($3/$6 USD) - 2015/12/06 6:44:40 ET
Table 'Mette III' 2-max Seat #1 is the button
Seat 1: jl45259071 ($304.02 in chips)
Seat 2: Bastenok ($491.48 in chips)
jl45259071: posts small blind $1
Bastenok: posts big blind $3
*** HOLE CARDS ***
jl45259071: calls $2
Bastenok: checks
*** FLOP *** [8c Kh 3s]
Bastenok: checks
jl45259071: bets $3
Bastenok: folds
Uncalled bet ($3) returned to jl45259071
jl45259071 collected $5.88 from pot
jl45259071: doesn't show hand
*** SUMMARY ***
Total pot $6 | Rake $0.12
Board [8c Kh 3s]
Seat 1: jl45259071 (button) (small blind) collected ($5.88)
Seat 2: Bastenok (big blind) folded on the Flop


PokerStars Hand #144903258562:  Hold'em Limit ($3/$6 USD) - 2015/12/06 6:44:58 ET
Table 'Mette III' 2-max Seat #1 is the button
Seat 1: jl45259071 ($300.90 in chips)
Seat 2: Bastenok ($494.24 in chips)
jl45259071: posts small blind $1
Bastenok: posts big blind $3
*** HOLE CARDS ***
jl45259071: calls $2
Bastenok: raises $3 to $6
jl45259071: calls $3
*** FLOP *** [8d Jh Th]
Bastenok: bets $3
jl45259071: calls $3
*** TURN *** [8d Jh Th] [7c]
Bastenok: checks
jl45259071: checks
*** RIVER *** [8d Jh Th 7c] [Ts]
Bastenok: checks
jl45259071: checks
*** SHOW DOWN ***
Bastenok: shows [Ac 8h] (two pair, Tens and Eights)
jl45259071: mucks hand
Bastenok collected $17.64 from pot
*** SUMMARY ***
Total pot $18 | Rake $0.36
Board [8d Jh Th 7c Ts]
Seat 1: jl45259071 (button) (small blind) mucked
Seat 2: Bastenok (big blind) showed [Ac 8h] and won ($17.64) with two pair, Tens and Eights


PokerStars Hand #144903269126:  Hold'em Limit ($3/$6 USD) - 2015/12/06 6:45:16 ET
Table 'Mette III' 2-max Seat #2 is the button
Seat 1: jl45259071 ($291.90 in chips)
Seat 2: Bastenok ($502.88 in chips)
Bastenok: posts small blind $1
jl45259071: posts big blind $3
*** HOLE CARDS ***
Bastenok: raises $3 to $6
jl45259071: calls $3
*** FLOP *** [8h Jh As]
jl45259071: checks
Bastenok: bets $3
jl45259071: calls $3
*** TURN *** [8h Jh As] [Qs]
jl45259071: checks
Bastenok: bets $6
jl45259071: calls $6
*** RIVER *** [8h Jh As Qs] [3s]
jl45259071: checks
Bastenok: bets $6
jl45259071: folds
Uncalled bet ($6) returned to Bastenok
Bastenok collected $29.50 from pot
Bastenok: doesn't show hand
*** SUMMARY ***
Total pot $30 | Rake $0.50
Board [8h Jh As Qs 3s]
Seat 1: jl45259071 (big blind) folded on the River
Seat 2: Bastenok (button) (small blind) collected ($29.50)


PokerStars Hand #144903253179:  Hold'em Limit ($3/$6 USD) - 2015/12/06 6:44:49 ET
Table 'Mette III' 2-max Seat #2 is the button
Seat 1: jl45259071 ($306.90 in chips)
Seat 2: Bastenok ($488.48 in chips)
Bastenok: posts small blind $1
jl45259071: posts big blind $3
*** HOLE CARDS ***
Bastenok: raises $3 to $6
jl45259071: calls $3
*** FLOP *** [Ks 4h Jc]
jl45259071: checks
Bastenok: bets $3
jl45259071: folds
Uncalled bet ($3) returned to Bastenok
Bastenok collected $11.76 from pot
Bastenok: doesn't show hand
*** SUMMARY ***
Total pot $12 | Rake $0.24
Board [Ks 4h Jc]
Seat 1: jl45259071 (big blind) folded on the Flop
Seat 2: Bastenok (button) (small blind) collected ($11.76)


PokerStars Hand #144903281819:  Hold'em Limit ($3/$6 USD) - 2015/12/06 6:45:38 ET
Table 'Mette III' 2-max Seat #2 is the button
Seat 1: jl45259071 ($279.90 in chips)
Seat 2: Bastenok ($514.38 in chips)
Bastenok: posts small blind $1
jl45259071: posts big blind $3
*** HOLE CARDS ***
Bastenok: raises $3 to $6
jl45259071: raises $3 to $9
Bastenok: calls $3
*** FLOP *** [Qc 3h Qs]
jl45259071: bets $3
Bastenok: folds
Uncalled bet ($3) returned to jl45259071
jl45259071 collected $17.64 from pot
jl45259071: doesn't show hand
*** SUMMARY ***
Total pot $18 | Rake $0.36
Board [Qc 3h Qs]
Seat 1: jl45259071 (big blind) collected ($17.64)
Seat 2: Bastenok (button) (small blind) folded on the Flop


PokerStars Hand #144903278596:  Hold'em Limit ($3/$6 USD) - 2015/12/06 6:45:33 ET
Table 'Mette III' 2-max Seat #1 is the button
Seat 1: jl45259071 ($276.90 in chips)
Seat 2: Bastenok ($517.38 in chips)
jl45259071: posts small blind $1
Bastenok: posts big blind $3
*** HOLE CARDS ***
jl45259071: raises $3 to $6
Bastenok: folds
Uncalled bet ($3) returned to jl45259071
jl45259071 collected $6 from pot
jl45259071: doesn't show hand
*** SUMMARY ***
Total pot $6 | Rake $0
Seat 1: jl45259071 (button) (small blind) collected ($6)
Seat 2: Bastenok (big blind) folded before Flop


PokerStars Hand #144903286537:  Hold'em Limit ($3/$6 USD) - 2015/12/06 6:45:46 ET
Table 'Mette III' 2-max Seat #1 is the button
Seat 1: jl45259071 ($288.54 in chips)
Seat 2: Bastenok ($505.38 in chips)
jl45259071: posts small blind $1
Bastenok: posts big blind $3
*** HOLE CARDS ***
jl45259071: raises $3 to $6
Bastenok: folds
Uncalled bet ($3) returned to jl45259071
jl45259071 collected $6 from pot
jl45259071: doesn't show hand
*** SUMMARY ***
Total pot $6 | Rake $0
Seat 1: jl45259071 (button) (small blind) collected ($6)
Seat 2: Bastenok (big blind) folded before Flop


PokerStars Hand #144903298801:  Hold'em Limit ($3/$6 USD) - 2015/12/06 6:46:08 ET
Table 'Mette III' 2-max Seat #1 is the button
Seat 1: jl45259071 ($270.54 in chips)
Seat 2: Bastenok ($522.88 in chips)
jl45259071: posts small blind $1
Bastenok: posts big blind $3
*** HOLE CARDS ***
jl45259071: raises $3 to $6
Bastenok: folds
Uncalled bet ($3) returned to jl45259071
jl45259071 collected $6 from pot
jl45259071: doesn't show hand
*** SUMMARY ***
Total pot $6 | Rake $0
Seat 1: jl45259071 (button) (small blind) collected ($6)
Seat 2: Bastenok (big blind) folded before Flop


PokerStars Hand #144903289575:  Hold'em Limit ($3/$6 USD) - 2015/12/06 6:45:52 ET
Table 'Mette III' 2-max Seat #2 is the button
Seat 1: jl45259071 ($291.54 in chips)
Seat 2: Bastenok ($502.38 in chips)
Bastenok: posts small blind $1
jl45259071: posts big blind $3
*** HOLE CARDS ***
Bastenok: raises $3 to $6
jl45259071: raises $3 to $9
Bastenok: calls $3
*** FLOP *** [2s 5h 5s]
jl45259071: bets $3
Bastenok: raises $3 to $6
jl45259071: calls $3
*** TURN *** [2s 5h 5s] [3h]
jl45259071: checks
Bastenok: checks
*** RIVER *** [2s 5h 5s 3h] [8d]
jl45259071: bets $6
Bastenok: calls $6
*** SHOW DOWN ***
jl45259071: shows [9d Ts] (a pair of Fives)
Bastenok: shows [4h Kd] (a pair of Fives - King kicker)
Bastenok collected $41.50 from pot
*** SUMMARY ***
Total pot $42 | Rake $0.50
Board [2s 5h 5s 3h 8d]
Seat 1: jl45259071 (big blind) showed [9d Ts] and lost with a pair of Fives
Seat 2: Bastenok (button) (small blind) showed [4h Kd] and won ($41.50) with a pair of Fives


PokerStars Hand #144903301951:  Hold'em Limit ($3/$6 USD) - 2015/12/06 6:46:13 ET
Table 'Mette III' 2-max Seat #2 is the button
Seat 1: jl45259071 ($273.54 in chips)
Seat 2: Bastenok ($519.88 in chips)
Bastenok: posts small blind $1
jl45259071: posts big blind $3
*** HOLE CARDS ***
Bastenok: raises $3 to $6
jl45259071: raises $3 to $9
Bastenok: calls $3
*** FLOP *** [9d Qs Qd]
jl45259071: bets $3
Bastenok: folds
Uncalled bet ($3) returned to jl45259071
jl45259071 collected $17.64 from pot
jl45259071: doesn't show hand
*** SUMMARY ***
Total pot $18 | Rake $0.36
Board [9d Qs Qd]
Seat 1: jl45259071 (big blind) collected ($17.64)
Seat 2: Bastenok (button) (small blind) folded on the Flop


PokerStars Hand #144903307079:  Hold'em Limit ($3/$6 USD) - 2015/12/06 6:46:22 ET
Table 'Mette III' 2-max Seat #1 is the button
Seat 1: jl45259071 ($282.18 in chips)
Seat 2: Bastenok ($510.88 in chips)
jl45259071: posts small blind $1
Bastenok: posts big blind $3
*** HOLE CARDS ***
jl45259071: raises $3 to $6
Bastenok: calls $3
*** FLOP *** [9h As 6d]
Bastenok: checks
jl45259071: bets $3
Bastenok: raises $3 to $6
jl45259071: folds
Uncalled bet ($3) returned to Bastenok
Bastenok collected $17.64 from pot
Bastenok: doesn't show hand
*** SUMMARY ***
Total pot $18 | Rake $0.36
Board [9h As 6d]
Seat 1: jl45259071 (button) (small blind) folded on the Flop
Seat 2: Bastenok (big blind) collected ($17.64)


PokerStars Hand #144903313124:  Hold'em Limit ($3/$6 USD) - 2015/12/06 6:46:32 ET
Table 'Mette III' 2-max Seat #2 is the button
Seat 1: jl45259071 ($273.18 in chips)
Seat 2: Bastenok ($519.52 in chips)
Bastenok: posts small blind $1
jl45259071: posts big blind $3
*** HOLE CARDS ***
Bastenok: raises $3 to $6
jl45259071: raises $3 to $9
Bastenok: calls $3
*** FLOP *** [9d 2h 8c]
jl45259071: bets $3
Bastenok: raises $3 to $6
jl45259071: calls $3
*** TURN *** [9d 2h 8c] [3h]
jl45259071: checks
Bastenok: checks
*** RIVER *** [9d 2h 8c 3h] [5c]
jl45259071: checks
Bastenok: bets $6
jl45259071: folds
Uncalled bet ($6) returned to Bastenok
Bastenok collected $29.50 from pot
Bastenok: doesn't show hand
*** SUMMARY ***
Total pot $30 | Rake $0.50
Board [9d 2h 8c 3h 5c]
Seat 1: jl45259071 (big blind) folded on the River
Seat 2: Bastenok (button) (small blind) collected ($29.50)


PokerStars Hand #144903324575:  Hold'em Limit ($3/$6 USD) - 2015/12/06 6:46:52 ET
Table 'Mette III' 2-max Seat #1 is the button
Seat 1: jl45259071 ($258.18 in chips)
Seat 2: Bastenok ($534.02 in chips)
jl45259071: posts small blind $1
Bastenok: posts big blind $3
*** HOLE CARDS ***
jl45259071: calls $2
Bastenok: checks
*** FLOP *** [2h 7c Ks]
Bastenok: checks
jl45259071: checks
*** TURN *** [2h 7c Ks] [7s]
Bastenok: checks
jl45259071: checks
*** RIVER *** [2h 7c Ks 7s] [7h]
Bastenok: checks
jl45259071: bets $6
Bastenok: folds
Uncalled bet ($6) returned to jl45259071
jl45259071 collected $5.88 from pot
jl45259071: doesn't show hand
*** SUMMARY ***
Total pot $6 | Rake $0.12
Board [2h 7c Ks 7s 7h]
Seat 1: jl45259071 (button) (small blind) collected ($5.88)
Seat 2: Bastenok (big blind) folded on the River


PokerStars Hand #144903336611:  Hold'em Limit ($3/$6 USD) - 2015/12/06 6:47:13 ET
Table 'Mette III' 2-max Seat #2 is the button
Seat 1: jl45259071 ($261.06 in chips)
Seat 2: Bastenok ($531.02 in chips)
Bastenok: posts small blind $1
jl45259071: posts big blind $3
*** HOLE CARDS ***
Bastenok: raises $3 to $6
jl45259071: calls $3
*** FLOP *** [Kd Js 4s]
jl45259071: checks
Bastenok: bets $3
jl45259071: calls $3
*** TURN *** [Kd Js 4s] [9s]
jl45259071: checks
Bastenok: bets $6
jl45259071: calls $6
*** RIVER *** [Kd Js 4s 9s] [Jd]
jl45259071: checks
Bastenok: bets $6
jl45259071: raises $6 to $12
Bastenok: raises $6 to $18
jl45259071: calls $6
*** SHOW DOWN ***
Bastenok: shows [7s Qs] (a flush, Queen high)
jl45259071: mucks hand
Bastenok collected $65.50 from pot
*** SUMMARY ***
Total pot $66 | Rake $0.50
Board [Kd Js 4s 9s Jd]
Seat 1: jl45259071 (big blind) mucked
Seat 2: Bastenok (button) (small blind) showed [7s Qs] and won ($65.50) with a flush, Queen high


PokerStars Hand #144903357037:  Hold'em Limit ($3/$6 USD) - 2015/12/06 6:47:49 ET
Table 'Mette III' 2-max Seat #2 is the button
Seat 1: jl45259071 ($242.56 in chips)
Seat 2: Bastenok ($548.52 in chips)
Bastenok: posts small blind $1
jl45259071: posts big blind $3
*** HOLE CARDS ***
Bastenok: raises $3 to $6
jl45259071: folds
Uncalled bet ($3) returned to Bastenok
Bastenok collected $6 from pot
Bastenok: doesn't show hand
*** SUMMARY ***
Total pot $6 | Rake $0
Seat 1: jl45259071 (big blind) folded before Flop
Seat 2: Bastenok (button) (small blind) collected ($6)


PokerStars Hand #144903348240:  Hold'em Limit ($3/$6 USD) - 2015/12/06 6:47:33 ET
Table 'Mette III' 2-max Seat #1 is the button
Seat 1: jl45259071 ($228.06 in chips)
Seat 2: Bastenok ($563.52 in chips)
jl45259071: posts small blind $1
Bastenok: posts big blind $3
*** HOLE CARDS ***
jl45259071: calls $2
Bastenok: raises $3 to $6
jl45259071: calls $3
*** FLOP *** [9d 7s Qd]
Bastenok: bets $3
jl45259071: calls $3
*** TURN *** [9d 7s Qd] [Ks]
Bastenok: checks
jl45259071: bets $6
Bastenok: calls $6
*** RIVER *** [9d 7s Qd Ks] [9h]
Bastenok: checks
jl45259071: checks
*** SHOW DOWN ***
Bastenok: shows [As Jd] (a pair of Nines)
jl45259071: shows [7c 3c] (two pair, Nines and Sevens)
jl45259071 collected $29.50 from pot
*** SUMMARY ***
Total pot $30 | Rake $0.50
Board [9d 7s Qd Ks 9h]
Seat 1: jl45259071 (button) (small blind) showed [7c 3c] and won ($29.50) with two pair, Nines and Sevens
Seat 2: Bastenok (big blind) showed [As Jd] and lost with a pair of Nines


PokerStars Hand #144903378958:  Hold'em Limit ($3/$6 USD) - 2015/12/06 6:48:26 ET
Table 'Mette III' 2-max Seat #2 is the button
Seat 1: jl45259071 ($242.08 in chips)
Seat 2: Bastenok ($548.16 in chips)
Bastenok: posts small blind $1
jl45259071: posts big blind $3
*** HOLE CARDS ***
Bastenok: raises $3 to $6
jl45259071: calls $3
*** FLOP *** [2s 5s Th]
jl45259071: checks
Bastenok: bets $3
jl45259071: raises $3 to $6
Bastenok: calls $3
*** TURN *** [2s 5s Th] [Ah]
jl45259071: checks
Bastenok: bets $6
jl45259071: calls $6
*** RIVER *** [2s 5s Th Ah] [9h]
jl45259071: checks
Bastenok: checks
*** SHOW DOWN ***
jl45259071: shows [Ts 8h] (a pair of Tens)
Bastenok: mucks hand
jl45259071 collected $35.50 from pot
*** SUMMARY ***
Total pot $36 | Rake $0.50
Board [2s 5s Th Ah 9h]
Seat 1: jl45259071 (big blind) showed [Ts 8h] and won ($35.50) with a pair of Tens
Seat 2: Bastenok (button) (small blind) mucked


PokerStars Hand #144903360331:  Hold'em Limit ($3/$6 USD) - 2015/12/06 6:47:54 ET
Table 'Mette III' 2-max Seat #1 is the button
Seat 1: jl45259071 ($239.56 in chips)
Seat 2: Bastenok ($551.52 in chips)
jl45259071: posts small blind $1
Bastenok: posts big blind $3
*** HOLE CARDS ***
jl45259071: calls $2
Bastenok: checks
*** FLOP *** [6c Ts 4d]
Bastenok: checks
jl45259071: checks
*** TURN *** [6c Ts 4d] [Ac]
Bastenok: checks
jl45259071: checks
*** RIVER *** [6c Ts 4d Ac] [Jd]
Bastenok: bets $6
jl45259071: calls $6
*** SHOW DOWN ***
Bastenok: shows [4c Jh] (two pair, Jacks and Fours)
jl45259071: mucks hand
Bastenok collected $17.64 from pot
*** SUMMARY ***
Total pot $18 | Rake $0.36
Board [6c Ts 4d Ac Jd]
Seat 1: jl45259071 (button) (small blind) mucked
Seat 2: Bastenok (big blind) showed [4c Jh] and won ($17.64) with two pair, Jacks and Fours


PokerStars Hand #144903373916:  Hold'em Limit ($3/$6 USD) - 2015/12/06 6:48:18 ET
Table 'Mette III' 2-max Seat #1 is the button
Seat 1: jl45259071 ($239.20 in chips)
Seat 2: Bastenok ($551.16 in chips)
jl45259071: posts small blind $1
Bastenok: posts big blind $3
*** HOLE CARDS ***
jl45259071: calls $2
Bastenok: checks
*** FLOP *** [4s 9h Ac]
Bastenok: checks
jl45259071: bets $3
Bastenok: folds
Uncalled bet ($3) returned to jl45259071
jl45259071 collected $5.88 from pot
jl45259071: doesn't show hand
*** SUMMARY ***
Total pot $6 | Rake $0.12
Board [4s 9h Ac]
Seat 1: jl45259071 (button) (small blind) collected ($5.88)
Seat 2: Bastenok (big blind) folded on the Flop


PokerStars Hand #144903368492:  Hold'em Limit ($3/$6 USD) - 2015/12/06 6:48:08 ET
Table 'Mette III' 2-max Seat #2 is the button
Seat 1: jl45259071 ($230.56 in chips)
Seat 2: Bastenok ($560.16 in chips)
Bastenok: posts small blind $1
jl45259071: posts big blind $3
*** HOLE CARDS ***
Bastenok: raises $3 to $6
jl45259071: raises $3 to $9
Bastenok: calls $3
*** FLOP *** [3h Th 7d]
jl45259071: bets $3
Bastenok: folds
Uncalled bet ($3) returned to jl45259071
jl45259071 collected $17.64 from pot
jl45259071: doesn't show hand
*** SUMMARY ***
Total pot $18 | Rake $0.36
Board [3h Th 7d]
Seat 1: jl45259071 (big blind) collected ($17.64)
Seat 2: Bastenok (button) (small blind) folded on the Flop


PokerStars Hand #144903390053:  Hold'em Limit ($3/$6 USD) - 2015/12/06 6:48:46 ET
Table 'Mette III' 2-max Seat #1 is the button
Seat 1: jl45259071 ($259.58 in chips)
Seat 2: Bastenok ($530.16 in chips)
jl45259071: posts small blind $1
Bastenok: posts big blind $3
*** HOLE CARDS ***
jl45259071: calls $2
Bastenok: checks
*** FLOP *** [7d Kh Qs]
Bastenok: checks
jl45259071: bets $3
Bastenok: folds
Uncalled bet ($3) returned to jl45259071
jl45259071 collected $5.88 from pot
jl45259071: doesn't show hand
*** SUMMARY ***
Total pot $6 | Rake $0.12
Board [7d Kh Qs]
Seat 1: jl45259071 (button) (small blind) collected ($5.88)
Seat 2: Bastenok (big blind) folded on the Flop


PokerStars Hand #144903404331:  Hold'em Limit ($3/$6 USD) - 2015/12/06 6:49:10 ET
Table 'Mette III' 2-max Seat #2 is the button
Seat 1: jl45259071 ($262.46 in chips)
Seat 2: Bastenok ($527.16 in chips)
Bastenok: posts small blind $1
jl45259071: posts big blind $3
*** HOLE CARDS ***
Bastenok: raises $3 to $6
jl45259071: calls $3
*** FLOP *** [Qh Jh Qd]
jl45259071: checks
Bastenok: bets $3
jl45259071: calls $3
*** TURN *** [Qh Jh Qd] [9h]
jl45259071: checks
Bastenok: checks
*** RIVER *** [Qh Jh Qd 9h] [5s]
jl45259071: bets $6
Bastenok: folds
Uncalled bet ($6) returned to jl45259071
jl45259071 collected $17.64 from pot
jl45259071: doesn't show hand
*** SUMMARY ***
Total pot $18 | Rake $0.36
Board [Qh Jh Qd 9h 5s]
Seat 1: jl45259071 (big blind) collected ($17.64)
Seat 2: Bastenok (button) (small blind) folded on the River


PokerStars Hand #144903413495:  Hold'em Limit ($3/$6 USD) - 2015/12/06 6:49:26 ET
Table 'Mette III' 2-max Seat #1 is the button
Seat 1: jl45259071 ($271.10 in chips)
Seat 2: Bastenok ($518.16 in chips)
jl45259071: posts small blind $1
Bastenok: posts big blind $3
*** HOLE CARDS ***
jl45259071: calls $2
Bastenok: checks
*** FLOP *** [Qc Td 2c]
Bastenok: checks
jl45259071: checks
*** TURN *** [Qc Td 2c] [6d]
Bastenok: checks
jl45259071: checks
*** RIVER *** [Qc Td 2c 6d] [7h]
Bastenok: checks
jl45259071: checks
*** SHOW DOWN ***
Bastenok: shows [Ks 3c] (high card King)
jl45259071: shows [4d Kh] (high card King)
Bastenok collected $2.94 from pot
jl45259071 collected $2.94 from pot
*** SUMMARY ***
Total pot $6 | Rake $0.12
Board [Qc Td 2c 6d 7h]
Seat 1: jl45259071 (button) (small blind) showed [4d Kh] and won ($2.94) with high card King
Seat 2: Bastenok (big blind) showed [Ks 3c] and won ($2.94) with high card King


PokerStars Hand #144903438355:  Hold'em Limit ($3/$6 USD) - 2015/12/06 6:50:09 ET
Table 'Mette III' 2-max Seat #1 is the button
Seat 1: jl45259071 ($247.04 in chips)
Seat 2: Bastenok ($541.14 in chips)
jl45259071: posts small blind $1
Bastenok: posts big blind $3
*** HOLE CARDS ***
jl45259071: calls $2
Bastenok: raises $3 to $6
jl45259071: calls $3
*** FLOP *** [7c Jc Ah]
Bastenok: bets $3
jl45259071: calls $3
*** TURN *** [7c Jc Ah] [2c]
Bastenok: bets $6
jl45259071: raises $6 to $12
Bastenok: calls $6
*** RIVER *** [7c Jc Ah 2c] [Tc]
Bastenok: bets $6
jl45259071: calls $6
*** SHOW DOWN ***
Bastenok: shows [4d Ac] (a flush, Ace high)
jl45259071: mucks hand
Bastenok collected $53.50 from pot
*** SUMMARY ***
Total pot $54 | Rake $0.50
Board [7c Jc Ah 2c Tc]
Seat 1: jl45259071 (button) (small blind) mucked
Seat 2: Bastenok (big blind) showed [4d Ac] and won ($53.50) with a flush, Ace high


PokerStars Hand #144903447472:  Hold'em Limit ($3/$6 USD) - 2015/12/06 6:50:25 ET
Table 'Mette III' 2-max Seat #2 is the button
Seat 1: jl45259071 ($220.04 in chips)
Seat 2: Bastenok ($567.64 in chips)
Bastenok: posts small blind $1
jl45259071: posts big blind $3
*** HOLE CARDS ***
Bastenok: raises $3 to $6
jl45259071: calls $3
*** FLOP *** [Ks 2d Ac]
jl45259071: checks
Bastenok: bets $3
jl45259071: folds
Uncalled bet ($3) returned to Bastenok
Bastenok collected $11.76 from pot
Bastenok: doesn't show hand
*** SUMMARY ***
Total pot $12 | Rake $0.24
Board [Ks 2d Ac]
Seat 1: jl45259071 (big blind) folded on the Flop
Seat 2: Bastenok (button) (small blind) collected ($11.76)


PokerStars Hand #144903427040:  Hold'em Limit ($3/$6 USD) - 2015/12/06 6:49:50 ET
Table 'Mette III' 2-max Seat #1 is the button
Seat 1: jl45259071 ($262.04 in chips)
Seat 2: Bastenok ($526.74 in chips)
jl45259071: posts small blind $1
Bastenok: posts big blind $3
*** HOLE CARDS ***
jl45259071: calls $2
Bastenok: raises $3 to $6
jl45259071: calls $3
*** FLOP *** [Jd 9s 2c]
Bastenok: bets $3
jl45259071: calls $3
*** TURN *** [Jd 9s 2c] [As]
Bastenok: bets $6
jl45259071: folds
Uncalled bet ($6) returned to Bastenok
Bastenok collected $17.64 from pot
Bastenok: doesn't show hand
*** SUMMARY ***
Total pot $18 | Rake $0.36
Board [Jd 9s 2c As]
Seat 1: jl45259071 (button) (small blind) folded on the Turn
Seat 2: Bastenok (big blind) collected ($17.64)


PokerStars Hand #144903433571:  Hold'em Limit ($3/$6 USD) - 2015/12/06 6:50:01 ET
Table 'Mette III' 2-max Seat #2 is the button
Seat 1: jl45259071 ($253.04 in chips)
Seat 2: Bastenok ($535.38 in chips)
Bastenok: posts small blind $1
jl45259071: posts big blind $3
*** HOLE CARDS ***
Bastenok: raises $3 to $6
jl45259071: calls $3
*** FLOP *** [2c Qd 3s]
jl45259071: checks
Bastenok: bets $3
jl45259071: folds
Uncalled bet ($3) returned to Bastenok
Bastenok collected $11.76 from pot
Bastenok: doesn't show hand
*** SUMMARY ***
Total pot $12 | Rake $0.24
Board [2c Qd 3s]
Seat 1: jl45259071 (big blind) folded on the Flop
Seat 2: Bastenok (button) (small blind) collected ($11.76)


PokerStars Hand #144903465865:  Hold'em Limit ($3/$6 USD) - 2015/12/06 6:50:57 ET
Table 'Mette III' 2-max Seat #1 is the button
Seat 1: jl45259071 ($235.54 in chips)
Seat 2: Bastenok ($551.40 in chips)
jl45259071: posts small blind $1
Bastenok: posts big blind $3
*** HOLE CARDS ***
jl45259071: raises $3 to $6
Bastenok: calls $3
*** FLOP *** [Ac Jc 9h]
Bastenok: checks
jl45259071: bets $3
Bastenok: calls $3
*** TURN *** [Ac Jc 9h] [8h]
Bastenok: checks
jl45259071: bets $6
Bastenok: calls $6
*** RIVER *** [Ac Jc 9h 8h] [5h]
Bastenok: checks
jl45259071: bets $6
Bastenok: calls $6
*** SHOW DOWN ***
jl45259071: shows [Jh Jd] (three of a kind, Jacks)
Bastenok: mucks hand
jl45259071 collected $41.50 from pot
*** SUMMARY ***
Total pot $42 | Rake $0.50
Board [Ac Jc 9h 8h 5h]
Seat 1: jl45259071 (button) (small blind) showed [Jh Jd] and won ($41.50) with three of a kind, Jacks
Seat 2: Bastenok (big blind) mucked


PokerStars Hand #144903463272:  Hold'em Limit ($3/$6 USD) - 2015/12/06 6:50:53 ET
Table 'Mette III' 2-max Seat #2 is the button
Seat 1: jl45259071 ($234.54 in chips)
Seat 2: Bastenok ($552.40 in chips)
Bastenok: posts small blind $1
jl45259071: posts big blind $3
*** HOLE CARDS ***
Bastenok: folds
Uncalled bet ($2) returned to jl45259071
jl45259071 collected $2 from pot
jl45259071: doesn't show hand
*** SUMMARY ***
Total pot $2 | Rake $0
Seat 1: jl45259071 (big blind) collected ($2)
Seat 2: Bastenok (button) (small blind) folded before Flop


PokerStars Hand #144903452515:  Hold'em Limit ($3/$6 USD) - 2015/12/06 6:50:34 ET
Table 'Mette III' 2-max Seat #1 is the button
Seat 1: jl45259071 ($214.04 in chips)
Seat 2: Bastenok ($573.40 in chips)
jl45259071: posts small blind $1
Bastenok: posts big blind $3
*** HOLE CARDS ***
jl45259071: raises $3 to $6
Bastenok: calls $3
*** FLOP *** [6h 5s 3s]
Bastenok: checks
jl45259071: bets $3
Bastenok: raises $3 to $6
jl45259071: raises $3 to $9
Bastenok: calls $3
*** TURN *** [6h 5s 3s] [Ah]
Bastenok: checks
jl45259071: bets $6
Bastenok: calls $6
*** RIVER *** [6h 5s 3s Ah] [9h]
Bastenok: checks
jl45259071: bets $6
Bastenok: folds
Uncalled bet ($6) returned to jl45259071
jl45259071 collected $41.50 from pot
jl45259071: doesn't show hand
*** SUMMARY ***
Total pot $42 | Rake $0.50
Board [6h 5s 3s Ah 9h]
Seat 1: jl45259071 (button) (small blind) collected ($41.50)
Seat 2: Bastenok (big blind) folded on the River


PokerStars Hand #144903474116:  Hold'em Limit ($3/$6 USD) - 2015/12/06 6:51:11 ET
Table 'Mette III' 2-max Seat #2 is the button
Seat 1: jl45259071 ($256.04 in chips)
Seat 2: Bastenok ($530.40 in chips)
Bastenok: posts small blind $1
jl45259071: posts big blind $3
*** HOLE CARDS ***
Bastenok: raises $3 to $6
jl45259071: calls $3
*** FLOP *** [3s Qs 6c]
jl45259071: checks
Bastenok: bets $3
jl45259071: calls $3
*** TURN *** [3s Qs 6c] [8h]
jl45259071: checks
Bastenok: checks
*** RIVER *** [3s Qs 6c 8h] [4c]
jl45259071: bets $6
Bastenok: folds
Uncalled bet ($6) returned to jl45259071
jl45259071 collected $17.64 from pot
jl45259071: doesn't show hand
*** SUMMARY ***
Total pot $18 | Rake $0.36
Board [3s Qs 6c 8h 4c]
Seat 1: jl45259071 (big blind) collected ($17.64)
Seat 2: Bastenok (button) (small blind) folded on the River


PokerStars Hand #144903481220:  Hold'em Limit ($3/$6 USD) - 2015/12/06 6:51:24 ET
Table 'Mette III' 2-max Seat #1 is the button
Seat 1: jl45259071 ($264.68 in chips)
Seat 2: Bastenok ($521.40 in chips)
jl45259071: posts small blind $1
Bastenok: posts big blind $3
*** HOLE CARDS ***
jl45259071: calls $2
Bastenok: raises $3 to $6
jl45259071: calls $3
*** FLOP *** [3d 5h Ks]
Bastenok: bets $3
jl45259071: calls $3
*** TURN *** [3d 5h Ks] [Qh]
Bastenok: bets $6
jl45259071: calls $6
*** RIVER *** [3d 5h Ks Qh] [Jd]
Bastenok: bets $6
jl45259071: folds
Uncalled bet ($6) returned to Bastenok
Bastenok collected $29.50 from pot
Bastenok: doesn't show hand
*** SUMMARY ***
Total pot $30 | Rake $0.50
Board [3d 5h Ks Qh Jd]
Seat 1: jl45259071 (button) (small blind) folded on the River
Seat 2: Bastenok (big blind) collected ($29.50)


PokerStars Hand #144903488757:  Hold'em Limit ($3/$6 USD) - 2015/12/06 6:51:37 ET
Table 'Mette III' 2-max Seat #2 is the button
Seat 1: jl45259071 ($249.68 in chips)
Seat 2: Bastenok ($535.90 in chips)
Bastenok: posts small blind $1
jl45259071: posts big blind $3
*** HOLE CARDS ***
Bastenok: raises $3 to $6
jl45259071: raises $3 to $9
Bastenok: calls $3
*** FLOP *** [Td Ks 3d]
jl45259071: bets $3
Bastenok: folds
Uncalled bet ($3) returned to jl45259071
jl45259071 collected $17.64 from pot
jl45259071: doesn't show hand
*** SUMMARY ***
Total pot $18 | Rake $0.36
Board [Td Ks 3d]
Seat 1: jl45259071 (big blind) collected ($17.64)
Seat 2: Bastenok (button) (small blind) folded on the Flop


PokerStars Hand #144903493723:  Hold'em Limit ($3/$6 USD) - 2015/12/06 6:51:46 ET
Table 'Mette III' 2-max Seat #1 is the button
Seat 1: jl45259071 ($258.32 in chips)
Seat 2: Bastenok ($526.90 in chips)
jl45259071: posts small blind $1
Bastenok: posts big blind $3
*** HOLE CARDS ***
jl45259071: calls $2
Bastenok: checks
*** FLOP *** [Tc 3s Kc]
Bastenok: checks
jl45259071: checks
*** TURN *** [Tc 3s Kc] [Js]
Bastenok: checks
jl45259071: checks
*** RIVER *** [Tc 3s Kc Js] [4s]
Bastenok: checks
jl45259071: checks
*** SHOW DOWN ***
Bastenok: shows [5s 2d] (high card King)
jl45259071: shows [6s 9c] (high card King - Jack+Ten+Nine kicker)
jl45259071 collected $5.88 from pot
*** SUMMARY ***
Total pot $6 | Rake $0.12
Board [Tc 3s Kc Js 4s]
Seat 1: jl45259071 (button) (small blind) showed [6s 9c] and won ($5.88) with high card King
Seat 2: Bastenok (big blind) showed [5s 2d] and lost with high card King


PokerStars Hand #144903522836:  Hold'em Limit ($3/$6 USD) - 2015/12/06 6:52:36 ET
Table 'Mette III' 2-max Seat #2 is the button
Seat 1: jl45259071 ($244.20 in chips)
Seat 2: Bastenok ($540.40 in chips)
Bastenok: posts small blind $1
jl45259071: posts big blind $3
*** HOLE CARDS ***
Bastenok: raises $3 to $6
jl45259071: folds
Uncalled bet ($3) returned to Bastenok
Bastenok collected $6 from pot
Bastenok: doesn't show hand
*** SUMMARY ***
Total pot $6 | Rake $0
Seat 1: jl45259071 (big blind) folded before Flop
Seat 2: Bastenok (button) (small blind) collected ($6)


PokerStars Hand #144903511070:  Hold'em Limit ($3/$6 USD) - 2015/12/06 6:52:16 ET
Table 'Mette III' 2-max Seat #2 is the button
Seat 1: jl45259071 ($261.20 in chips)
Seat 2: Bastenok ($523.90 in chips)
Bastenok: posts small blind $1
jl45259071: posts big blind $3
*** HOLE CARDS ***
Bastenok: folds
Uncalled bet ($2) returned to jl45259071
jl45259071 collected $2 from pot
jl45259071: doesn't show hand
*** SUMMARY ***
Total pot $2 | Rake $0
Seat 1: jl45259071 (big blind) collected ($2)
Seat 2: Bastenok (button) (small blind) folded before Flop


PokerStars Hand #144903525965:  Hold'em Limit ($3/$6 USD) - 2015/12/06 6:52:42 ET
Table 'Mette III' 2-max Seat #1 is the button
Seat 1: jl45259071 ($241.20 in chips)
Seat 2: Bastenok ($543.40 in chips)
jl45259071: posts small blind $1
Bastenok: posts big blind $3
*** HOLE CARDS ***
jl45259071: calls $2
Bastenok: checks
*** FLOP *** [5d 5s Kh]
Bastenok: bets $3
jl45259071: calls $3
*** TURN *** [5d 5s Kh] [As]
Bastenok: checks
jl45259071: checks
*** RIVER *** [5d 5s Kh As] [2s]
Bastenok: bets $6
jl45259071: calls $6
*** SHOW DOWN ***
Bastenok: shows [3s Ks] (a flush, Ace high)
jl45259071: mucks hand
Bastenok collected $23.52 from pot
*** SUMMARY ***
Total pot $24 | Rake $0.48
Board [5d 5s Kh As 2s]
Seat 1: jl45259071 (button) (small blind) mucked
Seat 2: Bastenok (big blind) showed [3s Ks] and won ($23.52) with a flush, Ace high


PokerStars Hand #144903551447:  Hold'em Limit ($3/$6 USD) - 2015/12/06 6:53:26 ET
Table 'Mette III' 2-max Seat #2 is the button
Seat 1: jl45259071 ($219.72 in chips)
Seat 2: Bastenok ($563.42 in chips)
Bastenok: posts small blind $1
jl45259071: posts big blind $3
*** HOLE CARDS ***
Bastenok: raises $3 to $6
jl45259071: calls $3
*** FLOP *** [Kc Ts Qd]
jl45259071: checks
Bastenok: bets $3
jl45259071: calls $3
*** TURN *** [Kc Ts Qd] [Jd]
jl45259071: checks
Bastenok: bets $6
jl45259071: folds
Uncalled bet ($6) returned to Bastenok
Bastenok collected $17.64 from pot
Bastenok: doesn't show hand
*** SUMMARY ***
Total pot $18 | Rake $0.36
Board [Kc Ts Qd Jd]
Seat 1: jl45259071 (big blind) folded on the Turn
Seat 2: Bastenok (button) (small blind) collected ($17.64)


PokerStars Hand #144903540713:  Hold'em Limit ($3/$6 USD) - 2015/12/06 6:53:08 ET
Table 'Mette III' 2-max Seat #1 is the button
Seat 1: jl45259071 ($240.72 in chips)
Seat 2: Bastenok ($542.92 in chips)
jl45259071: posts small blind $1
Bastenok: posts big blind $3
*** HOLE CARDS ***
jl45259071: raises $3 to $6
Bastenok: calls $3
*** FLOP *** [Kd Qc Th]
Bastenok: bets $3
jl45259071: raises $3 to $6
Bastenok: raises $3 to $9
jl45259071: calls $3
*** TURN *** [Kd Qc Th] [6h]
Bastenok: bets $6
jl45259071: calls $6
*** RIVER *** [Kd Qc Th 6h] [9h]
Bastenok: bets $6
jl45259071: folds
Uncalled bet ($6) returned to Bastenok
Bastenok collected $41.50 from pot
Bastenok: doesn't show hand
*** SUMMARY ***
Total pot $42 | Rake $0.50
Board [Kd Qc Th 6h 9h]
Seat 1: jl45259071 (button) (small blind) folded on the River
Seat 2: Bastenok (big blind) collected ($41.50)


PokerStars Hand #144903566454:  Hold'em Limit ($3/$6 USD) - 2015/12/06 6:53:53 ET
Table 'Mette III' 2-max Seat #2 is the button
Seat 1: jl45259071 ($225.22 in chips)
Seat 2: Bastenok ($557.06 in chips)
Bastenok: posts small blind $1
jl45259071: posts big blind $3
*** HOLE CARDS ***
Bastenok: raises $3 to $6
jl45259071: calls $3
*** FLOP *** [8d 2d 2c]
jl45259071: checks
Bastenok: bets $3
jl45259071: calls $3
*** TURN *** [8d 2d 2c] [Qh]
jl45259071: checks
Bastenok: bets $6
jl45259071: raises $6 to $12
Bastenok: calls $6
*** RIVER *** [8d 2d 2c Qh] [6d]
jl45259071: bets $6
Bastenok: calls $6
*** SHOW DOWN ***
jl45259071: shows [2s 7d] (three of a kind, Deuces)
Bastenok: mucks hand
jl45259071 collected $53.50 from pot
*** SUMMARY ***
Total pot $54 | Rake $0.50
Board [8d 2d 2c Qh 6d]
Seat 1: jl45259071 (big blind) showed [2s 7d] and won ($53.50) with three of a kind, Deuces
Seat 2: Bastenok (button) (small blind) mucked


PokerStars Hand #144903558608:  Hold'em Limit ($3/$6 USD) - 2015/12/06 6:53:39 ET
Table 'Mette III' 2-max Seat #1 is the button
Seat 1: jl45259071 ($210.72 in chips)
Seat 2: Bastenok ($572.06 in chips)
jl45259071: posts small blind $1
Bastenok: posts big blind $3
*** HOLE CARDS ***
jl45259071: raises $3 to $6
Bastenok: calls $3
*** FLOP *** [7h 9s Ts]
Bastenok: checks
jl45259071: bets $3
Bastenok: calls $3
*** TURN *** [7h 9s Ts] [Ah]
Bastenok: checks
jl45259071: bets $6
Bastenok: calls $6
*** RIVER *** [7h 9s Ts Ah] [8d]
Bastenok: checks
jl45259071: bets $6
Bastenok: folds
Uncalled bet ($6) returned to jl45259071
jl45259071 collected $29.50 from pot
jl45259071: doesn't show hand
*** SUMMARY ***
Total pot $30 | Rake $0.50
Board [7h 9s Ts Ah 8d]
Seat 1: jl45259071 (button) (small blind) collected ($29.50)
Seat 2: Bastenok (big blind) folded on the River


PokerStars Hand #144903588768:  Hold'em Limit ($3/$6 USD) - 2015/12/06 6:54:32 ET
Table 'Mette III' 2-max Seat #1 is the button
Seat 1: jl45259071 ($239.60 in chips)
Seat 2: Bastenok ($541.56 in chips)
jl45259071: posts small blind $1
Bastenok: posts big blind $3
*** HOLE CARDS ***
jl45259071: raises $3 to $6
Bastenok: calls $3
*** FLOP *** [7s Jh Qh]
Bastenok: checks
jl45259071: bets $3
Bastenok: calls $3
*** TURN *** [7s Jh Qh] [2c]
Bastenok: checks
jl45259071: bets $6
Bastenok: calls $6
*** RIVER *** [7s Jh Qh 2c] [3h]
Bastenok: checks
jl45259071: checks
*** SHOW DOWN ***
Bastenok: shows [Ad Kh] (high card Ace)
jl45259071: shows [7d 5d] (a pair of Sevens)
jl45259071 collected $29.50 from pot
*** SUMMARY ***
Total pot $30 | Rake $0.50
Board [7s Jh Qh 2c 3h]
Seat 1: jl45259071 (button) (small blind) showed [7d 5d] and won ($29.50) with a pair of Sevens
Seat 2: Bastenok (big blind) showed [Ad Kh] and lost with high card Ace


PokerStars Hand #144903575025:  Hold'em Limit ($3/$6 USD) - 2015/12/06 6:54:08 ET
Table 'Mette III' 2-max Seat #1 is the button
Seat 1: jl45259071 ($251.72 in chips)
Seat 2: Bastenok ($530.06 in chips)
jl45259071: posts small blind $1
Bastenok: posts big blind $3
*** HOLE CARDS ***
jl45259071: calls $2
Bastenok: checks
*** FLOP *** [Kh 7c 3d]
Bastenok: checks
jl45259071: bets $3
Bastenok: folds
Uncalled bet ($3) returned to jl45259071
jl45259071 collected $5.88 from pot
jl45259071: doesn't show hand
*** SUMMARY ***
Total pot $6 | Rake $0.12
Board [Kh 7c 3d]
Seat 1: jl45259071 (button) (small blind) collected ($5.88)
Seat 2: Bastenok (big blind) folded on the Flop


PokerStars Hand #144903581751:  Hold'em Limit ($3/$6 USD) - 2015/12/06 6:54:19 ET
Table 'Mette III' 2-max Seat #2 is the button
Seat 1: jl45259071 ($254.60 in chips)
Seat 2: Bastenok ($527.06 in chips)
Bastenok: posts small blind $1
jl45259071: posts big blind $3
*** HOLE CARDS ***
Bastenok: raises $3 to $6
jl45259071: calls $3
*** FLOP *** [4c 7d 7h]
jl45259071: checks
Bastenok: bets $3
jl45259071: calls $3
*** TURN *** [4c 7d 7h] [3s]
jl45259071: checks
Bastenok: bets $6
jl45259071: calls $6
*** RIVER *** [4c 7d 7h 3s] [5d]
jl45259071: checks
Bastenok: checks
*** SHOW DOWN ***
jl45259071: shows [Kh Tc] (a pair of Sevens)
Bastenok: shows [3c Qs] (two pair, Sevens and Threes)
Bastenok collected $29.50 from pot
*** SUMMARY ***
Total pot $30 | Rake $0.50
Board [4c 7d 7h 3s 5d]
Seat 1: jl45259071 (big blind) showed [Kh Tc] and lost with a pair of Sevens
Seat 2: Bastenok (button) (small blind) showed [3c Qs] and won ($29.50) with two pair, Sevens and Threes


PokerStars Hand #144903603011:  Hold'em Limit ($3/$6 USD) - 2015/12/06 6:54:57 ET
Table 'Mette III' 2-max Seat #1 is the button
Seat 1: jl45259071 ($277.60 in chips)
Seat 2: Bastenok ($502.56 in chips)
jl45259071: posts small blind $1
Bastenok: posts big blind $3
*** HOLE CARDS ***
jl45259071: raises $3 to $6
Bastenok: calls $3
*** FLOP *** [7d Jd 6d]
Bastenok: checks
jl45259071: bets $3
Bastenok: folds
Uncalled bet ($3) returned to jl45259071
jl45259071 collected $11.76 from pot
jl45259071: doesn't show hand
*** SUMMARY ***
Total pot $12 | Rake $0.24
Board [7d Jd 6d]
Seat 1: jl45259071 (button) (small blind) collected ($11.76)
Seat 2: Bastenok (big blind) folded on the Flop


PokerStars Hand #144903596164:  Hold'em Limit ($3/$6 USD) - 2015/12/06 6:54:45 ET
Table 'Mette III' 2-max Seat #2 is the button
Seat 1: jl45259071 ($254.10 in chips)
Seat 2: Bastenok ($526.56 in chips)
Bastenok: posts small blind $1
jl45259071: posts big blind $3
*** HOLE CARDS ***
Bastenok: raises $3 to $6
jl45259071: raises $3 to $9
Bastenok: calls $3
*** FLOP *** [5c Jd 4d]
jl45259071: bets $3
Bastenok: calls $3
*** TURN *** [5c Jd 4d] [3h]
jl45259071: bets $6
Bastenok: calls $6
*** RIVER *** [5c Jd 4d 3h] [8s]
jl45259071: bets $6
Bastenok: calls $6
*** SHOW DOWN ***
jl45259071: shows [2h 2s] (a pair of Deuces)
Bastenok: mucks hand
jl45259071 collected $47.50 from pot
*** SUMMARY ***
Total pot $48 | Rake $0.50
Board [5c Jd 4d 3h 8s]
Seat 1: jl45259071 (big blind) showed [2h 2s] and won ($47.50) with a pair of Deuces
Seat 2: Bastenok (button) (small blind) mucked


PokerStars Hand #144903609789:  Hold'em Limit ($3/$6 USD) - 2015/12/06 6:55:09 ET
Table 'Mette III' 2-max Seat #1 is the button
Seat 1: jl45259071 ($284.36 in chips)
Seat 2: Bastenok ($495.56 in chips)
jl45259071: posts small blind $1
Bastenok: posts big blind $3
*** HOLE CARDS ***
jl45259071: calls $2
Bastenok: checks
*** FLOP *** [3h 6d Th]
Bastenok: bets $3
jl45259071: calls $3
*** TURN *** [3h 6d Th] [6s]
Bastenok: bets $6
jl45259071: calls $6
*** RIVER *** [3h 6d Th 6s] [5c]
Bastenok: bets $6
jl45259071: folds
Uncalled bet ($6) returned to Bastenok
Bastenok collected $23.52 from pot
Bastenok: doesn't show hand
*** SUMMARY ***
Total pot $24 | Rake $0.48
Board [3h 6d Th 6s 5c]
Seat 1: jl45259071 (button) (small blind) folded on the River
Seat 2: Bastenok (big blind) collected ($23.52)


PokerStars Hand #144903607120:  Hold'em Limit ($3/$6 USD) - 2015/12/06 6:55:04 ET
Table 'Mette III' 2-max Seat #2 is the button
Seat 1: jl45259071 ($283.36 in chips)
Seat 2: Bastenok ($496.56 in chips)
Bastenok: posts small blind $1
jl45259071: posts big blind $3
*** HOLE CARDS ***
Bastenok: folds
Uncalled bet ($2) returned to jl45259071
jl45259071 collected $2 from pot
jl45259071: doesn't show hand
*** SUMMARY ***
Total pot $2 | Rake $0
Seat 1: jl45259071 (big blind) collected ($2)
Seat 2: Bastenok (button) (small blind) folded before Flop


PokerStars Hand #144903640576:  Hold'em Limit ($3/$6 USD) - 2015/12/06 6:56:13 ET
Table 'Mette III' 2-max Seat #1 is the button
Seat 1: jl45259071 ($283.86 in chips)
Seat 2: Bastenok ($494.36 in chips)
jl45259071: posts small blind $1
Bastenok: posts big blind $3
*** HOLE CARDS ***
jl45259071: calls $2
Bastenok: raises $3 to $6
jl45259071: calls $3
*** FLOP *** [Td Kc Tc]
Bastenok: bets $3
jl45259071: calls $3
*** TURN *** [Td Kc Tc] [Jd]
Bastenok: bets $6
jl45259071: calls $6
*** RIVER *** [Td Kc Tc Jd] [4d]
Bastenok: checks
jl45259071: checks
*** SHOW DOWN ***
Bastenok: shows [Ah 5d] (a pair of Tens)
jl45259071: shows [7h Jc] (two pair, Jacks and Tens)
jl45259071 collected $29.50 from pot
*** SUMMARY ***
Total pot $30 | Rake $0.50
Board [Td Kc Tc Jd 4d]
Seat 1: jl45259071 (button) (small blind) showed [7h Jc] and won ($29.50) with two pair, Jacks and Tens
Seat 2: Bastenok (big blind) showed [Ah 5d] and lost with a pair of Tens


PokerStars Hand #144903627023:  Hold'em Limit ($3/$6 USD) - 2015/12/06 6:55:44 ET
Table 'Mette III' 2-max Seat #1 is the button
Seat 1: jl45259071 ($263.36 in chips)
Seat 2: Bastenok ($515.72 in chips)
jl45259071: posts small blind $1
Bastenok: posts big blind $3
*** HOLE CARDS ***
jl45259071: raises $3 to $6
Bastenok: calls $3
*** FLOP *** [Ad 9c Qc]
Bastenok: checks
jl45259071: bets $3
Bastenok: calls $3
*** TURN *** [Ad 9c Qc] [Th]
Bastenok: checks
jl45259071: checks
*** RIVER *** [Ad 9c Qc Th] [Jh]
Bastenok: bets $6
jl45259071: folds
Uncalled bet ($6) returned to Bastenok
Bastenok collected $17.64 from pot
Bastenok: doesn't show hand
*** SUMMARY ***
Total pot $18 | Rake $0.36
Board [Ad 9c Qc Th Jh]
Seat 1: jl45259071 (button) (small blind) folded on the River
Seat 2: Bastenok (big blind) collected ($17.64)


PokerStars Hand #144903647397:  Hold'em Limit ($3/$6 USD) - 2015/12/06 6:56:27 ET
Table 'Mette III' 2-max Seat #2 is the button
Seat 1: jl45259071 ($298.36 in chips)
Seat 2: Bastenok ($479.36 in chips)
Bastenok: posts small blind $1
jl45259071: posts big blind $3
*** HOLE CARDS ***
Bastenok: raises $3 to $6
jl45259071: calls $3
*** FLOP *** [6c 7d 2d]
jl45259071: checks
Bastenok: bets $3
jl45259071: calls $3
*** TURN *** [6c 7d 2d] [Qc]
jl45259071: checks
Bastenok: bets $6
jl45259071: folds
Uncalled bet ($6) returned to Bastenok
Bastenok collected $17.64 from pot
Bastenok: doesn't show hand
*** SUMMARY ***
Total pot $18 | Rake $0.36
Board [6c 7d 2d Qc]
Seat 1: jl45259071 (big blind) folded on the Turn
Seat 2: Bastenok (button) (small blind) collected ($17.64)


PokerStars Hand #144903633522:  Hold'em Limit ($3/$6 USD) - 2015/12/06 6:55:58 ET
Table 'Mette III' 2-max Seat #2 is the button
Seat 1: jl45259071 ($254.36 in chips)
Seat 2: Bastenok ($524.36 in chips)
Bastenok: posts small blind $1
jl45259071: posts big blind $3
*** HOLE CARDS ***
Bastenok: raises $3 to $6
jl45259071: raises $3 to $9
Bastenok: calls $3
*** FLOP *** [4s 3s Qs]
jl45259071: bets $3
Bastenok: calls $3
*** TURN *** [4s 3s Qs] [4c]
jl45259071: bets $6
Bastenok: calls $6
*** RIVER *** [4s 3s Qs 4c] [Js]
jl45259071: bets $6
Bastenok: raises $6 to $12
jl45259071: calls $6
*** SHOW DOWN ***
Bastenok: shows [9d 7s] (a flush, Queen high)
jl45259071: shows [Kd 8s] (a flush, Queen high - Eight higher)
jl45259071 collected $59.50 from pot
*** SUMMARY ***
Total pot $60 | Rake $0.50
Board [4s 3s Qs 4c Js]
Seat 1: jl45259071 (big blind) showed [Kd 8s] and won ($59.50) with a flush, Queen high
Seat 2: Bastenok (button) (small blind) showed [9d 7s] and lost with a flush, Queen high


PokerStars Hand #144903679397:  Hold'em Limit ($3/$6 USD) - 2015/12/06 6:57:33 ET
Table 'Mette III' 2-max Seat #2 is the button
Seat 1: jl45259071 ($300.74 in chips)
Seat 2: Bastenok ($475.52 in chips)
Bastenok: posts small blind $1
jl45259071: posts big blind $3
*** HOLE CARDS ***
Bastenok: raises $3 to $6
jl45259071: raises $3 to $9
Bastenok: calls $3
*** FLOP *** [Kh 3s 7s]
jl45259071: bets $3
Bastenok: calls $3
*** TURN *** [Kh 3s 7s] [Qs]
jl45259071: bets $6
Bastenok: calls $6
*** RIVER *** [Kh 3s 7s Qs] [8c]
jl45259071: bets $6
Bastenok: calls $6
*** SHOW DOWN ***
jl45259071: shows [5h Kd] (a pair of Kings)
Bastenok: mucks hand
jl45259071 collected $47.50 from pot
*** SUMMARY ***
Total pot $48 | Rake $0.50
Board [Kh 3s 7s Qs 8c]
Seat 1: jl45259071 (big blind) showed [5h Kd] and won ($47.50) with a pair of Kings
Seat 2: Bastenok (button) (small blind) mucked


PokerStars Hand #144903674417:  Hold'em Limit ($3/$6 USD) - 2015/12/06 6:57:23 ET
Table 'Mette III' 2-max Seat #1 is the button
Seat 1: jl45259071 ($297.86 in chips)
Seat 2: Bastenok ($478.52 in chips)
jl45259071: posts small blind $1
Bastenok: posts big blind $3
*** HOLE CARDS ***
jl45259071: calls $2
Bastenok: checks
*** FLOP *** [5d Qs Ks]
Bastenok: checks
jl45259071: checks
*** TURN *** [5d Qs Ks] [Tc]
Bastenok: checks
jl45259071: bets $6
Bastenok: folds
Uncalled bet ($6) returned to jl45259071
jl45259071 collected $5.88 from pot
jl45259071: doesn't show hand
*** SUMMARY ***
Total pot $6 | Rake $0.12
Board [5d Qs Ks Tc]
Seat 1: jl45259071 (button) (small blind) collected ($5.88)
Seat 2: Bastenok (big blind) folded on the Turn


PokerStars Hand #144903662127:  Hold'em Limit ($3/$6 USD) - 2015/12/06 6:56:58 ET
Table 'Mette III' 2-max Seat #2 is the button
Seat 1: jl45259071 ($277.36 in chips)
Seat 2: Bastenok ($499.52 in chips)
Bastenok: posts small blind $1
jl45259071: posts big blind $3
*** HOLE CARDS ***
Bastenok: raises $3 to $6
jl45259071: calls $3
*** FLOP *** [7d 7h As]
jl45259071: checks
Bastenok: bets $3
jl45259071: calls $3
*** TURN *** [7d 7h As] [2h]
jl45259071: checks
Bastenok: bets $6
jl45259071: calls $6
*** RIVER *** [7d 7h As 2h] [8s]
jl45259071: checks
Bastenok: bets $6
jl45259071: calls $6
*** SHOW DOWN ***
Bastenok: shows [Ad 6s] (two pair, Aces and Sevens)
jl45259071: shows [Ts Ah] (two pair, Aces and Sevens - Ten kicker)
jl45259071 collected $41.50 from pot
*** SUMMARY ***
Total pot $42 | Rake $0.50
Board [7d 7h As 2h 8s]
Seat 1: jl45259071 (big blind) showed [Ts Ah] and won ($41.50) with two pair, Aces and Sevens
Seat 2: Bastenok (button) (small blind) showed [Ad 6s] and lost with two pair, Aces and Sevens


PokerStars Hand #144903653096:  Hold'em Limit ($3/$6 USD) - 2015/12/06 6:56:39 ET
Table 'Mette III' 2-max Seat #1 is the button
Seat 1: jl45259071 ($289.36 in chips)
Seat 2: Bastenok ($488 in chips)
jl45259071: posts small blind $1
Bastenok: posts big blind $3
*** HOLE CARDS ***
jl45259071: calls $2
Bastenok: checks
*** FLOP *** [5h 8d Td]
Bastenok: bets $3
jl45259071: calls $3
*** TURN *** [5h 8d Td] [Kc]
Bastenok: bets $6
jl45259071: calls $6
*** RIVER *** [5h 8d Td Kc] [9c]
Bastenok: bets $6
jl45259071: folds
Uncalled bet ($6) returned to Bastenok
Bastenok collected $23.52 from pot
Bastenok: doesn't show hand
*** SUMMARY ***
Total pot $24 | Rake $0.48
Board [5h 8d Td Kc 9c]
Seat 1: jl45259071 (button) (small blind) folded on the River
Seat 2: Bastenok (big blind) collected ($23.52)


PokerStars Hand #144903700308:  Hold'em Limit ($3/$6 USD) - 2015/12/06 6:58:16 ET
Table 'Mette III' 2-max Seat #2 is the button
Seat 1: jl45259071 ($323.64 in chips)
Seat 2: Bastenok ($451.02 in chips)
Bastenok: posts small blind $1
jl45259071: posts big blind $3
*** HOLE CARDS ***
Bastenok: raises $3 to $6
jl45259071: folds
Uncalled bet ($3) returned to Bastenok
Bastenok collected $6 from pot
Bastenok: doesn't show hand
*** SUMMARY ***
Total pot $6 | Rake $0
Seat 1: jl45259071 (big blind) folded before Flop
Seat 2: Bastenok (button) (small blind) collected ($6)


PokerStars Hand #144903692429:  Hold'em Limit ($3/$6 USD) - 2015/12/06 6:58:00 ET
Table 'Mette III' 2-max Seat #2 is the button
Seat 1: jl45259071 ($309.24 in chips)
Seat 2: Bastenok ($466.02 in chips)
Bastenok: posts small blind $1
jl45259071: posts big blind $3
*** HOLE CARDS ***
Bastenok: raises $3 to $6
jl45259071: raises $3 to $9
Bastenok: calls $3
*** FLOP *** [6s 2s Td]
jl45259071: bets $3
Bastenok: folds
Uncalled bet ($3) returned to jl45259071
jl45259071 collected $17.64 from pot
jl45259071: doesn't show hand
*** SUMMARY ***
Total pot $18 | Rake $0.36
Board [6s 2s Td]
Seat 1: jl45259071 (big blind) collected ($17.64)
Seat 2: Bastenok (button) (small blind) folded on the Flop


PokerStars Hand #144903686271:  Hold'em Limit ($3/$6 USD) - 2015/12/06 6:57:47 ET
Table 'Mette III' 2-max Seat #1 is the button
Seat 1: jl45259071 ($324.24 in chips)
Seat 2: Bastenok ($451.52 in chips)
jl45259071: posts small blind $1
Bastenok: posts big blind $3
*** HOLE CARDS ***
jl45259071: raises $3 to $6
Bastenok: calls $3
*** FLOP *** [9d 6s Ah]
Bastenok: checks
jl45259071: bets $3
Bastenok: calls $3
*** TURN *** [9d 6s Ah] [Jc]
Bastenok: checks
jl45259071: bets $6
Bastenok: calls $6
*** RIVER *** [9d 6s Ah Jc] [2h]
Bastenok: checks
jl45259071: checks
*** SHOW DOWN ***
Bastenok: shows [Kh 9h] (a pair of Nines)
jl45259071: mucks hand
Bastenok collected $29.50 from pot
*** SUMMARY ***
Total pot $30 | Rake $0.50
Board [9d 6s Ah Jc 2h]
Seat 1: jl45259071 (button) (small blind) mucked
Seat 2: Bastenok (big blind) showed [Kh 9h] and won ($29.50) with a pair of Nines


PokerStars Hand #144903702837:  Hold'em Limit ($3/$6 USD) - 2015/12/06 6:58:21 ET
Table 'Mette III' 2-max Seat #1 is the button
Seat 1: jl45259071 ($320.64 in chips)
Seat 2: Bastenok ($454.02 in chips)
jl45259071: posts small blind $1
Bastenok: posts big blind $3
*** HOLE CARDS ***
jl45259071: raises $3 to $6
Bastenok: calls $3
*** FLOP *** [7d 3s 9c]
Bastenok: checks
jl45259071: bets $3
Bastenok: raises $3 to $6
jl45259071: calls $3
*** TURN *** [7d 3s 9c] [Jh]
Bastenok: bets $6
jl45259071: folds
Uncalled bet ($6) returned to Bastenok
Bastenok collected $23.52 from pot
Bastenok: doesn't show hand
*** SUMMARY ***
Total pot $24 | Rake $0.48
Board [7d 3s 9c Jh]
Seat 1: jl45259071 (button) (small blind) folded on the Turn
Seat 2: Bastenok (big blind) collected ($23.52)


PokerStars Hand #144903696570:  Hold'em Limit ($3/$6 USD) - 2015/12/06 6:58:08 ET
Table 'Mette III' 2-max Seat #1 is the button
Seat 1: jl45259071 ($317.88 in chips)
Seat 2: Bastenok ($457.02 in chips)
jl45259071: posts small blind $1
Bastenok: posts big blind $3
*** HOLE CARDS ***
jl45259071: raises $3 to $6
Bastenok: calls $3
*** FLOP *** [Ah Qc Ac]
Bastenok: checks
jl45259071: bets $3
Bastenok: folds
Uncalled bet ($3) returned to jl45259071
jl45259071 collected $11.76 from pot
jl45259071: doesn't show hand
*** SUMMARY ***
Total pot $12 | Rake $0.24
Board [Ah Qc Ac]
Seat 1: jl45259071 (button) (small blind) collected ($11.76)
Seat 2: Bastenok (big blind) folded on the Flop


PokerStars Hand #144903709458:  Hold'em Limit ($3/$6 USD) - 2015/12/06 6:58:35 ET
Table 'Mette III' 2-max Seat #2 is the button
Seat 1: jl45259071 ($308.64 in chips)
Seat 2: Bastenok ($465.54 in chips)
Bastenok: posts small blind $1
jl45259071: posts big blind $3
*** HOLE CARDS ***
Bastenok: raises $3 to $6
jl45259071: raises $3 to $9
Bastenok: calls $3
*** FLOP *** [9c Jd 8h]
jl45259071: bets $3
Bastenok: calls $3
*** TURN *** [9c Jd 8h] [9s]
jl45259071: bets $6
Bastenok: calls $6
*** RIVER *** [9c Jd 8h 9s] [8d]
jl45259071: bets $6
Bastenok: raises $6 to $12
jl45259071: folds
Uncalled bet ($6) returned to Bastenok
Bastenok collected $47.50 from pot
Bastenok: doesn't show hand
*** SUMMARY ***
Total pot $48 | Rake $0.50
Board [9c Jd 8h 9s 8d]
Seat 1: jl45259071 (big blind) folded on the River
Seat 2: Bastenok (button) (small blind) collected ($47.50)


PokerStars Hand #144903727753:  Hold'em Limit ($3/$6 USD) - 2015/12/06 6:59:12 ET
Table 'Mette III' 2-max Seat #2 is the button
Seat 1: jl45259071 ($266.64 in chips)
Seat 2: Bastenok ($506.44 in chips)
Bastenok: posts small blind $1
jl45259071: posts big blind $3
*** HOLE CARDS ***
Bastenok: raises $3 to $6
jl45259071: raises $3 to $9
Bastenok: calls $3
*** FLOP *** [7h Qc 6c]
jl45259071: bets $3
Bastenok: raises $3 to $6
jl45259071: calls $3
*** TURN *** [7h Qc 6c] [5s]
jl45259071: checks
Bastenok: bets $6
jl45259071: calls $6
*** RIVER *** [7h Qc 6c 5s] [2d]
jl45259071: checks
Bastenok: bets $6
jl45259071: calls $6
*** SHOW DOWN ***
Bastenok: shows [Ts Qd] (a pair of Queens)
jl45259071: mucks hand
Bastenok collected $53.50 from pot
*** SUMMARY ***
Total pot $54 | Rake $0.50
Board [7h Qc 6c 5s 2d]
Seat 1: jl45259071 (big blind) mucked
Seat 2: Bastenok (button) (small blind) showed [Ts Qd] and won ($53.50) with a pair of Queens


PokerStars Hand #144903723305:  Hold'em Limit ($3/$6 USD) - 2015/12/06 6:59:03 ET
Table 'Mette III' 2-max Seat #1 is the button
Seat 1: jl45259071 ($272.64 in chips)
Seat 2: Bastenok ($500.68 in chips)
jl45259071: posts small blind $1
Bastenok: posts big blind $3
*** HOLE CARDS ***
jl45259071: calls $2
Bastenok: raises $3 to $6
jl45259071: calls $3
*** FLOP *** [Kd 9h 4h]
Bastenok: bets $3
jl45259071: folds
Uncalled bet ($3) returned to Bastenok
Bastenok collected $11.76 from pot
Bastenok: doesn't show hand
*** SUMMARY ***
Total pot $12 | Rake $0.24
Board [Kd 9h 4h]
Seat 1: jl45259071 (button) (small blind) folded on the Flop
Seat 2: Bastenok (big blind) collected ($11.76)


PokerStars Hand #144903720586:  Hold'em Limit ($3/$6 USD) - 2015/12/06 6:58:57 ET
Table 'Mette III' 2-max Seat #2 is the button
Seat 1: jl45259071 ($275.64 in chips)
Seat 2: Bastenok ($497.68 in chips)
Bastenok: posts small blind $1
jl45259071: posts big blind $3
*** HOLE CARDS ***
Bastenok: raises $3 to $6
jl45259071: folds
Uncalled bet ($3) returned to Bastenok
Bastenok collected $6 from pot
Bastenok: doesn't show hand
*** SUMMARY ***
Total pot $6 | Rake $0
Seat 1: jl45259071 (big blind) folded before Flop
Seat 2: Bastenok (button) (small blind) collected ($6)


PokerStars Hand #144903716048:  Hold'em Limit ($3/$6 USD) - 2015/12/06 6:58:48 ET
Table 'Mette III' 2-max Seat #1 is the button
Seat 1: jl45259071 ($284.64 in chips)
Seat 2: Bastenok ($489.04 in chips)
jl45259071: posts small blind $1
Bastenok: posts big blind $3
*** HOLE CARDS ***
jl45259071: raises $3 to $6
Bastenok: raises $3 to $9
jl45259071: calls $3
*** FLOP *** [Ad 3s Ac]
Bastenok: bets $3
jl45259071: folds
Uncalled bet ($3) returned to Bastenok
Bastenok collected $17.64 from pot
Bastenok: doesn't show hand
*** SUMMARY ***
Total pot $18 | Rake $0.36
Board [Ad 3s Ac]
Seat 1: jl45259071 (button) (small blind) folded on the Flop
Seat 2: Bastenok (big blind) collected ($17.64)


PokerStars Hand #144903741192:  Hold'em Limit ($3/$6 USD) - 2015/12/06 6:59:40 ET
Table 'Mette III' 2-max Seat #2 is the button
Seat 1: jl45259071 ($245.40 in chips)
Seat 2: Bastenok ($526.94 in chips)
Bastenok: posts small blind $1
jl45259071: posts big blind $3
*** HOLE CARDS ***
Bastenok: raises $3 to $6
jl45259071: raises $3 to $9
Bastenok: calls $3
*** FLOP *** [Ks 9c Kc]
jl45259071: bets $3
Bastenok: folds
Uncalled bet ($3) returned to jl45259071
jl45259071 collected $17.64 from pot
jl45259071: doesn't show hand
*** SUMMARY ***
Total pot $18 | Rake $0.36
Board [Ks 9c Kc]
Seat 1: jl45259071 (big blind) collected ($17.64)
Seat 2: Bastenok (button) (small blind) folded on the Flop


PokerStars Hand #144903737413:  Hold'em Limit ($3/$6 USD) - 2015/12/06 6:59:32 ET
Table 'Mette III' 2-max Seat #1 is the button
Seat 1: jl45259071 ($239.64 in chips)
Seat 2: Bastenok ($532.94 in chips)
jl45259071: posts small blind $1
Bastenok: posts big blind $3
*** HOLE CARDS ***
jl45259071: raises $3 to $6
Bastenok: calls $3
*** FLOP *** [3d 4d As]
Bastenok: checks
jl45259071: bets $3
Bastenok: folds
Uncalled bet ($3) returned to jl45259071
jl45259071 collected $11.76 from pot
jl45259071: doesn't show hand
*** SUMMARY ***
Total pot $12 | Rake $0.24
Board [3d 4d As]
Seat 1: jl45259071 (button) (small blind) collected ($11.76)
Seat 2: Bastenok (big blind) folded on the Flop


PokerStars Hand #144903757262:  Hold'em Limit ($3/$6 USD) - 2015/12/06 7:00:12 ET
Table 'Mette III' 2-max Seat #1 is the button
Seat 1: jl45259071 ($253.54 in chips)
Seat 2: Bastenok ($517.44 in chips)
jl45259071: posts small blind $1
Bastenok: posts big blind $3
*** HOLE CARDS ***
jl45259071: raises $3 to $6
Bastenok: calls $3
*** FLOP *** [5s As Jd]
Bastenok: checks
jl45259071: bets $3
Bastenok: calls $3
*** TURN *** [5s As Jd] [8s]
Bastenok: checks
jl45259071: bets $6
Bastenok: calls $6
*** RIVER *** [5s As Jd 8s] [Ah]
Bastenok: checks
jl45259071: bets $6
Bastenok: calls $6
*** SHOW DOWN ***
jl45259071: shows [Ts 4h] (a pair of Aces)
Bastenok: shows [Js 4c] (two pair, Aces and Jacks)
Bastenok collected $41.50 from pot
*** SUMMARY ***
Total pot $42 | Rake $0.50
Board [5s As Jd 8s Ah]
Seat 1: jl45259071 (button) (small blind) showed [Ts 4h] and lost with a pair of Aces
Seat 2: Bastenok (big blind) showed [Js 4c] and won ($41.50) with two pair, Aces and Jacks


PokerStars Hand #144903751208:  Hold'em Limit ($3/$6 USD) - 2015/12/06 7:00:00 ET
Table 'Mette III' 2-max Seat #2 is the button
Seat 1: jl45259071 ($236.04 in chips)
Seat 2: Bastenok ($535.44 in chips)
Bastenok: posts small blind $1
jl45259071: posts big blind $3
*** HOLE CARDS ***
Bastenok: raises $3 to $6
jl45259071: raises $3 to $9
Bastenok: calls $3
*** FLOP *** [Js 9h 9c]
jl45259071: bets $3
Bastenok: calls $3
*** TURN *** [Js 9h 9c] [7c]
jl45259071: bets $6
Bastenok: calls $6
*** RIVER *** [Js 9h 9c 7c] [7h]
jl45259071: bets $6
Bastenok: folds
Uncalled bet ($6) returned to jl45259071
jl45259071 collected $35.50 from pot
jl45259071: doesn't show hand
*** SUMMARY ***
Total pot $36 | Rake $0.50
Board [Js 9h 9c 7c 7h]
Seat 1: jl45259071 (big blind) collected ($35.50)
Seat 2: Bastenok (button) (small blind) folded on the River


PokerStars Hand #144903745036:  Hold'em Limit ($3/$6 USD) - 2015/12/06 6:59:48 ET
Table 'Mette III' 2-max Seat #1 is the button
Seat 1: jl45259071 ($254.04 in chips)
Seat 2: Bastenok ($517.94 in chips)
jl45259071: posts small blind $1
Bastenok: posts big blind $3
*** HOLE CARDS ***
jl45259071: raises $3 to $6
Bastenok: calls $3
*** FLOP *** [Qc 7s Kc]
Bastenok: checks
jl45259071: bets $3
Bastenok: raises $3 to $6
jl45259071: calls $3
*** TURN *** [Qc 7s Kc] [Th]
Bastenok: bets $6
jl45259071: calls $6
*** RIVER *** [Qc 7s Kc Th] [6s]
Bastenok: bets $6
jl45259071: folds
Uncalled bet ($6) returned to Bastenok
Bastenok collected $35.50 from pot
Bastenok: doesn't show hand
*** SUMMARY ***
Total pot $36 | Rake $0.50
Board [Qc 7s Kc Th 6s]
Seat 1: jl45259071 (button) (small blind) folded on the River
Seat 2: Bastenok (big blind) collected ($35.50)


PokerStars Hand #144903800939:  Hold'em Limit ($3/$6 USD) - 2015/12/06 7:01:36 ET
Table 'Mette III' 2-max Seat #1 is the button
Seat 1: jl45259071 ($239.68 in chips)
Seat 2: Bastenok ($529.20 in chips)
jl45259071: posts small blind $1
Bastenok: posts big blind $3
*** HOLE CARDS ***
jl45259071: raises $3 to $6
Bastenok: calls $3
*** FLOP *** [Qc 5c 6h]
Bastenok: checks
jl45259071: bets $3
Bastenok: calls $3
*** TURN *** [Qc 5c 6h] [Ac]
Bastenok: checks
jl45259071: bets $6
Bastenok: calls $6
*** RIVER *** [Qc 5c 6h Ac] [4d]
Bastenok: bets $6
jl45259071: calls $6
*** SHOW DOWN ***
Bastenok: shows [Qs Tc] (a pair of Queens)
jl45259071: mucks hand
Bastenok collected $41.50 from pot
*** SUMMARY ***
Total pot $42 | Rake $0.50
Board [Qc 5c 6h Ac 4d]
Seat 1: jl45259071 (button) (small blind) mucked
Seat 2: Bastenok (big blind) showed [Qs Tc] and won ($41.50) with a pair of Queens


PokerStars Hand #144903787442:  Hold'em Limit ($3/$6 USD) - 2015/12/06 7:01:11 ET
Table 'Mette III' 2-max Seat #2 is the button
Seat 1: jl45259071 ($220.18 in chips)
Seat 2: Bastenok ($549.20 in chips)
Bastenok: posts small blind $1
jl45259071: posts big blind $3
*** HOLE CARDS ***
Bastenok: folds
Uncalled bet ($2) returned to jl45259071
jl45259071 collected $2 from pot
jl45259071: doesn't show hand
*** SUMMARY ***
Total pot $2 | Rake $0
Seat 1: jl45259071 (big blind) collected ($2)
Seat 2: Bastenok (button) (small blind) folded before Flop


PokerStars Hand #144903782979:  Hold'em Limit ($3/$6 USD) - 2015/12/06 7:01:03 ET
Table 'Mette III' 2-max Seat #1 is the button
Seat 1: jl45259071 ($226.18 in chips)
Seat 2: Bastenok ($543.44 in chips)
jl45259071: posts small blind $1
Bastenok: posts big blind $3
*** HOLE CARDS ***
jl45259071: calls $2
Bastenok: raises $3 to $6
jl45259071: calls $3
*** FLOP *** [Jd 6c Ac]
Bastenok: bets $3
jl45259071: folds
Uncalled bet ($3) returned to Bastenok
Bastenok collected $11.76 from pot
Bastenok: doesn't show hand
*** SUMMARY ***
Total pot $12 | Rake $0.24
Board [Jd 6c Ac]
Seat 1: jl45259071 (button) (small blind) folded on the Flop
Seat 2: Bastenok (big blind) collected ($11.76)


PokerStars Hand #144903777426:  Hold'em Limit ($3/$6 USD) - 2015/12/06 7:00:52 ET
Table 'Mette III' 2-max Seat #2 is the button
Seat 1: jl45259071 ($220.42 in chips)
Seat 2: Bastenok ($549.44 in chips)
Bastenok: posts small blind $1
jl45259071: posts big blind $3
*** HOLE CARDS ***
Bastenok: raises $3 to $6
jl45259071: calls $3
*** FLOP *** [6d 6h Tc]
jl45259071: checks
Bastenok: checks
*** TURN *** [6d 6h Tc] [3h]
jl45259071: bets $6
Bastenok: folds
Uncalled bet ($6) returned to jl45259071
jl45259071 collected $11.76 from pot
jl45259071: doesn't show hand
*** SUMMARY ***
Total pot $12 | Rake $0.24
Board [6d 6h Tc 3h]
Seat 1: jl45259071 (big blind) collected ($11.76)
Seat 2: Bastenok (button) (small blind) folded on the Turn


PokerStars Hand #144903798433:  Hold'em Limit ($3/$6 USD) - 2015/12/06 7:01:32 ET
Table 'Mette III' 2-max Seat #2 is the button
Seat 1: jl45259071 ($238.68 in chips)
Seat 2: Bastenok ($530.20 in chips)
Bastenok: posts small blind $1
jl45259071: posts big blind $3
*** HOLE CARDS ***
Bastenok: folds
Uncalled bet ($2) returned to jl45259071
jl45259071 collected $2 from pot
jl45259071: doesn't show hand
*** SUMMARY ***
Total pot $2 | Rake $0
Seat 1: jl45259071 (big blind) collected ($2)
Seat 2: Bastenok (button) (small blind) folded before Flop


PokerStars Hand #144903789929:  Hold'em Limit ($3/$6 USD) - 2015/12/06 7:01:16 ET
Table 'Mette III' 2-max Seat #1 is the button
Seat 1: jl45259071 ($221.18 in chips)
Seat 2: Bastenok ($548.20 in chips)
jl45259071: posts small blind $1
Bastenok: posts big blind $3
*** HOLE CARDS ***
jl45259071: calls $2
Bastenok: checks
*** FLOP *** [8s Th 3s]
Bastenok: checks
jl45259071: bets $3
Bastenok: calls $3
*** TURN *** [8s Th 3s] [7s]
Bastenok: checks
jl45259071: bets $6
Bastenok: calls $6
*** RIVER *** [8s Th 3s 7s] [Kh]
Bastenok: checks
jl45259071: bets $6
Bastenok: calls $6
*** SHOW DOWN ***
jl45259071: shows [Qs 5s] (a flush, Queen high)
Bastenok: mucks hand
jl45259071 collected $35.50 from pot
*** SUMMARY ***
Total pot $36 | Rake $0.50
Board [8s Th 3s 7s Kh]
Seat 1: jl45259071 (button) (small blind) showed [Qs 5s] and won ($35.50) with a flush, Queen high
Seat 2: Bastenok (big blind) mucked


PokerStars Hand #144903769192:  Hold'em Limit ($3/$6 USD) - 2015/12/06 7:00:36 ET
Table 'Mette III' 2-max Seat #1 is the button
Seat 1: jl45259071 ($217.54 in chips)
Seat 2: Bastenok ($552.44 in chips)
jl45259071: posts small blind $1
Bastenok: posts big blind $3
*** HOLE CARDS ***
jl45259071: calls $2
Bastenok: checks
*** FLOP *** [6h Qd Ts]
Bastenok: checks
jl45259071: checks
*** TURN *** [6h Qd Ts] [Kh]
Bastenok: checks
jl45259071: bets $6
Bastenok: folds
Uncalled bet ($6) returned to jl45259071
jl45259071 collected $5.88 from pot
jl45259071: doesn't show hand
*** SUMMARY ***
Total pot $6 | Rake $0.12
Board [6h Qd Ts Kh]
Seat 1: jl45259071 (button) (small blind) collected ($5.88)
Seat 2: Bastenok (big blind) folded on the Turn


PokerStars Hand #144903835906:  Hold'em Limit ($3/$6 USD) - 2015/12/06 7:02:38 ET
Table 'Mette III' 2-max Seat #2 is the button
Seat 1: jl45259071 ($224.06 in chips)
Seat 2: Bastenok ($542.84 in chips)
Bastenok: posts small blind $1
jl45259071: posts big blind $3
*** HOLE CARDS ***
Bastenok: raises $3 to $6
jl45259071: folds
Uncalled bet ($3) returned to Bastenok
Bastenok collected $6 from pot
Bastenok: doesn't show hand
*** SUMMARY ***
Total pot $6 | Rake $0
Seat 1: jl45259071 (big blind) folded before Flop
Seat 2: Bastenok (button) (small blind) collected ($6)


PokerStars Hand #144903831166:  Hold'em Limit ($3/$6 USD) - 2015/12/06 7:02:30 ET
Table 'Mette III' 2-max Seat #1 is the button
Seat 1: jl45259071 ($221.18 in chips)
Seat 2: Bastenok ($545.84 in chips)
jl45259071: posts small blind $1
Bastenok: posts big blind $3
*** HOLE CARDS ***
jl45259071: calls $2
Bastenok: checks
*** FLOP *** [As Kd 3d]
Bastenok: checks
jl45259071: bets $3
Bastenok: folds
Uncalled bet ($3) returned to jl45259071
jl45259071 collected $5.88 from pot
jl45259071: doesn't show hand
*** SUMMARY ***
Total pot $6 | Rake $0.12
Board [As Kd 3d]
Seat 1: jl45259071 (button) (small blind) collected ($5.88)
Seat 2: Bastenok (big blind) folded on the Flop


PokerStars Hand #144903823730:  Hold'em Limit ($3/$6 USD) - 2015/12/06 7:02:16 ET
Table 'Mette III' 2-max Seat #2 is the button
Seat 1: jl45259071 ($242.18 in chips)
Seat 2: Bastenok ($525.34 in chips)
Bastenok: posts small blind $1
jl45259071: posts big blind $3
*** HOLE CARDS ***
Bastenok: raises $3 to $6
jl45259071: calls $3
*** FLOP *** [8c 4d 9h]
jl45259071: checks
Bastenok: bets $3
jl45259071: calls $3
*** TURN *** [8c 4d 9h] [2c]
jl45259071: checks
Bastenok: bets $6
jl45259071: calls $6
*** RIVER *** [8c 4d 9h 2c] [Jc]
jl45259071: checks
Bastenok: bets $6
jl45259071: calls $6
*** SHOW DOWN ***
Bastenok: shows [Th 9d] (a pair of Nines)
jl45259071: mucks hand
Bastenok collected $41.50 from pot
*** SUMMARY ***
Total pot $42 | Rake $0.50
Board [8c 4d 9h 2c Jc]
Seat 1: jl45259071 (big blind) mucked
Seat 2: Bastenok (button) (small blind) showed [Th 9d] and won ($41.50) with a pair of Nines


PokerStars Hand #144903817285:  Hold'em Limit ($3/$6 USD) - 2015/12/06 7:02:05 ET
Table 'Mette III' 2-max Seat #1 is the button
Seat 1: jl45259071 ($251.18 in chips)
Seat 2: Bastenok ($516.70 in chips)
jl45259071: posts small blind $1
Bastenok: posts big blind $3
*** HOLE CARDS ***
jl45259071: raises $3 to $6
Bastenok: calls $3
*** FLOP *** [Jd Ah 7d]
Bastenok: checks
jl45259071: bets $3
Bastenok: calls $3
*** TURN *** [Jd Ah 7d] [2c]
Bastenok: checks
jl45259071: checks
*** RIVER *** [Jd Ah 7d 2c] [9d]
Bastenok: bets $6
jl45259071: folds
Uncalled bet ($6) returned to Bastenok
Bastenok collected $17.64 from pot
Bastenok: doesn't show hand
*** SUMMARY ***
Total pot $18 | Rake $0.36
Board [Jd Ah 7d 2c 9d]
Seat 1: jl45259071 (button) (small blind) folded on the River
Seat 2: Bastenok (big blind) collected ($17.64)


PokerStars Hand #144903807975:  Hold'em Limit ($3/$6 USD) - 2015/12/06 7:01:49 ET
Table 'Mette III' 2-max Seat #2 is the button
Seat 1: jl45259071 ($218.68 in chips)
Seat 2: Bastenok ($549.70 in chips)
Bastenok: posts small blind $1
jl45259071: posts big blind $3
*** HOLE CARDS ***
Bastenok: raises $3 to $6
jl45259071: raises $3 to $9
Bastenok: calls $3
*** FLOP *** [3d 5c 2d]
jl45259071: bets $3
Bastenok: raises $3 to $6
jl45259071: raises $3 to $9
Bastenok: raises $3 to $12
Betting is capped
jl45259071: calls $3
*** TURN *** [3d 5c 2d] [Qc]
jl45259071: bets $6
Bastenok: calls $6
*** RIVER *** [3d 5c 2d Qc] [9h]
jl45259071: bets $6
Bastenok: calls $6
*** SHOW DOWN ***
jl45259071: shows [8h Qh] (a pair of Queens)
Bastenok: mucks hand
jl45259071 collected $65.50 from pot
*** SUMMARY ***
Total pot $66 | Rake $0.50
Board [3d 5c 2d Qc 9h]
Seat 1: jl45259071 (big blind) showed [8h Qh] and won ($65.50) with a pair of Queens
Seat 2: Bastenok (button) (small blind) mucked


