PokerStars Hand #146516499043:  Hold'em Limit ($3/$6 USD) - 2016/01/05 12:43:14 ET
Table 'Mette II' 2-max Seat #2 is the button
Seat 1: hartiedd1 ($112.63 in chips)
Seat 2: _fayzulllo_ ($99.81 in chips)
_fayzulllo_: posts small blind $1
hartiedd1: posts big blind $3
*** HOLE CARDS ***
_fayzulllo_: folds
Uncalled bet ($2) returned to hartiedd1
hartiedd1 collected $2 from pot
hartiedd1: doesn't show hand
*** SUMMARY ***
Total pot $2 | Rake $0
Seat 1: hartiedd1 (big blind) collected ($2)
Seat 2: _fayzulllo_ (button) (small blind) folded before Flop


PokerStars Hand #146516481492:  Hold'em Limit ($3/$6 USD) - 2016/01/05 12:42:57 ET
Table 'Mette II' 2-max Seat #1 is the button
Seat 1: hartiedd1 ($121.63 in chips)
Seat 2: _fayzulllo_ ($91.17 in chips)
hartiedd1: posts small blind $1
_fayzulllo_: posts big blind $3
*** HOLE CARDS ***
hartiedd1: raises $3 to $6
_fayzulllo_: calls $3
*** FLOP *** [Td Ah 2d]
_fayzulllo_: checks
hartiedd1: bets $3
_fayzulllo_: calls $3
*** TURN *** [Td Ah 2d] [8s]
_fayzulllo_: checks
hartiedd1: checks
*** RIVER *** [Td Ah 2d 8s] [Tc]
_fayzulllo_: bets $6
hartiedd1: folds
Uncalled bet ($6) returned to _fayzulllo_
_fayzulllo_ collected $17.64 from pot
_fayzulllo_: doesn't show hand
*** SUMMARY ***
Total pot $18 | Rake $0.36
Board [Td Ah 2d 8s Tc]
Seat 1: hartiedd1 (button) (small blind) folded on the River
Seat 2: _fayzulllo_ (big blind) collected ($17.64)


PokerStars Hand #146516465420:  Hold'em Limit ($3/$6 USD) - 2016/01/05 12:42:40 ET
Table 'Mette II' 2-max Seat #2 is the button
Seat 1: hartiedd1 ($121.88 in chips)
Seat 2: _fayzulllo_ ($91.42 in chips)
_fayzulllo_: posts small blind $1
hartiedd1: posts big blind $3
*** HOLE CARDS ***
_fayzulllo_: calls $2
hartiedd1: checks
*** FLOP *** [Ks 2d 7s]
hartiedd1: bets $3
_fayzulllo_: calls $3
*** TURN *** [Ks 2d 7s] [6c]
hartiedd1: bets $6
_fayzulllo_: calls $6
*** RIVER *** [Ks 2d 7s 6c] [Kd]
hartiedd1: bets $6
_fayzulllo_: calls $6
*** SHOW DOWN ***
hartiedd1: shows [7d Qs] (two pair, Kings and Sevens)
_fayzulllo_: shows [Qc 7c] (two pair, Kings and Sevens)
hartiedd1 collected $17.75 from pot
_fayzulllo_ collected $17.75 from pot
*** SUMMARY ***
Total pot $36 | Rake $0.50
Board [Ks 2d 7s 6c Kd]
Seat 1: hartiedd1 (big blind) showed [7d Qs] and won ($17.75) with two pair, Kings and Sevens
Seat 2: _fayzulllo_ (button) (small blind) showed [Qc 7c] and won ($17.75) with two pair, Kings and Sevens


PokerStars Hand #146516527441:  Hold'em Limit ($3/$6 USD) - 2016/01/05 12:43:44 ET
Table 'Mette II' 2-max Seat #2 is the button
Seat 1: hartiedd1 ($98.63 in chips)
Seat 2: _fayzulllo_ ($113.31 in chips)
_fayzulllo_: posts small blind $1
hartiedd1: posts big blind $3
*** HOLE CARDS ***
_fayzulllo_: calls $2
hartiedd1: raises $3 to $6
_fayzulllo_: calls $3
*** FLOP *** [5c Jc 2c]
hartiedd1: checks
_fayzulllo_: checks
*** TURN *** [5c Jc 2c] [Ks]
hartiedd1: bets $6
_fayzulllo_: calls $6
*** RIVER *** [5c Jc 2c Ks] [7s]
hartiedd1: checks
_fayzulllo_: bets $6
hartiedd1: folds
Uncalled bet ($6) returned to _fayzulllo_
_fayzulllo_ collected $23.52 from pot
_fayzulllo_: doesn't show hand
*** SUMMARY ***
Total pot $24 | Rake $0.48
Board [5c Jc 2c Ks 7s]
Seat 1: hartiedd1 (big blind) folded on the River
Seat 2: _fayzulllo_ (button) (small blind) collected ($23.52)


PokerStars Hand #146516504261:  Hold'em Limit ($3/$6 USD) - 2016/01/05 12:43:20 ET
Table 'Mette II' 2-max Seat #1 is the button
Seat 1: hartiedd1 ($113.63 in chips)
Seat 2: _fayzulllo_ ($98.81 in chips)
hartiedd1: posts small blind $1
_fayzulllo_: posts big blind $3
*** HOLE CARDS ***
hartiedd1: raises $3 to $6
_fayzulllo_: calls $3
*** FLOP *** [5h 9s 6h]
_fayzulllo_: checks
hartiedd1: bets $3
_fayzulllo_: calls $3
*** TURN *** [5h 9s 6h] [4c]
_fayzulllo_: checks
hartiedd1: checks
*** RIVER *** [5h 9s 6h 4c] [2d]
_fayzulllo_: bets $6
hartiedd1: calls $6
*** SHOW DOWN ***
_fayzulllo_: shows [Js 6s] (a pair of Sixes)
hartiedd1: mucks hand
_fayzulllo_ collected $29.50 from pot
*** SUMMARY ***
Total pot $30 | Rake $0.50
Board [5h 9s 6h 4c 2d]
Seat 1: hartiedd1 (button) (small blind) mucked
Seat 2: _fayzulllo_ (big blind) showed [Js 6s] and won ($29.50) with a pair of Sixes


