PokerStars Hand #152804102931:  Hold'em Limit ($3/$6 USD) - 2016/05/03 13:38:47 ET
Table 'Meyer' 10-max Seat #3 is the button
Seat 3: asshair0815 ($109.22 in chips)
Seat 6: Pandakey ($122.64 in chips)
asshair0815: posts small blind $1
Pandakey: posts big blind $3
*** HOLE CARDS ***
asshair0815: raises $3 to $6
Pandakey: folds
Uncalled bet ($3) returned to asshair0815
asshair0815 collected $6 from pot
asshair0815: doesn't show hand
*** SUMMARY ***
Total pot $6 | Rake $0
Seat 3: asshair0815 (button) (small blind) collected ($6)
Seat 6: Pandakey (big blind) folded before Flop


PokerStars Hand #152804083136:  Hold'em Limit ($3/$6 USD) - 2016/05/03 13:38:23 ET
Table 'Meyer' 10-max Seat #6 is the button
Seat 3: asshair0815 ($103.46 in chips)
Seat 6: Pandakey ($128.64 in chips)
Pandakey: posts small blind $1
asshair0815: posts big blind $3
*** HOLE CARDS ***
Pandakey: raises $3 to $6
asshair0815: calls $3
*** FLOP *** [Th 6c 8d]
asshair0815: checks
Pandakey: checks
*** TURN *** [Th 6c 8d] [Qs]
asshair0815: bets $6
Pandakey: folds
Uncalled bet ($6) returned to asshair0815
asshair0815 collected $11.76 from pot
asshair0815: doesn't show hand
*** SUMMARY ***
Total pot $12 | Rake $0.24
Board [Th 6c 8d Qs]
Seat 3: asshair0815 (big blind) collected ($11.76)
Seat 6: Pandakey (button) (small blind) folded on the Turn


PokerStars Hand #152804113301:  Hold'em Limit ($3/$6 USD) - 2016/05/03 13:39:00 ET
Table 'Meyer' 10-max Seat #6 is the button
Seat 3: asshair0815 ($112.22 in chips)
Seat 6: Pandakey ($119.64 in chips)
Pandakey: posts small blind $1
asshair0815: posts big blind $3
*** HOLE CARDS ***
Pandakey: raises $3 to $6
asshair0815: raises $3 to $9
Pandakey: calls $3
*** FLOP *** [3s 6c 2h]
asshair0815: bets $3
Pandakey: calls $3
*** TURN *** [3s 6c 2h] [9d]
asshair0815: bets $6
Pandakey: calls $6
*** RIVER *** [3s 6c 2h 9d] [2s]
asshair0815: checks
Pandakey: bets $6
asshair0815: folds
Uncalled bet ($6) returned to Pandakey
Pandakey collected $35.50 from pot
Pandakey: doesn't show hand
*** SUMMARY ***
Total pot $36 | Rake $0.50
Board [3s 6c 2h 9d 2s]
Seat 3: asshair0815 (big blind) folded on the River
Seat 6: Pandakey (button) (small blind) collected ($35.50)


PokerStars Hand #152804177496:  Hold'em Limit ($3/$6 USD) - 2016/05/03 13:40:21 ET
Table 'Meyer' 10-max Seat #6 is the button
Seat 3: asshair0815 ($93.97 in chips)
Seat 6: Pandakey ($136.89 in chips)
Pandakey: posts small blind $1
asshair0815: posts big blind $3
*** HOLE CARDS ***
Pandakey: raises $3 to $6
asshair0815: calls $3
*** FLOP *** [Jd 9h 2s]
asshair0815: checks
Pandakey: checks
*** TURN *** [Jd 9h 2s] [2h]
asshair0815: bets $6
Pandakey: calls $6
*** RIVER *** [Jd 9h 2s 2h] [8h]
asshair0815: bets $6
Pandakey: calls $6
*** SHOW DOWN ***
asshair0815: shows [7c 8d] (two pair, Eights and Deuces)
Pandakey: mucks hand
asshair0815 collected $35.50 from pot
*** SUMMARY ***
Total pot $36 | Rake $0.50
Board [Jd 9h 2s 2h 8h]
Seat 3: asshair0815 (big blind) showed [7c 8d] and won ($35.50) with two pair, Eights and Deuces
Seat 6: Pandakey (button) (small blind) mucked


PokerStars Hand #152804192855:  Hold'em Limit ($3/$6 USD) - 2016/05/03 13:40:40 ET
Table 'Meyer' 10-max Seat #3 is the button
Seat 3: asshair0815 ($111.47 in chips)
Seat 6: Pandakey ($118.89 in chips)
asshair0815: posts small blind $1
Pandakey: posts big blind $3
*** HOLE CARDS ***
asshair0815: raises $3 to $6
Pandakey: raises $3 to $9
asshair0815: calls $3
*** FLOP *** [2s 6d Ac]
Pandakey: bets $3
asshair0815: calls $3
*** TURN *** [2s 6d Ac] [4h]
Pandakey: checks
asshair0815: bets $6
Pandakey: calls $6
*** RIVER *** [2s 6d Ac 4h] [Kc]
Pandakey: checks
asshair0815: bets $6
Pandakey: calls $6
*** SHOW DOWN ***
asshair0815: shows [Jc As] (a pair of Aces)
Pandakey: mucks hand
asshair0815 collected $47.50 from pot
*** SUMMARY ***
Total pot $48 | Rake $0.50
Board [2s 6d Ac 4h Kc]
Seat 3: asshair0815 (button) (small blind) showed [Jc As] and won ($47.50) with a pair of Aces
Seat 6: Pandakey (big blind) mucked


PokerStars Hand #152804143657:  Hold'em Limit ($3/$6 USD) - 2016/05/03 13:39:38 ET
Table 'Meyer' 10-max Seat #3 is the button
Seat 3: asshair0815 ($94.22 in chips)
Seat 6: Pandakey ($137.14 in chips)
asshair0815: posts small blind $1
Pandakey: posts big blind $3
*** HOLE CARDS ***
asshair0815: raises $3 to $6
Pandakey: calls $3
*** FLOP *** [Jh Tc Ks]
Pandakey: checks
asshair0815: bets $3
Pandakey: calls $3
*** TURN *** [Jh Tc Ks] [Ad]
Pandakey: checks
asshair0815: bets $6
Pandakey: raises $6 to $12
asshair0815: raises $6 to $18
Pandakey: calls $6
*** RIVER *** [Jh Tc Ks Ad] [5d]
Pandakey: bets $6
asshair0815: raises $6 to $12
Pandakey: raises $6 to $18
asshair0815: raises $6 to $24
Betting is capped
Pandakey: calls $6
*** SHOW DOWN ***
asshair0815: shows [Qc Ts] (a straight, Ten to Ace)
Pandakey: shows [4h Qd] (a straight, Ten to Ace)
Pandakey collected $50.75 from pot
asshair0815 collected $50.75 from pot
*** SUMMARY ***
Total pot $102 | Rake $0.50
Board [Jh Tc Ks Ad 5d]
Seat 3: asshair0815 (button) (small blind) showed [Qc Ts] and won ($50.75) with a straight, Ten to Ace
Seat 6: Pandakey (big blind) showed [4h Qd] and won ($50.75) with a straight, Ten to Ace


PokerStars Hand #152804230529:  Hold'em Limit ($3/$6 USD) - 2016/05/03 13:41:27 ET
Table 'Meyer' 10-max Seat #3 is the button
Seat 3: asshair0815 ($116.97 in chips)
Seat 6: Pandakey ($112.39 in chips)
asshair0815: posts small blind $1
Pandakey: posts big blind $3
*** HOLE CARDS ***
asshair0815: raises $3 to $6
Pandakey: raises $3 to $9
asshair0815: calls $3
*** FLOP *** [4h 5c 5s]
Pandakey: bets $3
asshair0815: calls $3
*** TURN *** [4h 5c 5s] [3d]
Pandakey: checks
asshair0815: bets $6
Pandakey: calls $6
*** RIVER *** [4h 5c 5s 3d] [Jh]
Pandakey: bets $6
asshair0815: raises $6 to $12
Pandakey: calls $6
*** SHOW DOWN ***
asshair0815: shows [Ah Js] (two pair, Jacks and Fives)
Pandakey: mucks hand
asshair0815 collected $59.50 from pot
*** SUMMARY ***
Total pot $60 | Rake $0.50
Board [4h 5c 5s 3d Jh]
Seat 3: asshair0815 (button) (small blind) showed [Ah Js] and won ($59.50) with two pair, Jacks and Fives
Seat 6: Pandakey (big blind) mucked


PokerStars Hand #152804216061:  Hold'em Limit ($3/$6 USD) - 2016/05/03 13:41:09 ET
Table 'Meyer' 10-max Seat #6 is the button
Seat 3: asshair0815 ($134.97 in chips)
Seat 6: Pandakey ($94.89 in chips)
Pandakey: posts small blind $1
asshair0815: posts big blind $3
*** HOLE CARDS ***
Pandakey: raises $3 to $6
asshair0815: calls $3
*** FLOP *** [9h 2h Qd]
asshair0815: checks
Pandakey: checks
*** TURN *** [9h 2h Qd] [Qs]
asshair0815: bets $6
Pandakey: calls $6
*** RIVER *** [9h 2h Qd Qs] [Ts]
asshair0815: bets $6
Pandakey: calls $6
*** SHOW DOWN ***
asshair0815: shows [3c 4s] (a pair of Queens)
Pandakey: shows [Ad 6d] (a pair of Queens - Ace kicker)
Pandakey collected $35.50 from pot
*** SUMMARY ***
Total pot $36 | Rake $0.50
Board [9h 2h Qd Qs Ts]
Seat 3: asshair0815 (big blind) showed [3c 4s] and lost with a pair of Queens
Seat 6: Pandakey (button) (small blind) showed [Ad 6d] and won ($35.50) with a pair of Queens


PokerStars Hand #152804292823:  Hold'em Limit ($3/$6 USD) - 2016/05/03 13:42:44 ET
Table 'Meyer' 10-max Seat #6 is the button
Seat 3: asshair0815 ($127.47 in chips)
Seat 6: Pandakey ($100.89 in chips)
Pandakey: posts small blind $1
asshair0815: posts big blind $3
*** HOLE CARDS ***
Pandakey: folds
Uncalled bet ($2) returned to asshair0815
asshair0815 collected $2 from pot
asshair0815: doesn't show hand
*** SUMMARY ***
Total pot $2 | Rake $0
Seat 3: asshair0815 (big blind) collected ($2)
Seat 6: Pandakey (button) (small blind) folded before Flop


PokerStars Hand #152804288830:  Hold'em Limit ($3/$6 USD) - 2016/05/03 13:42:39 ET
Table 'Meyer' 10-max Seat #3 is the button
Seat 3: asshair0815 ($128.47 in chips)
Seat 6: Pandakey ($99.89 in chips)
asshair0815: posts small blind $1
Pandakey: posts big blind $3
*** HOLE CARDS ***
asshair0815: folds
Uncalled bet ($2) returned to Pandakey
Pandakey collected $2 from pot
Pandakey: doesn't show hand
*** SUMMARY ***
Total pot $2 | Rake $0
Seat 3: asshair0815 (button) (small blind) folded before Flop
Seat 6: Pandakey (big blind) collected ($2)


PokerStars Hand #152804262004:  Hold'em Limit ($3/$6 USD) - 2016/05/03 13:42:06 ET
Table 'Meyer' 10-max Seat #6 is the button
Seat 3: asshair0815 ($146.47 in chips)
Seat 6: Pandakey ($82.39 in chips)
Pandakey: posts small blind $1
asshair0815: posts big blind $3
*** HOLE CARDS ***
Pandakey: raises $3 to $6
asshair0815: raises $3 to $9
Pandakey: calls $3
*** FLOP *** [7c 8d 3d]
asshair0815: bets $3
Pandakey: calls $3
*** TURN *** [7c 8d 3d] [7s]
asshair0815: bets $6
Pandakey: raises $6 to $12
asshair0815: folds
Uncalled bet ($6) returned to Pandakey
Pandakey collected $35.50 from pot
Pandakey: doesn't show hand
*** SUMMARY ***
Total pot $36 | Rake $0.50
Board [7c 8d 3d 7s]
Seat 3: asshair0815 (big blind) folded on the Turn
Seat 6: Pandakey (button) (small blind) collected ($35.50)


PokerStars Hand #152804297113:  Hold'em Limit ($3/$6 USD) - 2016/05/03 13:42:49 ET
Table 'Meyer' 10-max Seat #3 is the button
Seat 3: asshair0815 ($128.47 in chips)
Seat 6: Pandakey ($99.89 in chips)
asshair0815: posts small blind $1
Pandakey: posts big blind $3
*** HOLE CARDS ***
asshair0815: raises $3 to $6
Pandakey: calls $3
*** FLOP *** [Jc 8h 8s]
Pandakey: checks
asshair0815: bets $3
Pandakey: folds
Uncalled bet ($3) returned to asshair0815
asshair0815 collected $11.76 from pot
asshair0815: doesn't show hand
*** SUMMARY ***
Total pot $12 | Rake $0.24
Board [Jc 8h 8s]
Seat 3: asshair0815 (button) (small blind) collected ($11.76)
Seat 6: Pandakey (big blind) folded on the Flop


PokerStars Hand #152804312325:  Hold'em Limit ($3/$6 USD) - 2016/05/03 13:43:08 ET
Table 'Meyer' 10-max Seat #6 is the button
Seat 3: asshair0815 ($134.23 in chips)
Seat 6: Pandakey ($93.89 in chips)
Pandakey: posts small blind $1
asshair0815: posts big blind $3
*** HOLE CARDS ***
Pandakey: raises $3 to $6
asshair0815: calls $3
*** FLOP *** [7h Kc 2s]
asshair0815: checks
Pandakey: bets $3
asshair0815: calls $3
*** TURN *** [7h Kc 2s] [5h]
asshair0815: checks
Pandakey: checks
*** RIVER *** [7h Kc 2s 5h] [6s]
asshair0815: bets $6
Pandakey: folds
Uncalled bet ($6) returned to asshair0815
asshair0815 collected $17.64 from pot
asshair0815: doesn't show hand
*** SUMMARY ***
Total pot $18 | Rake $0.36
Board [7h Kc 2s 5h 6s]
Seat 3: asshair0815 (big blind) collected ($17.64)
Seat 6: Pandakey (button) (small blind) folded on the River


PokerStars Hand #152804382675:  Hold'em Limit ($3/$6 USD) - 2016/05/03 13:44:35 ET
Table 'Meyer' 10-max Seat #6 is the button
Seat 3: asshair0815 ($124.87 in chips)
Seat 6: Pandakey ($102.39 in chips)
Pandakey: posts small blind $1
asshair0815: posts big blind $3
*** HOLE CARDS ***
Pandakey: raises $3 to $6
asshair0815: calls $3
*** FLOP *** [Ah Jh 7s]
asshair0815: checks
Pandakey: bets $3
asshair0815: raises $3 to $6
Pandakey: folds
Uncalled bet ($3) returned to asshair0815
asshair0815 collected $17.64 from pot
asshair0815: doesn't show hand
*** SUMMARY ***
Total pot $18 | Rake $0.36
Board [Ah Jh 7s]
Seat 3: asshair0815 (big blind) collected ($17.64)
Seat 6: Pandakey (button) (small blind) folded on the Flop


PokerStars Hand #152804376810:  Hold'em Limit ($3/$6 USD) - 2016/05/03 13:44:28 ET
Table 'Meyer' 10-max Seat #3 is the button
Seat 3: asshair0815 ($125.87 in chips)
Seat 6: Pandakey ($101.39 in chips)
asshair0815: posts small blind $1
Pandakey: posts big blind $3
*** HOLE CARDS ***
asshair0815: folds
Uncalled bet ($2) returned to Pandakey
Pandakey collected $2 from pot
Pandakey: doesn't show hand
*** SUMMARY ***
Total pot $2 | Rake $0
Seat 3: asshair0815 (button) (small blind) folded before Flop
Seat 6: Pandakey (big blind) collected ($2)


PokerStars Hand #152804373208:  Hold'em Limit ($3/$6 USD) - 2016/05/03 13:44:23 ET
Table 'Meyer' 10-max Seat #6 is the button
Seat 3: asshair0815 ($124.87 in chips)
Seat 6: Pandakey ($102.39 in chips)
Pandakey: posts small blind $1
asshair0815: posts big blind $3
*** HOLE CARDS ***
Pandakey: folds
Uncalled bet ($2) returned to asshair0815
asshair0815 collected $2 from pot
asshair0815: doesn't show hand
*** SUMMARY ***
Total pot $2 | Rake $0
Seat 3: asshair0815 (big blind) collected ($2)
Seat 6: Pandakey (button) (small blind) folded before Flop


PokerStars Hand #152804354751:  Hold'em Limit ($3/$6 USD) - 2016/05/03 13:44:01 ET
Table 'Meyer' 10-max Seat #3 is the button
Seat 3: asshair0815 ($142.87 in chips)
Seat 6: Pandakey ($84.89 in chips)
asshair0815: posts small blind $1
Pandakey: posts big blind $3
*** HOLE CARDS ***
asshair0815: raises $3 to $6
Pandakey: raises $3 to $9
asshair0815: calls $3
*** FLOP *** [7d 8c Ah]
Pandakey: bets $3
asshair0815: calls $3
*** TURN *** [7d 8c Ah] [Qs]
Pandakey: bets $6
asshair0815: calls $6
*** RIVER *** [7d 8c Ah Qs] [6c]
Pandakey: bets $6
asshair0815: folds
Uncalled bet ($6) returned to Pandakey
Pandakey collected $35.50 from pot
Pandakey: doesn't show hand
*** SUMMARY ***
Total pot $36 | Rake $0.50
Board [7d 8c Ah Qs 6c]
Seat 3: asshair0815 (button) (small blind) folded on the River
Seat 6: Pandakey (big blind) collected ($35.50)


PokerStars Hand #152804436377:  Hold'em Limit ($3/$6 USD) - 2016/05/03 13:45:41 ET
Table 'Meyer' 10-max Seat #3 is the button
Seat 3: asshair0815 ($142.01 in chips)
Seat 6: Pandakey ($84.03 in chips)
asshair0815: posts small blind $1
Pandakey: posts big blind $3
*** HOLE CARDS ***
asshair0815: folds
Uncalled bet ($2) returned to Pandakey
Pandakey collected $2 from pot
Pandakey: doesn't show hand
*** SUMMARY ***
Total pot $2 | Rake $0
Seat 3: asshair0815 (button) (small blind) folded before Flop
Seat 6: Pandakey (big blind) collected ($2)


PokerStars Hand #152804420161:  Hold'em Limit ($3/$6 USD) - 2016/05/03 13:45:21 ET
Table 'Meyer' 10-max Seat #6 is the button
Seat 3: asshair0815 ($151.01 in chips)
Seat 6: Pandakey ($75.39 in chips)
Pandakey: posts small blind $1
asshair0815: posts big blind $3
*** HOLE CARDS ***
Pandakey: raises $3 to $6
asshair0815: calls $3
*** FLOP *** [Tc 3h 4c]
asshair0815: checks
Pandakey: bets $3
asshair0815: calls $3
*** TURN *** [Tc 3h 4c] [Jd]
asshair0815: checks
Pandakey: bets $6
asshair0815: folds
Uncalled bet ($6) returned to Pandakey
Pandakey collected $17.64 from pot
Pandakey: doesn't show hand
*** SUMMARY ***
Total pot $18 | Rake $0.36
Board [Tc 3h 4c Jd]
Seat 3: asshair0815 (big blind) folded on the Turn
Seat 6: Pandakey (button) (small blind) collected ($17.64)


PokerStars Hand #152804396202:  Hold'em Limit ($3/$6 USD) - 2016/05/03 13:44:52 ET
Table 'Meyer' 10-max Seat #3 is the button
Seat 3: asshair0815 ($133.51 in chips)
Seat 6: Pandakey ($93.39 in chips)
asshair0815: posts small blind $1
Pandakey: posts big blind $3
*** HOLE CARDS ***
asshair0815: raises $3 to $6
Pandakey: calls $3
*** FLOP *** [5d Kh 2c]
Pandakey: checks
asshair0815: bets $3
Pandakey: raises $3 to $6
asshair0815: calls $3
*** TURN *** [5d Kh 2c] [8c]
Pandakey: bets $6
asshair0815: calls $6
*** RIVER *** [5d Kh 2c 8c] [Jd]
Pandakey: checks
asshair0815: checks
*** SHOW DOWN ***
Pandakey: shows [9d 7d] (high card King)
asshair0815: shows [Ad 3d] (high card Ace)
asshair0815 collected $35.50 from pot
*** SUMMARY ***
Total pot $36 | Rake $0.50
Board [5d Kh 2c 8c Jd]
Seat 3: asshair0815 (button) (small blind) showed [Ad 3d] and won ($35.50) with high card Ace
Seat 6: Pandakey (big blind) showed [9d 7d] and lost with high card King


PokerStars Hand #152804459592:  Hold'em Limit ($3/$6 USD) - 2016/05/03 13:46:10 ET
Table 'Meyer' 10-max Seat #3 is the button
Seat 3: asshair0815 ($164.51 in chips)
Seat 6: Pandakey ($61.03 in chips)
asshair0815: posts small blind $1
Pandakey: posts big blind $3
*** HOLE CARDS ***
asshair0815: raises $3 to $6
Pandakey: folds
Uncalled bet ($3) returned to asshair0815
asshair0815 collected $6 from pot
asshair0815: doesn't show hand
*** SUMMARY ***
Total pot $6 | Rake $0
Seat 3: asshair0815 (button) (small blind) collected ($6)
Seat 6: Pandakey (big blind) folded before Flop


PokerStars Hand #152804440813:  Hold'em Limit ($3/$6 USD) - 2016/05/03 13:45:47 ET
Table 'Meyer' 10-max Seat #6 is the button
Seat 3: asshair0815 ($141.01 in chips)
Seat 6: Pandakey ($85.03 in chips)
Pandakey: posts small blind $1
asshair0815: posts big blind $3
*** HOLE CARDS ***
Pandakey: raises $3 to $6
asshair0815: calls $3
*** FLOP *** [2s 8s Jc]
asshair0815: checks
Pandakey: checks
*** TURN *** [2s 8s Jc] [7h]
asshair0815: bets $6
Pandakey: raises $6 to $12
asshair0815: calls $6
*** RIVER *** [2s 8s Jc 7h] [As]
asshair0815: checks
Pandakey: bets $6
asshair0815: calls $6
*** SHOW DOWN ***
Pandakey: shows [9h 6d] (high card Ace)
asshair0815: shows [Qs 8d] (a pair of Eights)
asshair0815 collected $47.50 from pot
*** SUMMARY ***
Total pot $48 | Rake $0.50
Board [2s 8s Jc 7h As]
Seat 3: asshair0815 (big blind) showed [Qs 8d] and won ($47.50) with a pair of Eights
Seat 6: Pandakey (button) (small blind) showed [9h 6d] and lost with high card Ace


PokerStars Hand #152804477096:  Hold'em Limit ($3/$6 USD) - 2016/05/03 13:46:32 ET
Table 'Meyer' 10-max Seat #3 is the button
Seat 3: asshair0815 ($168.51 in chips)
Seat 6: Pandakey ($117.03 in chips)
asshair0815: posts small blind $1
Pandakey: posts big blind $3
*** HOLE CARDS ***
asshair0815: raises $3 to $6
Pandakey: calls $3
*** FLOP *** [Ah 6c Kd]
Pandakey: checks
asshair0815: bets $3
Pandakey: folds
Uncalled bet ($3) returned to asshair0815
asshair0815 collected $11.76 from pot
asshair0815: doesn't show hand
*** SUMMARY ***
Total pot $12 | Rake $0.24
Board [Ah 6c Kd]
Seat 3: asshair0815 (button) (small blind) collected ($11.76)
Seat 6: Pandakey (big blind) folded on the Flop


PokerStars Hand #152804499590:  Hold'em Limit ($3/$6 USD) - 2016/05/03 13:46:59 ET
Table 'Meyer' 10-max Seat #6 is the button
Seat 3: asshair0815 ($174.27 in chips)
Seat 6: Pandakey ($111.03 in chips)
Pandakey: posts small blind $1
asshair0815: posts big blind $3
*** HOLE CARDS ***
Pandakey: raises $3 to $6
asshair0815: calls $3
*** FLOP *** [Jh Ad 3h]
asshair0815: checks
Pandakey: bets $3
asshair0815: folds
Uncalled bet ($3) returned to Pandakey
Pandakey collected $11.76 from pot
Pandakey: doesn't show hand
*** SUMMARY ***
Total pot $12 | Rake $0.24
Board [Jh Ad 3h]
Seat 3: asshair0815 (big blind) folded on the Flop
Seat 6: Pandakey (button) (small blind) collected ($11.76)


PokerStars Hand #152804473180:  Hold'em Limit ($3/$6 USD) - 2016/05/03 13:46:27 ET
Table 'Meyer' 10-max Seat #6 is the button
Seat 3: asshair0815 ($167.51 in chips)
Seat 6: Pandakey ($118.03 in chips)
Pandakey: posts small blind $1
asshair0815: posts big blind $3
*** HOLE CARDS ***
Pandakey: folds
Uncalled bet ($2) returned to asshair0815
asshair0815 collected $2 from pot
asshair0815: doesn't show hand
*** SUMMARY ***
Total pot $2 | Rake $0
Seat 3: asshair0815 (big blind) collected ($2)
Seat 6: Pandakey (button) (small blind) folded before Flop


PokerStars Hand #152804468934:  Hold'em Limit ($3/$6 USD) - 2016/05/03 13:46:21 ET
Table 'Meyer' 10-max Seat #3 is the button
Seat 3: asshair0815 ($168.51 in chips)
Seat 6: Pandakey ($117.03 in chips)
asshair0815: posts small blind $1
Pandakey: posts big blind $3
*** HOLE CARDS ***
asshair0815: folds
Uncalled bet ($2) returned to Pandakey
Pandakey collected $2 from pot
Pandakey: doesn't show hand
*** SUMMARY ***
Total pot $2 | Rake $0
Seat 3: asshair0815 (button) (small blind) folded before Flop
Seat 6: Pandakey (big blind) collected ($2)


PokerStars Hand #152804465473:  Hold'em Limit ($3/$6 USD) - 2016/05/03 13:46:17 ET
Table 'Meyer' 10-max Seat #6 is the button
Seat 3: asshair0815 ($167.51 in chips)
Seat 6: Pandakey ($58.03 in chips)
Pandakey: posts small blind $1
asshair0815: posts big blind $3
*** HOLE CARDS ***
Pandakey: folds
Uncalled bet ($2) returned to asshair0815
asshair0815 collected $2 from pot
asshair0815: doesn't show hand
*** SUMMARY ***
Total pot $2 | Rake $0
Seat 3: asshair0815 (big blind) collected ($2)
Seat 6: Pandakey (button) (small blind) folded before Flop


PokerStars Hand #152804518217:  Hold'em Limit ($3/$6 USD) - 2016/05/03 13:47:22 ET
Table 'Meyer' 10-max Seat #6 is the button
Seat 3: asshair0815 ($167.27 in chips)
Seat 6: Pandakey ($117.79 in chips)
Pandakey: posts small blind $1
asshair0815: posts big blind $3
*** HOLE CARDS ***
Pandakey: raises $3 to $6
asshair0815: calls $3
*** FLOP *** [Qh 4d Td]
asshair0815: checks
Pandakey: checks
*** TURN *** [Qh 4d Td] [Jc]
asshair0815: checks
Pandakey: bets $6
asshair0815: calls $6
*** RIVER *** [Qh 4d Td Jc] [Jh]
asshair0815: checks
Pandakey: checks
*** SHOW DOWN ***
asshair0815: shows [2d Ad] (a pair of Jacks)
Pandakey: mucks hand
asshair0815 collected $23.52 from pot
*** SUMMARY ***
Total pot $24 | Rake $0.48
Board [Qh 4d Td Jc Jh]
Seat 3: asshair0815 (big blind) showed [2d Ad] and won ($23.52) with a pair of Jacks
Seat 6: Pandakey (button) (small blind) mucked


PokerStars Hand #152804512310:  Hold'em Limit ($3/$6 USD) - 2016/05/03 13:47:15 ET
Table 'Meyer' 10-max Seat #3 is the button
Seat 3: asshair0815 ($168.27 in chips)
Seat 6: Pandakey ($116.79 in chips)
asshair0815: posts small blind $1
Pandakey: posts big blind $3
*** HOLE CARDS ***
asshair0815: folds
Uncalled bet ($2) returned to Pandakey
Pandakey collected $2 from pot
Pandakey: doesn't show hand
*** SUMMARY ***
Total pot $2 | Rake $0
Seat 3: asshair0815 (button) (small blind) folded before Flop
Seat 6: Pandakey (big blind) collected ($2)


PokerStars Hand #152804580840:  Hold'em Limit ($3/$6 USD) - 2016/05/03 13:48:40 ET
Table 'Meyer' 10-max Seat #3 is the button
Seat 3: asshair0815 ($178.55 in chips)
Seat 6: Pandakey ($105.55 in chips)
asshair0815: posts small blind $1
Pandakey: posts big blind $3
*** HOLE CARDS ***
asshair0815: raises $3 to $6
Pandakey: calls $3
*** FLOP *** [4h 7d 9h]
Pandakey: checks
asshair0815: checks
*** TURN *** [4h 7d 9h] [7s]
Pandakey: bets $6
asshair0815: calls $6
*** RIVER *** [4h 7d 9h 7s] [2d]
Pandakey: bets $6
asshair0815: calls $6
*** SHOW DOWN ***
Pandakey: shows [6h 3h] (a pair of Sevens)
asshair0815: shows [Ah 6s] (a pair of Sevens - Ace kicker)
asshair0815 collected $35.50 from pot
*** SUMMARY ***
Total pot $36 | Rake $0.50
Board [4h 7d 9h 7s 2d]
Seat 3: asshair0815 (button) (small blind) showed [Ah 6s] and won ($35.50) with a pair of Sevens
Seat 6: Pandakey (big blind) showed [6h 3h] and lost with a pair of Sevens


PokerStars Hand #152804562912:  Hold'em Limit ($3/$6 USD) - 2016/05/03 13:48:18 ET
Table 'Meyer' 10-max Seat #6 is the button
Seat 3: asshair0815 ($172.79 in chips)
Seat 6: Pandakey ($111.55 in chips)
Pandakey: posts small blind $1
asshair0815: posts big blind $3
*** HOLE CARDS ***
Pandakey: raises $3 to $6
asshair0815: calls $3
*** FLOP *** [7c Ks Ad]
asshair0815: checks
Pandakey: checks
*** TURN *** [7c Ks Ad] [Jh]
asshair0815: bets $6
Pandakey: folds
Uncalled bet ($6) returned to asshair0815
asshair0815 collected $11.76 from pot
asshair0815: doesn't show hand
*** SUMMARY ***
Total pot $12 | Rake $0.24
Board [7c Ks Ad Jh]
Seat 3: asshair0815 (big blind) collected ($11.76)
Seat 6: Pandakey (button) (small blind) folded on the Turn


PokerStars Hand #152804543359:  Hold'em Limit ($3/$6 USD) - 2016/05/03 13:47:54 ET
Table 'Meyer' 10-max Seat #3 is the button
Seat 3: asshair0815 ($178.79 in chips)
Seat 6: Pandakey ($105.79 in chips)
asshair0815: posts small blind $1
Pandakey: posts big blind $3
*** HOLE CARDS ***
asshair0815: raises $3 to $6
Pandakey: calls $3
*** FLOP *** [Ad 9c 8d]
Pandakey: checks
asshair0815: checks
*** TURN *** [Ad 9c 8d] [6h]
Pandakey: checks
asshair0815: checks
*** RIVER *** [Ad 9c 8d 6h] [5d]
Pandakey: bets $6
asshair0815: folds
Uncalled bet ($6) returned to Pandakey
Pandakey collected $11.76 from pot
Pandakey: doesn't show hand
*** SUMMARY ***
Total pot $12 | Rake $0.24
Board [Ad 9c 8d 6h 5d]
Seat 3: asshair0815 (button) (small blind) folded on the River
Seat 6: Pandakey (big blind) collected ($11.76)


PokerStars Hand #152804663515:  Hold'em Limit ($3/$6 USD) - 2016/05/03 13:50:13 ET
Table 'Meyer' 10-max Seat #6 is the button
Seat 3: asshair0815 ($180.80 in chips)
Seat 6: Pandakey ($101.80 in chips)
Pandakey: posts small blind $1
asshair0815: posts big blind $3
*** HOLE CARDS ***
Pandakey: folds
Uncalled bet ($2) returned to asshair0815
asshair0815 collected $2 from pot
asshair0815: doesn't show hand
*** SUMMARY ***
Total pot $2 | Rake $0
Seat 3: asshair0815 (big blind) collected ($2)
Seat 6: Pandakey (button) (small blind) folded before Flop


PokerStars Hand #152804622373:  Hold'em Limit ($3/$6 USD) - 2016/05/03 13:49:31 ET
Table 'Meyer' 10-max Seat #3 is the button
Seat 3: asshair0815 ($181.05 in chips)
Seat 6: Pandakey ($102.05 in chips)
asshair0815: posts small blind $1
Pandakey: posts big blind $3
*** HOLE CARDS ***
asshair0815: raises $3 to $6
Pandakey: raises $3 to $9
asshair0815: calls $3
*** FLOP *** [9c 8c Kh]
Pandakey: bets $3
asshair0815: calls $3
*** TURN *** [9c 8c Kh] [Ts]
Pandakey: checks
asshair0815: checks
*** RIVER *** [9c 8c Kh Ts] [7d]
Pandakey: bets $6
asshair0815: raises $6 to $12
Pandakey: raises $6 to $18
asshair0815: calls $6
*** SHOW DOWN ***
Pandakey: shows [Jh 8h] (a straight, Seven to Jack)
asshair0815: shows [8d Jd] (a straight, Seven to Jack)
Pandakey collected $29.75 from pot
asshair0815 collected $29.75 from pot
*** SUMMARY ***
Total pot $60 | Rake $0.50
Board [9c 8c Kh Ts 7d]
Seat 3: asshair0815 (button) (small blind) showed [8d Jd] and won ($29.75) with a straight, Seven to Jack
Seat 6: Pandakey (big blind) showed [Jh 8h] and won ($29.75) with a straight, Seven to Jack


PokerStars Hand #152804600177:  Hold'em Limit ($3/$6 USD) - 2016/05/03 13:49:04 ET
Table 'Meyer' 10-max Seat #6 is the button
Seat 3: asshair0815 ($196.05 in chips)
Seat 6: Pandakey ($87.55 in chips)
Pandakey: posts small blind $1
asshair0815: posts big blind $3
*** HOLE CARDS ***
Pandakey: raises $3 to $6
asshair0815: calls $3
*** FLOP *** [3d 4h 5s]
asshair0815: checks
Pandakey: bets $3
asshair0815: calls $3
*** TURN *** [3d 4h 5s] [8h]
asshair0815: checks
Pandakey: bets $6
asshair0815: calls $6
*** RIVER *** [3d 4h 5s 8h] [8c]
asshair0815: checks
Pandakey: bets $6
asshair0815: folds
Uncalled bet ($6) returned to Pandakey
Pandakey collected $29.50 from pot
Pandakey: doesn't show hand
*** SUMMARY ***
Total pot $30 | Rake $0.50
Board [3d 4h 5s 8h 8c]
Seat 3: asshair0815 (big blind) folded on the River
Seat 6: Pandakey (button) (small blind) collected ($29.50)


PokerStars Hand #152804667324:  Hold'em Limit ($3/$6 USD) - 2016/05/03 13:50:18 ET
Table 'Meyer' 10-max Seat #3 is the button
Seat 3: asshair0815 ($181.80 in chips)
Seat 6: Pandakey ($100.80 in chips)
asshair0815: posts small blind $1
Pandakey: posts big blind $3
*** HOLE CARDS ***
asshair0815: raises $3 to $6
Pandakey: folds
Uncalled bet ($3) returned to asshair0815
asshair0815 collected $6 from pot
asshair0815: doesn't show hand
*** SUMMARY ***
Total pot $6 | Rake $0
Seat 3: asshair0815 (button) (small blind) collected ($6)
Seat 6: Pandakey (big blind) folded before Flop


PokerStars Hand #152804673510:  Hold'em Limit ($3/$6 USD) - 2016/05/03 13:50:25 ET
Table 'Meyer' 10-max Seat #6 is the button
Seat 3: asshair0815 ($184.80 in chips)
Seat 6: Pandakey ($97.80 in chips)
Pandakey: posts small blind $1
asshair0815: posts big blind $3
*** HOLE CARDS ***
Pandakey: raises $3 to $6
asshair0815: raises $3 to $9
Pandakey: calls $3
*** FLOP *** [5s Ks Jc]
asshair0815: bets $3
Pandakey: calls $3
*** TURN *** [5s Ks Jc] [3h]
asshair0815: checks
Pandakey: bets $6
asshair0815: folds
Uncalled bet ($6) returned to Pandakey
Pandakey collected $23.52 from pot
Pandakey: doesn't show hand
*** SUMMARY ***
Total pot $24 | Rake $0.48
Board [5s Ks Jc 3h]
Seat 3: asshair0815 (big blind) folded on the Turn
Seat 6: Pandakey (button) (small blind) collected ($23.52)


PokerStars Hand #152804723442:  Hold'em Limit ($3/$6 USD) - 2016/05/03 13:51:27 ET
Table 'Meyer' 10-max Seat #6 is the button
Seat 3: asshair0815 ($142.80 in chips)
Seat 6: Pandakey ($138.82 in chips)
Pandakey: posts small blind $1
asshair0815: posts big blind $3
*** HOLE CARDS ***
Pandakey: folds
Uncalled bet ($2) returned to asshair0815
asshair0815 collected $2 from pot
asshair0815: doesn't show hand
*** SUMMARY ***
Total pot $2 | Rake $0
Seat 3: asshair0815 (big blind) collected ($2)
Seat 6: Pandakey (button) (small blind) folded before Flop


PokerStars Hand #152804750675:  Hold'em Limit ($3/$6 USD) - 2016/05/03 13:52:01 ET
Table 'Meyer' 10-max Seat #6 is the button
Seat 3: asshair0815 ($143.56 in chips)
Seat 6: Pandakey ($137.58 in chips)
Pandakey: posts small blind $1
asshair0815: posts big blind $3
*** HOLE CARDS ***
Pandakey: folds
Uncalled bet ($2) returned to asshair0815
asshair0815 collected $2 from pot
asshair0815: doesn't show hand
*** SUMMARY ***
Total pot $2 | Rake $0
Seat 3: asshair0815 (big blind) collected ($2)
Seat 6: Pandakey (button) (small blind) folded before Flop


PokerStars Hand #152804732862:  Hold'em Limit ($3/$6 USD) - 2016/05/03 13:51:39 ET
Table 'Meyer' 10-max Seat #3 is the button
Seat 3: asshair0815 ($143.80 in chips)
Seat 6: Pandakey ($137.82 in chips)
asshair0815: posts small blind $1
Pandakey: posts big blind $3
*** HOLE CARDS ***
asshair0815: raises $3 to $6
Pandakey: calls $3
*** FLOP *** [Jc Td Tc]
Pandakey: checks
asshair0815: checks
*** TURN *** [Jc Td Tc] [Kd]
Pandakey: bets $6
asshair0815: calls $6
*** RIVER *** [Jc Td Tc Kd] [Js]
Pandakey: checks
asshair0815: checks
*** SHOW DOWN ***
Pandakey: shows [3c 9c] (two pair, Jacks and Tens)
asshair0815: shows [3d Qs] (two pair, Jacks and Tens)
Pandakey collected $11.76 from pot
asshair0815 collected $11.76 from pot
*** SUMMARY ***
Total pot $24 | Rake $0.48
Board [Jc Td Tc Kd Js]
Seat 3: asshair0815 (button) (small blind) showed [3d Qs] and won ($11.76) with two pair, Jacks and Tens
Seat 6: Pandakey (big blind) showed [3c 9c] and won ($11.76) with two pair, Jacks and Tens


PokerStars Hand #152804756277:  Hold'em Limit ($3/$6 USD) - 2016/05/03 13:52:08 ET
Table 'Meyer' 10-max Seat #3 is the button
Seat 3: asshair0815 ($144.56 in chips)
Seat 6: Pandakey ($136.58 in chips)
asshair0815: posts small blind $1
Pandakey: posts big blind $3
*** HOLE CARDS ***
asshair0815: raises $3 to $6
Pandakey: folds
Uncalled bet ($3) returned to asshair0815
asshair0815 collected $6 from pot
asshair0815: doesn't show hand
*** SUMMARY ***
Total pot $6 | Rake $0
Seat 3: asshair0815 (button) (small blind) collected ($6)
Seat 6: Pandakey (big blind) folded before Flop


PokerStars Hand #152804691888:  Hold'em Limit ($3/$6 USD) - 2016/05/03 13:50:48 ET
Table 'Meyer' 10-max Seat #3 is the button
Seat 3: asshair0815 ($172.80 in chips)
Seat 6: Pandakey ($109.32 in chips)
asshair0815: posts small blind $1
Pandakey: posts big blind $3
*** HOLE CARDS ***
asshair0815: raises $3 to $6
Pandakey: raises $3 to $9
asshair0815: calls $3
*** FLOP *** [6s 3s 9c]
Pandakey: bets $3
asshair0815: raises $3 to $6
Pandakey: raises $3 to $9
asshair0815: calls $3
*** TURN *** [6s 3s 9c] [Th]
Pandakey: bets $6
asshair0815: calls $6
*** RIVER *** [6s 3s 9c Th] [8s]
Pandakey: bets $6
asshair0815: calls $6
*** SHOW DOWN ***
Pandakey: shows [7d 9d] (a straight, Six to Ten)
asshair0815: mucks hand
Pandakey collected $59.50 from pot
*** SUMMARY ***
Total pot $60 | Rake $0.50
Board [6s 3s 9c Th 8s]
Seat 3: asshair0815 (button) (small blind) mucked
Seat 6: Pandakey (big blind) showed [7d 9d] and won ($59.50) with a straight, Six to Ten


PokerStars Hand #152804761779:  Hold'em Limit ($3/$6 USD) - 2016/05/03 13:52:15 ET
Table 'Meyer' 10-max Seat #6 is the button
Seat 3: asshair0815 ($147.56 in chips)
Seat 6: Pandakey ($133.58 in chips)
Pandakey: posts small blind $1
asshair0815: posts big blind $3
*** HOLE CARDS ***
Pandakey: folds
Uncalled bet ($2) returned to asshair0815
asshair0815 collected $2 from pot
asshair0815: doesn't show hand
*** SUMMARY ***
Total pot $2 | Rake $0
Seat 3: asshair0815 (big blind) collected ($2)
Seat 6: Pandakey (button) (small blind) folded before Flop


PokerStars Hand #152804765733:  Hold'em Limit ($3/$6 USD) - 2016/05/03 13:52:20 ET
Table 'Meyer' 10-max Seat #3 is the button
Seat 3: asshair0815 ($148.56 in chips)
Seat 6: Pandakey ($132.58 in chips)
asshair0815: posts small blind $1
Pandakey: posts big blind $3
*** HOLE CARDS ***
asshair0815: raises $3 to $6
Pandakey: calls $3
*** FLOP *** [3c 9h Qd]
Pandakey: checks
asshair0815: checks
*** TURN *** [3c 9h Qd] [Js]
Pandakey: checks
asshair0815: checks
*** RIVER *** [3c 9h Qd Js] [Kc]
Pandakey: bets $6
asshair0815: folds
Uncalled bet ($6) returned to Pandakey
Pandakey collected $11.76 from pot
Pandakey: doesn't show hand
*** SUMMARY ***
Total pot $12 | Rake $0.24
Board [3c 9h Qd Js Kc]
Seat 3: asshair0815 (button) (small blind) folded on the River
Seat 6: Pandakey (big blind) collected ($11.76)


PokerStars Hand #152804780758:  Hold'em Limit ($3/$6 USD) - 2016/05/03 13:52:38 ET
Table 'Meyer' 10-max Seat #6 is the button
Seat 3: asshair0815 ($142.56 in chips)
Seat 6: Pandakey ($138.34 in chips)
Pandakey: posts small blind $1
asshair0815: posts big blind $3
*** HOLE CARDS ***
Pandakey: raises $3 to $6
asshair0815: calls $3
*** FLOP *** [Kh 2s 9s]
asshair0815: checks
Pandakey: bets $3
asshair0815: calls $3
*** TURN *** [Kh 2s 9s] [5d]
asshair0815: checks
Pandakey: checks
*** RIVER *** [Kh 2s 9s 5d] [2d]
asshair0815: bets $6
Pandakey: folds
Uncalled bet ($6) returned to asshair0815
asshair0815 collected $17.64 from pot
asshair0815: doesn't show hand
*** SUMMARY ***
Total pot $18 | Rake $0.36
Board [Kh 2s 9s 5d 2d]
Seat 3: asshair0815 (big blind) collected ($17.64)
Seat 6: Pandakey (button) (small blind) folded on the River


PokerStars Hand #152804808059:  Hold'em Limit ($3/$6 USD) - 2016/05/03 13:53:13 ET
Table 'Meyer' 10-max Seat #3 is the button
Seat 3: asshair0815 ($151.20 in chips)
Seat 6: Pandakey ($129.34 in chips)
asshair0815: posts small blind $1
Pandakey: posts big blind $3
*** HOLE CARDS ***
asshair0815: raises $3 to $6
Pandakey: raises $3 to $9
asshair0815: calls $3
*** FLOP *** [Ks 9c Kh]
Pandakey: bets $3
asshair0815: folds
Uncalled bet ($3) returned to Pandakey
Pandakey collected $17.64 from pot
Pandakey: doesn't show hand
*** SUMMARY ***
Total pot $18 | Rake $0.36
Board [Ks 9c Kh]
Seat 3: asshair0815 (button) (small blind) folded on the Flop
Seat 6: Pandakey (big blind) collected ($17.64)


PokerStars Hand #152804819072:  Hold'em Limit ($3/$6 USD) - 2016/05/03 13:53:27 ET
Table 'Meyer' 10-max Seat #6 is the button
Seat 3: asshair0815 ($142.20 in chips)
Seat 6: Pandakey ($137.98 in chips)
Pandakey: posts small blind $1
asshair0815: posts big blind $3
*** HOLE CARDS ***
Pandakey: raises $3 to $6
asshair0815: calls $3
*** FLOP *** [2c Ks 8s]
asshair0815: checks
Pandakey: bets $3
asshair0815: calls $3
*** TURN *** [2c Ks 8s] [Kh]
asshair0815: checks
Pandakey: bets $6
asshair0815: raises $6 to $12
Pandakey: folds
Uncalled bet ($6) returned to asshair0815
asshair0815 collected $29.50 from pot
asshair0815: doesn't show hand
*** SUMMARY ***
Total pot $30 | Rake $0.50
Board [2c Ks 8s Kh]
Seat 3: asshair0815 (big blind) collected ($29.50)
Seat 6: Pandakey (button) (small blind) folded on the Turn


PokerStars Hand #152804840840:  Hold'em Limit ($3/$6 USD) - 2016/05/03 13:53:54 ET
Table 'Meyer' 10-max Seat #3 is the button
Seat 3: asshair0815 ($156.70 in chips)
Seat 6: Pandakey ($122.98 in chips)
asshair0815: posts small blind $1
Pandakey: posts big blind $3
*** HOLE CARDS ***
asshair0815: raises $3 to $6
Pandakey: folds
Uncalled bet ($3) returned to asshair0815
asshair0815 collected $6 from pot
asshair0815: doesn't show hand
*** SUMMARY ***
Total pot $6 | Rake $0
Seat 3: asshair0815 (button) (small blind) collected ($6)
Seat 6: Pandakey (big blind) folded before Flop


PokerStars Hand #152804846365:  Hold'em Limit ($3/$6 USD) - 2016/05/03 13:54:01 ET
Table 'Meyer' 10-max Seat #6 is the button
Seat 3: asshair0815 ($159.70 in chips)
Seat 6: Pandakey ($119.98 in chips)
Pandakey: posts small blind $1
asshair0815: posts big blind $3
*** HOLE CARDS ***
Pandakey: raises $3 to $6
asshair0815: calls $3
*** FLOP *** [9d Kh Jc]
asshair0815: checks
Pandakey: checks
*** TURN *** [9d Kh Jc] [3c]
asshair0815: bets $6
Pandakey: calls $6
*** RIVER *** [9d Kh Jc 3c] [Ks]
asshair0815: bets $6
Pandakey: folds
Uncalled bet ($6) returned to asshair0815
asshair0815 collected $23.52 from pot
asshair0815: doesn't show hand
*** SUMMARY ***
Total pot $24 | Rake $0.48
Board [9d Kh Jc 3c Ks]
Seat 3: asshair0815 (big blind) collected ($23.52)
Seat 6: Pandakey (button) (small blind) folded on the River


PokerStars Hand #152804873923:  Hold'em Limit ($3/$6 USD) - 2016/05/03 13:54:35 ET
Table 'Meyer' 10-max Seat #3 is the button
Seat 3: asshair0815 ($171.22 in chips)
Seat 6: Pandakey ($107.98 in chips)
asshair0815: posts small blind $1
Pandakey: posts big blind $3
*** HOLE CARDS ***
asshair0815: raises $3 to $6
Pandakey: raises $3 to $9
asshair0815: calls $3
*** FLOP *** [7h Jd 2c]
Pandakey: bets $3
asshair0815: calls $3
*** TURN *** [7h Jd 2c] [8s]
Pandakey: checks
asshair0815: bets $6
Pandakey: calls $6
*** RIVER *** [7h Jd 2c 8s] [Js]
Pandakey: checks
asshair0815: bets $6
Pandakey: calls $6
*** SHOW DOWN ***
asshair0815: shows [8d 2d] (two pair, Jacks and Eights)
Pandakey: mucks hand
asshair0815 collected $47.50 from pot
*** SUMMARY ***
Total pot $48 | Rake $0.50
Board [7h Jd 2c 8s Js]
Seat 3: asshair0815 (button) (small blind) showed [8d 2d] and won ($47.50) with two pair, Jacks and Eights
Seat 6: Pandakey (big blind) mucked


PokerStars Hand #152804914614:  Hold'em Limit ($3/$6 USD) - 2016/05/03 13:55:31 ET
Table 'Meyer' 10-max Seat #6 is the button
Seat 3: asshair0815 ($209.24 in chips)
Seat 6: Pandakey ($68.98 in chips)
Pandakey: posts small blind $1
asshair0815: posts big blind $3
*** HOLE CARDS ***
Pandakey: folds
Uncalled bet ($2) returned to asshair0815
asshair0815 collected $2 from pot
asshair0815: doesn't show hand
*** SUMMARY ***
Total pot $2 | Rake $0
Seat 3: asshair0815 (big blind) collected ($2)
Seat 6: Pandakey (button) (small blind) folded before Flop


PokerStars Hand #152804910377:  Hold'em Limit ($3/$6 USD) - 2016/05/03 13:55:25 ET
Table 'Meyer' 10-max Seat #3 is the button
Seat 3: asshair0815 ($206.24 in chips)
Seat 6: Pandakey ($71.98 in chips)
asshair0815: posts small blind $1
Pandakey: posts big blind $3
*** HOLE CARDS ***
asshair0815: raises $3 to $6
Pandakey: folds
Uncalled bet ($3) returned to asshair0815
asshair0815 collected $6 from pot
asshair0815: doesn't show hand
*** SUMMARY ***
Total pot $6 | Rake $0
Seat 3: asshair0815 (button) (small blind) collected ($6)
Seat 6: Pandakey (big blind) folded before Flop


PokerStars Hand #152804917531:  Hold'em Limit ($3/$6 USD) - 2016/05/03 13:55:36 ET
Table 'Meyer' 10-max Seat #3 is the button
Seat 3: asshair0815 ($210.24 in chips)
Seat 6: Pandakey ($67.98 in chips)
asshair0815: posts small blind $1
Pandakey: posts big blind $3
*** HOLE CARDS ***
asshair0815: raises $3 to $6
Pandakey: folds
Uncalled bet ($3) returned to asshair0815
asshair0815 collected $6 from pot
asshair0815: doesn't show hand
*** SUMMARY ***
Total pot $6 | Rake $0
Seat 3: asshair0815 (button) (small blind) collected ($6)
Seat 6: Pandakey (big blind) folded before Flop


PokerStars Hand #152804921913:  Hold'em Limit ($3/$6 USD) - 2016/05/03 13:55:43 ET
Table 'Meyer' 10-max Seat #6 is the button
Seat 3: asshair0815 ($213.24 in chips)
Seat 6: Pandakey ($64.98 in chips)
Pandakey: posts small blind $1
asshair0815: posts big blind $3
*** HOLE CARDS ***
Pandakey: raises $3 to $6
asshair0815: calls $3
*** FLOP *** [9c 8c Qd]
asshair0815: checks
Pandakey: bets $3
asshair0815: raises $3 to $6
Pandakey: calls $3
*** TURN *** [9c 8c Qd] [3c]
asshair0815: bets $6
Pandakey: calls $6
*** RIVER *** [9c 8c Qd 3c] [6d]
asshair0815: bets $6
Pandakey: calls $6
*** SHOW DOWN ***
asshair0815: shows [5h Qc] (a pair of Queens)
Pandakey: mucks hand
asshair0815 collected $47.50 from pot
*** SUMMARY ***
Total pot $48 | Rake $0.50
Board [9c 8c Qd 3c 6d]
Seat 3: asshair0815 (big blind) showed [5h Qc] and won ($47.50) with a pair of Queens
Seat 6: Pandakey (button) (small blind) mucked


PokerStars Hand #152804897303:  Hold'em Limit ($3/$6 USD) - 2016/05/03 13:55:04 ET
Table 'Meyer' 10-max Seat #6 is the button
Seat 3: asshair0815 ($194.72 in chips)
Seat 6: Pandakey ($83.98 in chips)
Pandakey: posts small blind $1
asshair0815: posts big blind $3
*** HOLE CARDS ***
Pandakey: raises $3 to $6
asshair0815: calls $3
*** FLOP *** [Th 6c Ah]
asshair0815: checks
Pandakey: checks
*** TURN *** [Th 6c Ah] [Qh]
asshair0815: checks
Pandakey: checks
*** RIVER *** [Th 6c Ah Qh] [Ts]
asshair0815: bets $6
Pandakey: calls $6
*** SHOW DOWN ***
asshair0815: shows [Tc 9s] (three of a kind, Tens)
Pandakey: mucks hand
asshair0815 collected $23.52 from pot
*** SUMMARY ***
Total pot $24 | Rake $0.48
Board [Th 6c Ah Qh Ts]
Seat 3: asshair0815 (big blind) showed [Tc 9s] and won ($23.52) with three of a kind, Tens
Seat 6: Pandakey (button) (small blind) mucked


PokerStars Hand #152804969151:  Hold'em Limit ($3/$6 USD) - 2016/05/03 13:56:57 ET
Table 'Meyer' 10-max Seat #6 is the button
Seat 3: asshair0815 ($265 in chips)
Seat 6: Pandakey ($71.98 in chips)
Pandakey: posts small blind $1
asshair0815: posts big blind $3
*** HOLE CARDS ***
Pandakey: raises $3 to $6
asshair0815: calls $3
*** FLOP *** [4h 3d Td]
asshair0815: checks
Pandakey: bets $3
asshair0815: folds
Uncalled bet ($3) returned to Pandakey
Pandakey collected $11.76 from pot
Pandakey: doesn't show hand
*** SUMMARY ***
Total pot $12 | Rake $0.24
Board [4h 3d Td]
Seat 3: asshair0815 (big blind) folded on the Flop
Seat 6: Pandakey (button) (small blind) collected ($11.76)


PokerStars Hand #152804965369:  Hold'em Limit ($3/$6 USD) - 2016/05/03 13:56:51 ET
Table 'Meyer' 10-max Seat #3 is the button
Seat 3: asshair0815 ($266 in chips)
Seat 6: Pandakey ($70.98 in chips)
asshair0815: posts small blind $1
Pandakey: posts big blind $3
*** HOLE CARDS ***
asshair0815: folds
Uncalled bet ($2) returned to Pandakey
Pandakey collected $2 from pot
Pandakey: doesn't show hand
*** SUMMARY ***
Total pot $2 | Rake $0
Seat 3: asshair0815 (button) (small blind) folded before Flop
Seat 6: Pandakey (big blind) collected ($2)


PokerStars Hand #152804951719:  Hold'em Limit ($3/$6 USD) - 2016/05/03 13:56:29 ET
Table 'Meyer' 10-max Seat #6 is the button
Seat 3: asshair0815 ($242.50 in chips)
Seat 6: Pandakey ($34.98 in chips)
Pandakey: posts small blind $1
asshair0815: posts big blind $3
*** HOLE CARDS ***
Pandakey: raises $3 to $6
asshair0815: raises $3 to $9
Pandakey: calls $3
*** FLOP *** [3h 2h 9d]
asshair0815: bets $3
Pandakey: calls $3
*** TURN *** [3h 2h 9d] [6h]
asshair0815: bets $6
Pandakey: calls $6
*** RIVER *** [3h 2h 9d 6h] [As]
asshair0815: bets $6
Pandakey: calls $6
*** SHOW DOWN ***
asshair0815: shows [Ah 9s] (two pair, Aces and Nines)
Pandakey: mucks hand
asshair0815 collected $47.50 from pot
*** SUMMARY ***
Total pot $48 | Rake $0.50
Board [3h 2h 9d 6h As]
Seat 3: asshair0815 (big blind) showed [Ah 9s] and won ($47.50) with two pair, Aces and Nines
Seat 6: Pandakey (button) (small blind) mucked


PokerStars Hand #152804938862:  Hold'em Limit ($3/$6 USD) - 2016/05/03 13:56:09 ET
Table 'Meyer' 10-max Seat #3 is the button
Seat 3: asshair0815 ($236.74 in chips)
Seat 6: Pandakey ($40.98 in chips)
asshair0815: posts small blind $1
Pandakey: posts big blind $3
*** HOLE CARDS ***
asshair0815: raises $3 to $6
Pandakey: calls $3
*** FLOP *** [3d 4c Qh]
Pandakey: checks
asshair0815: checks
*** TURN *** [3d 4c Qh] [3c]
Pandakey: checks
asshair0815: bets $6
Pandakey: folds
Uncalled bet ($6) returned to asshair0815
asshair0815 collected $11.76 from pot
asshair0815: doesn't show hand
*** SUMMARY ***
Total pot $12 | Rake $0.24
Board [3d 4c Qh 3c]
Seat 3: asshair0815 (button) (small blind) collected ($11.76)
Seat 6: Pandakey (big blind) folded on the Turn


PokerStars Hand #152804984583:  Hold'em Limit ($3/$6 USD) - 2016/05/03 13:57:20 ET
Table 'Meyer' 10-max Seat #6 is the button
Seat 3: asshair0815 ($258 in chips)
Seat 6: Pandakey ($78.74 in chips)
Pandakey: posts small blind $1
asshair0815: posts big blind $3
*** HOLE CARDS ***
Pandakey: raises $3 to $6
asshair0815: calls $3
*** FLOP *** [5d 9d 2h]
asshair0815: checks
Pandakey: bets $3
asshair0815: calls $3
*** TURN *** [5d 9d 2h] [Ts]
asshair0815: checks
Pandakey: bets $6
asshair0815: folds
Uncalled bet ($6) returned to Pandakey
Pandakey collected $17.64 from pot
Pandakey: doesn't show hand
*** SUMMARY ***
Total pot $18 | Rake $0.36
Board [5d 9d 2h Ts]
Seat 3: asshair0815 (big blind) folded on the Turn
Seat 6: Pandakey (button) (small blind) collected ($17.64)


PokerStars Hand #152805003276:  Hold'em Limit ($3/$6 USD) - 2016/05/03 13:57:49 ET
Table 'Meyer' 10-max Seat #3 is the button
Seat 3: asshair0815 ($249 in chips)
Seat 6: Pandakey ($87.38 in chips)
asshair0815: posts small blind $1
Pandakey: posts big blind $3
*** HOLE CARDS ***
asshair0815: raises $3 to $6
Pandakey: folds
Uncalled bet ($3) returned to asshair0815
asshair0815 collected $6 from pot
asshair0815: doesn't show hand
*** SUMMARY ***
Total pot $6 | Rake $0
Seat 3: asshair0815 (button) (small blind) collected ($6)
Seat 6: Pandakey (big blind) folded before Flop


PokerStars Hand #152804980141:  Hold'em Limit ($3/$6 USD) - 2016/05/03 13:57:13 ET
Table 'Meyer' 10-max Seat #3 is the button
Seat 3: asshair0815 ($259 in chips)
Seat 6: Pandakey ($77.74 in chips)
asshair0815: posts small blind $1
Pandakey: posts big blind $3
*** HOLE CARDS ***
asshair0815: folds
Uncalled bet ($2) returned to Pandakey
Pandakey collected $2 from pot
Pandakey: doesn't show hand
*** SUMMARY ***
Total pot $2 | Rake $0
Seat 3: asshair0815 (button) (small blind) folded before Flop
Seat 6: Pandakey (big blind) collected ($2)


PokerStars Hand #152805007740:  Hold'em Limit ($3/$6 USD) - 2016/05/03 13:57:56 ET
Table 'Meyer' 10-max Seat #6 is the button
Seat 3: asshair0815 ($252 in chips)
Seat 6: Pandakey ($84.38 in chips)
Pandakey: posts small blind $1
asshair0815: posts big blind $3
*** HOLE CARDS ***
Pandakey: raises $3 to $6
asshair0815: calls $3
*** FLOP *** [8d Tc 2s]
asshair0815: checks
Pandakey: bets $3
asshair0815: calls $3
*** TURN *** [8d Tc 2s] [5s]
asshair0815: checks
Pandakey: bets $6
asshair0815: folds
Uncalled bet ($6) returned to Pandakey
Pandakey collected $17.64 from pot
Pandakey: doesn't show hand
*** SUMMARY ***
Total pot $18 | Rake $0.36
Board [8d Tc 2s 5s]
Seat 3: asshair0815 (big blind) folded on the Turn
Seat 6: Pandakey (button) (small blind) collected ($17.64)


PokerStars Hand #152805021443:  Hold'em Limit ($3/$6 USD) - 2016/05/03 13:58:17 ET
Table 'Meyer' 10-max Seat #3 is the button
Seat 3: asshair0815 ($243 in chips)
Seat 6: Pandakey ($93.02 in chips)
asshair0815: posts small blind $1
Pandakey: posts big blind $3
*** HOLE CARDS ***
asshair0815: raises $3 to $6
Pandakey: folds
Uncalled bet ($3) returned to asshair0815
asshair0815 collected $6 from pot
asshair0815: doesn't show hand
*** SUMMARY ***
Total pot $6 | Rake $0
Seat 3: asshair0815 (button) (small blind) collected ($6)
Seat 6: Pandakey (big blind) folded before Flop


PokerStars Hand #152805026011:  Hold'em Limit ($3/$6 USD) - 2016/05/03 13:58:24 ET
Table 'Meyer' 10-max Seat #6 is the button
Seat 3: asshair0815 ($246 in chips)
Seat 6: Pandakey ($90.02 in chips)
Pandakey: posts small blind $1
asshair0815: posts big blind $3
*** HOLE CARDS ***
Pandakey: raises $3 to $6
asshair0815: folds
Uncalled bet ($3) returned to Pandakey
Pandakey collected $6 from pot
Pandakey: doesn't show hand
*** SUMMARY ***
Total pot $6 | Rake $0
Seat 3: asshair0815 (big blind) folded before Flop
Seat 6: Pandakey (button) (small blind) collected ($6)


PokerStars Hand #152805030412:  Hold'em Limit ($3/$6 USD) - 2016/05/03 13:58:31 ET
Table 'Meyer' 10-max Seat #3 is the button
Seat 3: asshair0815 ($243 in chips)
Seat 6: Pandakey ($93.02 in chips)
asshair0815: posts small blind $1
Pandakey: posts big blind $3
*** HOLE CARDS ***
asshair0815: raises $3 to $6
Pandakey: calls $3
*** FLOP *** [Ts Ac 6c]
Pandakey: checks
asshair0815: bets $3
Pandakey: folds
Uncalled bet ($3) returned to asshair0815
asshair0815 collected $11.76 from pot
asshair0815: doesn't show hand
*** SUMMARY ***
Total pot $12 | Rake $0.24
Board [Ts Ac 6c]
Seat 3: asshair0815 (button) (small blind) collected ($11.76)
Seat 6: Pandakey (big blind) folded on the Flop


PokerStars Hand #152805037691:  Hold'em Limit ($3/$6 USD) - 2016/05/03 13:58:42 ET
Table 'Meyer' 10-max Seat #6 is the button
Seat 3: asshair0815 ($248.76 in chips)
Seat 6: Pandakey ($87.02 in chips)
Pandakey: posts small blind $1
asshair0815: posts big blind $3
*** HOLE CARDS ***
Pandakey: raises $3 to $6
asshair0815: calls $3
*** FLOP *** [9c Qs As]
asshair0815: checks
Pandakey: bets $3
asshair0815: calls $3
*** TURN *** [9c Qs As] [2c]
asshair0815: checks
Pandakey: bets $6
asshair0815: raises $6 to $12
Pandakey: calls $6
*** RIVER *** [9c Qs As 2c] [Kd]
asshair0815: bets $6
Pandakey: calls $6
*** SHOW DOWN ***
asshair0815: shows [2d 2s] (three of a kind, Deuces)
Pandakey: mucks hand
asshair0815 collected $53.50 from pot
*** SUMMARY ***
Total pot $54 | Rake $0.50
Board [9c Qs As 2c Kd]
Seat 3: asshair0815 (big blind) showed [2d 2s] and won ($53.50) with three of a kind, Deuces
Seat 6: Pandakey (button) (small blind) mucked


PokerStars Hand #152805089725:  Hold'em Limit ($3/$6 USD) - 2016/05/03 14:00:02 ET
Table 'Meyer' 10-max Seat #6 is the button
Seat 3: asshair0815 ($281.02 in chips)
Seat 6: Pandakey ($54.02 in chips)
Pandakey: posts small blind $1
asshair0815: posts big blind $3
*** HOLE CARDS ***
Pandakey: folds
Uncalled bet ($2) returned to asshair0815
asshair0815 collected $2 from pot
asshair0815: doesn't show hand
*** SUMMARY ***
Total pot $2 | Rake $0
Seat 3: asshair0815 (big blind) collected ($2)
Seat 6: Pandakey (button) (small blind) folded before Flop


PokerStars Hand #152805092988:  Hold'em Limit ($3/$6 USD) - 2016/05/03 14:00:06 ET
Table 'Meyer' 10-max Seat #3 is the button
Seat 3: asshair0815 ($282.02 in chips)
Seat 6: Pandakey ($53.02 in chips)
asshair0815: posts small blind $1
Pandakey: posts big blind $3
*** HOLE CARDS ***
asshair0815: folds
Uncalled bet ($2) returned to Pandakey
Pandakey collected $2 from pot
Pandakey: doesn't show hand
*** SUMMARY ***
Total pot $2 | Rake $0
Seat 3: asshair0815 (button) (small blind) folded before Flop
Seat 6: Pandakey (big blind) collected ($2)


PokerStars Hand #152805114931:  Hold'em Limit ($3/$6 USD) - 2016/05/03 14:00:39 ET
Table 'Meyer' 10-max Seat #3 is the button
Seat 3: asshair0815 ($289.66 in chips)
Seat 6: Pandakey ($45.02 in chips)
asshair0815: posts small blind $1
Pandakey: posts big blind $3
*** HOLE CARDS ***
asshair0815: raises $3 to $6
Pandakey: calls $3
*** FLOP *** [4s 4d 8h]
Pandakey: checks
asshair0815: bets $3
Pandakey: raises $3 to $6
asshair0815: calls $3
*** TURN *** [4s 4d 8h] [9c]
Pandakey: bets $6
asshair0815: calls $6
*** RIVER *** [4s 4d 8h 9c] [9s]
Pandakey: bets $6
asshair0815: calls $6
*** SHOW DOWN ***
Pandakey: shows [Js 8d] (two pair, Nines and Eights)
asshair0815: mucks hand
Pandakey collected $47.50 from pot
*** SUMMARY ***
Total pot $48 | Rake $0.50
Board [4s 4d 8h 9c 9s]
Seat 3: asshair0815 (button) (small blind) mucked
Seat 6: Pandakey (big blind) showed [Js 8d] and won ($47.50) with two pair, Nines and Eights


PokerStars Hand #152805129616:  Hold'em Limit ($3/$6 USD) - 2016/05/03 14:01:00 ET
Table 'Meyer' 10-max Seat #6 is the button
Seat 3: asshair0815 ($265.66 in chips)
Seat 6: Pandakey ($68.52 in chips)
Pandakey: posts small blind $1
asshair0815: posts big blind $3
*** HOLE CARDS ***
Pandakey: folds
Uncalled bet ($2) returned to asshair0815
asshair0815 collected $2 from pot
asshair0815: doesn't show hand
*** SUMMARY ***
Total pot $2 | Rake $0
Seat 3: asshair0815 (big blind) collected ($2)
Seat 6: Pandakey (button) (small blind) folded before Flop


PokerStars Hand #152805096426:  Hold'em Limit ($3/$6 USD) - 2016/05/03 14:00:12 ET
Table 'Meyer' 10-max Seat #6 is the button
Seat 3: asshair0815 ($281.02 in chips)
Seat 6: Pandakey ($54.02 in chips)
Pandakey: posts small blind $1
asshair0815: posts big blind $3
*** HOLE CARDS ***
Pandakey: raises $3 to $6
asshair0815: raises $3 to $9
Pandakey: calls $3
*** FLOP *** [4d Ks Qc]
asshair0815: checks
Pandakey: checks
*** TURN *** [4d Ks Qc] [3h]
asshair0815: checks
Pandakey: checks
*** RIVER *** [4d Ks Qc 3h] [6d]
asshair0815: bets $6
Pandakey: folds
Uncalled bet ($6) returned to asshair0815
asshair0815 collected $17.64 from pot
asshair0815: doesn't show hand
*** SUMMARY ***
Total pot $18 | Rake $0.36
Board [4d Ks Qc 3h 6d]
Seat 3: asshair0815 (big blind) collected ($17.64)
Seat 6: Pandakey (button) (small blind) folded on the River


PokerStars Hand #152805111850:  Hold'em Limit ($3/$6 USD) - 2016/05/03 14:00:35 ET
Table 'Meyer' 10-max Seat #6 is the button
Seat 3: asshair0815 ($288.66 in chips)
Seat 6: Pandakey ($46.02 in chips)
Pandakey: posts small blind $1
asshair0815: posts big blind $3
*** HOLE CARDS ***
Pandakey: folds
Uncalled bet ($2) returned to asshair0815
asshair0815 collected $2 from pot
asshair0815: doesn't show hand
*** SUMMARY ***
Total pot $2 | Rake $0
Seat 3: asshair0815 (big blind) collected ($2)
Seat 6: Pandakey (button) (small blind) folded before Flop


PokerStars Hand #152805108410:  Hold'em Limit ($3/$6 USD) - 2016/05/03 14:00:30 ET
Table 'Meyer' 10-max Seat #3 is the button
Seat 3: asshair0815 ($289.66 in chips)
Seat 6: Pandakey ($45.02 in chips)
asshair0815: posts small blind $1
Pandakey: posts big blind $3
*** HOLE CARDS ***
asshair0815: folds
Uncalled bet ($2) returned to Pandakey
Pandakey collected $2 from pot
Pandakey: doesn't show hand
*** SUMMARY ***
Total pot $2 | Rake $0
Seat 3: asshair0815 (button) (small blind) folded before Flop
Seat 6: Pandakey (big blind) collected ($2)


PokerStars Hand #152805133106:  Hold'em Limit ($3/$6 USD) - 2016/05/03 14:01:05 ET
Table 'Meyer' 10-max Seat #3 is the button
Seat 3: asshair0815 ($266.66 in chips)
Seat 6: Pandakey ($67.52 in chips)
asshair0815: posts small blind $1
Pandakey: posts big blind $3
*** HOLE CARDS ***
asshair0815: raises $3 to $6
Pandakey: calls $3
*** FLOP *** [8d As Kh]
Pandakey: checks
asshair0815: bets $3
Pandakey: calls $3
*** TURN *** [8d As Kh] [6h]
Pandakey: checks
asshair0815: bets $6
Pandakey: calls $6
*** RIVER *** [8d As Kh 6h] [Ks]
Pandakey: checks
asshair0815: checks
*** SHOW DOWN ***
Pandakey: shows [Qs 6d] (two pair, Kings and Sixes)
asshair0815: shows [9h 9c] (two pair, Kings and Nines)
asshair0815 collected $29.50 from pot
*** SUMMARY ***
Total pot $30 | Rake $0.50
Board [8d As Kh 6h Ks]
Seat 3: asshair0815 (button) (small blind) showed [9h 9c] and won ($29.50) with two pair, Kings and Nines
Seat 6: Pandakey (big blind) showed [Qs 6d] and lost with two pair, Kings and Sixes


PokerStars Hand #152805151296:  Hold'em Limit ($3/$6 USD) - 2016/05/03 14:01:29 ET
Table 'Meyer' 10-max Seat #6 is the button
Seat 3: asshair0815 ($281.16 in chips)
Seat 6: Pandakey ($52.52 in chips)
Pandakey: posts small blind $1
asshair0815: posts big blind $3
*** HOLE CARDS ***
Pandakey: raises $3 to $6
asshair0815: calls $3
*** FLOP *** [Tc Qs Ks]
asshair0815: checks
Pandakey: bets $3
asshair0815: calls $3
*** TURN *** [Tc Qs Ks] [6s]
asshair0815: checks
Pandakey: bets $6
asshair0815: folds
Uncalled bet ($6) returned to Pandakey
Pandakey collected $17.64 from pot
Pandakey: doesn't show hand
*** SUMMARY ***
Total pot $18 | Rake $0.36
Board [Tc Qs Ks 6s]
Seat 3: asshair0815 (big blind) folded on the Turn
Seat 6: Pandakey (button) (small blind) collected ($17.64)


PokerStars Hand #152805171134:  Hold'em Limit ($3/$6 USD) - 2016/05/03 14:01:55 ET
Table 'Meyer' 10-max Seat #6 is the button
Seat 3: asshair0815 ($271.16 in chips)
Seat 6: Pandakey ($62.16 in chips)
Pandakey: posts small blind $1
asshair0815: posts big blind $3
*** HOLE CARDS ***
Pandakey: raises $3 to $6
asshair0815: folds
Uncalled bet ($3) returned to Pandakey
Pandakey collected $6 from pot
Pandakey: doesn't show hand
*** SUMMARY ***
Total pot $6 | Rake $0
Seat 3: asshair0815 (big blind) folded before Flop
Seat 6: Pandakey (button) (small blind) collected ($6)


PokerStars Hand #152805166675:  Hold'em Limit ($3/$6 USD) - 2016/05/03 14:01:49 ET
Table 'Meyer' 10-max Seat #3 is the button
Seat 3: asshair0815 ($272.16 in chips)
Seat 6: Pandakey ($61.16 in chips)
asshair0815: posts small blind $1
Pandakey: posts big blind $3
*** HOLE CARDS ***
asshair0815: folds
Uncalled bet ($2) returned to Pandakey
Pandakey collected $2 from pot
Pandakey: doesn't show hand
*** SUMMARY ***
Total pot $2 | Rake $0
Seat 3: asshair0815 (button) (small blind) folded before Flop
Seat 6: Pandakey (big blind) collected ($2)


PokerStars Hand #152805175510:  Hold'em Limit ($3/$6 USD) - 2016/05/03 14:02:00 ET
Table 'Meyer' 10-max Seat #3 is the button
Seat 3: asshair0815 ($268.16 in chips)
Seat 6: Pandakey ($65.16 in chips)
asshair0815: posts small blind $1
Pandakey: posts big blind $3
*** HOLE CARDS ***
asshair0815: raises $3 to $6
Pandakey: calls $3
*** FLOP *** [8h Kc Jd]
Pandakey: checks
asshair0815: bets $3
Pandakey: raises $3 to $6
asshair0815: calls $3
*** TURN *** [8h Kc Jd] [Ah]
Pandakey: bets $6
asshair0815: folds
Uncalled bet ($6) returned to Pandakey
Pandakey collected $23.52 from pot
Pandakey: doesn't show hand
*** SUMMARY ***
Total pot $24 | Rake $0.48
Board [8h Kc Jd Ah]
Seat 3: asshair0815 (button) (small blind) folded on the Turn
Seat 6: Pandakey (big blind) collected ($23.52)


PokerStars Hand #152805189599:  Hold'em Limit ($3/$6 USD) - 2016/05/03 14:02:18 ET
Table 'Meyer' 10-max Seat #6 is the button
Seat 3: asshair0815 ($256.16 in chips)
Seat 6: Pandakey ($76.68 in chips)
Pandakey: posts small blind $1
asshair0815: posts big blind $3
*** HOLE CARDS ***
Pandakey: raises $3 to $6
asshair0815: raises $3 to $9
Pandakey: calls $3
*** FLOP *** [Qc Kh 3d]
asshair0815: bets $3
Pandakey: calls $3
*** TURN *** [Qc Kh 3d] [7s]
asshair0815: checks
Pandakey: checks
*** RIVER *** [Qc Kh 3d 7s] [9h]
asshair0815: checks
Pandakey: bets $6
asshair0815: folds
Uncalled bet ($6) returned to Pandakey
Pandakey collected $23.52 from pot
Pandakey: doesn't show hand
*** SUMMARY ***
Total pot $24 | Rake $0.48
Board [Qc Kh 3d 7s 9h]
Seat 3: asshair0815 (big blind) folded on the River
Seat 6: Pandakey (button) (small blind) collected ($23.52)


PokerStars Hand #152805229682:  Hold'em Limit ($3/$6 USD) - 2016/05/03 14:03:08 ET
Table 'Meyer' 10-max Seat #3 is the button
Seat 3: asshair0815 ($244.16 in chips)
Seat 6: Pandakey ($88.20 in chips)
asshair0815: posts small blind $1
Pandakey: posts big blind $3
*** HOLE CARDS ***
asshair0815: folds
Uncalled bet ($2) returned to Pandakey
Pandakey collected $2 from pot
Pandakey: doesn't show hand
*** SUMMARY ***
Total pot $2 | Rake $0
Seat 3: asshair0815 (button) (small blind) folded before Flop
Seat 6: Pandakey (big blind) collected ($2)


PokerStars Hand #152805258016:  Hold'em Limit ($3/$6 USD) - 2016/05/03 14:03:43 ET
Table 'Meyer' 10-max Seat #3 is the button
Seat 3: asshair0815 ($266.66 in chips)
Seat 6: Pandakey ($65.20 in chips)
asshair0815: posts small blind $1
Pandakey: posts big blind $3
*** HOLE CARDS ***
asshair0815: folds
Uncalled bet ($2) returned to Pandakey
Pandakey collected $2 from pot
Pandakey: doesn't show hand
*** SUMMARY ***
Total pot $2 | Rake $0
Seat 3: asshair0815 (button) (small blind) folded before Flop
Seat 6: Pandakey (big blind) collected ($2)


PokerStars Hand #152805233531:  Hold'em Limit ($3/$6 USD) - 2016/05/03 14:03:13 ET
Table 'Meyer' 10-max Seat #6 is the button
Seat 3: asshair0815 ($243.16 in chips)
Seat 6: Pandakey ($89.20 in chips)
Pandakey: posts small blind $1
asshair0815: posts big blind $3
*** HOLE CARDS ***
Pandakey: raises $3 to $6
asshair0815: calls $3
*** FLOP *** [5d 6c 5c]
asshair0815: checks
Pandakey: checks
*** TURN *** [5d 6c 5c] [4h]
asshair0815: bets $6
Pandakey: calls $6
*** RIVER *** [5d 6c 5c 4h] [4d]
asshair0815: checks
Pandakey: bets $6
asshair0815: raises $6 to $12
Pandakey: calls $6
*** SHOW DOWN ***
asshair0815: shows [Ac 5h] (a full house, Fives full of Fours)
Pandakey: mucks hand
asshair0815 collected $47.50 from pot
*** SUMMARY ***
Total pot $48 | Rake $0.50
Board [5d 6c 5c 4h 4d]
Seat 3: asshair0815 (big blind) showed [Ac 5h] and won ($47.50) with a full house, Fives full of Fours
Seat 6: Pandakey (button) (small blind) mucked


PokerStars Hand #152805262932:  Hold'em Limit ($3/$6 USD) - 2016/05/03 14:03:49 ET
Table 'Meyer' 10-max Seat #6 is the button
Seat 3: asshair0815 ($265.66 in chips)
Seat 6: Pandakey ($66.20 in chips)
Pandakey: posts small blind $1
asshair0815: posts big blind $3
*** HOLE CARDS ***
Pandakey: raises $3 to $6
asshair0815: calls $3
*** FLOP *** [6s Jc 4s]
asshair0815: checks
Pandakey: bets $3
asshair0815: calls $3
*** TURN *** [6s Jc 4s] [Qc]
asshair0815: checks
Pandakey: bets $6
asshair0815: folds
Uncalled bet ($6) returned to Pandakey
Pandakey collected $17.64 from pot
Pandakey: doesn't show hand
*** SUMMARY ***
Total pot $18 | Rake $0.36
Board [6s Jc 4s Qc]
Seat 3: asshair0815 (big blind) folded on the Turn
Seat 6: Pandakey (button) (small blind) collected ($17.64)


PokerStars Hand #152805288044:  Hold'em Limit ($3/$6 USD) - 2016/05/03 14:04:20 ET
Table 'Meyer' 10-max Seat #3 is the button
Seat 3: asshair0815 ($256.66 in chips)
Seat 6: Pandakey ($74.84 in chips)
asshair0815: posts small blind $1
Pandakey: posts big blind $3
*** HOLE CARDS ***
asshair0815: raises $3 to $6
Pandakey: calls $3
*** FLOP *** [8d Jc Ts]
Pandakey: checks
asshair0815: checks
*** TURN *** [8d Jc Ts] [6d]
Pandakey: bets $6
asshair0815: folds
Uncalled bet ($6) returned to Pandakey
Pandakey collected $11.76 from pot
Pandakey: doesn't show hand
*** SUMMARY ***
Total pot $12 | Rake $0.24
Board [8d Jc Ts 6d]
Seat 3: asshair0815 (button) (small blind) folded on the Turn
Seat 6: Pandakey (big blind) collected ($11.76)


PokerStars Hand #152805312262:  Hold'em Limit ($3/$6 USD) - 2016/05/03 14:04:49 ET
Table 'Meyer' 10-max Seat #6 is the button
Seat 3: asshair0815 ($250.66 in chips)
Seat 6: Pandakey ($80.60 in chips)
Pandakey: posts small blind $1
asshair0815: posts big blind $3
*** HOLE CARDS ***
Pandakey: raises $3 to $6
asshair0815: raises $3 to $9
Pandakey: calls $3
*** FLOP *** [Qs 9h 5d]
asshair0815: checks
Pandakey: checks
*** TURN *** [Qs 9h 5d] [6s]
asshair0815: checks
Pandakey: bets $6
asshair0815: calls $6
*** RIVER *** [Qs 9h 5d 6s] [8s]
asshair0815: checks
Pandakey: checks
*** SHOW DOWN ***
asshair0815: shows [Td Kd] (high card King)
Pandakey: shows [6c Ts] (a pair of Sixes)
Pandakey collected $29.50 from pot
*** SUMMARY ***
Total pot $30 | Rake $0.50
Board [Qs 9h 5d 6s 8s]
Seat 3: asshair0815 (big blind) showed [Td Kd] and lost with high card King
Seat 6: Pandakey (button) (small blind) showed [6c Ts] and won ($29.50) with a pair of Sixes


PokerStars Hand #152805339017:  Hold'em Limit ($3/$6 USD) - 2016/05/03 14:05:21 ET
Table 'Meyer' 10-max Seat #3 is the button
Seat 3: asshair0815 ($235.66 in chips)
Seat 6: Pandakey ($95.10 in chips)
asshair0815: posts small blind $1
Pandakey: posts big blind $3
*** HOLE CARDS ***
asshair0815: raises $3 to $6
Pandakey: raises $3 to $9
asshair0815: calls $3
*** FLOP *** [2c Jd 4c]
Pandakey: bets $3
asshair0815: calls $3
*** TURN *** [2c Jd 4c] [9h]
Pandakey: bets $6
asshair0815: raises $6 to $12
Pandakey: calls $6
*** RIVER *** [2c Jd 4c 9h] [Ac]
Pandakey: checks
asshair0815: checks
*** SHOW DOWN ***
Pandakey: shows [9d 8d] (a pair of Nines)
asshair0815: shows [7s Js] (a pair of Jacks)
asshair0815 collected $47.50 from pot
*** SUMMARY ***
Total pot $48 | Rake $0.50
Board [2c Jd 4c 9h Ac]
Seat 3: asshair0815 (button) (small blind) showed [7s Js] and won ($47.50) with a pair of Jacks
Seat 6: Pandakey (big blind) showed [9d 8d] and lost with a pair of Nines


PokerStars Hand #152805402909:  Hold'em Limit ($3/$6 USD) - 2016/05/03 14:06:38 ET
Table 'Meyer' 10-max Seat #3 is the button
Seat 3: asshair0815 ($247.16 in chips)
Seat 6: Pandakey ($82.62 in chips)
asshair0815: posts small blind $1
Pandakey: posts big blind $3
*** HOLE CARDS ***
asshair0815: raises $3 to $6
Pandakey: calls $3
*** FLOP *** [6d 5h 3s]
Pandakey: bets $3
asshair0815: calls $3
*** TURN *** [6d 5h 3s] [As]
Pandakey: bets $6
asshair0815: calls $6
*** RIVER *** [6d 5h 3s As] [Qs]
Pandakey: checks
asshair0815: checks
*** SHOW DOWN ***
Pandakey: shows [4d Kh] (high card Ace)
asshair0815: shows [8c 5s] (a pair of Fives)
asshair0815 collected $29.50 from pot
*** SUMMARY ***
Total pot $30 | Rake $0.50
Board [6d 5h 3s As Qs]
Seat 3: asshair0815 (button) (small blind) showed [8c 5s] and won ($29.50) with a pair of Fives
Seat 6: Pandakey (big blind) showed [4d Kh] and lost with high card Ace


PokerStars Hand #152805380292:  Hold'em Limit ($3/$6 USD) - 2016/05/03 14:06:11 ET
Table 'Meyer' 10-max Seat #6 is the button
Seat 3: asshair0815 ($259.16 in chips)
Seat 6: Pandakey ($71.10 in chips)
Pandakey: posts small blind $1
asshair0815: posts big blind $3
*** HOLE CARDS ***
Pandakey: raises $3 to $6
asshair0815: calls $3
*** FLOP *** [5d 9c 6h]
asshair0815: checks
Pandakey: checks
*** TURN *** [5d 9c 6h] [8c]
asshair0815: checks
Pandakey: checks
*** RIVER *** [5d 9c 6h 8c] [Kd]
asshair0815: bets $6
Pandakey: calls $6
*** SHOW DOWN ***
asshair0815: shows [Qd 2d] (high card King)
Pandakey: shows [Ks 2c] (a pair of Kings)
Pandakey collected $23.52 from pot
*** SUMMARY ***
Total pot $24 | Rake $0.48
Board [5d 9c 6h 8c Kd]
Seat 3: asshair0815 (big blind) showed [Qd 2d] and lost with high card King
Seat 6: Pandakey (button) (small blind) showed [Ks 2c] and won ($23.52) with a pair of Kings


PokerStars Hand #152805441545:  Hold'em Limit ($3/$6 USD) - 2016/05/03 14:07:24 ET
Table 'Meyer' 10-max Seat #6 is the button
Seat 3: asshair0815 ($250.66 in chips)
Seat 6: Pandakey ($78.14 in chips)
Pandakey: posts small blind $1
asshair0815: posts big blind $3
*** HOLE CARDS ***
Pandakey: folds
Uncalled bet ($2) returned to asshair0815
asshair0815 collected $2 from pot
asshair0815: doesn't show hand
*** SUMMARY ***
Total pot $2 | Rake $0
Seat 3: asshair0815 (big blind) collected ($2)
Seat 6: Pandakey (button) (small blind) folded before Flop


PokerStars Hand #152805426592:  Hold'em Limit ($3/$6 USD) - 2016/05/03 14:07:06 ET
Table 'Meyer' 10-max Seat #3 is the button
Seat 3: asshair0815 ($262.66 in chips)
Seat 6: Pandakey ($66.62 in chips)
asshair0815: posts small blind $1
Pandakey: posts big blind $3
*** HOLE CARDS ***
asshair0815: raises $3 to $6
Pandakey: raises $3 to $9
asshair0815: calls $3
*** FLOP *** [Ts Th 3s]
Pandakey: bets $3
asshair0815: calls $3
*** TURN *** [Ts Th 3s] [2h]
JayEm82 joins the table at seat #4
mujo90 joins the table at seat #5
Pandakey: bets $6
asshair0815: folds
Uncalled bet ($6) returned to Pandakey
Pandakey collected $23.52 from pot
Pandakey: doesn't show hand
*** SUMMARY ***
Total pot $24 | Rake $0.48
Board [Ts Th 3s 2h]
Seat 3: asshair0815 (button) (small blind) folded on the Turn
Seat 6: Pandakey (big blind) collected ($23.52)


PokerStars Hand #152807416219:  Hold'em Limit ($3/$6 USD) - 2016/05/03 14:46:59 ET
Table 'Meyer' 10-max Seat #5 is the button
Seat 5: nmpro32 ($158.82 in chips)
Seat 7: LolDnkaments ($75.57 in chips)
nmpro32: posts small blind $1
LolDnkaments: posts big blind $3
*** HOLE CARDS ***
nmpro32: raises $3 to $6
LolDnkaments: folds
Uncalled bet ($3) returned to nmpro32
nmpro32 collected $6 from pot
*** SUMMARY ***
Total pot $6 | Rake $0
Seat 5: nmpro32 (button) (small blind) collected ($6)
Seat 7: LolDnkaments (big blind) folded before Flop


PokerStars Hand #152807400261:  Hold'em Limit ($3/$6 USD) - 2016/05/03 14:46:39 ET
Table 'Meyer' 10-max Seat #7 is the button
Seat 5: nmpro32 ($150.18 in chips)
Seat 7: LolDnkaments ($84.57 in chips)
LolDnkaments: posts small blind $1
derdex: is sitting out
nmpro32: posts big blind $3
*** HOLE CARDS ***
LolDnkaments: raises $3 to $6
derdex leaves the table
nmpro32: calls $3
*** FLOP *** [9s 8d 9h]
nmpro32: checks
LolDnkaments: bets $3
nmpro32: raises $3 to $6
LolDnkaments: folds
Uncalled bet ($3) returned to nmpro32
nmpro32 collected $17.64 from pot
*** SUMMARY ***
Total pot $18 | Rake $0.36
Board [9s 8d 9h]
Seat 5: nmpro32 (big blind) collected ($17.64)
Seat 7: LolDnkaments (button) (small blind) folded on the Flop


PokerStars Hand #152807426462:  Hold'em Limit ($3/$6 USD) - 2016/05/03 14:47:11 ET
Table 'Meyer' 10-max Seat #7 is the button
Seat 6: cadre472 ($8.27 in chips)
Seat 7: LolDnkaments ($72.57 in chips)
LolDnkaments: posts small blind $1
cadre472: posts big blind $3
*** HOLE CARDS ***
LolDnkaments: raises $3 to $6
cadre472: calls $3
*** FLOP *** [Td 6h 7h]
cadre472: checks
LolDnkaments: bets $3
cadre472: calls $2.27 and is all-in
Uncalled bet ($0.73) returned to LolDnkaments
*** TURN *** [Td 6h 7h] [3s]
*** RIVER *** [Td 6h 7h 3s] [Ks]
*** SHOW DOWN ***
cadre472: shows [5s Kh] (a pair of Kings)
LolDnkaments: shows [9s 6d] (a pair of Sixes)
cadre472 collected $16.21 from pot
*** SUMMARY ***
Total pot $16.54 | Rake $0.33
Board [Td 6h 7h 3s Ks]
Seat 6: cadre472 (big blind) showed [5s Kh] and won ($16.21) with a pair of Kings
Seat 7: LolDnkaments (button) (small blind) showed [9s 6d] and lost with a pair of Sixes


PokerStars Hand #152807446443:  Hold'em Limit ($3/$6 USD) - 2016/05/03 14:47:36 ET
Table 'Meyer' 10-max Seat #7 is the button
Seat 6: cadre472 ($15.21 in chips)
Seat 7: LolDnkaments ($73 in chips)
LolDnkaments: posts small blind $1
cadre472: posts big blind $3
*** HOLE CARDS ***
LolDnkaments: raises $3 to $6
cadre472: calls $3
*** FLOP *** [Qh 6h 4d]
cadre472: bets $3
LolDnkaments: calls $3
*** TURN *** [Qh 6h 4d] [Kd]
cadre472: bets $6
LolDnkaments: calls $6
*** RIVER *** [Qh 6h 4d Kd] [Ks]
cadre472: bets $0.21 and is all-in
LolDnkaments: calls $0.21
*** SHOW DOWN ***
cadre472: shows [Kc 4c] (a full house, Kings full of Fours)
LolDnkaments: shows [8h 7h] (a pair of Kings)
cadre472 collected $29.92 from pot
*** SUMMARY ***
Total pot $30.42 | Rake $0.50
Board [Qh 6h 4d Kd Ks]
Seat 6: cadre472 (big blind) showed [Kc 4c] and won ($29.92) with a full house, Kings full of Fours
Seat 7: LolDnkaments (button) (small blind) showed [8h 7h] and lost with a pair of Kings


PokerStars Hand #152807442014:  Hold'em Limit ($3/$6 USD) - 2016/05/03 14:47:30 ET
Table 'Meyer' 10-max Seat #6 is the button
Seat 6: cadre472 ($16.21 in chips)
Seat 7: LolDnkaments ($72 in chips)
cadre472: posts small blind $1
LolDnkaments: posts big blind $3
*** HOLE CARDS ***
cadre472: folds
Uncalled bet ($2) returned to LolDnkaments
LolDnkaments collected $2 from pot
LolDnkaments: doesn't show hand
*** SUMMARY ***
Total pot $2 | Rake $0
Seat 6: cadre472 (button) (small blind) folded before Flop
Seat 7: LolDnkaments (big blind) collected ($2)


PokerStars Hand #152807505102:  Hold'em Limit ($3/$6 USD) - 2016/05/03 14:48:48 ET
Table 'Meyer' 10-max Seat #7 is the button
Seat 6: cadre472 ($44.42 in chips)
Seat 7: LolDnkaments ($72 in chips)
LolDnkaments: posts small blind $1
cadre472: posts big blind $3
*** HOLE CARDS ***
LolDnkaments: raises $3 to $6
cadre472: calls $3
*** FLOP *** [4c 2d Qh]
cadre472: checks
LolDnkaments: bets $3
cadre472: calls $3
*** TURN *** [4c 2d Qh] [Jd]
cadre472: checks
LolDnkaments: bets $6
cadre472: calls $6
*** RIVER *** [4c 2d Qh Jd] [8s]
cadre472: checks
LolDnkaments: bets $6
cadre472: calls $6
*** SHOW DOWN ***
LolDnkaments: shows [2s Jh] (two pair, Jacks and Deuces)
cadre472: mucks hand
LolDnkaments collected $41.50 from pot
*** SUMMARY ***
Total pot $42 | Rake $0.50
Board [4c 2d Qh Jd 8s]
Seat 6: cadre472 (big blind) mucked
Seat 7: LolDnkaments (button) (small blind) showed [2s Jh] and won ($41.50) with two pair, Jacks and Deuces


PokerStars Hand #152807476702:  Hold'em Limit ($3/$6 USD) - 2016/05/03 14:48:13 ET
Table 'Meyer' 10-max Seat #6 is the button
Seat 6: cadre472 ($29.92 in chips)
Seat 7: LolDnkaments ($72 in chips)
cadre472: posts small blind $1
LolDnkaments: posts big blind $3
*** HOLE CARDS ***
cadre472: calls $2
LolDnkaments: checks
*** FLOP *** [5d 8s 6h]
LolDnkaments: checks
cadre472: bets $3
LolDnkaments: raises $3 to $6
cadre472: calls $3
*** TURN *** [5d 8s 6h] [Qc]
LolDnkaments: bets $6
cadre472: calls $6
*** RIVER *** [5d 8s 6h Qc] [3c]
LolDnkaments: checks
cadre472: checks
*** SHOW DOWN ***
LolDnkaments: shows [4h 3s] (a pair of Threes)
cadre472: shows [4d 5h] (a pair of Fives)
cadre472 collected $29.50 from pot
*** SUMMARY ***
Total pot $30 | Rake $0.50
Board [5d 8s 6h Qc 3c]
Seat 6: cadre472 (button) (small blind) showed [4d 5h] and won ($29.50) with a pair of Fives
Seat 7: LolDnkaments (big blind) showed [4h 3s] and lost with a pair of Threes


PokerStars Hand #152807552469:  Hold'em Limit ($3/$6 USD) - 2016/05/03 14:49:46 ET
Table 'Meyer' 10-max Seat #7 is the button
Seat 6: cadre472 ($24.18 in chips)
Seat 7: LolDnkaments ($91.26 in chips)
LolDnkaments: posts small blind $1
cadre472: posts big blind $3
*** HOLE CARDS ***
LolDnkaments: raises $3 to $6
cadre472: raises $3 to $9
LolDnkaments: calls $3
*** FLOP *** [Js Kh 2d]
cadre472: bets $3
LolDnkaments: folds
Uncalled bet ($3) returned to cadre472
cadre472 collected $17.64 from pot
cadre472: doesn't show hand
*** SUMMARY ***
Total pot $18 | Rake $0.36
Board [Js Kh 2d]
Seat 6: cadre472 (big blind) collected ($17.64)
Seat 7: LolDnkaments (button) (small blind) folded on the Flop


PokerStars Hand #152807539945:  Hold'em Limit ($3/$6 USD) - 2016/05/03 14:49:31 ET
Table 'Meyer' 10-max Seat #6 is the button
Seat 6: cadre472 ($30.18 in chips)
Seat 7: LolDnkaments ($85.50 in chips)
cadre472: posts small blind $1
LolDnkaments: posts big blind $3
*** HOLE CARDS ***
cadre472: calls $2
LolDnkaments: raises $3 to $6
cadre472: calls $3
*** FLOP *** [Kh Qd 3h]
LolDnkaments: bets $3
cadre472: folds
Uncalled bet ($3) returned to LolDnkaments
LolDnkaments collected $11.76 from pot
LolDnkaments: doesn't show hand
*** SUMMARY ***
Total pot $12 | Rake $0.24
Board [Kh Qd 3h]
Seat 6: cadre472 (button) (small blind) folded on the Flop
Seat 7: LolDnkaments (big blind) collected ($11.76)


PokerStars Hand #152807536235:  Hold'em Limit ($3/$6 USD) - 2016/05/03 14:49:26 ET
Table 'Meyer' 10-max Seat #7 is the button
Seat 6: cadre472 ($29.18 in chips)
Seat 7: LolDnkaments ($86.50 in chips)
LolDnkaments: posts small blind $1
cadre472: posts big blind $3
*** HOLE CARDS ***
LolDnkaments: folds
Uncalled bet ($2) returned to cadre472
cadre472 collected $2 from pot
cadre472: doesn't show hand
*** SUMMARY ***
Total pot $2 | Rake $0
Seat 6: cadre472 (big blind) collected ($2)
Seat 7: LolDnkaments (button) (small blind) folded before Flop


PokerStars Hand #152807524141:  Hold'em Limit ($3/$6 USD) - 2016/05/03 14:49:11 ET
Table 'Meyer' 10-max Seat #6 is the button
Seat 6: cadre472 ($23.42 in chips)
Seat 7: LolDnkaments ($92.50 in chips)
cadre472: posts small blind $1
LolDnkaments: posts big blind $3
*** HOLE CARDS ***
cadre472: raises $3 to $6
LolDnkaments: calls $3
*** FLOP *** [4s Qs Kc]
LolDnkaments: checks
cadre472: bets $3
LolDnkaments: folds
Uncalled bet ($3) returned to cadre472
cadre472 collected $11.76 from pot
cadre472: doesn't show hand
*** SUMMARY ***
Total pot $12 | Rake $0.24
Board [4s Qs Kc]
Seat 6: cadre472 (button) (small blind) collected ($11.76)
Seat 7: LolDnkaments (big blind) folded on the Flop


PokerStars Hand #152807562500:  Hold'em Limit ($3/$6 USD) - 2016/05/03 14:49:59 ET
Table 'Meyer' 10-max Seat #6 is the button
Seat 6: cadre472 ($32.82 in chips)
Seat 7: LolDnkaments ($82.26 in chips)
cadre472: posts small blind $1
LolDnkaments: posts big blind $3
*** HOLE CARDS ***
cadre472: raises $3 to $6
LolDnkaments: folds
Uncalled bet ($3) returned to cadre472
cadre472 collected $6 from pot
cadre472: doesn't show hand
*** SUMMARY ***
Total pot $6 | Rake $0
Seat 6: cadre472 (button) (small blind) collected ($6)
Seat 7: LolDnkaments (big blind) folded before Flop


PokerStars Hand #152807608233:  Hold'em Limit ($3/$6 USD) - 2016/05/03 14:50:56 ET
Table 'Meyer' 10-max Seat #7 is the button
Seat 6: cadre472 ($35.32 in chips)
Seat 7: LolDnkaments ($86.50 in chips)
LolDnkaments: posts small blind $1
cadre472: posts big blind $3
*** HOLE CARDS ***
LolDnkaments: raises $3 to $6
cadre472: calls $3
*** FLOP *** [As 6s Ac]
cadre472: bets $3
LolDnkaments: calls $3
*** TURN *** [As 6s Ac] [6h]
cadre472: bets $6
LolDnkaments: folds
Uncalled bet ($6) returned to cadre472
cadre472 collected $17.64 from pot
cadre472: doesn't show hand
*** SUMMARY ***
Total pot $18 | Rake $0.36
Board [As 6s Ac 6h]
Seat 6: cadre472 (big blind) collected ($17.64)
Seat 7: LolDnkaments (button) (small blind) folded on the Turn


PokerStars Hand #152807567402:  Hold'em Limit ($3/$6 USD) - 2016/05/03 14:50:05 ET
Table 'Meyer' 10-max Seat #7 is the button
Seat 6: cadre472 ($35.82 in chips)
Seat 7: LolDnkaments ($79.26 in chips)
LolDnkaments: posts small blind $1
cadre472: posts big blind $3
*** HOLE CARDS ***
LolDnkaments: raises $3 to $6
cadre472: calls $3
*** FLOP *** [3s 3d 9d]
cadre472: checks
LolDnkaments: bets $3
cadre472: calls $3
*** TURN *** [3s 3d 9d] [Kh]
cadre472: checks
LolDnkaments: bets $6
cadre472: calls $6
*** RIVER *** [3s 3d 9d Kh] [6d]
cadre472: checks
LolDnkaments: checks
*** SHOW DOWN ***
cadre472: shows [Kd 8h] (two pair, Kings and Threes)
LolDnkaments: mucks hand
cadre472 collected $29.50 from pot
*** SUMMARY ***
Total pot $30 | Rake $0.50
Board [3s 3d 9d Kh 6d]
Seat 6: cadre472 (big blind) showed [Kd 8h] and won ($29.50) with two pair, Kings and Threes
Seat 7: LolDnkaments (button) (small blind) mucked


PokerStars Hand #152807586809:  Hold'em Limit ($3/$6 USD) - 2016/05/03 14:50:29 ET
Table 'Meyer' 10-max Seat #6 is the button
Seat 6: cadre472 ($50.32 in chips)
Seat 7: LolDnkaments ($72 in chips)
cadre472: posts small blind $1
LolDnkaments: posts big blind $3
*** HOLE CARDS ***
cadre472: calls $2
LolDnkaments: raises $3 to $6
cadre472: calls $3
*** FLOP *** [5d 9c 5s]
LolDnkaments: bets $3
cadre472: calls $3
*** TURN *** [5d 9c 5s] [Ac]
LolDnkaments: bets $6
cadre472: calls $6
*** RIVER *** [5d 9c 5s Ac] [Js]
LolDnkaments: bets $6
cadre472: folds
Uncalled bet ($6) returned to LolDnkaments
LolDnkaments collected $29.50 from pot
LolDnkaments: doesn't show hand
*** SUMMARY ***
Total pot $30 | Rake $0.50
Board [5d 9c 5s Ac Js]
Seat 6: cadre472 (button) (small blind) folded on the River
Seat 7: LolDnkaments (big blind) collected ($29.50)


PokerStars Hand #152807626669:  Hold'em Limit ($3/$6 USD) - 2016/05/03 14:51:19 ET
Table 'Meyer' 10-max Seat #6 is the button
Seat 6: cadre472 ($43.96 in chips)
Seat 7: LolDnkaments ($77.50 in chips)
cadre472: posts small blind $1
LolDnkaments: posts big blind $3
*** HOLE CARDS ***
cadre472: raises $3 to $6
LolDnkaments: calls $3
*** FLOP *** [3h Qc Ks]
LolDnkaments: checks
cadre472: bets $3
LolDnkaments: folds
Uncalled bet ($3) returned to cadre472
cadre472 collected $11.76 from pot
cadre472: doesn't show hand
*** SUMMARY ***
Total pot $12 | Rake $0.24
Board [3h Qc Ks]
Seat 6: cadre472 (button) (small blind) collected ($11.76)
Seat 7: LolDnkaments (big blind) folded on the Flop


PokerStars Hand #152807640358:  Hold'em Limit ($3/$6 USD) - 2016/05/03 14:51:36 ET
Table 'Meyer' 10-max Seat #7 is the button
Seat 6: cadre472 ($49.72 in chips)
Seat 7: LolDnkaments ($72 in chips)
LolDnkaments: posts small blind $1
cadre472: posts big blind $3
*** HOLE CARDS ***
LolDnkaments: raises $3 to $6
cadre472: calls $3
*** FLOP *** [7d Jd Kh]
cadre472: bets $3
LolDnkaments: folds
Uncalled bet ($3) returned to cadre472
cadre472 collected $11.76 from pot
cadre472: doesn't show hand
*** SUMMARY ***
Total pot $12 | Rake $0.24
Board [7d Jd Kh]
Seat 6: cadre472 (big blind) collected ($11.76)
Seat 7: LolDnkaments (button) (small blind) folded on the Flop


PokerStars Hand #152807653514:  Hold'em Limit ($3/$6 USD) - 2016/05/03 14:51:52 ET
Table 'Meyer' 10-max Seat #6 is the button
Seat 6: cadre472 ($55.48 in chips)
Seat 7: LolDnkaments ($72 in chips)
cadre472: posts small blind $1
LolDnkaments: posts big blind $3
*** HOLE CARDS ***
cadre472: raises $3 to $6
LolDnkaments: calls $3
*** FLOP *** [Qd Qh Ks]
LolDnkaments: checks
krossguard joins the table at seat #8
cadre472: bets $3
LolDnkaments: folds
Uncalled bet ($3) returned to cadre472
cadre472 collected $11.76 from pot
cadre472: doesn't show hand
*** SUMMARY ***
Total pot $12 | Rake $0.24
Board [Qd Qh Ks]
Seat 6: cadre472 (button) (small blind) collected ($11.76)
Seat 7: LolDnkaments (big blind) folded on the Flop


PokerStars Hand #152812146041:  Hold'em Limit ($3/$6 USD) - 2016/05/03 16:22:59 ET
Table 'Meyer' 10-max Seat #8 is the button
Seat 7: LolDnkaments ($188.91 in chips)
Seat 8: turtlele ($348.09 in chips)
turtlele: posts small blind $1
Great_Kang: is sitting out
LolDnkaments: posts big blind $3
*** HOLE CARDS ***
turtlele: raises $3 to $6
LolDnkaments: raises $3 to $9
turtlele: calls $3
*** FLOP *** [4h Ts 8s]
LolDnkaments: bets $3
turtlele: calls $3
*** TURN *** [4h Ts 8s] [8c]
LolDnkaments: checks
turtlele: bets $6
LolDnkaments: calls $6
*** RIVER *** [4h Ts 8s 8c] [9d]
LolDnkaments: checks
turtlele: bets $6
LolDnkaments: calls $6
*** SHOW DOWN ***
turtlele: shows [Td 2d] (two pair, Tens and Eights)
LolDnkaments: mucks hand
turtlele collected $47.50 from pot
*** SUMMARY ***
Total pot $48 | Rake $0.50
Board [4h Ts 8s 8c 9d]
Seat 7: LolDnkaments (big blind) mucked
Seat 8: turtlele (button) (small blind) showed [Td 2d] and won ($47.50) with two pair, Tens and Eights


PokerStars Hand #152812179227:  Hold'em Limit ($3/$6 USD) - 2016/05/03 16:23:42 ET
Table 'Meyer' 10-max Seat #7 is the button
Seat 7: LolDnkaments ($164.91 in chips)
Seat 8: turtlele ($371.59 in chips)
LolDnkaments: posts small blind $1
turtlele: posts big blind $3
*** HOLE CARDS ***
LolDnkaments: raises $3 to $6
turtlele: folds
Uncalled bet ($3) returned to LolDnkaments
LolDnkaments collected $6 from pot
LolDnkaments: doesn't show hand
*** SUMMARY ***
Total pot $6 | Rake $0
Seat 7: LolDnkaments (button) (small blind) collected ($6)
Seat 8: turtlele (big blind) folded before Flop


PokerStars Hand #152812188258:  Hold'em Limit ($3/$6 USD) - 2016/05/03 16:23:54 ET
Table 'Meyer' 10-max Seat #8 is the button
Seat 7: LolDnkaments ($167.91 in chips)
Seat 8: turtlele ($368.59 in chips)
turtlele: posts small blind $1
LolDnkaments: posts big blind $3
*** HOLE CARDS ***
turtlele: raises $3 to $6
LolDnkaments: calls $3
*** FLOP *** [6d 4h 7c]
LolDnkaments: checks
turtlele: bets $3
LolDnkaments: raises $3 to $6
turtlele: calls $3
*** TURN *** [6d 4h 7c] [7s]
LolDnkaments: bets $6
Pandakey joins the table at seat #9
turtlele: folds
Uncalled bet ($6) returned to LolDnkaments
LolDnkaments collected $23.52 from pot
LolDnkaments: doesn't show hand
*** SUMMARY ***
Total pot $24 | Rake $0.48
Board [6d 4h 7c 7s]
Seat 7: LolDnkaments (big blind) collected ($23.52)
Seat 8: turtlele (button) (small blind) folded on the Turn


PokerStars Hand #152812219877:  Hold'em Limit ($3/$6 USD) - 2016/05/03 16:24:33 ET
Table 'Meyer' 10-max Seat #7 is the button
Seat 7: LolDnkaments ($179.43 in chips)
Seat 8: turtlele ($356.59 in chips)
LolDnkaments: posts small blind $1
turtlele: posts big blind $3
*** HOLE CARDS ***
LolDnkaments: raises $3 to $6
turtlele: calls $3
*** FLOP *** [8h Qd 7c]
turtlele: checks
LolDnkaments: bets $3
turtlele: folds
Uncalled bet ($3) returned to LolDnkaments
LolDnkaments collected $11.76 from pot
LolDnkaments: doesn't show hand
*** SUMMARY ***
Total pot $12 | Rake $0.24
Board [8h Qd 7c]
Seat 7: LolDnkaments (button) (small blind) collected ($11.76)
Seat 8: turtlele (big blind) folded on the Flop


PokerStars Hand #152812646380:  Hold'em Limit ($3/$6 USD) - 2016/05/03 16:33:48 ET
Table 'Meyer' 10-max Seat #8 is the button
Seat 7: LolDnkaments ($233.09 in chips)
Seat 8: turtlele ($392.29 in chips)
turtlele: posts small blind $1
Pandakey: is sitting out
LolDnkaments: posts big blind $3
*** HOLE CARDS ***
turtlele: raises $3 to $6
LolDnkaments: raises $3 to $9
turtlele: raises $3 to $12
Betting is capped
LolDnkaments: calls $3
*** FLOP *** [Jh Td Tc]
LolDnkaments: checks
turtlele: bets $3
LolDnkaments: raises $3 to $6
turtlele: calls $3
*** TURN *** [Jh Td Tc] [Qs]
LolDnkaments: bets $6
turtlele: folds
Uncalled bet ($6) returned to LolDnkaments
LolDnkaments collected $35.50 from pot
LolDnkaments: doesn't show hand
*** SUMMARY ***
Total pot $36 | Rake $0.50
Board [Jh Td Tc Qs]
Seat 7: LolDnkaments (big blind) collected ($35.50)
Seat 8: turtlele (button) (small blind) folded on the Turn


PokerStars Hand #152812679101:  Hold'em Limit ($3/$6 USD) - 2016/05/03 16:34:30 ET
Table 'Meyer' 10-max Seat #7 is the button
Seat 7: LolDnkaments ($250.59 in chips)
Seat 8: turtlele ($374.29 in chips)
LolDnkaments: posts small blind $1
turtlele: posts big blind $3
*** HOLE CARDS ***
LolDnkaments: raises $3 to $6
turtlele: folds
Uncalled bet ($3) returned to LolDnkaments
LolDnkaments collected $6 from pot
LolDnkaments: doesn't show hand
*** SUMMARY ***
Total pot $6 | Rake $0
Seat 7: LolDnkaments (button) (small blind) collected ($6)
Seat 8: turtlele (big blind) folded before Flop


PokerStars Hand #152812685462:  Hold'em Limit ($3/$6 USD) - 2016/05/03 16:34:39 ET
Table 'Meyer' 10-max Seat #8 is the button
Seat 7: LolDnkaments ($253.59 in chips)
Seat 8: turtlele ($371.29 in chips)
turtlele: posts small blind $1
LolDnkaments: posts big blind $3
*** HOLE CARDS ***
turtlele: raises $3 to $6
Pandakey leaves the table
LolDnkaments: raises $3 to $9
turtlele: calls $3
*** FLOP *** [Kh Td 4c]
LolDnkaments: bets $3
turtlele: raises $3 to $6
LolDnkaments: calls $3
*** TURN *** [Kh Td 4c] [5s]
LolDnkaments: bets $6
turtlele: folds
Uncalled bet ($6) returned to LolDnkaments
LolDnkaments collected $29.50 from pot
LolDnkaments: doesn't show hand
*** SUMMARY ***
Total pot $30 | Rake $0.50
Board [Kh Td 4c 5s]
Seat 7: LolDnkaments (big blind) collected ($29.50)
Seat 8: turtlele (button) (small blind) folded on the Turn


PokerStars Hand #152812709879:  Hold'em Limit ($3/$6 USD) - 2016/05/03 16:35:12 ET
Table 'Meyer' 10-max Seat #7 is the button
Seat 7: LolDnkaments ($268.09 in chips)
Seat 8: turtlele ($356.29 in chips)
LolDnkaments: posts small blind $1
turtlele: posts big blind $3
*** HOLE CARDS ***
LolDnkaments: raises $3 to $6
turtlele: raises $3 to $9
LolDnkaments: calls $3
*** FLOP *** [5h Ac Qh]
turtlele: checks
LolDnkaments: bets $3
turtlele: calls $3
*** TURN *** [5h Ac Qh] [2h]
turtlele: checks
LolDnkaments: checks
*** RIVER *** [5h Ac Qh 2h] [3c]
turtlele: checks
LolDnkaments: checks
*** SHOW DOWN ***
turtlele: shows [Js Jh] (a pair of Jacks)
LolDnkaments: mucks hand
turtlele collected $23.52 from pot
*** SUMMARY ***
Total pot $24 | Rake $0.48
Board [5h Ac Qh 2h 3c]
Seat 7: LolDnkaments (button) (small blind) mucked
Seat 8: turtlele (big blind) showed [Js Jh] and won ($23.52) with a pair of Jacks


PokerStars Hand #152812752342:  Hold'em Limit ($3/$6 USD) - 2016/05/03 16:36:07 ET
Table 'Meyer' 10-max Seat #8 is the button
Seat 7: LolDnkaments ($256.09 in chips)
Seat 8: turtlele ($367.81 in chips)
turtlele: posts small blind $1
LolDnkaments: posts big blind $3
*** HOLE CARDS ***
turtlele: raises $3 to $6
LolDnkaments: raises $3 to $9
turtlele: calls $3
*** FLOP *** [9s 9d 5d]
LolDnkaments: bets $3
turtlele: calls $3
*** TURN *** [9s 9d 5d] [3c]
LolDnkaments: bets $6
turtlele: raises $6 to $12
LolDnkaments: raises $6 to $18
turtlele: raises $6 to $24
Betting is capped
LolDnkaments: calls $6
*** RIVER *** [9s 9d 5d 3c] [5h]
LolDnkaments: checks
turtlele: bets $6
LolDnkaments: calls $6
*** SHOW DOWN ***
turtlele: shows [9h 7d] (a full house, Nines full of Fives)
LolDnkaments: shows [Kc 9c] (a full house, Nines full of Fives)
LolDnkaments collected $41.75 from pot
turtlele collected $41.75 from pot
*** SUMMARY ***
Total pot $84 | Rake $0.50
Board [9s 9d 5d 3c 5h]
Seat 7: LolDnkaments (big blind) showed [Kc 9c] and won ($41.75) with a full house, Nines full of Fives
Seat 8: turtlele (button) (small blind) showed [9h 7d] and won ($41.75) with a full house, Nines full of Fives


PokerStars Hand #152812810662:  Hold'em Limit ($3/$6 USD) - 2016/05/03 16:37:25 ET
Table 'Meyer' 10-max Seat #7 is the button
Seat 7: LolDnkaments ($255.84 in chips)
Seat 8: turtlele ($367.56 in chips)
LolDnkaments: posts small blind $1
turtlele: posts big blind $3
*** HOLE CARDS ***
LolDnkaments: raises $3 to $6
turtlele: calls $3
*** FLOP *** [Ah 9c Ad]
turtlele: checks
LolDnkaments: bets $3
turtlele: folds
Uncalled bet ($3) returned to LolDnkaments
LolDnkaments collected $11.76 from pot
LolDnkaments: doesn't show hand
*** SUMMARY ***
Total pot $12 | Rake $0.24
Board [Ah 9c Ad]
Seat 7: LolDnkaments (button) (small blind) collected ($11.76)
Seat 8: turtlele (big blind) folded on the Flop


PokerStars Hand #152812840430:  Hold'em Limit ($3/$6 USD) - 2016/05/03 16:38:05 ET
Table 'Meyer' 10-max Seat #8 is the button
Seat 7: LolDnkaments ($261.60 in chips)
Seat 8: turtlele ($361.56 in chips)
turtlele: posts small blind $1
LolDnkaments: posts big blind $3
*** HOLE CARDS ***
turtlele: raises $3 to $6
LolDnkaments: calls $3
*** FLOP *** [Tc Ks 5h]
LolDnkaments: checks
turtlele: bets $3
LolDnkaments: raises $3 to $6
hairy1961 joins the table at seat #10
turtlele: folds
Uncalled bet ($3) returned to LolDnkaments
LolDnkaments collected $17.64 from pot
LolDnkaments: doesn't show hand
*** SUMMARY ***
Total pot $18 | Rake $0.36
Board [Tc Ks 5h]
Seat 7: LolDnkaments (big blind) collected ($17.64)
Seat 8: turtlele (button) (small blind) folded on the Flop


PokerStars Hand #152812862560:  Hold'em Limit ($3/$6 USD) - 2016/05/03 16:38:36 ET
Table 'Meyer' 10-max Seat #7 is the button
Seat 7: LolDnkaments ($270.24 in chips)
Seat 8: turtlele ($352.56 in chips)
LolDnkaments: posts small blind $1
turtlele: posts big blind $3
*** HOLE CARDS ***
LolDnkaments: raises $3 to $6
turtlele: calls $3
*** FLOP *** [Jd Qh Ad]
turtlele: checks
LolDnkaments: bets $3
turtlele: raises $3 to $6
LolDnkaments: calls $3
*** TURN *** [Jd Qh Ad] [8s]
turtlele: bets $6
LolDnkaments: calls $6
*** RIVER *** [Jd Qh Ad 8s] [5s]
turtlele: checks
LolDnkaments: checks
*** SHOW DOWN ***
turtlele: shows [2s 2d] (a pair of Deuces)
LolDnkaments: shows [6s Jc] (a pair of Jacks)
LolDnkaments collected $35.50 from pot
*** SUMMARY ***
Total pot $36 | Rake $0.50
Board [Jd Qh Ad 8s 5s]
Seat 7: LolDnkaments (button) (small blind) showed [6s Jc] and won ($35.50) with a pair of Jacks
Seat 8: turtlele (big blind) showed [2s 2d] and lost with a pair of Deuces


PokerStars Hand #152818355825:  Hold'em Limit ($3/$6 USD) - 2016/05/03 18:33:25 ET
Table 'Meyer' 10-max Seat #8 is the button
Seat 8: turtlele ($500.96 in chips)
Seat 9: Chessnok ($197.94 in chips)
PROFI8088 will be allowed to play after the button
mishkamoya leaves the table
turtlele: posts small blind $1
Chessnok: posts big blind $3
*** HOLE CARDS ***
turtlele: raises $3 to $6
Chessnok: raises $3 to $9
turtlele: raises $3 to $12
Betting is capped
Chessnok: calls $3
*** FLOP *** [Jh Qh 4s]
Chessnok: checks
turtlele: bets $3
Chessnok: calls $3
*** TURN *** [Jh Qh 4s] [Th]
Chessnok: checks
turtlele: bets $6
Chessnok: calls $6
*** RIVER *** [Jh Qh 4s Th] [Kc]
Chessnok: bets $6
turtlele: calls $6
*** SHOW DOWN ***
Chessnok: shows [4d Ad] (a straight, Ten to Ace)
turtlele: mucks hand
Chessnok collected $53.50 from pot
*** SUMMARY ***
Total pot $54 | Rake $0.50
Board [Jh Qh 4s Th Kc]
Seat 8: turtlele (button) (small blind) mucked
Seat 9: Chessnok (big blind) showed [4d Ad] and won ($53.50) with a straight, Ten to Ace


PokerStars Hand #152818431805:  Hold'em Limit ($3/$6 USD) - 2016/05/03 18:35:11 ET
Table 'Meyer' 10-max Seat #8 is the button
Seat 8: turtlele ($450.96 in chips)
Seat 9: Chessnok ($304.83 in chips)
turtlele: posts small blind $1
Chessnok: posts big blind $3
*** HOLE CARDS ***
turtlele: raises $3 to $6
Chessnok: calls $3
*** FLOP *** [Kd 9c 7d]
Chessnok: checks
turtlele: bets $3
Chessnok: folds
Uncalled bet ($3) returned to turtlele
turtlele collected $11.76 from pot
hairy1961 joins the table at seat #10
turtlele: doesn't show hand
*** SUMMARY ***
Total pot $12 | Rake $0.24
Board [Kd 9c 7d]
Seat 8: turtlele (button) (small blind) collected ($11.76)
Seat 9: Chessnok (big blind) folded on the Flop


PokerStars Hand #152818416609:  Hold'em Limit ($3/$6 USD) - 2016/05/03 18:34:50 ET
Table 'Meyer' 10-max Seat #9 is the button
Seat 8: turtlele ($477.96 in chips)
Seat 9: Chessnok ($278.33 in chips)
Chessnok: posts small blind $1
turtlele: posts big blind $3
*** HOLE CARDS ***
Chessnok: raises $3 to $6
turtlele: calls $3
*** FLOP *** [5c 4c Th]
turtlele: checks
Chessnok: bets $3
turtlele: calls $3
*** TURN *** [5c 4c Th] [Kc]
turtlele: checks
Chessnok: bets $6
turtlele: raises $6 to $12
Chessnok: raises $6 to $18
turtlele: calls $6
*** RIVER *** [5c 4c Th Kc] [3s]
turtlele: checks
Chessnok: bets $6
turtlele: folds
Uncalled bet ($6) returned to Chessnok
Chessnok collected $53.50 from pot
Chessnok: doesn't show hand
*** SUMMARY ***
Total pot $54 | Rake $0.50
Board [5c 4c Th Kc 3s]
Seat 8: turtlele (big blind) folded on the River
Seat 9: Chessnok (button) (small blind) collected ($53.50)


PokerStars Hand #152819095865:  Hold'em Limit ($3/$6 USD) - 2016/05/03 18:51:21 ET
Table 'Meyer' 10-max Seat #1 is the button
Seat 1: NOMOS1984 ($71.74 in chips)
Seat 8: turtlele ($397.05 in chips)
NOMOS1984: posts small blind $1
turtlele: posts big blind $3
*** HOLE CARDS ***
NOMOS1984: folds
Uncalled bet ($2) returned to turtlele
turtlele collected $2 from pot
turtlele: doesn't show hand
*** SUMMARY ***
Total pot $2 | Rake $0
Seat 1: NOMOS1984 (button) (small blind) folded before Flop
Seat 8: turtlele (big blind) collected ($2)


PokerStars Hand #152819091256:  Hold'em Limit ($3/$6 USD) - 2016/05/03 18:51:13 ET
Table 'Meyer' 10-max Seat #8 is the button
Seat 1: NOMOS1984 ($70.74 in chips)
Seat 8: turtlele ($398.05 in chips)
turtlele: posts small blind $1
AKIM2dDREAM joins the table at seat #10
Chessnok: is sitting out
NOMOS1984: posts big blind $3
*** HOLE CARDS ***
turtlele: folds
Uncalled bet ($2) returned to NOMOS1984
NOMOS1984 collected $2 from pot
NOMOS1984: doesn't show hand
*** SUMMARY ***
Total pot $2 | Rake $0
Seat 1: NOMOS1984 (big blind) collected ($2)
Seat 8: turtlele (button) (small blind) folded before Flop


PokerStars Hand #152819500373:  Hold'em Limit ($3/$6 USD) - 2016/05/03 19:02:52 ET
Table 'Meyer' 10-max Seat #5 is the button
Seat 5: xcgxcg2005 ($71.37 in chips)
Seat 9: Masqb ($94.38 in chips)
xcgxcg2005: posts small blind $1
Masqb: posts big blind $3
*** HOLE CARDS ***
xcgxcg2005: folds
Uncalled bet ($2) returned to Masqb
Masqb collected $2 from pot
Masqb: doesn't show hand
*** SUMMARY ***
Total pot $2 | Rake $0
Seat 5: xcgxcg2005 (button) (small blind) folded before Flop
Seat 9: Masqb (big blind) collected ($2)


PokerStars Hand #152819496207:  Hold'em Limit ($3/$6 USD) - 2016/05/03 19:02:45 ET
Table 'Meyer' 10-max Seat #9 is the button
Seat 5: xcgxcg2005 ($74.37 in chips)
Seat 9: Masqb ($91.38 in chips)
Masqb: posts small blind $1
xcgxcg2005: posts big blind $3
*** HOLE CARDS ***
Masqb: raises $3 to $6
xcgxcg2005: folds
Uncalled bet ($3) returned to Masqb
Masqb collected $6 from pot
Masqb: doesn't show hand
*** SUMMARY ***
Total pot $6 | Rake $0
Seat 5: xcgxcg2005 (big blind) folded before Flop
Seat 9: Masqb (button) (small blind) collected ($6)


PokerStars Hand #152819513548:  Hold'em Limit ($3/$6 USD) - 2016/05/03 19:03:13 ET
Table 'Meyer' 10-max Seat #9 is the button
Seat 5: xcgxcg2005 ($74.37 in chips)
Seat 9: Masqb ($91.38 in chips)
Masqb: posts small blind $1
xcgxcg2005: posts big blind $3
*** HOLE CARDS ***
Masqb: raises $3 to $6
xcgxcg2005: raises $3 to $9
Masqb: calls $3
*** FLOP *** [Th 9d 6c]
xcgxcg2005: checks
Masqb: bets $3
xcgxcg2005: calls $3
*** TURN *** [Th 9d 6c] [Ts]
xcgxcg2005: checks
Masqb: bets $6
xcgxcg2005: calls $6
*** RIVER *** [Th 9d 6c Ts] [4s]
xcgxcg2005: checks
Masqb: bets $6
xcgxcg2005: calls $6
*** SHOW DOWN ***
Masqb: shows [Tc 4d] (a full house, Tens full of Fours)
xcgxcg2005: mucks hand
Masqb collected $47.50 from pot
*** SUMMARY ***
Total pot $48 | Rake $0.50
Board [Th 9d 6c Ts 4s]
Seat 5: xcgxcg2005 (big blind) mucked
Seat 9: Masqb (button) (small blind) showed [Tc 4d] and won ($47.50) with a full house, Tens full of Fours


PokerStars Hand #152819503261:  Hold'em Limit ($3/$6 USD) - 2016/05/03 19:02:56 ET
Table 'Meyer' 10-max Seat #9 is the button
Seat 5: xcgxcg2005 ($70.37 in chips)
Seat 9: Masqb ($95.38 in chips)
Masqb: posts small blind $1
xcgxcg2005: posts big blind $3
*** HOLE CARDS ***
Masqb: folds
Uncalled bet ($2) returned to xcgxcg2005
xcgxcg2005 collected $2 from pot
xcgxcg2005: doesn't show hand
*** SUMMARY ***
Total pot $2 | Rake $0
Seat 5: xcgxcg2005 (big blind) collected ($2)
Seat 9: Masqb (button) (small blind) folded before Flop


PokerStars Hand #152819506534:  Hold'em Limit ($3/$6 USD) - 2016/05/03 19:03:01 ET
Table 'Meyer' 10-max Seat #5 is the button
Seat 5: xcgxcg2005 ($71.37 in chips)
Seat 9: Masqb ($94.38 in chips)
xcgxcg2005: posts small blind $1
Masqb: posts big blind $3
*** HOLE CARDS ***
xcgxcg2005: raises $3 to $6
Masqb: folds
Uncalled bet ($3) returned to xcgxcg2005
xcgxcg2005 collected $6 from pot
xcgxcg2005: doesn't show hand
*** SUMMARY ***
Total pot $6 | Rake $0
Seat 5: xcgxcg2005 (button) (small blind) collected ($6)
Seat 9: Masqb (big blind) folded before Flop


PokerStars Hand #152819536670:  Hold'em Limit ($3/$6 USD) - 2016/05/03 19:03:50 ET
Table 'Meyer' 10-max Seat #9 is the button
Seat 5: xcgxcg2005 ($49.37 in chips)
Seat 9: Masqb ($115.88 in chips)
Masqb: posts small blind $1
xcgxcg2005: posts big blind $3
*** HOLE CARDS ***
Masqb: folds
Uncalled bet ($2) returned to xcgxcg2005
xcgxcg2005 collected $2 from pot
xcgxcg2005: doesn't show hand
*** SUMMARY ***
Total pot $2 | Rake $0
Seat 5: xcgxcg2005 (big blind) collected ($2)
Seat 9: Masqb (button) (small blind) folded before Flop


PokerStars Hand #152819533993:  Hold'em Limit ($3/$6 USD) - 2016/05/03 19:03:46 ET
Table 'Meyer' 10-max Seat #5 is the button
Seat 5: xcgxcg2005 ($50.37 in chips)
Seat 9: Masqb ($114.88 in chips)
xcgxcg2005: posts small blind $1
Masqb: posts big blind $3
*** HOLE CARDS ***
xcgxcg2005: folds
Uncalled bet ($2) returned to Masqb
Masqb collected $2 from pot
Masqb: doesn't show hand
*** SUMMARY ***
Total pot $2 | Rake $0
Seat 5: xcgxcg2005 (button) (small blind) folded before Flop
Seat 9: Masqb (big blind) collected ($2)


PokerStars Hand #152819539810:  Hold'em Limit ($3/$6 USD) - 2016/05/03 19:03:55 ET
Table 'Meyer' 10-max Seat #5 is the button
Seat 5: xcgxcg2005 ($50.37 in chips)
Seat 9: Masqb ($114.88 in chips)
xcgxcg2005: posts small blind $1
Masqb: posts big blind $3
*** HOLE CARDS ***
xcgxcg2005: folds
Uncalled bet ($2) returned to Masqb
Masqb collected $2 from pot
Masqb: doesn't show hand
*** SUMMARY ***
Total pot $2 | Rake $0
Seat 5: xcgxcg2005 (button) (small blind) folded before Flop
Seat 9: Masqb (big blind) collected ($2)


PokerStars Hand #152819562215:  Hold'em Limit ($3/$6 USD) - 2016/05/03 19:04:31 ET
Table 'Meyer' 10-max Seat #5 is the button
Seat 5: xcgxcg2005 ($84.87 in chips)
Seat 9: Masqb ($79.88 in chips)
xcgxcg2005: posts small blind $1
Masqb: posts big blind $3
*** HOLE CARDS ***
xcgxcg2005: folds
Uncalled bet ($2) returned to Masqb
Masqb collected $2 from pot
Masqb: doesn't show hand
*** SUMMARY ***
Total pot $2 | Rake $0
Seat 5: xcgxcg2005 (button) (small blind) folded before Flop
Seat 9: Masqb (big blind) collected ($2)


PokerStars Hand #152819542737:  Hold'em Limit ($3/$6 USD) - 2016/05/03 19:04:00 ET
Table 'Meyer' 10-max Seat #9 is the button
Seat 5: xcgxcg2005 ($49.37 in chips)
Seat 9: Masqb ($115.88 in chips)
Masqb: posts small blind $1
xcgxcg2005: posts big blind $3
*** HOLE CARDS ***
Masqb: raises $3 to $6
xcgxcg2005: raises $3 to $9
Masqb: calls $3
*** FLOP *** [3c 6h 7c]
xcgxcg2005: bets $3
Masqb: calls $3
*** TURN *** [3c 6h 7c] [8h]
xcgxcg2005: bets $6
Masqb: raises $6 to $12
xcgxcg2005: raises $6 to $18
Masqb: calls $6
*** RIVER *** [3c 6h 7c 8h] [Jh]
xcgxcg2005: bets $6
Masqb: calls $6
*** SHOW DOWN ***
xcgxcg2005: shows [8d 8c] (three of a kind, Eights)
Masqb: mucks hand
xcgxcg2005 collected $71.50 from pot
*** SUMMARY ***
Total pot $72 | Rake $0.50
Board [3c 6h 7c 8h Jh]
Seat 5: xcgxcg2005 (big blind) showed [8d 8c] and won ($71.50) with three of a kind, Eights
Seat 9: Masqb (button) (small blind) mucked


PokerStars Hand #152819565035:  Hold'em Limit ($3/$6 USD) - 2016/05/03 19:04:36 ET
Table 'Meyer' 10-max Seat #9 is the button
Seat 5: xcgxcg2005 ($83.87 in chips)
Seat 9: Masqb ($80.88 in chips)
Masqb: posts small blind $1
xcgxcg2005: posts big blind $3
*** HOLE CARDS ***
Masqb: raises $3 to $6
xcgxcg2005: folds
Uncalled bet ($3) returned to Masqb
Masqb collected $6 from pot
Masqb: doesn't show hand
*** SUMMARY ***
Total pot $6 | Rake $0
Seat 5: xcgxcg2005 (big blind) folded before Flop
Seat 9: Masqb (button) (small blind) collected ($6)


PokerStars Hand #152819582897:  Hold'em Limit ($3/$6 USD) - 2016/05/03 19:05:04 ET
Table 'Meyer' 10-max Seat #5 is the button
Seat 5: xcgxcg2005 ($71.87 in chips)
Seat 9: Masqb ($92.64 in chips)
xcgxcg2005: posts small blind $1
Masqb: posts big blind $3
*** HOLE CARDS ***
xcgxcg2005: folds
Uncalled bet ($2) returned to Masqb
Masqb collected $2 from pot
Masqb: doesn't show hand
*** SUMMARY ***
Total pot $2 | Rake $0
Seat 5: xcgxcg2005 (button) (small blind) folded before Flop
Seat 9: Masqb (big blind) collected ($2)


PokerStars Hand #152819579264:  Hold'em Limit ($3/$6 USD) - 2016/05/03 19:04:58 ET
Table 'Meyer' 10-max Seat #9 is the button
Seat 5: xcgxcg2005 ($74.87 in chips)
Seat 9: Masqb ($89.64 in chips)
Masqb: posts small blind $1
xcgxcg2005: posts big blind $3
*** HOLE CARDS ***
Masqb: raises $3 to $6
xcgxcg2005: folds
Uncalled bet ($3) returned to Masqb
Masqb collected $6 from pot
Masqb: doesn't show hand
*** SUMMARY ***
Total pot $6 | Rake $0
Seat 5: xcgxcg2005 (big blind) folded before Flop
Seat 9: Masqb (button) (small blind) collected ($6)


PokerStars Hand #152819585676:  Hold'em Limit ($3/$6 USD) - 2016/05/03 19:05:09 ET
Table 'Meyer' 10-max Seat #9 is the button
Seat 5: xcgxcg2005 ($70.87 in chips)
Seat 9: Masqb ($93.64 in chips)
Masqb: posts small blind $1
xcgxcg2005: posts big blind $3
*** HOLE CARDS ***
Masqb: folds
Uncalled bet ($2) returned to xcgxcg2005
xcgxcg2005 collected $2 from pot
xcgxcg2005: doesn't show hand
*** SUMMARY ***
Total pot $2 | Rake $0
Seat 5: xcgxcg2005 (big blind) collected ($2)
Seat 9: Masqb (button) (small blind) folded before Flop


PokerStars Hand #152819568097:  Hold'em Limit ($3/$6 USD) - 2016/05/03 19:04:40 ET
Table 'Meyer' 10-max Seat #5 is the button
Seat 5: xcgxcg2005 ($80.87 in chips)
Seat 9: Masqb ($83.88 in chips)
xcgxcg2005: posts small blind $1
Masqb: posts big blind $3
*** HOLE CARDS ***
xcgxcg2005: raises $3 to $6
Masqb: calls $3
*** FLOP *** [5s Jd 7h]
Masqb: checks
xcgxcg2005: checks
*** TURN *** [5s Jd 7h] [4h]
Masqb: checks
xcgxcg2005: checks
*** RIVER *** [5s Jd 7h 4h] [8h]
Masqb: checks
xcgxcg2005: checks
*** SHOW DOWN ***
Masqb: shows [Jh Qs] (a pair of Jacks)
xcgxcg2005: mucks hand
Masqb collected $11.76 from pot
*** SUMMARY ***
Total pot $12 | Rake $0.24
Board [5s Jd 7h 4h 8h]
Seat 5: xcgxcg2005 (button) (small blind) mucked
Seat 9: Masqb (big blind) showed [Jh Qs] and won ($11.76) with a pair of Jacks


PokerStars Hand #152819588465:  Hold'em Limit ($3/$6 USD) - 2016/05/03 19:05:13 ET
Table 'Meyer' 10-max Seat #5 is the button
Seat 5: xcgxcg2005 ($71.87 in chips)
Seat 9: Masqb ($92.64 in chips)
xcgxcg2005: posts small blind $1
Masqb: posts big blind $3
*** HOLE CARDS ***
xcgxcg2005: raises $3 to $6
Masqb: raises $3 to $9
xcgxcg2005: raises $3 to $12
Betting is capped
Masqb: calls $3
*** FLOP *** [5h 9h 4d]
Masqb: checks
xcgxcg2005: bets $3
Masqb: raises $3 to $6
xcgxcg2005: raises $3 to $9
Masqb: calls $3
*** TURN *** [5h 9h 4d] [Td]
Masqb: bets $6
xcgxcg2005: raises $6 to $12
Masqb: calls $6
*** RIVER *** [5h 9h 4d Td] [7d]
Masqb: checks
xcgxcg2005: checks
*** SHOW DOWN ***
Masqb: shows [9c 8c] (a pair of Nines)
xcgxcg2005: shows [Kh Kd] (a pair of Kings)
xcgxcg2005 collected $65.50 from pot
*** SUMMARY ***
Total pot $66 | Rake $0.50
Board [5h 9h 4d Td 7d]
Seat 5: xcgxcg2005 (button) (small blind) showed [Kh Kd] and won ($65.50) with a pair of Kings
Seat 9: Masqb (big blind) showed [9c 8c] and lost with a pair of Nines


PokerStars Hand #152819633287:  Hold'em Limit ($3/$6 USD) - 2016/05/03 19:06:25 ET
Table 'Meyer' 10-max Seat #9 is the button
Seat 5: xcgxcg2005 ($104.37 in chips)
Seat 9: Masqb ($80 in chips)
Masqb: posts small blind $1
xcgxcg2005: posts big blind $3
*** HOLE CARDS ***
Masqb: raises $3 to $6
xcgxcg2005: raises $3 to $9
Masqb: calls $3
*** FLOP *** [9c 9s 2c]
xcgxcg2005: bets $3
Masqb: folds
Uncalled bet ($3) returned to xcgxcg2005
xcgxcg2005 collected $17.64 from pot
xcgxcg2005: doesn't show hand
*** SUMMARY ***
Total pot $18 | Rake $0.36
Board [9c 9s 2c]
Seat 5: xcgxcg2005 (big blind) collected ($17.64)
Seat 9: Masqb (button) (small blind) folded on the Flop


PokerStars Hand #152819701176:  Hold'em Limit ($3/$6 USD) - 2016/05/03 19:08:16 ET
Table 'Meyer' 10-max Seat #9 is the button
Seat 5: xcgxcg2005 ($117.93 in chips)
Seat 9: Masqb ($83.64 in chips)
Masqb: posts small blind $1
xcgxcg2005: posts big blind $3
*** HOLE CARDS ***
Masqb: folds
Uncalled bet ($2) returned to xcgxcg2005
xcgxcg2005 collected $2 from pot
xcgxcg2005: doesn't show hand
*** SUMMARY ***
Total pot $2 | Rake $0
Seat 5: xcgxcg2005 (big blind) collected ($2)
Seat 9: Masqb (button) (small blind) folded before Flop


PokerStars Hand #152819680820:  Hold'em Limit ($3/$6 USD) - 2016/05/03 19:07:43 ET
Table 'Meyer' 10-max Seat #5 is the button
Seat 5: xcgxcg2005 ($126.93 in chips)
Seat 9: Masqb ($75 in chips)
xcgxcg2005: posts small blind $1
turtlele has timed out
turtlele: is sitting out
Masqb: posts big blind $3
*** HOLE CARDS ***
xcgxcg2005: raises $3 to $6
Masqb: raises $3 to $9
xcgxcg2005: calls $3
*** FLOP *** [Ah Kh 8d]
Masqb: bets $3
xcgxcg2005: folds
Uncalled bet ($3) returned to Masqb
Masqb collected $17.64 from pot
Masqb: doesn't show hand
*** SUMMARY ***
Total pot $18 | Rake $0.36
Board [Ah Kh 8d]
Seat 5: xcgxcg2005 (button) (small blind) folded on the Flop
Seat 9: Masqb (big blind) collected ($17.64)


PokerStars Hand #152819719903:  Hold'em Limit ($3/$6 USD) - 2016/05/03 19:08:46 ET
Table 'Meyer' 10-max Seat #9 is the button
Seat 5: xcgxcg2005 ($124.69 in chips)
Seat 9: Masqb ($76.64 in chips)
Masqb: posts small blind $1
xcgxcg2005: posts big blind $3
*** HOLE CARDS ***
Masqb: raises $3 to $6
xcgxcg2005: calls $3
*** FLOP *** [5c Qc 3h]
xcgxcg2005: checks
Masqb: bets $3
xcgxcg2005: folds
Uncalled bet ($3) returned to Masqb
Masqb collected $11.76 from pot
Masqb: doesn't show hand
*** SUMMARY ***
Total pot $12 | Rake $0.24
Board [5c Qc 3h]
Seat 5: xcgxcg2005 (big blind) folded on the Flop
Seat 9: Masqb (button) (small blind) collected ($11.76)


PokerStars Hand #152819705377:  Hold'em Limit ($3/$6 USD) - 2016/05/03 19:08:22 ET
Table 'Meyer' 10-max Seat #5 is the button
Seat 5: xcgxcg2005 ($118.93 in chips)
Seat 9: Masqb ($82.64 in chips)
xcgxcg2005: posts small blind $1
Masqb: posts big blind $3
*** HOLE CARDS ***
xcgxcg2005: raises $3 to $6
Masqb: calls $3
*** FLOP *** [Ks 8d 3h]
Masqb: checks
xcgxcg2005: bets $3
Masqb: folds
Uncalled bet ($3) returned to xcgxcg2005
xcgxcg2005 collected $11.76 from pot
xcgxcg2005: doesn't show hand
*** SUMMARY ***
Total pot $12 | Rake $0.24
Board [Ks 8d 3h]
Seat 5: xcgxcg2005 (button) (small blind) collected ($11.76)
Seat 9: Masqb (big blind) folded on the Flop


PokerStars Hand #152819754409:  Hold'em Limit ($3/$6 USD) - 2016/05/03 19:09:42 ET
Table 'Meyer' 10-max Seat #9 is the button
Seat 5: xcgxcg2005 ($139.19 in chips)
Seat 9: Masqb ($61.40 in chips)
Masqb: posts small blind $1
xcgxcg2005: posts big blind $3
*** HOLE CARDS ***
Masqb: raises $3 to $6
xcgxcg2005: raises $3 to $9
Masqb: calls $3
*** FLOP *** [Kh 7s 5d]
xcgxcg2005: bets $3
Masqb: calls $3
*** TURN *** [Kh 7s 5d] [5h]
xcgxcg2005: bets $6
Masqb: calls $6
*** RIVER *** [Kh 7s 5d 5h] [9s]
xcgxcg2005: bets $6
Masqb: calls $6
*** SHOW DOWN ***
xcgxcg2005: shows [Ah Ad] (two pair, Aces and Fives)
Masqb: mucks hand
xcgxcg2005 collected $47.50 from pot
*** SUMMARY ***
Total pot $48 | Rake $0.50
Board [Kh 7s 5d 5h 9s]
Seat 5: xcgxcg2005 (big blind) showed [Ah Ad] and won ($47.50) with two pair, Aces and Fives
Seat 9: Masqb (button) (small blind) mucked


PokerStars Hand #152819729909:  Hold'em Limit ($3/$6 USD) - 2016/05/03 19:09:02 ET
Table 'Meyer' 10-max Seat #5 is the button
Seat 5: xcgxcg2005 ($118.69 in chips)
Seat 9: Masqb ($82.40 in chips)
xcgxcg2005: posts small blind $1
Masqb: posts big blind $3
*** HOLE CARDS ***
xcgxcg2005: raises $3 to $6
Masqb: raises $3 to $9
xcgxcg2005: raises $3 to $12
Betting is capped
Masqb: calls $3
*** FLOP *** [7d 4d 9c]
Masqb: checks
xcgxcg2005: bets $3
Masqb: calls $3
*** TURN *** [7d 4d 9c] [7h]
Masqb: checks
xcgxcg2005: bets $6
Masqb: calls $6
*** RIVER *** [7d 4d 9c 7h] [Ac]
Masqb: checks
xcgxcg2005: checks
*** SHOW DOWN ***
Masqb: shows [Qc Td] (a pair of Sevens)
xcgxcg2005: shows [Kc 8h] (a pair of Sevens - Ace+King kicker)
xcgxcg2005 collected $41.50 from pot
*** SUMMARY ***
Total pot $42 | Rake $0.50
Board [7d 4d 9c 7h Ac]
Seat 5: xcgxcg2005 (button) (small blind) showed [Kc 8h] and won ($41.50) with a pair of Sevens
Seat 9: Masqb (big blind) showed [Qc Td] and lost with a pair of Sevens


PokerStars Hand #152819806337:  Hold'em Limit ($3/$6 USD) - 2016/05/03 19:11:04 ET
Table 'Meyer' 10-max Seat #5 is the button
Seat 5: xcgxcg2005 ($150.69 in chips)
Seat 9: Masqb ($91.64 in chips)
xcgxcg2005: posts small blind $1
Masqb: posts big blind $3
*** HOLE CARDS ***
xcgxcg2005: folds
Uncalled bet ($2) returned to Masqb
Masqb collected $2 from pot
Masqb: doesn't show hand
xcgxcg2005 leaves the table
*** SUMMARY ***
Total pot $2 | Rake $0
Seat 5: xcgxcg2005 (button) (small blind) folded before Flop
Seat 9: Masqb (big blind) collected ($2)


PokerStars Hand #152819801344:  Hold'em Limit ($3/$6 USD) - 2016/05/03 19:10:56 ET
Table 'Meyer' 10-max Seat #9 is the button
Seat 5: xcgxcg2005 ($153.69 in chips)
Seat 9: Masqb ($88.64 in chips)
Masqb: posts small blind $1
xcgxcg2005: posts big blind $3
*** HOLE CARDS ***
Masqb: raises $3 to $6
xcgxcg2005: folds
Uncalled bet ($3) returned to Masqb
Masqb collected $6 from pot
Masqb: doesn't show hand
*** SUMMARY ***
Total pot $6 | Rake $0
Seat 5: xcgxcg2005 (big blind) folded before Flop
Seat 9: Masqb (button) (small blind) collected ($6)


PokerStars Hand #152819784519:  Hold'em Limit ($3/$6 USD) - 2016/05/03 19:10:29 ET
Table 'Meyer' 10-max Seat #5 is the button
Seat 5: xcgxcg2005 ($162.69 in chips)
Seat 9: Masqb ($80 in chips)
xcgxcg2005: posts small blind $1
Masqb: posts big blind $3
*** HOLE CARDS ***
xcgxcg2005: raises $3 to $6
Masqb: calls $3
*** FLOP *** [6c 2d 8h]
Masqb: checks
xcgxcg2005: bets $3
Masqb: calls $3
*** TURN *** [6c 2d 8h] [Qh]
Masqb: checks
xcgxcg2005: checks
*** RIVER *** [6c 2d 8h Qh] [9c]
turtlele leaves the table
Masqb: checks
xcgxcg2005: checks
*** SHOW DOWN ***
Masqb: shows [2s As] (a pair of Deuces)
xcgxcg2005: mucks hand
Masqb collected $17.64 from pot
*** SUMMARY ***
Total pot $18 | Rake $0.36
Board [6c 2d 8h Qh 9c]
Seat 5: xcgxcg2005 (button) (small blind) mucked
Seat 9: Masqb (big blind) showed [2s As] and won ($17.64) with a pair of Deuces


