PokerStars Hand #152921075988:  Hold'em Limit ($3/$6 USD) - 2016/05/06 4:36:23 ET
Table 'Meyer' 6-max Seat #3 is the button
Seat 3: pipuuu ($140.82 in chips)
Seat 4: Mudager ($120 in chips)
pipuuu: posts small blind $1
Mudager: posts big blind $3
*** HOLE CARDS ***
pipuuu: raises $3 to $6
Mudager: calls $3
*** FLOP *** [8d Jd Th]
Mudager: checks
pipuuu: checks
*** TURN *** [8d Jd Th] [Jh]
Mudager: checks
pipuuu: checks
*** RIVER *** [8d Jd Th Jh] [9d]
Mudager: checks
pipuuu: checks
*** SHOW DOWN ***
Mudager: shows [4s 7h] (a straight, Seven to Jack)
pipuuu: mucks hand
Mudager collected $11.76 from pot
*** SUMMARY ***
Total pot $12 | Rake $0.24
Board [8d Jd Th Jh 9d]
Seat 3: pipuuu (button) (small blind) mucked
Seat 4: Mudager (big blind) showed [4s 7h] and won ($11.76) with a straight, Seven to Jack


PokerStars Hand #152921083458:  Hold'em Limit ($3/$6 USD) - 2016/05/06 4:36:45 ET
Table 'Meyer' 6-max Seat #4 is the button
Seat 3: pipuuu ($134.82 in chips)
Seat 4: Mudager ($125.76 in chips)
Mudager: posts small blind $1
pipuuu: posts big blind $3
*** HOLE CARDS ***
Mudager: raises $3 to $6
pipuuu: calls $3
*** FLOP *** [Ad 3s 2s]
pipuuu: bets $3
Mudager: raises $3 to $6
pipuuu: calls $3
*** TURN *** [Ad 3s 2s] [Jd]
pipuuu: checks
Mudager: checks
*** RIVER *** [Ad 3s 2s Jd] [Ac]
pipuuu: checks
Mudager: bets $6
NOMOS1984 joins the table at seat #5
pipuuu: folds
Uncalled bet ($6) returned to Mudager
Mudager collected $23.52 from pot
Mudager: doesn't show hand
*** SUMMARY ***
Total pot $24 | Rake $0.48
Board [Ad 3s 2s Jd Ac]
Seat 3: pipuuu (big blind) folded on the River
Seat 4: Mudager (button) (small blind) collected ($23.52)


PokerStars Hand #152921095480:  Hold'em Limit ($3/$6 USD) - 2016/05/06 4:37:21 ET
Table 'Meyer' 6-max Seat #3 is the button
Seat 3: pipuuu ($122.82 in chips)
Seat 4: Mudager ($137.28 in chips)
pipuuu: posts small blind $1
Mudager: posts big blind $3
*** HOLE CARDS ***
pipuuu: raises $3 to $6
Mudager: calls $3
*** FLOP *** [3s 7s Ac]
Mudager: checks
pipuuu: checks
*** TURN *** [3s 7s Ac] [6s]
Mudager: checks
pipuuu: checks
*** RIVER *** [3s 7s Ac 6s] [Ts]
Mudager: checks
pipuuu: bets $6
Mudager: calls $6
*** SHOW DOWN ***
pipuuu: shows [Th 8s] (a flush, Ten high)
Mudager: shows [9s Jc] (a flush, Ten high - Nine higher)
Mudager collected $23.52 from pot
*** SUMMARY ***
Total pot $24 | Rake $0.48
Board [3s 7s Ac 6s Ts]
Seat 3: pipuuu (button) (small blind) showed [Th 8s] and lost with a flush, Ten high
Seat 4: Mudager (big blind) showed [9s Jc] and won ($23.52) with a flush, Ten high


PokerStars Hand #152921314916:  Hold'em Limit ($3/$6 USD) - 2016/05/06 4:48:08 ET
Table 'Meyer' 6-max Seat #5 is the button
Seat 4: Mudager ($150.67 in chips)
Seat 5: NOMOS1984 ($164.09 in chips)
NOMOS1984: posts small blind $1
Mudager: posts big blind $3
*** HOLE CARDS ***
NOMOS1984: raises $3 to $6
Mudager: calls $3
*** FLOP *** [7d 2h 7h]
Mudager: checks
NOMOS1984: bets $3
Mudager: raises $3 to $6
NOMOS1984: calls $3
*** TURN *** [7d 2h 7h] [9s]
Mudager: bets $6
NOMOS1984: calls $6
*** RIVER *** [7d 2h 7h 9s] [2d]
Mudager: bets $6
NOMOS1984: calls $6
*** SHOW DOWN ***
Mudager: shows [7c 5c] (a full house, Sevens full of Deuces)
NOMOS1984: mucks hand
Mudager collected $47.50 from pot
JoeBlack1982 joins the table at seat #3
*** SUMMARY ***
Total pot $48 | Rake $0.50
Board [7d 2h 7h 9s 2d]
Seat 4: Mudager (big blind) showed [7c 5c] and won ($47.50) with a full house, Sevens full of Deuces
Seat 5: NOMOS1984 (button) (small blind) mucked


PokerStars Hand #152921323645:  Hold'em Limit ($3/$6 USD) - 2016/05/06 4:48:33 ET
Table 'Meyer' 6-max Seat #4 is the button
Seat 4: Mudager ($174.17 in chips)
Seat 5: NOMOS1984 ($140.09 in chips)
Mudager: posts small blind $1
NOMOS1984: posts big blind $3
*** HOLE CARDS ***
Mudager: raises $3 to $6
NOMOS1984: calls $3
*** FLOP *** [8c 5c 2s]
NOMOS1984: checks
Mudager: checks
*** TURN *** [8c 5c 2s] [Jh]
NOMOS1984: bets $6
Mudager: raises $6 to $12
NOMOS1984: folds
Uncalled bet ($6) returned to Mudager
Mudager collected $23.52 from pot
Mudager: doesn't show hand
*** SUMMARY ***
Total pot $24 | Rake $0.48
Board [8c 5c 2s Jh]
Seat 4: Mudager (button) (small blind) collected ($23.52)
Seat 5: NOMOS1984 (big blind) folded on the Turn


