PokerStars Hand #163148493583:  Hold'em Limit ($3/$6 USD) - 2016/12/18 13:45:16 ET
Table 'Meyermann II' 6-max Seat #3 is the button
Seat 2: DECAlpha ($26.17 in chips)
Seat 3: mulbros ($111 in chips)
mulbros: posts small blind $1
Krazy90: is sitting out
ZinZar: is sitting out
ZinZar leaves the table
DECAlpha: posts big blind $3
*** HOLE CARDS ***
mulbros: calls $2
Krazy90 leaves the table
Krazy90 joins the table at seat #4
DECAlpha: raises $3 to $6
mulbros: calls $3
*** FLOP *** [5h Kh Ts]
DECAlpha: bets $3
mulbros: raises $3 to $6
DECAlpha: folds
Uncalled bet ($3) returned to mulbros
mulbros collected $17.64 from pot
mulbros: doesn't show hand
*** SUMMARY ***
Total pot $18 | Rake $0.36
Board [5h Kh Ts]
Seat 2: DECAlpha (big blind) folded on the Flop
Seat 3: mulbros (button) (small blind) collected ($17.64)


PokerStars Hand #163148518505:  Hold'em Limit ($3/$6 USD) - 2016/12/18 13:45:40 ET
Table 'Meyermann II' 6-max Seat #2 is the button
Seat 2: DECAlpha ($17.17 in chips)
Seat 3: mulbros ($119.64 in chips)
DECAlpha: posts small blind $1
mulbros: posts big blind $3
*** HOLE CARDS ***
DECAlpha: raises $3 to $6
mulbros: calls $3
*** FLOP *** [Ad 7d Jh]
mulbros: checks
DECAlpha: bets $3
mulbros: folds
Uncalled bet ($3) returned to DECAlpha
DECAlpha collected $11.76 from pot
DECAlpha: doesn't show hand
*** SUMMARY ***
Total pot $12 | Rake $0.24
Board [Ad 7d Jh]
Seat 2: DECAlpha (button) (small blind) collected ($11.76)
Seat 3: mulbros (big blind) folded on the Flop


PokerStars Hand #163153172956:  Hold'em Limit ($3/$6 USD) - 2016/12/18 15:00:30 ET
Table 'Meyermann II' 6-max Seat #4 is the button
Seat 1: Hannibal2211 ($160.50 in chips)
Seat 4: ABATAPP ($115.11 in chips)
ABATAPP: posts small blind $1
Hannibal2211: posts big blind $3
*** HOLE CARDS ***
ABATAPP: raises $3 to $6
Hannibal2211: folds
Uncalled bet ($3) returned to ABATAPP
ABATAPP collected $6 from pot
ABATAPP: doesn't show hand
*** SUMMARY ***
Total pot $6 | Rake $0
Seat 1: Hannibal2211 (big blind) folded before Flop
Seat 4: ABATAPP (button) (small blind) collected ($6)


PokerStars Hand #163153144060:  Hold'em Limit ($3/$6 USD) - 2016/12/18 14:59:54 ET
Table 'Meyermann II' 6-max Seat #1 is the button
Seat 1: Hannibal2211 ($166.50 in chips)
Seat 4: ABATAPP ($109.35 in chips)
Hannibal2211: posts small blind $1
ABATAPP: posts big blind $3
*** HOLE CARDS ***
avalonia777 leaves the table
Hannibal2211: raises $3 to $6
LWNS leaves the table
ABATAPP: calls $3
*** FLOP *** [7d Qh Tc]
ABATAPP: checks
Hannibal2211: checks
*** TURN *** [7d Qh Tc] [Qs]
ABATAPP: bets $6
Hannibal2211: folds
Uncalled bet ($6) returned to ABATAPP
ABATAPP collected $11.76 from pot
ABATAPP: doesn't show hand
*** SUMMARY ***
Total pot $12 | Rake $0.24
Board [7d Qh Tc Qs]
Seat 1: Hannibal2211 (button) (small blind) folded on the Turn
Seat 4: ABATAPP (big blind) collected ($11.76)


PokerStars Hand #163153138876:  Hold'em Limit ($3/$6 USD) - 2016/12/18 14:59:48 ET
Table 'Meyermann II' 6-max Seat #3 is the button
Seat 1: Hannibal2211 ($165.50 in chips)
Seat 3: HasThaHustle ($135.16 in chips)
HasThaHustle: posts small blind $1
LWNS: is sitting out
Hannibal2211: posts big blind $3
*** HOLE CARDS ***
HasThaHustle: folds
Uncalled bet ($2) returned to Hannibal2211
Hannibal2211 collected $2 from pot
*** SUMMARY ***
Total pot $2 | Rake $0
Seat 1: Hannibal2211 (big blind) collected ($2)
Seat 3: HasThaHustle (button) (small blind) folded before Flop


