PokerStars Hand #161573387092:  Hold'em Limit ($3/$6 USD) - 2016/11/18 0:35:04 ET
Table 'Meyer' 6-max Seat #5 is the button
Seat 3: chanchorengo ($37.58 in chips)
Seat 5: RaisemyNut$ ($200.09 in chips)
RaisemyNut$: posts small blind $1
chanchorengo: posts big blind $3
*** HOLE CARDS ***
RaisemyNut$: folds
Uncalled bet ($2) returned to chanchorengo
chanchorengo collected $2 from pot
chanchorengo: doesn't show hand
*** SUMMARY ***
Total pot $2 | Rake $0
Seat 3: chanchorengo (big blind) collected ($2)
Seat 5: RaisemyNut$ (button) (small blind) folded before Flop


PokerStars Hand #161573380513:  Hold'em Limit ($3/$6 USD) - 2016/11/18 0:34:40 ET
Table 'Meyer' 6-max Seat #3 is the button
Seat 3: chanchorengo ($19.04 in chips)
Seat 5: RaisemyNut$ ($219.13 in chips)
chanchorengo: posts small blind $1
Velbor107: is sitting out
RaisemyNut$: posts big blind $3
*** HOLE CARDS ***
Velbor107 leaves the table
chanchorengo: raises $3 to $6
RaisemyNut$: calls $3
*** FLOP *** [Tc 8d 2c]
RaisemyNut$: checks
chanchorengo: checks
*** TURN *** [Tc 8d 2c] [9d]
RaisemyNut$: bets $6
chanchorengo: calls $6
*** RIVER *** [Tc 8d 2c 9d] [Js]
RaisemyNut$: bets $6
chanchorengo: raises $1.04 to $7.04 and is all-in
RaisemyNut$: calls $1.04
*** SHOW DOWN ***
chanchorengo: shows [7c 5d] (a straight, Seven to Jack)
RaisemyNut$: shows [Jc 6h] (a pair of Jacks)
chanchorengo collected $37.58 from pot
*** SUMMARY ***
Total pot $38.08 | Rake $0.50
Board [Tc 8d 2c 9d Js]
Seat 3: chanchorengo (button) (small blind) showed [7c 5d] and won ($37.58) with a straight, Seven to Jack
Seat 5: RaisemyNut$ (big blind) showed [Jc 6h] and lost with a pair of Jacks


PokerStars Hand #161573388588:  Hold'em Limit ($3/$6 USD) - 2016/11/18 0:35:10 ET
Table 'Meyer' 6-max Seat #3 is the button
Seat 3: chanchorengo ($38.58 in chips)
Seat 5: RaisemyNut$ ($199.09 in chips)
chanchorengo: posts small blind $1
RaisemyNut$: posts big blind $3
*** HOLE CARDS ***
chanchorengo: calls $2
RaisemyNut$: checks
*** FLOP *** [2c Kh 4d]
RaisemyNut$: bets $3
chanchorengo: folds
Uncalled bet ($3) returned to RaisemyNut$
RaisemyNut$ collected $5.88 from pot
RaisemyNut$: doesn't show hand
*** SUMMARY ***
Total pot $6 | Rake $0.12
Board [2c Kh 4d]
Seat 3: chanchorengo (button) (small blind) folded on the Flop
Seat 5: RaisemyNut$ (big blind) collected ($5.88)


PokerStars Hand #161573398000:  Hold'em Limit ($3/$6 USD) - 2016/11/18 0:35:44 ET
Table 'Meyer' 6-max Seat #3 is the button
Seat 3: chanchorengo ($44.22 in chips)
Seat 5: RaisemyNut$ ($192.97 in chips)
chanchorengo: posts small blind $1
RaisemyNut$: posts big blind $3
*** HOLE CARDS ***
chanchorengo: folds
Uncalled bet ($2) returned to RaisemyNut$
RaisemyNut$ collected $2 from pot
RaisemyNut$: doesn't show hand
*** SUMMARY ***
Total pot $2 | Rake $0
Seat 3: chanchorengo (button) (small blind) folded before Flop
Seat 5: RaisemyNut$ (big blind) collected ($2)


PokerStars Hand #161573391909:  Hold'em Limit ($3/$6 USD) - 2016/11/18 0:35:22 ET
Table 'Meyer' 6-max Seat #5 is the button
Seat 3: chanchorengo ($35.58 in chips)
Seat 5: RaisemyNut$ ($201.97 in chips)
RaisemyNut$: posts small blind $1
chanchorengo: posts big blind $3
*** HOLE CARDS ***
RaisemyNut$: raises $3 to $6
chanchorengo: calls $3
*** FLOP *** [9c 3c Jh]
chanchorengo: checks
RaisemyNut$: bets $3
chanchorengo: calls $3
*** TURN *** [9c 3c Jh] [Jc]
chanchorengo: checks
RaisemyNut$: checks
*** RIVER *** [9c 3c Jh Jc] [2c]
chanchorengo: bets $6
RaisemyNut$: folds
Uncalled bet ($6) returned to chanchorengo
chanchorengo collected $17.64 from pot
chanchorengo: doesn't show hand
*** SUMMARY ***
Total pot $18 | Rake $0.36
Board [9c 3c Jh Jc 2c]
Seat 3: chanchorengo (big blind) collected ($17.64)
Seat 5: RaisemyNut$ (button) (small blind) folded on the River


PokerStars Hand #161573413890:  Hold'em Limit ($3/$6 USD) - 2016/11/18 0:36:43 ET
Table 'Meyer' 6-max Seat #5 is the button
Seat 3: chanchorengo ($84.22 in chips)
Seat 5: RaisemyNut$ ($151.97 in chips)
RaisemyNut$: posts small blind $1
chanchorengo: posts big blind $3
*** HOLE CARDS ***
RaisemyNut$: raises $3 to $6
chanchorengo: calls $3
*** FLOP *** [4s 8c Kh]
chanchorengo: checks
RaisemyNut$: bets $3
chanchorengo: calls $3
*** TURN *** [4s 8c Kh] [2h]
chanchorengo: checks
RaisemyNut$: bets $6
chanchorengo: calls $6
*** RIVER *** [4s 8c Kh 2h] [7c]
chanchorengo: bets $6
RaisemyNut$: calls $6
*** SHOW DOWN ***
chanchorengo: shows [Kd 9c] (a pair of Kings)
RaisemyNut$: mucks hand
chanchorengo collected $41.50 from pot
*** SUMMARY ***
Total pot $42 | Rake $0.50
Board [4s 8c Kh 2h 7c]
Seat 3: chanchorengo (big blind) showed [Kd 9c] and won ($41.50) with a pair of Kings
Seat 5: RaisemyNut$ (button) (small blind) mucked


PokerStars Hand #161573407467:  Hold'em Limit ($3/$6 USD) - 2016/11/18 0:36:19 ET
Table 'Meyer' 6-max Seat #3 is the button
Seat 3: chanchorengo ($69.72 in chips)
Seat 5: RaisemyNut$ ($166.97 in chips)
chanchorengo: posts small blind $1
RaisemyNut$: posts big blind $3
*** HOLE CARDS ***
chanchorengo: calls $2
RaisemyNut$: raises $3 to $6
chanchorengo: calls $3
*** FLOP *** [8d Tc Qh]
RaisemyNut$: bets $3
chanchorengo: calls $3
*** TURN *** [8d Tc Qh] [6s]
RaisemyNut$: bets $6
chanchorengo: calls $6
*** RIVER *** [8d Tc Qh 6s] [5s]
RaisemyNut$: checks
chanchorengo: bets $6
RaisemyNut$: folds
Uncalled bet ($6) returned to chanchorengo
chanchorengo collected $29.50 from pot
chanchorengo: doesn't show hand
*** SUMMARY ***
Total pot $30 | Rake $0.50
Board [8d Tc Qh 6s 5s]
Seat 3: chanchorengo (button) (small blind) collected ($29.50)
Seat 5: RaisemyNut$ (big blind) folded on the River


PokerStars Hand #161573399627:  Hold'em Limit ($3/$6 USD) - 2016/11/18 0:35:50 ET
Table 'Meyer' 6-max Seat #5 is the button
Seat 3: chanchorengo ($43.22 in chips)
Seat 5: RaisemyNut$ ($193.97 in chips)
RaisemyNut$: posts small blind $1
chanchorengo: posts big blind $3
*** HOLE CARDS ***
RaisemyNut$: raises $3 to $6
chanchorengo: calls $3
*** FLOP *** [9c 2s 6s]
chanchorengo: checks
RaisemyNut$: bets $3
chanchorengo: calls $3
*** TURN *** [9c 2s 6s] [2h]
chanchorengo: checks
RaisemyNut$: bets $6
chanchorengo: raises $6 to $12
RaisemyNut$: calls $6
*** RIVER *** [9c 2s 6s 2h] [3d]
chanchorengo: bets $6
RaisemyNut$: calls $6
*** SHOW DOWN ***
chanchorengo: shows [9s 9h] (a full house, Nines full of Deuces)
RaisemyNut$: mucks hand
chanchorengo collected $53.50 from pot
*** SUMMARY ***
Total pot $54 | Rake $0.50
Board [9c 2s 6s 2h 3d]
Seat 3: chanchorengo (big blind) showed [9s 9h] and won ($53.50) with a full house, Nines full of Deuces
Seat 5: RaisemyNut$ (button) (small blind) mucked


PokerStars Hand #161573429467:  Hold'em Limit ($3/$6 USD) - 2016/11/18 0:37:41 ET
Table 'Meyer' 6-max Seat #5 is the button
Seat 3: chanchorengo ($95.72 in chips)
Seat 5: RaisemyNut$ ($139.61 in chips)
RaisemyNut$: posts small blind $1
chanchorengo: posts big blind $3
*** HOLE CARDS ***
RaisemyNut$: folds
Uncalled bet ($2) returned to chanchorengo
chanchorengo collected $2 from pot
chanchorengo: doesn't show hand
*** SUMMARY ***
Total pot $2 | Rake $0
Seat 3: chanchorengo (big blind) collected ($2)
Seat 5: RaisemyNut$ (button) (small blind) folded before Flop


PokerStars Hand #161573422988:  Hold'em Limit ($3/$6 USD) - 2016/11/18 0:37:17 ET
Table 'Meyer' 6-max Seat #3 is the button
Seat 3: chanchorengo ($104.72 in chips)
Seat 5: RaisemyNut$ ($130.97 in chips)
chanchorengo: posts small blind $1
RaisemyNut$: posts big blind $3
*** HOLE CARDS ***
chanchorengo: calls $2
RaisemyNut$: raises $3 to $6
chanchorengo: calls $3
*** FLOP *** [3c Js 5s]
RaisemyNut$: bets $3
chanchorengo: calls $3
*** TURN *** [3c Js 5s] [Ks]
RaisemyNut$: bets $6
chanchorengo: folds
Uncalled bet ($6) returned to RaisemyNut$
RaisemyNut$ collected $17.64 from pot
RaisemyNut$: doesn't show hand
*** SUMMARY ***
Total pot $18 | Rake $0.36
Board [3c Js 5s Ks]
Seat 3: chanchorengo (button) (small blind) folded on the Turn
Seat 5: RaisemyNut$ (big blind) collected ($17.64)


PokerStars Hand #161573433002:  Hold'em Limit ($3/$6 USD) - 2016/11/18 0:37:54 ET
Table 'Meyer' 6-max Seat #5 is the button
Seat 3: chanchorengo ($95.72 in chips)
Seat 5: RaisemyNut$ ($139.61 in chips)
RaisemyNut$: posts small blind $1
chanchorengo: posts big blind $3
*** HOLE CARDS ***
RaisemyNut$: raises $3 to $6
chanchorengo: calls $3
*** FLOP *** [As 2c 9h]
chanchorengo: checks
RaisemyNut$: bets $3
chanchorengo: folds
Uncalled bet ($3) returned to RaisemyNut$
RaisemyNut$ collected $11.76 from pot
RaisemyNut$: doesn't show hand
*** SUMMARY ***
Total pot $12 | Rake $0.24
Board [As 2c 9h]
Seat 3: chanchorengo (big blind) folded on the Flop
Seat 5: RaisemyNut$ (button) (small blind) collected ($11.76)


PokerStars Hand #161573421267:  Hold'em Limit ($3/$6 USD) - 2016/11/18 0:37:11 ET
Table 'Meyer' 6-max Seat #5 is the button
Seat 3: chanchorengo ($103.72 in chips)
Seat 5: RaisemyNut$ ($131.97 in chips)
RaisemyNut$: posts small blind $1
chanchorengo: posts big blind $3
*** HOLE CARDS ***
RaisemyNut$: folds
Uncalled bet ($2) returned to chanchorengo
chanchorengo collected $2 from pot
chanchorengo: doesn't show hand
*** SUMMARY ***
Total pot $2 | Rake $0
Seat 3: chanchorengo (big blind) collected ($2)
Seat 5: RaisemyNut$ (button) (small blind) folded before Flop


PokerStars Hand #161573419948:  Hold'em Limit ($3/$6 USD) - 2016/11/18 0:37:06 ET
Table 'Meyer' 6-max Seat #3 is the button
Seat 3: chanchorengo ($104.72 in chips)
Seat 5: RaisemyNut$ ($130.97 in chips)
chanchorengo: posts small blind $1
RaisemyNut$: posts big blind $3
*** HOLE CARDS ***
chanchorengo: folds
Uncalled bet ($2) returned to RaisemyNut$
RaisemyNut$ collected $2 from pot
RaisemyNut$: doesn't show hand
*** SUMMARY ***
Total pot $2 | Rake $0
Seat 3: chanchorengo (button) (small blind) folded before Flop
Seat 5: RaisemyNut$ (big blind) collected ($2)


PokerStars Hand #161573431212:  Hold'em Limit ($3/$6 USD) - 2016/11/18 0:37:48 ET
Table 'Meyer' 6-max Seat #3 is the button
Seat 3: chanchorengo ($96.72 in chips)
Seat 5: RaisemyNut$ ($138.61 in chips)
chanchorengo: posts small blind $1
RaisemyNut$: posts big blind $3
*** HOLE CARDS ***
chanchorengo: folds
Uncalled bet ($2) returned to RaisemyNut$
RaisemyNut$ collected $2 from pot
RaisemyNut$: doesn't show hand
*** SUMMARY ***
Total pot $2 | Rake $0
Seat 3: chanchorengo (button) (small blind) folded before Flop
Seat 5: RaisemyNut$ (big blind) collected ($2)


PokerStars Hand #161573437149:  Hold'em Limit ($3/$6 USD) - 2016/11/18 0:38:10 ET
Table 'Meyer' 6-max Seat #3 is the button
Seat 3: chanchorengo ($89.72 in chips)
Seat 5: RaisemyNut$ ($145.37 in chips)
chanchorengo: posts small blind $1
RaisemyNut$: posts big blind $3
*** HOLE CARDS ***
chanchorengo: calls $2
RaisemyNut$: checks
*** FLOP *** [5h 6c 6h]
RaisemyNut$: checks
chanchorengo: checks
*** TURN *** [5h 6c 6h] [5s]
RaisemyNut$: checks
chanchorengo: bets $6
RaisemyNut$: folds
Uncalled bet ($6) returned to chanchorengo
chanchorengo collected $5.88 from pot
chanchorengo: doesn't show hand
*** SUMMARY ***
Total pot $6 | Rake $0.12
Board [5h 6c 6h 5s]
Seat 3: chanchorengo (button) (small blind) collected ($5.88)
Seat 5: RaisemyNut$ (big blind) folded on the Turn


PokerStars Hand #161573451340:  Hold'em Limit ($3/$6 USD) - 2016/11/18 0:39:02 ET
Table 'Meyer' 6-max Seat #3 is the button
Seat 3: chanchorengo ($86.60 in chips)
Seat 5: RaisemyNut$ ($148.13 in chips)
chanchorengo: posts small blind $1
RaisemyNut$: posts big blind $3
*** HOLE CARDS ***
chanchorengo: folds
Uncalled bet ($2) returned to RaisemyNut$
RaisemyNut$ collected $2 from pot
RaisemyNut$: doesn't show hand
*** SUMMARY ***
Total pot $2 | Rake $0
Seat 3: chanchorengo (button) (small blind) folded before Flop
Seat 5: RaisemyNut$ (big blind) collected ($2)


PokerStars Hand #161573446362:  Hold'em Limit ($3/$6 USD) - 2016/11/18 0:38:44 ET
Table 'Meyer' 6-max Seat #5 is the button
Seat 3: chanchorengo ($92.60 in chips)
Seat 5: RaisemyNut$ ($142.37 in chips)
RaisemyNut$: posts small blind $1
chanchorengo: posts big blind $3
*** HOLE CARDS ***
RaisemyNut$: raises $3 to $6
chanchorengo: calls $3
*** FLOP *** [7h Ks Kd]
chanchorengo: checks
RaisemyNut$: bets $3
chanchorengo: folds
Uncalled bet ($3) returned to RaisemyNut$
RaisemyNut$ collected $11.76 from pot
RaisemyNut$: doesn't show hand
*** SUMMARY ***
Total pot $12 | Rake $0.24
Board [7h Ks Kd]
Seat 3: chanchorengo (big blind) folded on the Flop
Seat 5: RaisemyNut$ (button) (small blind) collected ($11.76)


PokerStars Hand #161573454307:  Hold'em Limit ($3/$6 USD) - 2016/11/18 0:39:13 ET
Table 'Meyer' 6-max Seat #3 is the button
Seat 3: chanchorengo ($86.60 in chips)
Seat 5: RaisemyNut$ ($148.13 in chips)
chanchorengo: posts small blind $1
RaisemyNut$: posts big blind $3
*** HOLE CARDS ***
chanchorengo: calls $2
RaisemyNut$: checks
*** FLOP *** [3s Js Ts]
RaisemyNut$: bets $3
chanchorengo: calls $3
*** TURN *** [3s Js Ts] [5h]
RaisemyNut$: checks
chanchorengo: checks
*** RIVER *** [3s Js Ts 5h] [Ks]
RaisemyNut$: checks
chanchorengo: bets $6
RaisemyNut$: folds
Uncalled bet ($6) returned to chanchorengo
chanchorengo collected $11.76 from pot
chanchorengo: doesn't show hand
*** SUMMARY ***
Total pot $12 | Rake $0.24
Board [3s Js Ts 5h Ks]
Seat 3: chanchorengo (button) (small blind) collected ($11.76)
Seat 5: RaisemyNut$ (big blind) folded on the River


PokerStars Hand #161573452748:  Hold'em Limit ($3/$6 USD) - 2016/11/18 0:39:07 ET
Table 'Meyer' 6-max Seat #5 is the button
Seat 3: chanchorengo ($85.60 in chips)
Seat 5: RaisemyNut$ ($149.13 in chips)
RaisemyNut$: posts small blind $1
chanchorengo: posts big blind $3
*** HOLE CARDS ***
RaisemyNut$: folds
Uncalled bet ($2) returned to chanchorengo
chanchorengo collected $2 from pot
chanchorengo: doesn't show hand
*** SUMMARY ***
Total pot $2 | Rake $0
Seat 3: chanchorengo (big blind) collected ($2)
Seat 5: RaisemyNut$ (button) (small blind) folded before Flop


PokerStars Hand #161573495464:  Hold'em Limit ($3/$6 USD) - 2016/11/18 0:41:46 ET
Table 'Meyer' 6-max Seat #3 is the button
Seat 3: chanchorengo ($71.36 in chips)
Seat 5: RaisemyNut$ ($162.63 in chips)
chanchorengo: posts small blind $1
RaisemyNut$: posts big blind $3
*** HOLE CARDS ***
chanchorengo: folds
Uncalled bet ($2) returned to RaisemyNut$
RaisemyNut$ collected $2 from pot
RaisemyNut$: doesn't show hand
*** SUMMARY ***
Total pot $2 | Rake $0
Seat 3: chanchorengo (button) (small blind) folded before Flop
Seat 5: RaisemyNut$ (big blind) collected ($2)


PokerStars Hand #161573460931:  Hold'em Limit ($3/$6 USD) - 2016/11/18 0:39:37 ET
Table 'Meyer' 6-max Seat #5 is the button
Seat 3: chanchorengo ($92.36 in chips)
Seat 5: RaisemyNut$ ($142.13 in chips)
RaisemyNut$: posts small blind $1
chanchorengo: posts big blind $3
*** HOLE CARDS ***
RaisemyNut$: raises $3 to $6
chanchorengo: calls $3
*** FLOP *** [8h 8c Td]
chanchorengo: checks
RaisemyNut$: bets $3
chanchorengo: calls $3
*** TURN *** [8h 8c Td] [9d]
chanchorengo: checks
RaisemyNut$ is disconnected
RaisemyNut$ is connected
RaisemyNut$: bets $6
chanchorengo: calls $6
*** RIVER *** [8h 8c Td 9d] [Ks]
chanchorengo: checks
RaisemyNut$: bets $6
chanchorengo: calls $6
*** SHOW DOWN ***
RaisemyNut$: shows [Tc 9c] (two pair, Tens and Nines)
chanchorengo: mucks hand
RaisemyNut$ collected $41.50 from pot
*** SUMMARY ***
Total pot $42 | Rake $0.50
Board [8h 8c Td 9d Ks]
Seat 3: chanchorengo (big blind) mucked
Seat 5: RaisemyNut$ (button) (small blind) showed [Tc 9c] and won ($41.50) with two pair, Tens and Nines


PokerStars Hand #161573496906:  Hold'em Limit ($3/$6 USD) - 2016/11/18 0:41:51 ET
Table 'Meyer' 6-max Seat #5 is the button
Seat 3: chanchorengo ($70.36 in chips)
Seat 5: RaisemyNut$ ($163.63 in chips)
RaisemyNut$: posts small blind $1
chanchorengo: posts big blind $3
*** HOLE CARDS ***
RaisemyNut$: raises $3 to $6
chanchorengo: calls $3
*** FLOP *** [6c 7d 3h]
chanchorengo: checks
RaisemyNut$: bets $3
chanchorengo: calls $3
*** TURN *** [6c 7d 3h] [Tc]
chanchorengo: bets $6
RaisemyNut$: calls $6
*** RIVER *** [6c 7d 3h Tc] [6h]
chanchorengo: bets $6
RaisemyNut$: folds
Uncalled bet ($6) returned to chanchorengo
chanchorengo collected $29.50 from pot
chanchorengo: doesn't show hand
*** SUMMARY ***
Total pot $30 | Rake $0.50
Board [6c 7d 3h Tc 6h]
Seat 3: chanchorengo (big blind) collected ($29.50)
Seat 5: RaisemyNut$ (button) (small blind) folded on the River


PokerStars Hand #161573503348:  Hold'em Limit ($3/$6 USD) - 2016/11/18 0:42:15 ET
Table 'Meyer' 6-max Seat #3 is the button
Seat 3: chanchorengo ($84.86 in chips)
Seat 5: RaisemyNut$ ($148.63 in chips)
chanchorengo: posts small blind $1
RaisemyNut$: posts big blind $3
*** HOLE CARDS ***
chanchorengo: calls $2
RaisemyNut$: checks
*** FLOP *** [7s 3c 2d]
RaisemyNut$: checks
chanchorengo: bets $3
RaisemyNut$ has timed out
RaisemyNut$: folds
Uncalled bet ($3) returned to chanchorengo
chanchorengo collected $5.88 from pot
chanchorengo: doesn't show hand
*** SUMMARY ***
Total pot $6 | Rake $0.12
Board [7s 3c 2d]
Seat 3: chanchorengo (button) (small blind) collected ($5.88)
Seat 5: RaisemyNut$ (big blind) folded on the Flop


PokerStars Hand #161573524996:  Hold'em Limit ($3/$6 USD) - 2016/11/18 0:43:35 ET
Table 'Meyer' 6-max Seat #5 is the button
Seat 3: chanchorengo ($75.74 in chips)
Seat 5: RaisemyNut$ ($157.27 in chips)
RaisemyNut$: posts small blind $1
chanchorengo: posts big blind $3
*** HOLE CARDS ***
RaisemyNut$: raises $3 to $6
chanchorengo: calls $3
*** FLOP *** [2c 3s 8s]
chanchorengo: checks
RaisemyNut$: bets $3
chanchorengo: calls $3
*** TURN *** [2c 3s 8s] [Kh]
chanchorengo: checks
RaisemyNut$: bets $6
chanchorengo: folds
Uncalled bet ($6) returned to RaisemyNut$
RaisemyNut$ collected $17.64 from pot
RaisemyNut$: doesn't show hand
*** SUMMARY ***
Total pot $18 | Rake $0.36
Board [2c 3s 8s Kh]
Seat 3: chanchorengo (big blind) folded on the Turn
Seat 5: RaisemyNut$ (button) (small blind) collected ($17.64)


PokerStars Hand #161573516626:  Hold'em Limit ($3/$6 USD) - 2016/11/18 0:43:04 ET
Table 'Meyer' 6-max Seat #5 is the button
Seat 3: chanchorengo ($87.74 in chips)
Seat 5: RaisemyNut$ ($145.63 in chips)
RaisemyNut$: posts small blind $1
chanchorengo: posts big blind $3
*** HOLE CARDS ***
RaisemyNut$: raises $3 to $6
chanchorengo: folds
Uncalled bet ($3) returned to RaisemyNut$
RaisemyNut$ collected $6 from pot
RaisemyNut$: doesn't show hand
*** SUMMARY ***
Total pot $6 | Rake $0
Seat 3: chanchorengo (big blind) folded before Flop
Seat 5: RaisemyNut$ (button) (small blind) collected ($6)


PokerStars Hand #161573519423:  Hold'em Limit ($3/$6 USD) - 2016/11/18 0:43:15 ET
Table 'Meyer' 6-max Seat #3 is the button
Seat 3: chanchorengo ($84.74 in chips)
Seat 5: RaisemyNut$ ($148.63 in chips)
chanchorengo: posts small blind $1
RaisemyNut$: posts big blind $3
*** HOLE CARDS ***
chanchorengo: calls $2
RaisemyNut$: raises $3 to $6
chanchorengo: calls $3
*** FLOP *** [3c 7h 9c]
RaisemyNut$: bets $3
chanchorengo: calls $3
*** TURN *** [3c 7h 9c] [Ad]
RaisemyNut$: bets $6
chanchorengo: folds
Uncalled bet ($6) returned to RaisemyNut$
RaisemyNut$ collected $17.64 from pot
RaisemyNut$: doesn't show hand
*** SUMMARY ***
Total pot $18 | Rake $0.36
Board [3c 7h 9c Ad]
Seat 3: chanchorengo (button) (small blind) folded on the Turn
Seat 5: RaisemyNut$ (big blind) collected ($17.64)


PokerStars Hand #161573530224:  Hold'em Limit ($3/$6 USD) - 2016/11/18 0:43:54 ET
Table 'Meyer' 6-max Seat #3 is the button
Seat 3: chanchorengo ($66.74 in chips)
Seat 5: RaisemyNut$ ($165.91 in chips)
chanchorengo: posts small blind $1
RaisemyNut$: posts big blind $3
*** HOLE CARDS ***
chanchorengo: raises $3 to $6
RaisemyNut$: calls $3
*** FLOP *** [Kd 6c 3c]
RaisemyNut$: checks
chanchorengo: bets $3
RaisemyNut$: calls $3
*** TURN *** [Kd 6c 3c] [4h]
RaisemyNut$: checks
chanchorengo: bets $6
RaisemyNut$: calls $6
*** RIVER *** [Kd 6c 3c 4h] [5d]
RaisemyNut$: checks
chanchorengo: checks
*** SHOW DOWN ***
RaisemyNut$: shows [Tc Ad] (high card Ace)
chanchorengo: shows [Jc As] (high card Ace - King+Jack kicker)
chanchorengo collected $29.50 from pot
*** SUMMARY ***
Total pot $30 | Rake $0.50
Board [Kd 6c 3c 4h 5d]
Seat 3: chanchorengo (button) (small blind) showed [Jc As] and won ($29.50) with high card Ace
Seat 5: RaisemyNut$ (big blind) showed [Tc Ad] and lost with high card Ace


PokerStars Hand #161573535447:  Hold'em Limit ($3/$6 USD) - 2016/11/18 0:44:14 ET
Table 'Meyer' 6-max Seat #5 is the button
Seat 3: chanchorengo ($81.24 in chips)
Seat 5: RaisemyNut$ ($150.91 in chips)
RaisemyNut$: posts small blind $1
chanchorengo: posts big blind $3
*** HOLE CARDS ***
RaisemyNut$: raises $3 to $6
chanchorengo: calls $3
*** FLOP *** [6s 9c Qs]
chanchorengo: checks
RaisemyNut$: bets $3
chanchorengo: calls $3
*** TURN *** [6s 9c Qs] [5h]
chanchorengo: checks
RaisemyNut$: checks
*** RIVER *** [6s 9c Qs 5h] [Ah]
chanchorengo: bets $6
RaisemyNut$: folds
Uncalled bet ($6) returned to chanchorengo
chanchorengo collected $17.64 from pot
chanchorengo: doesn't show hand
*** SUMMARY ***
Total pot $18 | Rake $0.36
Board [6s 9c Qs 5h Ah]
Seat 3: chanchorengo (big blind) collected ($17.64)
Seat 5: RaisemyNut$ (button) (small blind) folded on the River


PokerStars Hand #161573541500:  Hold'em Limit ($3/$6 USD) - 2016/11/18 0:44:37 ET
Table 'Meyer' 6-max Seat #3 is the button
Seat 3: chanchorengo ($89.88 in chips)
Seat 5: RaisemyNut$ ($141.91 in chips)
chanchorengo: posts small blind $1
RaisemyNut$: posts big blind $3
*** HOLE CARDS ***
chanchorengo: calls $2
RaisemyNut$: checks
*** FLOP *** [3d 5s Ah]
RaisemyNut$: bets $3
chanchorengo: folds
Uncalled bet ($3) returned to RaisemyNut$
RaisemyNut$ collected $5.88 from pot
RaisemyNut$: doesn't show hand
*** SUMMARY ***
Total pot $6 | Rake $0.12
Board [3d 5s Ah]
Seat 3: chanchorengo (button) (small blind) folded on the Flop
Seat 5: RaisemyNut$ (big blind) collected ($5.88)


PokerStars Hand #161573546799:  Hold'em Limit ($3/$6 USD) - 2016/11/18 0:44:56 ET
Table 'Meyer' 6-max Seat #3 is the button
Seat 3: chanchorengo ($83.88 in chips)
Seat 5: RaisemyNut$ ($147.79 in chips)
chanchorengo: posts small blind $1
RaisemyNut$: posts big blind $3
*** HOLE CARDS ***
chanchorengo: folds
Uncalled bet ($2) returned to RaisemyNut$
RaisemyNut$ collected $2 from pot
RaisemyNut$: doesn't show hand
*** SUMMARY ***
Total pot $2 | Rake $0
Seat 3: chanchorengo (button) (small blind) folded before Flop
Seat 5: RaisemyNut$ (big blind) collected ($2)


PokerStars Hand #161573544976:  Hold'em Limit ($3/$6 USD) - 2016/11/18 0:44:50 ET
Table 'Meyer' 6-max Seat #5 is the button
Seat 3: chanchorengo ($86.88 in chips)
Seat 5: RaisemyNut$ ($144.79 in chips)
RaisemyNut$: posts small blind $1
chanchorengo: posts big blind $3
*** HOLE CARDS ***
RaisemyNut$: raises $3 to $6
chanchorengo: folds
Uncalled bet ($3) returned to RaisemyNut$
RaisemyNut$ collected $6 from pot
RaisemyNut$: doesn't show hand
*** SUMMARY ***
Total pot $6 | Rake $0
Seat 3: chanchorengo (big blind) folded before Flop
Seat 5: RaisemyNut$ (button) (small blind) collected ($6)


PokerStars Hand #161573561315:  Hold'em Limit ($3/$6 USD) - 2016/11/18 0:45:50 ET
Table 'Meyer' 6-max Seat #5 is the button
Seat 3: chanchorengo ($100.16 in chips)
Seat 5: RaisemyNut$ ($130.79 in chips)
RaisemyNut$: posts small blind $1
chanchorengo: posts big blind $3
*** HOLE CARDS ***
RaisemyNut$: raises $3 to $6
chanchorengo: calls $3
*** FLOP *** [Th Kd 8d]
chanchorengo: checks
RaisemyNut$: bets $3
chanchorengo: folds
Uncalled bet ($3) returned to RaisemyNut$
RaisemyNut$ collected $11.76 from pot
RaisemyNut$: doesn't show hand
*** SUMMARY ***
Total pot $12 | Rake $0.24
Board [Th Kd 8d]
Seat 3: chanchorengo (big blind) folded on the Flop
Seat 5: RaisemyNut$ (button) (small blind) collected ($11.76)


PokerStars Hand #161573552661:  Hold'em Limit ($3/$6 USD) - 2016/11/18 0:45:18 ET
Table 'Meyer' 6-max Seat #3 is the button
Seat 3: chanchorengo ($91.52 in chips)
Seat 5: RaisemyNut$ ($139.79 in chips)
chanchorengo: posts small blind $1
RaisemyNut$: posts big blind $3
*** HOLE CARDS ***
chanchorengo: calls $2
RaisemyNut$: raises $3 to $6
chanchorengo: calls $3
*** FLOP *** [8d Jh 5c]
RaisemyNut$: bets $3
chanchorengo: calls $3
*** TURN *** [8d Jh 5c] [Jd]
RaisemyNut$: checks
chanchorengo: bets $6
RaisemyNut$: folds
Uncalled bet ($6) returned to chanchorengo
chanchorengo collected $17.64 from pot
chanchorengo: doesn't show hand
*** SUMMARY ***
Total pot $18 | Rake $0.36
Board [8d Jh 5c Jd]
Seat 3: chanchorengo (button) (small blind) collected ($17.64)
Seat 5: RaisemyNut$ (big blind) folded on the Turn


PokerStars Hand #161573548322:  Hold'em Limit ($3/$6 USD) - 2016/11/18 0:45:02 ET
Table 'Meyer' 6-max Seat #5 is the button
Seat 3: chanchorengo ($82.88 in chips)
Seat 5: RaisemyNut$ ($148.79 in chips)
RaisemyNut$: posts small blind $1
chanchorengo: posts big blind $3
*** HOLE CARDS ***
RaisemyNut$: raises $3 to $6
chanchorengo: calls $3
*** FLOP *** [Jh 6d Ad]
chanchorengo: checks
RaisemyNut$: bets $3
chanchorengo: raises $3 to $6
RaisemyNut$: folds
Uncalled bet ($3) returned to chanchorengo
chanchorengo collected $17.64 from pot
chanchorengo: doesn't show hand
*** SUMMARY ***
Total pot $18 | Rake $0.36
Board [Jh 6d Ad]
Seat 3: chanchorengo (big blind) collected ($17.64)
Seat 5: RaisemyNut$ (button) (small blind) folded on the Flop


PokerStars Hand #161573565725:  Hold'em Limit ($3/$6 USD) - 2016/11/18 0:46:07 ET
Table 'Meyer' 6-max Seat #3 is the button
Seat 3: chanchorengo ($94.16 in chips)
Seat 5: RaisemyNut$ ($136.55 in chips)
chanchorengo: posts small blind $1
RaisemyNut$: posts big blind $3
*** HOLE CARDS ***
chanchorengo: folds
Uncalled bet ($2) returned to RaisemyNut$
RaisemyNut$ collected $2 from pot
RaisemyNut$: doesn't show hand
*** SUMMARY ***
Total pot $2 | Rake $0
Seat 3: chanchorengo (button) (small blind) folded before Flop
Seat 5: RaisemyNut$ (big blind) collected ($2)


PokerStars Hand #161573580463:  Hold'em Limit ($3/$6 USD) - 2016/11/18 0:47:02 ET
Table 'Meyer' 6-max Seat #3 is the button
Seat 3: chanchorengo ($84.04 in chips)
Seat 5: RaisemyNut$ ($146.19 in chips)
chanchorengo: posts small blind $1
RaisemyNut$: posts big blind $3
*** HOLE CARDS ***
chanchorengo: folds
Uncalled bet ($2) returned to RaisemyNut$
RaisemyNut$ collected $2 from pot
RaisemyNut$: doesn't show hand
*** SUMMARY ***
Total pot $2 | Rake $0
Seat 3: chanchorengo (button) (small blind) folded before Flop
Seat 5: RaisemyNut$ (big blind) collected ($2)


PokerStars Hand #161573567400:  Hold'em Limit ($3/$6 USD) - 2016/11/18 0:46:13 ET
Table 'Meyer' 6-max Seat #5 is the button
Seat 3: chanchorengo ($93.16 in chips)
Seat 5: RaisemyNut$ ($137.55 in chips)
RaisemyNut$: posts small blind $1
chanchorengo: posts big blind $3
*** HOLE CARDS ***
RaisemyNut$: raises $3 to $6
chanchorengo: raises $3 to $9
RaisemyNut$: calls $3
*** FLOP *** [Ts As Kc]
chanchorengo: checks
RaisemyNut$: checks
*** TURN *** [Ts As Kc] [3c]
chanchorengo: checks
RaisemyNut$: checks
*** RIVER *** [Ts As Kc 3c] [6c]
chanchorengo: checks
RaisemyNut$: checks
*** SHOW DOWN ***
chanchorengo: shows [Jh 8h] (high card Ace)
RaisemyNut$: shows [5s 6h] (a pair of Sixes)
RaisemyNut$ collected $17.64 from pot
*** SUMMARY ***
Total pot $18 | Rake $0.36
Board [Ts As Kc 3c 6c]
Seat 3: chanchorengo (big blind) showed [Jh 8h] and lost with high card Ace
Seat 5: RaisemyNut$ (button) (small blind) showed [5s 6h] and won ($17.64) with a pair of Sixes


PokerStars Hand #161573578188:  Hold'em Limit ($3/$6 USD) - 2016/11/18 0:46:53 ET
Table 'Meyer' 6-max Seat #5 is the button
Seat 3: chanchorengo ($87.04 in chips)
Seat 5: RaisemyNut$ ($143.19 in chips)
RaisemyNut$: posts small blind $1
chanchorengo: posts big blind $3
*** HOLE CARDS ***
RaisemyNut$: raises $3 to $6
chanchorengo: folds
Uncalled bet ($3) returned to RaisemyNut$
RaisemyNut$ collected $6 from pot
RaisemyNut$: doesn't show hand
*** SUMMARY ***
Total pot $6 | Rake $0
Seat 3: chanchorengo (big blind) folded before Flop
Seat 5: RaisemyNut$ (button) (small blind) collected ($6)


PokerStars Hand #161573573936:  Hold'em Limit ($3/$6 USD) - 2016/11/18 0:46:37 ET
Table 'Meyer' 6-max Seat #3 is the button
Seat 3: chanchorengo ($84.16 in chips)
Seat 5: RaisemyNut$ ($146.19 in chips)
chanchorengo: posts small blind $1
RaisemyNut$: posts big blind $3
*** HOLE CARDS ***
chanchorengo: calls $2
RaisemyNut$: checks
*** FLOP *** [9d 9h Qh]
RaisemyNut$: checks
chanchorengo: bets $3
RaisemyNut$: folds
Uncalled bet ($3) returned to chanchorengo
chanchorengo collected $5.88 from pot
chanchorengo: doesn't show hand
*** SUMMARY ***
Total pot $6 | Rake $0.12
Board [9d 9h Qh]
Seat 3: chanchorengo (button) (small blind) collected ($5.88)
Seat 5: RaisemyNut$ (big blind) folded on the Flop


PokerStars Hand #161573589108:  Hold'em Limit ($3/$6 USD) - 2016/11/18 0:47:34 ET
Table 'Meyer' 6-max Seat #3 is the button
Seat 3: chanchorengo ($68.04 in chips)
Seat 5: RaisemyNut$ ($161.69 in chips)
chanchorengo: posts small blind $1
RaisemyNut$: posts big blind $3
*** HOLE CARDS ***
chanchorengo: raises $3 to $6
RaisemyNut$: calls $3
*** FLOP *** [3d 5d Th]
RaisemyNut$: checks
chanchorengo: checks
*** TURN *** [3d 5d Th] [8s]
RaisemyNut$: bets $6
chanchorengo: calls $6
*** RIVER *** [3d 5d Th 8s] [Jc]
RaisemyNut$: bets $6
chanchorengo: calls $6
*** SHOW DOWN ***
RaisemyNut$: shows [7c 6s] (high card Jack)
chanchorengo: shows [Ad Qh] (high card Ace)
chanchorengo collected $35.50 from pot
*** SUMMARY ***
Total pot $36 | Rake $0.50
Board [3d 5d Th 8s Jc]
Seat 3: chanchorengo (button) (small blind) showed [Ad Qh] and won ($35.50) with high card Ace
Seat 5: RaisemyNut$ (big blind) showed [7c 6s] and lost with high card Jack


PokerStars Hand #161573593763:  Hold'em Limit ($3/$6 USD) - 2016/11/18 0:47:52 ET
Table 'Meyer' 6-max Seat #5 is the button
Seat 3: chanchorengo ($85.54 in chips)
Seat 5: RaisemyNut$ ($143.69 in chips)
RaisemyNut$: posts small blind $1
chanchorengo: posts big blind $3
*** HOLE CARDS ***
RaisemyNut$: raises $3 to $6
chanchorengo: folds
Uncalled bet ($3) returned to RaisemyNut$
RaisemyNut$ collected $6 from pot
RaisemyNut$: doesn't show hand
*** SUMMARY ***
Total pot $6 | Rake $0
Seat 3: chanchorengo (big blind) folded before Flop
Seat 5: RaisemyNut$ (button) (small blind) collected ($6)


PokerStars Hand #161573582154:  Hold'em Limit ($3/$6 USD) - 2016/11/18 0:47:08 ET
Table 'Meyer' 6-max Seat #5 is the button
Seat 3: chanchorengo ($83.04 in chips)
Seat 5: RaisemyNut$ ($147.19 in chips)
RaisemyNut$: posts small blind $1
chanchorengo: posts big blind $3
*** HOLE CARDS ***
RaisemyNut$: raises $3 to $6
chanchorengo: calls $3
*** FLOP *** [7h Ah 9h]
chanchorengo: checks
RaisemyNut$: bets $3
chanchorengo: calls $3
*** TURN *** [7h Ah 9h] [6d]
chanchorengo: checks
RaisemyNut$: checks
*** RIVER *** [7h Ah 9h 6d] [Kc]
chanchorengo: checks
RaisemyNut$: bets $6
chanchorengo: calls $6
*** SHOW DOWN ***
RaisemyNut$: shows [Kd 6s] (two pair, Kings and Sixes)
chanchorengo: mucks hand
RaisemyNut$ collected $29.50 from pot
*** SUMMARY ***
Total pot $30 | Rake $0.50
Board [7h Ah 9h 6d Kc]
Seat 3: chanchorengo (big blind) mucked
Seat 5: RaisemyNut$ (button) (small blind) showed [Kd 6s] and won ($29.50) with two pair, Kings and Sixes


PokerStars Hand #161573597328:  Hold'em Limit ($3/$6 USD) - 2016/11/18 0:48:05 ET
Table 'Meyer' 6-max Seat #5 is the button
Seat 3: chanchorengo ($81.54 in chips)
Seat 5: RaisemyNut$ ($147.69 in chips)
RaisemyNut$: posts small blind $1
chanchorengo: posts big blind $3
*** HOLE CARDS ***
RaisemyNut$: folds
Uncalled bet ($2) returned to chanchorengo
chanchorengo collected $2 from pot
chanchorengo: doesn't show hand
*** SUMMARY ***
Total pot $2 | Rake $0
Seat 3: chanchorengo (big blind) collected ($2)
Seat 5: RaisemyNut$ (button) (small blind) folded before Flop


PokerStars Hand #161573595757:  Hold'em Limit ($3/$6 USD) - 2016/11/18 0:47:59 ET
Table 'Meyer' 6-max Seat #3 is the button
Seat 3: chanchorengo ($82.54 in chips)
Seat 5: RaisemyNut$ ($146.69 in chips)
chanchorengo: posts small blind $1
RaisemyNut$: posts big blind $3
*** HOLE CARDS ***
chanchorengo: folds
Uncalled bet ($2) returned to RaisemyNut$
RaisemyNut$ collected $2 from pot
RaisemyNut$: doesn't show hand
*** SUMMARY ***
Total pot $2 | Rake $0
Seat 3: chanchorengo (button) (small blind) folded before Flop
Seat 5: RaisemyNut$ (big blind) collected ($2)


PokerStars Hand #161573610047:  Hold'em Limit ($3/$6 USD) - 2016/11/18 0:48:53 ET
Table 'Meyer' 6-max Seat #3 is the button
Seat 3: chanchorengo ($72.54 in chips)
Seat 5: RaisemyNut$ ($156.21 in chips)
chanchorengo: posts small blind $1
RaisemyNut$: posts big blind $3
*** HOLE CARDS ***
chanchorengo: folds
Uncalled bet ($2) returned to RaisemyNut$
RaisemyNut$ collected $2 from pot
RaisemyNut$: doesn't show hand
*** SUMMARY ***
Total pot $2 | Rake $0
Seat 3: chanchorengo (button) (small blind) folded before Flop
Seat 5: RaisemyNut$ (big blind) collected ($2)


PokerStars Hand #161573606342:  Hold'em Limit ($3/$6 USD) - 2016/11/18 0:48:39 ET
Table 'Meyer' 6-max Seat #5 is the button
Seat 3: chanchorengo ($78.54 in chips)
Seat 5: RaisemyNut$ ($150.45 in chips)
RaisemyNut$: posts small blind $1
chanchorengo: posts big blind $3
*** HOLE CARDS ***
RaisemyNut$: raises $3 to $6
chanchorengo: calls $3
*** FLOP *** [Qc 9h Jc]
chanchorengo: checks
RaisemyNut$: bets $3
chanchorengo: folds
Uncalled bet ($3) returned to RaisemyNut$
RaisemyNut$ collected $11.76 from pot
RaisemyNut$: doesn't show hand
*** SUMMARY ***
Total pot $12 | Rake $0.24
Board [Qc 9h Jc]
Seat 3: chanchorengo (big blind) folded on the Flop
Seat 5: RaisemyNut$ (button) (small blind) collected ($11.76)


PokerStars Hand #161573600560:  Hold'em Limit ($3/$6 USD) - 2016/11/18 0:48:17 ET
Table 'Meyer' 6-max Seat #5 is the button
Seat 3: chanchorengo ($81.54 in chips)
Seat 5: RaisemyNut$ ($147.69 in chips)
RaisemyNut$: posts small blind $1
chanchorengo: posts big blind $3
*** HOLE CARDS ***
RaisemyNut$: raises $3 to $6
chanchorengo: calls $3
*** FLOP *** [8h Jd Tc]
chanchorengo: checks
RaisemyNut$: bets $3
chanchorengo: folds
Uncalled bet ($3) returned to RaisemyNut$
RaisemyNut$ collected $11.76 from pot
RaisemyNut$: doesn't show hand
*** SUMMARY ***
Total pot $12 | Rake $0.24
Board [8h Jd Tc]
Seat 3: chanchorengo (big blind) folded on the Flop
Seat 5: RaisemyNut$ (button) (small blind) collected ($11.76)


PokerStars Hand #161573598945:  Hold'em Limit ($3/$6 USD) - 2016/11/18 0:48:11 ET
Table 'Meyer' 6-max Seat #3 is the button
Seat 3: chanchorengo ($82.54 in chips)
Seat 5: RaisemyNut$ ($146.69 in chips)
chanchorengo: posts small blind $1
RaisemyNut$: posts big blind $3
*** HOLE CARDS ***
chanchorengo: folds
Uncalled bet ($2) returned to RaisemyNut$
RaisemyNut$ collected $2 from pot
RaisemyNut$: doesn't show hand
*** SUMMARY ***
Total pot $2 | Rake $0
Seat 3: chanchorengo (button) (small blind) folded before Flop
Seat 5: RaisemyNut$ (big blind) collected ($2)


PokerStars Hand #161573604517:  Hold'em Limit ($3/$6 USD) - 2016/11/18 0:48:32 ET
Table 'Meyer' 6-max Seat #3 is the button
Seat 3: chanchorengo ($75.54 in chips)
Seat 5: RaisemyNut$ ($153.45 in chips)
chanchorengo: posts small blind $1
RaisemyNut$: posts big blind $3
*** HOLE CARDS ***
chanchorengo: raises $3 to $6
RaisemyNut$: folds
Uncalled bet ($3) returned to chanchorengo
chanchorengo collected $6 from pot
chanchorengo: doesn't show hand
*** SUMMARY ***
Total pot $6 | Rake $0
Seat 3: chanchorengo (button) (small blind) collected ($6)
Seat 5: RaisemyNut$ (big blind) folded before Flop


PokerStars Hand #161573620737:  Hold'em Limit ($3/$6 USD) - 2016/11/18 0:49:33 ET
Table 'Meyer' 6-max Seat #5 is the button
Seat 3: chanchorengo ($87.04 in chips)
Seat 5: RaisemyNut$ ($141.21 in chips)
RaisemyNut$: posts small blind $1
chanchorengo: posts big blind $3
*** HOLE CARDS ***
RaisemyNut$: raises $3 to $6
chanchorengo: calls $3
*** FLOP *** [Jd 5d 4c]
chanchorengo: checks
RaisemyNut$: bets $3
chanchorengo: folds
Uncalled bet ($3) returned to RaisemyNut$
RaisemyNut$ collected $11.76 from pot
RaisemyNut$: doesn't show hand
*** SUMMARY ***
Total pot $12 | Rake $0.24
Board [Jd 5d 4c]
Seat 3: chanchorengo (big blind) folded on the Flop
Seat 5: RaisemyNut$ (button) (small blind) collected ($11.76)


PokerStars Hand #161573619366:  Hold'em Limit ($3/$6 USD) - 2016/11/18 0:49:28 ET
Table 'Meyer' 6-max Seat #3 is the button
Seat 3: chanchorengo ($88.04 in chips)
Seat 5: RaisemyNut$ ($140.21 in chips)
chanchorengo: posts small blind $1
RaisemyNut$: posts big blind $3
*** HOLE CARDS ***
chanchorengo: folds
Uncalled bet ($2) returned to RaisemyNut$
RaisemyNut$ collected $2 from pot
RaisemyNut$: doesn't show hand
*** SUMMARY ***
Total pot $2 | Rake $0
Seat 3: chanchorengo (button) (small blind) folded before Flop
Seat 5: RaisemyNut$ (big blind) collected ($2)


PokerStars Hand #161573617822:  Hold'em Limit ($3/$6 USD) - 2016/11/18 0:49:23 ET
Table 'Meyer' 6-max Seat #5 is the button
Seat 3: chanchorengo ($87.04 in chips)
Seat 5: RaisemyNut$ ($141.21 in chips)
RaisemyNut$: posts small blind $1
chanchorengo: posts big blind $3
*** HOLE CARDS ***
RaisemyNut$: folds
Uncalled bet ($2) returned to chanchorengo
chanchorengo collected $2 from pot
chanchorengo: doesn't show hand
*** SUMMARY ***
Total pot $2 | Rake $0
Seat 3: chanchorengo (big blind) collected ($2)
Seat 5: RaisemyNut$ (button) (small blind) folded before Flop


PokerStars Hand #161573613276:  Hold'em Limit ($3/$6 USD) - 2016/11/18 0:49:05 ET
Table 'Meyer' 6-max Seat #3 is the button
Seat 3: chanchorengo ($72.54 in chips)
Seat 5: RaisemyNut$ ($156.21 in chips)
chanchorengo: posts small blind $1
RaisemyNut$: posts big blind $3
*** HOLE CARDS ***
chanchorengo: raises $3 to $6
RaisemyNut$: calls $3
*** FLOP *** [Js Ah 7s]
RaisemyNut$: checks
chanchorengo: bets $3
RaisemyNut$: calls $3
*** TURN *** [Js Ah 7s] [Qd]
RaisemyNut$: checks
chanchorengo: bets $6
RaisemyNut$: calls $6
*** RIVER *** [Js Ah 7s Qd] [7c]
RaisemyNut$: checks
chanchorengo: checks
*** SHOW DOWN ***
RaisemyNut$: shows [Td 9s] (a pair of Sevens)
chanchorengo: shows [Kd Jd] (two pair, Jacks and Sevens)
chanchorengo collected $29.50 from pot
*** SUMMARY ***
Total pot $30 | Rake $0.50
Board [Js Ah 7s Qd 7c]
Seat 3: chanchorengo (button) (small blind) showed [Kd Jd] and won ($29.50) with two pair, Jacks and Sevens
Seat 5: RaisemyNut$ (big blind) showed [Td 9s] and lost with a pair of Sevens


PokerStars Hand #161573611791:  Hold'em Limit ($3/$6 USD) - 2016/11/18 0:49:00 ET
Table 'Meyer' 6-max Seat #5 is the button
Seat 3: chanchorengo ($71.54 in chips)
Seat 5: RaisemyNut$ ($157.21 in chips)
RaisemyNut$: posts small blind $1
chanchorengo: posts big blind $3
*** HOLE CARDS ***
RaisemyNut$: folds
Uncalled bet ($2) returned to chanchorengo
chanchorengo collected $2 from pot
chanchorengo: doesn't show hand
*** SUMMARY ***
Total pot $2 | Rake $0
Seat 3: chanchorengo (big blind) collected ($2)
Seat 5: RaisemyNut$ (button) (small blind) folded before Flop


PokerStars Hand #161573624175:  Hold'em Limit ($3/$6 USD) - 2016/11/18 0:49:47 ET
Table 'Meyer' 6-max Seat #3 is the button
Seat 3: chanchorengo ($81.04 in chips)
Seat 5: RaisemyNut$ ($146.97 in chips)
chanchorengo: posts small blind $1
RaisemyNut$: posts big blind $3
*** HOLE CARDS ***
chanchorengo: raises $3 to $6
RaisemyNut$: calls $3
*** FLOP *** [Qc Ad Ts]
RaisemyNut$: checks
chanchorengo: bets $3
RaisemyNut$: raises $3 to $6
chanchorengo: calls $3
*** TURN *** [Qc Ad Ts] [5c]
RaisemyNut$: bets $6
chanchorengo: calls $6
*** RIVER *** [Qc Ad Ts 5c] [8d]
RaisemyNut$: bets $6
chanchorengo: folds
Uncalled bet ($6) returned to RaisemyNut$
RaisemyNut$ collected $35.50 from pot
RaisemyNut$: doesn't show hand
*** SUMMARY ***
Total pot $36 | Rake $0.50
Board [Qc Ad Ts 5c 8d]
Seat 3: chanchorengo (button) (small blind) folded on the River
Seat 5: RaisemyNut$ (big blind) collected ($35.50)


PokerStars Hand #161573629422:  Hold'em Limit ($3/$6 USD) - 2016/11/18 0:50:06 ET
Table 'Meyer' 6-max Seat #5 is the button
Seat 3: chanchorengo ($63.04 in chips)
Seat 5: RaisemyNut$ ($164.47 in chips)
RaisemyNut$: posts small blind $1
chanchorengo: posts big blind $3
*** HOLE CARDS ***
RaisemyNut$: folds
Uncalled bet ($2) returned to chanchorengo
chanchorengo collected $2 from pot
chanchorengo: doesn't show hand
*** SUMMARY ***
Total pot $2 | Rake $0
Seat 3: chanchorengo (big blind) collected ($2)
Seat 5: RaisemyNut$ (button) (small blind) folded before Flop


PokerStars Hand #161573638732:  Hold'em Limit ($3/$6 USD) - 2016/11/18 0:50:42 ET
Table 'Meyer' 6-max Seat #3 is the button
Seat 3: chanchorengo ($54.68 in chips)
Seat 5: RaisemyNut$ ($171.97 in chips)
chanchorengo: posts small blind $1
RaisemyNut$: posts big blind $3
*** HOLE CARDS ***
chanchorengo: folds
Uncalled bet ($2) returned to RaisemyNut$
RaisemyNut$ collected $2 from pot
RaisemyNut$: doesn't show hand
*** SUMMARY ***
Total pot $2 | Rake $0
Seat 3: chanchorengo (button) (small blind) folded before Flop
Seat 5: RaisemyNut$ (big blind) collected ($2)


PokerStars Hand #161573635806:  Hold'em Limit ($3/$6 USD) - 2016/11/18 0:50:31 ET
Table 'Meyer' 6-max Seat #5 is the button
Seat 3: chanchorengo ($46.04 in chips)
Seat 5: RaisemyNut$ ($180.97 in chips)
RaisemyNut$: posts small blind $1
chanchorengo: posts big blind $3
*** HOLE CARDS ***
RaisemyNut$: raises $3 to $6
chanchorengo: calls $3
*** FLOP *** [Kd Qc Jd]
chanchorengo: checks
RaisemyNut$: bets $3
chanchorengo: raises $3 to $6
RaisemyNut$: folds
Uncalled bet ($3) returned to chanchorengo
chanchorengo collected $17.64 from pot
chanchorengo: doesn't show hand
*** SUMMARY ***
Total pot $18 | Rake $0.36
Board [Kd Qc Jd]
Seat 3: chanchorengo (big blind) collected ($17.64)
Seat 5: RaisemyNut$ (button) (small blind) folded on the Flop


PokerStars Hand #161573631219:  Hold'em Limit ($3/$6 USD) - 2016/11/18 0:50:13 ET
Table 'Meyer' 6-max Seat #3 is the button
Seat 3: chanchorengo ($64.04 in chips)
Seat 5: RaisemyNut$ ($163.47 in chips)
chanchorengo: posts small blind $1
RaisemyNut$: posts big blind $3
*** HOLE CARDS ***
chanchorengo: raises $3 to $6
RaisemyNut$: calls $3
*** FLOP *** [5c Qh Jc]
RaisemyNut$: checks
chanchorengo: checks
*** TURN *** [5c Qh Jc] [Js]
RaisemyNut$: bets $6
chanchorengo: calls $6
*** RIVER *** [5c Qh Jc Js] [3d]
RaisemyNut$: bets $6
chanchorengo: calls $6
*** SHOW DOWN ***
RaisemyNut$: shows [Ts 5s] (two pair, Jacks and Fives)
chanchorengo: mucks hand
RaisemyNut$ collected $35.50 from pot
*** SUMMARY ***
Total pot $36 | Rake $0.50
Board [5c Qh Jc Js 3d]
Seat 3: chanchorengo (button) (small blind) mucked
Seat 5: RaisemyNut$ (big blind) showed [Ts 5s] and won ($35.50) with two pair, Jacks and Fives


PokerStars Hand #161573640105:  Hold'em Limit ($3/$6 USD) - 2016/11/18 0:50:47 ET
Table 'Meyer' 6-max Seat #5 is the button
Seat 3: chanchorengo ($53.68 in chips)
Seat 5: RaisemyNut$ ($172.97 in chips)
RaisemyNut$: posts small blind $1
chanchorengo: posts big blind $3
*** HOLE CARDS ***
RaisemyNut$: raises $3 to $6
chanchorengo: raises $3 to $9
RaisemyNut$: calls $3
*** FLOP *** [7h Qs Jd]
chanchorengo: checks
RaisemyNut$: bets $3
chanchorengo: raises $3 to $6
RaisemyNut$: calls $3
*** TURN *** [7h Qs Jd] [4d]
chanchorengo: checks
RaisemyNut$: checks
*** RIVER *** [7h Qs Jd 4d] [Qc]
chanchorengo: checks
RaisemyNut$: bets $6
chanchorengo: folds
Uncalled bet ($6) returned to RaisemyNut$
RaisemyNut$ collected $29.50 from pot
RaisemyNut$: doesn't show hand
*** SUMMARY ***
Total pot $30 | Rake $0.50
Board [7h Qs Jd 4d Qc]
Seat 3: chanchorengo (big blind) folded on the River
Seat 5: RaisemyNut$ (button) (small blind) collected ($29.50)


PokerStars Hand #161573647920:  Hold'em Limit ($3/$6 USD) - 2016/11/18 0:51:16 ET
Table 'Meyer' 6-max Seat #5 is the button
Seat 3: chanchorengo ($37.68 in chips)
Seat 5: RaisemyNut$ ($188.47 in chips)
RaisemyNut$: posts small blind $1
chanchorengo: posts big blind $3
*** HOLE CARDS ***
RaisemyNut$: folds
Uncalled bet ($2) returned to chanchorengo
chanchorengo collected $2 from pot
chanchorengo: doesn't show hand
*** SUMMARY ***
Total pot $2 | Rake $0
Seat 3: chanchorengo (big blind) collected ($2)
Seat 5: RaisemyNut$ (button) (small blind) folded before Flop


PokerStars Hand #161573646479:  Hold'em Limit ($3/$6 USD) - 2016/11/18 0:51:10 ET
Table 'Meyer' 6-max Seat #3 is the button
Seat 3: chanchorengo ($38.68 in chips)
Seat 5: RaisemyNut$ ($187.47 in chips)
chanchorengo: posts small blind $1
RaisemyNut$: posts big blind $3
*** HOLE CARDS ***
chanchorengo: folds
Uncalled bet ($2) returned to RaisemyNut$
RaisemyNut$ collected $2 from pot
RaisemyNut$: doesn't show hand
*** SUMMARY ***
Total pot $2 | Rake $0
Seat 3: chanchorengo (button) (small blind) folded before Flop
Seat 5: RaisemyNut$ (big blind) collected ($2)


PokerStars Hand #161573649282:  Hold'em Limit ($3/$6 USD) - 2016/11/18 0:51:21 ET
Table 'Meyer' 6-max Seat #3 is the button
Seat 3: chanchorengo ($38.68 in chips)
Seat 5: RaisemyNut$ ($187.47 in chips)
chanchorengo: posts small blind $1
RaisemyNut$: posts big blind $3
*** HOLE CARDS ***
chanchorengo: calls $2
RaisemyNut$: raises $3 to $6
chanchorengo: calls $3
*** FLOP *** [6s 2c 4d]
RaisemyNut$: bets $3
chanchorengo: calls $3
*** TURN *** [6s 2c 4d] [Tc]
RaisemyNut$: bets $6
chanchorengo: raises $6 to $12
RaisemyNut$: calls $6
*** RIVER *** [6s 2c 4d Tc] [Jh]
RaisemyNut$: checks
chanchorengo: bets $6
RaisemyNut$: calls $6
*** SHOW DOWN ***
chanchorengo: shows [Jd Td] (two pair, Jacks and Tens)
RaisemyNut$: mucks hand
chanchorengo collected $53.50 from pot
*** SUMMARY ***
Total pot $54 | Rake $0.50
Board [6s 2c 4d Tc Jh]
Seat 3: chanchorengo (button) (small blind) showed [Jd Td] and won ($53.50) with two pair, Jacks and Tens
Seat 5: RaisemyNut$ (big blind) mucked


PokerStars Hand #161573661185:  Hold'em Limit ($3/$6 USD) - 2016/11/18 0:52:05 ET
Table 'Meyer' 6-max Seat #3 is the button
Seat 3: chanchorengo ($82.68 in chips)
Seat 5: RaisemyNut$ ($142.47 in chips)
chanchorengo: posts small blind $1
RaisemyNut$: posts big blind $3
*** HOLE CARDS ***
chanchorengo: raises $3 to $6
RaisemyNut$: calls $3
*** FLOP *** [8c Js 3s]
RaisemyNut$: checks
chanchorengo: bets $3
RaisemyNut$: raises $3 to $6
chanchorengo: raises $3 to $9
RaisemyNut$: calls $3
*** TURN *** [8c Js 3s] [Qd]
RaisemyNut$: checks
chanchorengo: bets $6
RaisemyNut$: calls $6
*** RIVER *** [8c Js 3s Qd] [6h]
RaisemyNut$: checks
chanchorengo: bets $6
RaisemyNut$: calls $6
*** SHOW DOWN ***
chanchorengo: shows [8d Jh] (two pair, Jacks and Eights)
RaisemyNut$: mucks hand
chanchorengo collected $53.50 from pot
*** SUMMARY ***
Total pot $54 | Rake $0.50
Board [8c Js 3s Qd 6h]
Seat 3: chanchorengo (button) (small blind) showed [8d Jh] and won ($53.50) with two pair, Jacks and Eights
Seat 5: RaisemyNut$ (big blind) mucked


PokerStars Hand #161573655164:  Hold'em Limit ($3/$6 USD) - 2016/11/18 0:51:43 ET
Table 'Meyer' 6-max Seat #5 is the button
Seat 3: chanchorengo ($65.18 in chips)
Seat 5: RaisemyNut$ ($160.47 in chips)
RaisemyNut$: posts small blind $1
chanchorengo: posts big blind $3
*** HOLE CARDS ***
RaisemyNut$: raises $3 to $6
chanchorengo: raises $3 to $9
RaisemyNut$: calls $3
*** FLOP *** [4s 8s 3s]
chanchorengo: bets $3
RaisemyNut$: calls $3
*** TURN *** [4s 8s 3s] [9d]
chanchorengo: bets $6
RaisemyNut$: calls $6
*** RIVER *** [4s 8s 3s 9d] [Ah]
chanchorengo: bets $6
RaisemyNut$: folds
Uncalled bet ($6) returned to chanchorengo
chanchorengo collected $35.50 from pot
chanchorengo: doesn't show hand
*** SUMMARY ***
Total pot $36 | Rake $0.50
Board [4s 8s 3s 9d Ah]
Seat 3: chanchorengo (big blind) collected ($35.50)
Seat 5: RaisemyNut$ (button) (small blind) folded on the River


PokerStars Hand #161573667602:  Hold'em Limit ($3/$6 USD) - 2016/11/18 0:52:29 ET
Table 'Meyer' 6-max Seat #5 is the button
Seat 3: chanchorengo ($109.18 in chips)
Seat 5: RaisemyNut$ ($115.47 in chips)
RaisemyNut$: posts small blind $1
chanchorengo: posts big blind $3
*** HOLE CARDS ***
RaisemyNut$: raises $3 to $6
chanchorengo: calls $3
*** FLOP *** [Ts Qc Ac]
chanchorengo: checks
RaisemyNut$: bets $3
chanchorengo: folds
Uncalled bet ($3) returned to RaisemyNut$
RaisemyNut$ collected $11.76 from pot
RaisemyNut$: doesn't show hand
*** SUMMARY ***
Total pot $12 | Rake $0.24
Board [Ts Qc Ac]
Seat 3: chanchorengo (big blind) folded on the Flop
Seat 5: RaisemyNut$ (button) (small blind) collected ($11.76)


PokerStars Hand #161573687661:  Hold'em Limit ($3/$6 USD) - 2016/11/18 0:53:44 ET
Table 'Meyer' 6-max Seat #3 is the button
Seat 3: chanchorengo ($67.18 in chips)
Seat 5: RaisemyNut$ ($156.23 in chips)
chanchorengo: posts small blind $1
RaisemyNut$: posts big blind $3
*** HOLE CARDS ***
chanchorengo: calls $2
RaisemyNut$: checks
*** FLOP *** [2d Js Jc]
RaisemyNut$: bets $3
chanchorengo: folds
Uncalled bet ($3) returned to RaisemyNut$
RaisemyNut$ collected $5.88 from pot
RaisemyNut$: doesn't show hand
*** SUMMARY ***
Total pot $6 | Rake $0.12
Board [2d Js Jc]
Seat 3: chanchorengo (button) (small blind) folded on the Flop
Seat 5: RaisemyNut$ (big blind) collected ($5.88)


PokerStars Hand #161573679913:  Hold'em Limit ($3/$6 USD) - 2016/11/18 0:53:15 ET
Table 'Meyer' 6-max Seat #5 is the button
Seat 3: chanchorengo ($88.18 in chips)
Seat 5: RaisemyNut$ ($135.73 in chips)
RaisemyNut$: posts small blind $1
chanchorengo: posts big blind $3
*** HOLE CARDS ***
RaisemyNut$: raises $3 to $6
chanchorengo: calls $3
*** FLOP *** [2s 5s Tc]
chanchorengo: checks
RaisemyNut$: bets $3
chanchorengo: calls $3
*** TURN *** [2s 5s Tc] [9s]
chanchorengo: checks
RaisemyNut$: bets $6
chanchorengo: calls $6
*** RIVER *** [2s 5s Tc 9s] [Ad]
chanchorengo: checks
RaisemyNut$: bets $6
chanchorengo: calls $6
*** SHOW DOWN ***
RaisemyNut$: shows [7d Td] (a pair of Tens)
chanchorengo: mucks hand
RaisemyNut$ collected $41.50 from pot
*** SUMMARY ***
Total pot $42 | Rake $0.50
Board [2s 5s Tc 9s Ad]
Seat 3: chanchorengo (big blind) mucked
Seat 5: RaisemyNut$ (button) (small blind) showed [7d Td] and won ($41.50) with a pair of Tens


PokerStars Hand #161573671737:  Hold'em Limit ($3/$6 USD) - 2016/11/18 0:52:45 ET
Table 'Meyer' 6-max Seat #3 is the button
Seat 3: chanchorengo ($103.18 in chips)
Seat 5: RaisemyNut$ ($121.23 in chips)
chanchorengo: posts small blind $1
RaisemyNut$: posts big blind $3
*** HOLE CARDS ***
chanchorengo: calls $2
RaisemyNut$: raises $3 to $6
chanchorengo: calls $3
*** FLOP *** [Th 6s Ad]
RaisemyNut$: bets $3
chanchorengo: calls $3
*** TURN *** [Th 6s Ad] [7s]
RaisemyNut$: checks
chanchorengo: checks
*** RIVER *** [Th 6s Ad 7s] [Qc]
RaisemyNut$: bets $6
chanchorengo: calls $6
*** SHOW DOWN ***
RaisemyNut$: shows [Qh 9s] (a pair of Queens)
chanchorengo: mucks hand
RaisemyNut$ collected $29.50 from pot
*** SUMMARY ***
Total pot $30 | Rake $0.50
Board [Th 6s Ad 7s Qc]
Seat 3: chanchorengo (button) (small blind) mucked
Seat 5: RaisemyNut$ (big blind) showed [Qh 9s] and won ($29.50) with a pair of Queens


PokerStars Hand #161573695157:  Hold'em Limit ($3/$6 USD) - 2016/11/18 0:54:12 ET
Table 'Meyer' 6-max Seat #3 is the button
Seat 3: chanchorengo ($87.68 in chips)
Seat 5: RaisemyNut$ ($135.11 in chips)
chanchorengo: posts small blind $1
RaisemyNut$: posts big blind $3
*** HOLE CARDS ***
chanchorengo: calls $2
RaisemyNut$: raises $3 to $6
chanchorengo: calls $3
*** FLOP *** [7s Ks 9h]
RaisemyNut$: bets $3
chanchorengo: folds
Uncalled bet ($3) returned to RaisemyNut$
RaisemyNut$ collected $11.76 from pot
RaisemyNut$: doesn't show hand
*** SUMMARY ***
Total pot $12 | Rake $0.24
Board [7s Ks 9h]
Seat 3: chanchorengo (button) (small blind) folded on the Flop
Seat 5: RaisemyNut$ (big blind) collected ($11.76)


PokerStars Hand #161573698960:  Hold'em Limit ($3/$6 USD) - 2016/11/18 0:54:26 ET
Table 'Meyer' 6-max Seat #5 is the button
Seat 3: chanchorengo ($81.68 in chips)
Seat 5: RaisemyNut$ ($140.87 in chips)
RaisemyNut$: posts small blind $1
chanchorengo: posts big blind $3
*** HOLE CARDS ***
RaisemyNut$: raises $3 to $6
chanchorengo: calls $3
*** FLOP *** [6c 6h 4s]
chanchorengo: bets $3
RaisemyNut$: folds
Uncalled bet ($3) returned to chanchorengo
chanchorengo collected $11.76 from pot
chanchorengo: doesn't show hand
*** SUMMARY ***
Total pot $12 | Rake $0.24
Board [6c 6h 4s]
Seat 3: chanchorengo (big blind) collected ($11.76)
Seat 5: RaisemyNut$ (button) (small blind) folded on the Flop


PokerStars Hand #161573701901:  Hold'em Limit ($3/$6 USD) - 2016/11/18 0:54:37 ET
Table 'Meyer' 6-max Seat #3 is the button
Seat 3: chanchorengo ($87.44 in chips)
Seat 5: RaisemyNut$ ($134.87 in chips)
chanchorengo: posts small blind $1
RaisemyNut$: posts big blind $3
*** HOLE CARDS ***
chanchorengo: raises $3 to $6
RaisemyNut$: calls $3
*** FLOP *** [Kc 2d Jh]
RaisemyNut$: checks
chanchorengo: checks
*** TURN *** [Kc 2d Jh] [Kh]
RaisemyNut$: bets $6
chanchorengo: raises $6 to $12
RaisemyNut$: calls $6
*** RIVER *** [Kc 2d Jh Kh] [Jc]
RaisemyNut$: checks
chanchorengo: bets $6
RaisemyNut$: calls $6
*** SHOW DOWN ***
chanchorengo: shows [Js 7h] (a full house, Jacks full of Kings)
RaisemyNut$: mucks hand
chanchorengo collected $47.50 from pot
*** SUMMARY ***
Total pot $48 | Rake $0.50
Board [Kc 2d Jh Kh Jc]
Seat 3: chanchorengo (button) (small blind) showed [Js 7h] and won ($47.50) with a full house, Jacks full of Kings
Seat 5: RaisemyNut$ (big blind) mucked


PokerStars Hand #161573690391:  Hold'em Limit ($3/$6 USD) - 2016/11/18 0:53:54 ET
Table 'Meyer' 6-max Seat #5 is the button
Seat 3: chanchorengo ($64.18 in chips)
Seat 5: RaisemyNut$ ($159.11 in chips)
RaisemyNut$: posts small blind $1
chanchorengo: posts big blind $3
*** HOLE CARDS ***
RaisemyNut$: raises $3 to $6
chanchorengo: raises $3 to $9
RaisemyNut$: calls $3
*** FLOP *** [7c 8c Ad]
chanchorengo: bets $3
RaisemyNut$: calls $3
*** TURN *** [7c 8c Ad] [4s]
chanchorengo: bets $6
RaisemyNut$: calls $6
*** RIVER *** [7c 8c Ad 4s] [2d]
chanchorengo: bets $6
RaisemyNut$: calls $6
*** SHOW DOWN ***
chanchorengo: shows [9h Ah] (a pair of Aces)
RaisemyNut$: mucks hand
chanchorengo collected $47.50 from pot
*** SUMMARY ***
Total pot $48 | Rake $0.50
Board [7c 8c Ad 4s 2d]
Seat 3: chanchorengo (big blind) showed [9h Ah] and won ($47.50) with a pair of Aces
Seat 5: RaisemyNut$ (button) (small blind) mucked


PokerStars Hand #161573716000:  Hold'em Limit ($3/$6 USD) - 2016/11/18 0:55:33 ET
Table 'Meyer' 6-max Seat #5 is the button
Seat 3: chanchorengo ($124.44 in chips)
Seat 5: RaisemyNut$ ($96.87 in chips)
RaisemyNut$: posts small blind $1
chanchorengo: posts big blind $3
*** HOLE CARDS ***
RaisemyNut$: raises $3 to $6
chanchorengo: calls $3
*** FLOP *** [2h Tc Jc]
chanchorengo: checks
RaisemyNut$: bets $3
chanchorengo: calls $3
*** TURN *** [2h Tc Jc] [4s]
chanchorengo: checks
RaisemyNut$: bets $6
chanchorengo: calls $6
*** RIVER *** [2h Tc Jc 4s] [Td]
chanchorengo: checks
RaisemyNut$: checks
*** SHOW DOWN ***
chanchorengo: shows [9c Ks] (a pair of Tens)
RaisemyNut$: shows [3d 3h] (two pair, Tens and Threes)
RaisemyNut$ collected $29.50 from pot
*** SUMMARY ***
Total pot $30 | Rake $0.50
Board [2h Tc Jc 4s Td]
Seat 3: chanchorengo (big blind) showed [9c Ks] and lost with a pair of Tens
Seat 5: RaisemyNut$ (button) (small blind) showed [3d 3h] and won ($29.50) with two pair, Tens and Threes


PokerStars Hand #161573714388:  Hold'em Limit ($3/$6 USD) - 2016/11/18 0:55:26 ET
Table 'Meyer' 6-max Seat #3 is the button
Seat 3: chanchorengo ($125.44 in chips)
Seat 5: RaisemyNut$ ($95.87 in chips)
chanchorengo: posts small blind $1
RaisemyNut$: posts big blind $3
*** HOLE CARDS ***
chanchorengo: folds
Uncalled bet ($2) returned to RaisemyNut$
RaisemyNut$ collected $2 from pot
RaisemyNut$: doesn't show hand
*** SUMMARY ***
Total pot $2 | Rake $0
Seat 3: chanchorengo (button) (small blind) folded before Flop
Seat 5: RaisemyNut$ (big blind) collected ($2)


PokerStars Hand #161573707310:  Hold'em Limit ($3/$6 USD) - 2016/11/18 0:54:58 ET
Table 'Meyer' 6-max Seat #5 is the button
Seat 3: chanchorengo ($110.94 in chips)
Seat 5: RaisemyNut$ ($110.87 in chips)
RaisemyNut$: posts small blind $1
chanchorengo: posts big blind $3
*** HOLE CARDS ***
RaisemyNut$: raises $3 to $6
chanchorengo: calls $3
*** FLOP *** [2d 3d 6h]
chanchorengo: bets $3
RaisemyNut$: calls $3
*** TURN *** [2d 3d 6h] [3h]
chanchorengo: bets $6
RaisemyNut$: calls $6
*** RIVER *** [2d 3d 6h 3h] [Jh]
chanchorengo: bets $6
RaisemyNut$: folds
Uncalled bet ($6) returned to chanchorengo
chanchorengo collected $29.50 from pot
chanchorengo: doesn't show hand
*** SUMMARY ***
Total pot $30 | Rake $0.50
Board [2d 3d 6h 3h Jh]
Seat 3: chanchorengo (big blind) collected ($29.50)
Seat 5: RaisemyNut$ (button) (small blind) folded on the River


PokerStars Hand #161573723076:  Hold'em Limit ($3/$6 USD) - 2016/11/18 0:56:03 ET
Table 'Meyer' 6-max Seat #3 is the button
Seat 3: chanchorengo ($109.44 in chips)
Seat 5: RaisemyNut$ ($111.37 in chips)
chanchorengo: posts small blind $1
RaisemyNut$: posts big blind $3
*** HOLE CARDS ***
chanchorengo: calls $2
RaisemyNut$: raises $3 to $6
chanchorengo: calls $3
*** FLOP *** [Js Kc Ad]
RaisemyNut$: bets $3
chanchorengo: calls $3
*** TURN *** [Js Kc Ad] [5c]
RaisemyNut$: bets $6
chanchorengo: calls $6
*** RIVER *** [Js Kc Ad 5c] [Ks]
RaisemyNut$: checks
chanchorengo: checks
*** SHOW DOWN ***
RaisemyNut$: shows [7d Ac] (two pair, Aces and Kings)
chanchorengo: mucks hand
RaisemyNut$ collected $29.50 from pot
*** SUMMARY ***
Total pot $30 | Rake $0.50
Board [Js Kc Ad 5c Ks]
Seat 3: chanchorengo (button) (small blind) mucked
Seat 5: RaisemyNut$ (big blind) showed [7d Ac] and won ($29.50) with two pair, Aces and Kings


PokerStars Hand #161573734142:  Hold'em Limit ($3/$6 USD) - 2016/11/18 0:56:48 ET
Table 'Meyer' 6-max Seat #3 is the button
Seat 3: chanchorengo ($108.94 in chips)
Seat 5: RaisemyNut$ ($110.87 in chips)
chanchorengo: posts small blind $1
RaisemyNut$: posts big blind $3
*** HOLE CARDS ***
chanchorengo: folds
Uncalled bet ($2) returned to RaisemyNut$
RaisemyNut$ collected $2 from pot
RaisemyNut$: doesn't show hand
*** SUMMARY ***
Total pot $2 | Rake $0
Seat 3: chanchorengo (button) (small blind) folded before Flop
Seat 5: RaisemyNut$ (big blind) collected ($2)


PokerStars Hand #161573728621:  Hold'em Limit ($3/$6 USD) - 2016/11/18 0:56:25 ET
Table 'Meyer' 6-max Seat #5 is the button
Seat 3: chanchorengo ($94.44 in chips)
Seat 5: RaisemyNut$ ($125.87 in chips)
RaisemyNut$: posts small blind $1
chanchorengo: posts big blind $3
*** HOLE CARDS ***
RaisemyNut$: raises $3 to $6
chanchorengo: calls $3
*** FLOP *** [6h Jc Jh]
chanchorengo: checks
RaisemyNut$: bets $3
chanchorengo: calls $3
*** TURN *** [6h Jc Jh] [Qs]
chanchorengo: checks
RaisemyNut$: bets $6
chanchorengo: raises $6 to $12
RaisemyNut$: folds
Uncalled bet ($6) returned to chanchorengo
chanchorengo collected $29.50 from pot
chanchorengo: doesn't show hand
*** SUMMARY ***
Total pot $30 | Rake $0.50
Board [6h Jc Jh Qs]
Seat 3: chanchorengo (big blind) collected ($29.50)
Seat 5: RaisemyNut$ (button) (small blind) folded on the Turn


PokerStars Hand #161573747495:  Hold'em Limit ($3/$6 USD) - 2016/11/18 0:57:42 ET
Table 'Meyer' 6-max Seat #3 is the button
Seat 3: chanchorengo ($74.94 in chips)
Seat 5: RaisemyNut$ ($144.13 in chips)
chanchorengo: posts small blind $1
RaisemyNut$: posts big blind $3
*** HOLE CARDS ***
chanchorengo: folds
Uncalled bet ($2) returned to RaisemyNut$
RaisemyNut$ collected $2 from pot
RaisemyNut$: doesn't show hand
*** SUMMARY ***
Total pot $2 | Rake $0
Seat 3: chanchorengo (button) (small blind) folded before Flop
Seat 5: RaisemyNut$ (big blind) collected ($2)


PokerStars Hand #161573741549:  Hold'em Limit ($3/$6 USD) - 2016/11/18 0:57:18 ET
Table 'Meyer' 6-max Seat #3 is the button
Seat 3: chanchorengo ($77.94 in chips)
Seat 5: RaisemyNut$ ($141.37 in chips)
chanchorengo: posts small blind $1
RaisemyNut$: posts big blind $3
*** HOLE CARDS ***
chanchorengo: raises $3 to $6
RaisemyNut$: folds
Uncalled bet ($3) returned to chanchorengo
chanchorengo collected $6 from pot
chanchorengo: doesn't show hand
*** SUMMARY ***
Total pot $6 | Rake $0
Seat 3: chanchorengo (button) (small blind) collected ($6)
Seat 5: RaisemyNut$ (big blind) folded before Flop


PokerStars Hand #161573744155:  Hold'em Limit ($3/$6 USD) - 2016/11/18 0:57:29 ET
Table 'Meyer' 6-max Seat #5 is the button
Seat 3: chanchorengo ($80.94 in chips)
Seat 5: RaisemyNut$ ($138.37 in chips)
RaisemyNut$: posts small blind $1
chanchorengo: posts big blind $3
*** HOLE CARDS ***
RaisemyNut$: raises $3 to $6
chanchorengo: calls $3
*** FLOP *** [6s Kd 2c]
chanchorengo: checks
RaisemyNut$: bets $3
chanchorengo: folds
Uncalled bet ($3) returned to RaisemyNut$
RaisemyNut$ collected $11.76 from pot
RaisemyNut$: doesn't show hand
*** SUMMARY ***
Total pot $12 | Rake $0.24
Board [6s Kd 2c]
Seat 3: chanchorengo (big blind) folded on the Flop
Seat 5: RaisemyNut$ (button) (small blind) collected ($11.76)


PokerStars Hand #161573735433:  Hold'em Limit ($3/$6 USD) - 2016/11/18 0:56:53 ET
Table 'Meyer' 6-max Seat #5 is the button
Seat 3: chanchorengo ($107.94 in chips)
Seat 5: RaisemyNut$ ($111.87 in chips)
RaisemyNut$: posts small blind $1
chanchorengo: posts big blind $3
*** HOLE CARDS ***
RaisemyNut$: raises $3 to $6
chanchorengo: raises $3 to $9
RaisemyNut$: calls $3
*** FLOP *** [7s 5c Ac]
chanchorengo: bets $3
RaisemyNut$: calls $3
*** TURN *** [7s 5c Ac] [Tc]
chanchorengo: bets $6
RaisemyNut$: raises $6 to $12
chanchorengo: calls $6
*** RIVER *** [7s 5c Ac Tc] [4d]
chanchorengo: checks
RaisemyNut$: bets $6
chanchorengo: calls $6
*** SHOW DOWN ***
RaisemyNut$: shows [Ts As] (two pair, Aces and Tens)
chanchorengo: mucks hand
RaisemyNut$ collected $59.50 from pot
*** SUMMARY ***
Total pot $60 | Rake $0.50
Board [7s 5c Ac Tc 4d]
Seat 3: chanchorengo (big blind) mucked
Seat 5: RaisemyNut$ (button) (small blind) showed [Ts As] and won ($59.50) with two pair, Aces and Tens


PokerStars Hand #161573749149:  Hold'em Limit ($3/$6 USD) - 2016/11/18 0:57:49 ET
Table 'Meyer' 6-max Seat #5 is the button
Seat 3: chanchorengo ($73.94 in chips)
Seat 5: RaisemyNut$ ($145.13 in chips)
RaisemyNut$: posts small blind $1
chanchorengo: posts big blind $3
*** HOLE CARDS ***
RaisemyNut$: raises $3 to $6
chanchorengo: calls $3
*** FLOP *** [4h 6s 9d]
chanchorengo: checks
RaisemyNut$: bets $3
chanchorengo: calls $3
*** TURN *** [4h 6s 9d] [9h]
chanchorengo: checks
RaisemyNut$: bets $6
chanchorengo: calls $6
*** RIVER *** [4h 6s 9d 9h] [8h]
chanchorengo: bets $6
RaisemyNut$: folds
Uncalled bet ($6) returned to chanchorengo
chanchorengo collected $29.50 from pot
chanchorengo: doesn't show hand
*** SUMMARY ***
Total pot $30 | Rake $0.50
Board [4h 6s 9d 9h 8h]
Seat 3: chanchorengo (big blind) collected ($29.50)
Seat 5: RaisemyNut$ (button) (small blind) folded on the River


PokerStars Hand #161573756673:  Hold'em Limit ($3/$6 USD) - 2016/11/18 0:58:20 ET
Table 'Meyer' 6-max Seat #5 is the button
Seat 3: chanchorengo ($87.44 in chips)
Seat 5: RaisemyNut$ ($131.13 in chips)
RaisemyNut$: posts small blind $1
chanchorengo: posts big blind $3
*** HOLE CARDS ***
RaisemyNut$: raises $3 to $6
chanchorengo: calls $3
*** FLOP *** [6c 6d 2h]
chanchorengo: checks
RaisemyNut$: bets $3
chanchorengo: folds
Uncalled bet ($3) returned to RaisemyNut$
RaisemyNut$ collected $11.76 from pot
RaisemyNut$: doesn't show hand
*** SUMMARY ***
Total pot $12 | Rake $0.24
Board [6c 6d 2h]
Seat 3: chanchorengo (big blind) folded on the Flop
Seat 5: RaisemyNut$ (button) (small blind) collected ($11.76)


PokerStars Hand #161573755221:  Hold'em Limit ($3/$6 USD) - 2016/11/18 0:58:14 ET
Table 'Meyer' 6-max Seat #3 is the button
Seat 3: chanchorengo ($88.44 in chips)
Seat 5: RaisemyNut$ ($130.13 in chips)
chanchorengo: posts small blind $1
RaisemyNut$: posts big blind $3
*** HOLE CARDS ***
chanchorengo: folds
Uncalled bet ($2) returned to RaisemyNut$
RaisemyNut$ collected $2 from pot
RaisemyNut$: doesn't show hand
*** SUMMARY ***
Total pot $2 | Rake $0
Seat 3: chanchorengo (button) (small blind) folded before Flop
Seat 5: RaisemyNut$ (big blind) collected ($2)


PokerStars Hand #161573759897:  Hold'em Limit ($3/$6 USD) - 2016/11/18 0:58:32 ET
Table 'Meyer' 6-max Seat #3 is the button
Seat 3: chanchorengo ($81.44 in chips)
Seat 5: RaisemyNut$ ($136.89 in chips)
chanchorengo: posts small blind $1
RaisemyNut$: posts big blind $3
*** HOLE CARDS ***
chanchorengo: calls $2
RaisemyNut$: raises $3 to $6
chanchorengo: calls $3
*** FLOP *** [3h Kd 4h]
RaisemyNut$: bets $3
chanchorengo: raises $3 to $6
RaisemyNut$: folds
Uncalled bet ($3) returned to chanchorengo
chanchorengo collected $17.64 from pot
chanchorengo: doesn't show hand
*** SUMMARY ***
Total pot $18 | Rake $0.36
Board [3h Kd 4h]
Seat 3: chanchorengo (button) (small blind) collected ($17.64)
Seat 5: RaisemyNut$ (big blind) folded on the Flop


PokerStars Hand #161573763489:  Hold'em Limit ($3/$6 USD) - 2016/11/18 0:58:47 ET
Table 'Meyer' 6-max Seat #5 is the button
Seat 3: chanchorengo ($90.08 in chips)
Seat 5: RaisemyNut$ ($127.89 in chips)
RaisemyNut$: posts small blind $1
chanchorengo: posts big blind $3
*** HOLE CARDS ***
RaisemyNut$: raises $3 to $6
chanchorengo: calls $3
*** FLOP *** [4d 3h 8c]
chanchorengo: bets $3
RaisemyNut$: folds
Uncalled bet ($3) returned to chanchorengo
chanchorengo collected $11.76 from pot
chanchorengo: doesn't show hand
*** SUMMARY ***
Total pot $12 | Rake $0.24
Board [4d 3h 8c]
Seat 3: chanchorengo (big blind) collected ($11.76)
Seat 5: RaisemyNut$ (button) (small blind) folded on the Flop


PokerStars Hand #161573767011:  Hold'em Limit ($3/$6 USD) - 2016/11/18 0:59:02 ET
Table 'Meyer' 6-max Seat #3 is the button
Seat 3: chanchorengo ($95.84 in chips)
Seat 5: RaisemyNut$ ($121.89 in chips)
chanchorengo: posts small blind $1
RaisemyNut$: posts big blind $3
*** HOLE CARDS ***
chanchorengo: calls $2
RaisemyNut$: checks
*** FLOP *** [Js 3s 9s]
RaisemyNut$: checks
chanchorengo: bets $3
RaisemyNut$: calls $3
*** TURN *** [Js 3s 9s] [6s]
RaisemyNut$: checks
chanchorengo: bets $6
RaisemyNut$: folds
Uncalled bet ($6) returned to chanchorengo
chanchorengo collected $11.76 from pot
chanchorengo: doesn't show hand
*** SUMMARY ***
Total pot $12 | Rake $0.24
Board [Js 3s 9s 6s]
Seat 3: chanchorengo (button) (small blind) collected ($11.76)
Seat 5: RaisemyNut$ (big blind) folded on the Turn


PokerStars Hand #161573774073:  Hold'em Limit ($3/$6 USD) - 2016/11/18 0:59:31 ET
Table 'Meyer' 6-max Seat #5 is the button
Seat 3: chanchorengo ($101.60 in chips)
Seat 5: RaisemyNut$ ($115.89 in chips)
RaisemyNut$: posts small blind $1
chanchorengo: posts big blind $3
*** HOLE CARDS ***
RaisemyNut$: raises $3 to $6
chanchorengo: calls $3
*** FLOP *** [Tc Ts 7h]
chanchorengo: checks
RaisemyNut$: bets $3
chanchorengo: calls $3
*** TURN *** [Tc Ts 7h] [Jd]
chanchorengo: checks
RaisemyNut$: bets $6
chanchorengo: calls $6
*** RIVER *** [Tc Ts 7h Jd] [Ks]
chanchorengo: checks
RaisemyNut$: checks
*** SHOW DOWN ***
chanchorengo: shows [8d Qc] (a pair of Tens)
RaisemyNut$: shows [6s 7s] (two pair, Tens and Sevens)
RaisemyNut$ collected $29.50 from pot
*** SUMMARY ***
Total pot $30 | Rake $0.50
Board [Tc Ts 7h Jd Ks]
Seat 3: chanchorengo (big blind) showed [8d Qc] and lost with a pair of Tens
Seat 5: RaisemyNut$ (button) (small blind) showed [6s 7s] and won ($29.50) with two pair, Tens and Sevens


PokerStars Hand #161573785908:  Hold'em Limit ($3/$6 USD) - 2016/11/18 1:00:19 ET
Table 'Meyer' 6-max Seat #3 is the button
Seat 3: chanchorengo ($86.60 in chips)
Seat 5: RaisemyNut$ ($130.39 in chips)
chanchorengo: posts small blind $1
RaisemyNut$: posts big blind $3
*** HOLE CARDS ***
chanchorengo: folds
Uncalled bet ($2) returned to RaisemyNut$
RaisemyNut$ collected $2 from pot
RaisemyNut$: doesn't show hand
*** SUMMARY ***
Total pot $2 | Rake $0
Seat 3: chanchorengo (button) (small blind) folded before Flop
Seat 5: RaisemyNut$ (big blind) collected ($2)


PokerStars Hand #161573787971:  Hold'em Limit ($3/$6 USD) - 2016/11/18 1:00:28 ET
Table 'Meyer' 6-max Seat #5 is the button
Seat 3: chanchorengo ($85.60 in chips)
Seat 5: RaisemyNut$ ($131.39 in chips)
RaisemyNut$: posts small blind $1
chanchorengo: posts big blind $3
*** HOLE CARDS ***
RaisemyNut$: raises $3 to $6
chanchorengo: raises $3 to $9
RaisemyNut$: calls $3
*** FLOP *** [Ac 4c 3s]
chanchorengo: bets $3
RaisemyNut$: folds
Uncalled bet ($3) returned to chanchorengo
chanchorengo collected $17.64 from pot
chanchorengo: doesn't show hand
*** SUMMARY ***
Total pot $18 | Rake $0.36
Board [Ac 4c 3s]
Seat 3: chanchorengo (big blind) collected ($17.64)
Seat 5: RaisemyNut$ (button) (small blind) folded on the Flop


PokerStars Hand #161573810154:  Hold'em Limit ($3/$6 USD) - 2016/11/18 1:01:54 ET
Table 'Meyer' 6-max Seat #5 is the button
Seat 3: chanchorengo ($88.12 in chips)
Seat 5: RaisemyNut$ ($128.03 in chips)
RaisemyNut$: posts small blind $1
chanchorengo: posts big blind $3
*** HOLE CARDS ***
RaisemyNut$: raises $3 to $6
chanchorengo: folds
Uncalled bet ($3) returned to RaisemyNut$
RaisemyNut$ collected $6 from pot
RaisemyNut$: doesn't show hand
*** SUMMARY ***
Total pot $6 | Rake $0
Seat 3: chanchorengo (big blind) folded before Flop
Seat 5: RaisemyNut$ (button) (small blind) collected ($6)


PokerStars Hand #161573804416:  Hold'em Limit ($3/$6 USD) - 2016/11/18 1:01:32 ET
Table 'Meyer' 6-max Seat #3 is the button
Seat 3: chanchorengo ($91.12 in chips)
Seat 5: RaisemyNut$ ($125.15 in chips)
chanchorengo: posts small blind $1
RaisemyNut$: posts big blind $3
*** HOLE CARDS ***
chanchorengo: calls $2
RaisemyNut$: checks
*** FLOP *** [7d 9d 2d]
RaisemyNut$: checks
chanchorengo: checks
*** TURN *** [7d 9d 2d] [Ts]
RaisemyNut$: checks
chanchorengo: checks
*** RIVER *** [7d 9d 2d Ts] [Jh]
RaisemyNut$: checks
chanchorengo: checks
*** SHOW DOWN ***
RaisemyNut$: shows [4c Ks] (high card King)
chanchorengo: mucks hand
RaisemyNut$ collected $5.88 from pot
*** SUMMARY ***
Total pot $6 | Rake $0.12
Board [7d 9d 2d Ts Jh]
Seat 3: chanchorengo (button) (small blind) mucked
Seat 5: RaisemyNut$ (big blind) showed [4c Ks] and won ($5.88) with high card King


PokerStars Hand #161573792915:  Hold'em Limit ($3/$6 USD) - 2016/11/18 1:00:48 ET
Table 'Meyer' 6-max Seat #3 is the button
Seat 3: chanchorengo ($94.24 in chips)
Seat 5: RaisemyNut$ ($122.39 in chips)
chanchorengo: posts small blind $1
RaisemyNut$: posts big blind $3
*** HOLE CARDS ***
chanchorengo: calls $2
RaisemyNut$: checks
*** FLOP *** [Ts 6d 7s]
RaisemyNut$: checks
chanchorengo: checks
*** TURN *** [Ts 6d 7s] [6h]
RaisemyNut$: checks
chanchorengo: bets $6
RaisemyNut$: folds
Uncalled bet ($6) returned to chanchorengo
chanchorengo collected $5.88 from pot
chanchorengo: doesn't show hand
*** SUMMARY ***
Total pot $6 | Rake $0.12
Board [Ts 6d 7s 6h]
Seat 3: chanchorengo (button) (small blind) collected ($5.88)
Seat 5: RaisemyNut$ (big blind) folded on the Turn


PokerStars Hand #161573799372:  Hold'em Limit ($3/$6 USD) - 2016/11/18 1:01:13 ET
Table 'Meyer' 6-max Seat #5 is the button
Seat 3: chanchorengo ($97.12 in chips)
Seat 5: RaisemyNut$ ($119.39 in chips)
RaisemyNut$: posts small blind $1
chanchorengo: posts big blind $3
*** HOLE CARDS ***
RaisemyNut$: raises $3 to $6
chanchorengo: calls $3
*** FLOP *** [Jc 2c Ac]
chanchorengo: checks
RaisemyNut$: bets $3
chanchorengo: folds
Uncalled bet ($3) returned to RaisemyNut$
RaisemyNut$ collected $11.76 from pot
RaisemyNut$: doesn't show hand
*** SUMMARY ***
Total pot $12 | Rake $0.24
Board [Jc 2c Ac]
Seat 3: chanchorengo (big blind) folded on the Flop
Seat 5: RaisemyNut$ (button) (small blind) collected ($11.76)


PokerStars Hand #161573811930:  Hold'em Limit ($3/$6 USD) - 2016/11/18 1:02:01 ET
Table 'Meyer' 6-max Seat #3 is the button
Seat 3: chanchorengo ($85.12 in chips)
Seat 5: RaisemyNut$ ($131.03 in chips)
chanchorengo: posts small blind $1
RaisemyNut$: posts big blind $3
*** HOLE CARDS ***
chanchorengo: raises $3 to $6
RaisemyNut$: raises $3 to $9
chanchorengo: calls $3
*** FLOP *** [5s Ts Ah]
RaisemyNut$: bets $3
chanchorengo: calls $3
*** TURN *** [5s Ts Ah] [9s]
RaisemyNut$: bets $6
chanchorengo: calls $6
*** RIVER *** [5s Ts Ah 9s] [Kc]
RaisemyNut$: bets $6
chanchorengo: raises $6 to $12
RaisemyNut$: calls $6
*** SHOW DOWN ***
chanchorengo: shows [Jh Qs] (a straight, Ten to Ace)
RaisemyNut$: mucks hand
chanchorengo collected $59.50 from pot
*** SUMMARY ***
Total pot $60 | Rake $0.50
Board [5s Ts Ah 9s Kc]
Seat 3: chanchorengo (button) (small blind) showed [Jh Qs] and won ($59.50) with a straight, Ten to Ace
Seat 5: RaisemyNut$ (big blind) mucked


PokerStars Hand #161573818445:  Hold'em Limit ($3/$6 USD) - 2016/11/18 1:02:26 ET
Table 'Meyer' 6-max Seat #5 is the button
Seat 3: chanchorengo ($114.62 in chips)
Seat 5: RaisemyNut$ ($101.03 in chips)
RaisemyNut$: posts small blind $1
chanchorengo: posts big blind $3
*** HOLE CARDS ***
RaisemyNut$: raises $3 to $6
chanchorengo: calls $3
*** FLOP *** [5s 9c 5c]
chanchorengo: checks
RaisemyNut$: bets $3
chanchorengo: calls $3
*** TURN *** [5s 9c 5c] [6s]
chanchorengo: checks
RaisemyNut$: bets $6
chanchorengo: raises $6 to $12
RaisemyNut$: calls $6
*** RIVER *** [5s 9c 5c 6s] [Tc]
chanchorengo: bets $6
RaisemyNut$: calls $6
*** SHOW DOWN ***
chanchorengo: shows [9s 8s] (two pair, Nines and Fives)
RaisemyNut$: shows [Kd Kc] (two pair, Kings and Fives)
RaisemyNut$ collected $53.50 from pot
*** SUMMARY ***
Total pot $54 | Rake $0.50
Board [5s 9c 5c 6s Tc]
Seat 3: chanchorengo (big blind) showed [9s 8s] and lost with two pair, Nines and Fives
Seat 5: RaisemyNut$ (button) (small blind) showed [Kd Kc] and won ($53.50) with two pair, Kings and Fives


PokerStars Hand #161573839128:  Hold'em Limit ($3/$6 USD) - 2016/11/18 1:03:44 ET
Table 'Meyer' 6-max Seat #3 is the button
Seat 3: chanchorengo ($104.90 in chips)
Seat 5: RaisemyNut$ ($109.53 in chips)
chanchorengo: posts small blind $1
RaisemyNut$: posts big blind $3
*** HOLE CARDS ***
chanchorengo: calls $2
RaisemyNut$: checks
*** FLOP *** [Qc 8c Ac]
RaisemyNut$: bets $3
chanchorengo: folds
Uncalled bet ($3) returned to RaisemyNut$
RaisemyNut$ collected $5.88 from pot
RaisemyNut$: doesn't show hand
*** SUMMARY ***
Total pot $6 | Rake $0.12
Board [Qc 8c Ac]
Seat 3: chanchorengo (button) (small blind) folded on the Flop
Seat 5: RaisemyNut$ (big blind) collected ($5.88)


PokerStars Hand #161573830958:  Hold'em Limit ($3/$6 USD) - 2016/11/18 1:03:13 ET
Table 'Meyer' 6-max Seat #5 is the button
Seat 3: chanchorengo ($96.26 in chips)
Seat 5: RaisemyNut$ ($118.53 in chips)
RaisemyNut$: posts small blind $1
chanchorengo: posts big blind $3
*** HOLE CARDS ***
RaisemyNut$: raises $3 to $6
chanchorengo: calls $3
*** FLOP *** [9c 6s Ts]
chanchorengo: checks
yayaya joins the table at seat #1
RaisemyNut$: bets $3
chanchorengo: calls $3
*** TURN *** [9c 6s Ts] [2d]
chanchorengo: checks
RaisemyNut$: checks
*** RIVER *** [9c 6s Ts 2d] [9d]
chanchorengo: bets $6
RaisemyNut$: folds
Uncalled bet ($6) returned to chanchorengo
chanchorengo collected $17.64 from pot
chanchorengo: doesn't show hand
*** SUMMARY ***
Total pot $18 | Rake $0.36
Board [9c 6s Ts 2d 9d]
Seat 3: chanchorengo (big blind) collected ($17.64)
Seat 5: RaisemyNut$ (button) (small blind) folded on the River


PokerStars Hand #161573825475:  Hold'em Limit ($3/$6 USD) - 2016/11/18 1:02:53 ET
Table 'Meyer' 6-max Seat #3 is the button
Seat 3: chanchorengo ($87.62 in chips)
Seat 5: RaisemyNut$ ($127.53 in chips)
chanchorengo: posts small blind $1
RaisemyNut$: posts big blind $3
*** HOLE CARDS ***
chanchorengo: calls $2
RaisemyNut$: raises $3 to $6
chanchorengo: calls $3
*** FLOP *** [Ad 6h Kc]
RaisemyNut$: bets $3
chanchorengo: calls $3
*** TURN *** [Ad 6h Kc] [Kh]
RaisemyNut$: checks
chanchorengo: checks
*** RIVER *** [Ad 6h Kc Kh] [6s]
RaisemyNut$: checks
chanchorengo: bets $6
RaisemyNut$: folds
Uncalled bet ($6) returned to chanchorengo
chanchorengo collected $17.64 from pot
chanchorengo: doesn't show hand
*** SUMMARY ***
Total pot $18 | Rake $0.36
Board [Ad 6h Kc Kh 6s]
Seat 3: chanchorengo (button) (small blind) collected ($17.64)
Seat 5: RaisemyNut$ (big blind) folded on the River


PokerStars Hand #161574204404:  Hold'em Limit ($3/$6 USD) - 2016/11/18 1:26:18 ET
Table 'Meyer' 6-max Seat #5 is the button
Seat 2: SLK500 ($229.06 in chips)
Seat 5: RaisemyNut$ ($178.68 in chips)
RaisemyNut$: posts small blind $1
Kieren16 leaves the table
SLK500: posts big blind $3
*** HOLE CARDS ***
RaisemyNut$: raises $3 to $6
SLK500: folds
Uncalled bet ($3) returned to RaisemyNut$
RaisemyNut$ collected $6 from pot
RaisemyNut$: doesn't show hand
*** SUMMARY ***
Total pot $6 | Rake $0
Seat 2: SLK500 (big blind) folded before Flop
Seat 5: RaisemyNut$ (button) (small blind) collected ($6)


PokerStars Hand #161574206760:  Hold'em Limit ($3/$6 USD) - 2016/11/18 1:26:26 ET
Table 'Meyer' 6-max Seat #2 is the button
Seat 2: SLK500 ($226.06 in chips)
Seat 5: RaisemyNut$ ($181.68 in chips)
SLK500: posts small blind $1
RaisemyNut$: posts big blind $3
*** HOLE CARDS ***
SLK500: raises $3 to $6
RaisemyNut$: raises $3 to $9
SLK500: calls $3
*** FLOP *** [9s 4c Kc]
RaisemyNut$: bets $3
SLK500: folds
Uncalled bet ($3) returned to RaisemyNut$
RaisemyNut$ collected $17.64 from pot
RaisemyNut$: doesn't show hand
*** SUMMARY ***
Total pot $18 | Rake $0.36
Board [9s 4c Kc]
Seat 2: SLK500 (button) (small blind) folded on the Flop
Seat 5: RaisemyNut$ (big blind) collected ($17.64)


PokerStars Hand #161574211902:  Hold'em Limit ($3/$6 USD) - 2016/11/18 1:26:45 ET
Table 'Meyer' 6-max Seat #5 is the button
Seat 2: SLK500 ($217.06 in chips)
Seat 5: RaisemyNut$ ($190.32 in chips)
RaisemyNut$: posts small blind $1
SLK500: posts big blind $3
*** HOLE CARDS ***
RaisemyNut$: raises $3 to $6
SLK500: folds
Uncalled bet ($3) returned to RaisemyNut$
RaisemyNut$ collected $6 from pot
RaisemyNut$: doesn't show hand
*** SUMMARY ***
Total pot $6 | Rake $0
Seat 2: SLK500 (big blind) folded before Flop
Seat 5: RaisemyNut$ (button) (small blind) collected ($6)


PokerStars Hand #161574215012:  Hold'em Limit ($3/$6 USD) - 2016/11/18 1:26:56 ET
Table 'Meyer' 6-max Seat #2 is the button
Seat 2: SLK500 ($214.06 in chips)
Seat 5: RaisemyNut$ ($193.32 in chips)
SLK500: posts small blind $1
RaisemyNut$: posts big blind $3
*** HOLE CARDS ***
SLK500: folds
Uncalled bet ($2) returned to RaisemyNut$
RaisemyNut$ collected $2 from pot
RaisemyNut$: doesn't show hand
*** SUMMARY ***
Total pot $2 | Rake $0
Seat 2: SLK500 (button) (small blind) folded before Flop
Seat 5: RaisemyNut$ (big blind) collected ($2)


PokerStars Hand #161574224103:  Hold'em Limit ($3/$6 USD) - 2016/11/18 1:27:30 ET
Table 'Meyer' 6-max Seat #2 is the button
Seat 2: SLK500 ($192.06 in chips)
Seat 5: RaisemyNut$ ($214.82 in chips)
SLK500: posts small blind $1
RaisemyNut$: posts big blind $3
*** HOLE CARDS ***
SLK500: raises $3 to $6
RaisemyNut$: calls $3
*** FLOP *** [3c Kh Js]
RaisemyNut$: checks
SLK500: bets $3
RaisemyNut$: folds
Uncalled bet ($3) returned to SLK500
SLK500 collected $11.76 from pot
SLK500: doesn't show hand
*** SUMMARY ***
Total pot $12 | Rake $0.24
Board [3c Kh Js]
Seat 2: SLK500 (button) (small blind) collected ($11.76)
Seat 5: RaisemyNut$ (big blind) folded on the Flop


PokerStars Hand #161574217251:  Hold'em Limit ($3/$6 USD) - 2016/11/18 1:27:05 ET
Table 'Meyer' 6-max Seat #5 is the button
Seat 2: SLK500 ($213.06 in chips)
Seat 5: RaisemyNut$ ($194.32 in chips)
RaisemyNut$: posts small blind $1
SLK500: posts big blind $3
*** HOLE CARDS ***
RaisemyNut$: raises $3 to $6
SLK500: calls $3
*** FLOP *** [Jd 5s Jc]
SLK500: checks
RaisemyNut$: bets $3
SLK500: calls $3
*** TURN *** [Jd 5s Jc] [3h]
SLK500: checks
RaisemyNut$: bets $6
SLK500: calls $6
*** RIVER *** [Jd 5s Jc 3h] [2d]
SLK500: checks
RaisemyNut$: bets $6
SLK500: calls $6
*** SHOW DOWN ***
RaisemyNut$: shows [9h 9d] (two pair, Jacks and Nines)
SLK500: mucks hand
RaisemyNut$ collected $41.50 from pot
*** SUMMARY ***
Total pot $42 | Rake $0.50
Board [Jd 5s Jc 3h 2d]
Seat 2: SLK500 (big blind) mucked
Seat 5: RaisemyNut$ (button) (small blind) showed [9h 9d] and won ($41.50) with two pair, Jacks and Nines


