PokerStars Hand #157093095979:  Hold'em Limit ($3/$6 USD) - 2016/08/10 5:45:55 ET
Table 'Meyer' 6-max Seat #2 is the button
Seat 2: simper11 ($133.06 in chips)
Seat 3: ChipsOrre ($169.88 in chips)
simper11: posts small blind $1
ChipsOrre: posts big blind $3
*** HOLE CARDS ***
simper11: raises $3 to $6
ChipsOrre: calls $3
*** FLOP *** [9c As 6d]
ChipsOrre: checks
simper11: bets $3
ChipsOrre: raises $3 to $6
simper11: folds
Uncalled bet ($3) returned to ChipsOrre
ChipsOrre collected $17.64 from pot
ChipsOrre: doesn't show hand
*** SUMMARY ***
Total pot $18 | Rake $0.36
Board [9c As 6d]
Seat 2: simper11 (button) (small blind) folded on the Flop
Seat 3: ChipsOrre (big blind) collected ($17.64)


PokerStars Hand #157093093535:  Hold'em Limit ($3/$6 USD) - 2016/08/10 5:45:49 ET
Table 'Meyer' 6-max Seat #3 is the button
Seat 2: simper11 ($136.06 in chips)
Seat 3: ChipsOrre ($166.88 in chips)
ChipsOrre: posts small blind $1
simper11: posts big blind $3
*** HOLE CARDS ***
ChipsOrre: raises $3 to $6
simper11: folds
Uncalled bet ($3) returned to ChipsOrre
ChipsOrre collected $6 from pot
ChipsOrre: doesn't show hand
*** SUMMARY ***
Total pot $6 | Rake $0
Seat 2: simper11 (big blind) folded before Flop
Seat 3: ChipsOrre (button) (small blind) collected ($6)


PokerStars Hand #157093087078:  Hold'em Limit ($3/$6 USD) - 2016/08/10 5:45:31 ET
Table 'Meyer' 6-max Seat #2 is the button
Seat 2: simper11 ($160.06 in chips)
Seat 3: ChipsOrre ($143.38 in chips)
simper11: posts small blind $1
ChipsOrre: posts big blind $3
*** HOLE CARDS ***
simper11: raises $3 to $6
Agrotait leaves the table
ChipsOrre: calls $3
*** FLOP *** [Tc 5c 2s]
ChipsOrre: checks
simper11: bets $3
ChipsOrre: raises $3 to $6
simper11: calls $3
*** TURN *** [Tc 5c 2s] [8c]
ChipsOrre: bets $6
simper11: calls $6
*** RIVER *** [Tc 5c 2s 8c] [9h]
ChipsOrre: bets $6
simper11: calls $6
*** SHOW DOWN ***
ChipsOrre: shows [Jc Th] (a pair of Tens)
simper11: mucks hand
ChipsOrre collected $47.50 from pot
*** SUMMARY ***
Total pot $48 | Rake $0.50
Board [Tc 5c 2s 8c 9h]
Seat 2: simper11 (button) (small blind) mucked
Seat 3: ChipsOrre (big blind) showed [Jc Th] and won ($47.50) with a pair of Tens


PokerStars Hand #157093082074:  Hold'em Limit ($3/$6 USD) - 2016/08/10 5:45:17 ET
Table 'Meyer' 6-max Seat #3 is the button
Seat 2: simper11 ($166.06 in chips)
Seat 3: ChipsOrre ($137.62 in chips)
ChipsOrre: posts small blind $1
Agrotait: is sitting out
simper11: posts big blind $3
*** HOLE CARDS ***
ChipsOrre: raises $3 to $6
simper11: calls $3
*** FLOP *** [4d Th Ts]
simper11: checks
ChipsOrre: bets $3
simper11: folds
Uncalled bet ($3) returned to ChipsOrre
ChipsOrre collected $11.76 from pot
ChipsOrre: doesn't show hand
*** SUMMARY ***
Total pot $12 | Rake $0.24
Board [4d Th Ts]
Seat 2: simper11 (big blind) folded on the Flop
Seat 3: ChipsOrre (button) (small blind) collected ($11.76)


PokerStars Hand #157093107543:  Hold'em Limit ($3/$6 USD) - 2016/08/10 5:46:27 ET
Table 'Meyer' 6-max Seat #2 is the button
Seat 2: simper11 ($120 in chips)
Seat 3: ChipsOrre ($184.28 in chips)
simper11: posts small blind $1
ChipsOrre: posts big blind $3
*** HOLE CARDS ***
simper11: raises $3 to $6
ChipsOrre: folds
Uncalled bet ($3) returned to simper11
simper11 collected $6 from pot
simper11: doesn't show hand
*** SUMMARY ***
Total pot $6 | Rake $0
Seat 2: simper11 (button) (small blind) collected ($6)
Seat 3: ChipsOrre (big blind) folded before Flop


PokerStars Hand #157093100256:  Hold'em Limit ($3/$6 USD) - 2016/08/10 5:46:07 ET
Table 'Meyer' 6-max Seat #3 is the button
Seat 2: simper11 ($124.06 in chips)
Seat 3: ChipsOrre ($178.52 in chips)
ChipsOrre: posts small blind $1
simper11: posts big blind $3
*** HOLE CARDS ***
ChipsOrre: raises $3 to $6
simper11: calls $3
*** FLOP *** [8d Tc Ac]
simper11: checks
ChipsOrre: bets $3
simper11: folds
Uncalled bet ($3) returned to ChipsOrre
ChipsOrre collected $11.76 from pot
ChipsOrre: doesn't show hand
*** SUMMARY ***
Total pot $12 | Rake $0.24
Board [8d Tc Ac]
Seat 2: simper11 (big blind) folded on the Flop
Seat 3: ChipsOrre (button) (small blind) collected ($11.76)


PokerStars Hand #157093143790:  Hold'em Limit ($3/$6 USD) - 2016/08/10 5:48:06 ET
Table 'Meyer' 6-max Seat #3 is the button
Seat 2: simper11 ($166 in chips)
Seat 3: ChipsOrre ($137.28 in chips)
ChipsOrre: posts small blind $1
simper11: posts big blind $3
*** HOLE CARDS ***
ChipsOrre: raises $3 to $6
simper11: raises $3 to $9
ChipsOrre: calls $3
*** FLOP *** [7h Kc Ks]
simper11: bets $3
ChipsOrre: calls $3
*** TURN *** [7h Kc Ks] [Qd]
simper11: bets $6
ChipsOrre: calls $6
*** RIVER *** [7h Kc Ks Qd] [8h]
simper11: bets $6
ChipsOrre: folds
Uncalled bet ($6) returned to simper11
simper11 collected $35.50 from pot
simper11: doesn't show hand
*** SUMMARY ***
Total pot $36 | Rake $0.50
Board [7h Kc Ks Qd 8h]
Seat 2: simper11 (big blind) collected ($35.50)
Seat 3: ChipsOrre (button) (small blind) folded on the River


PokerStars Hand #157093114768:  Hold'em Limit ($3/$6 USD) - 2016/08/10 5:46:46 ET
Table 'Meyer' 6-max Seat #3 is the button
Seat 2: simper11 ($123 in chips)
Seat 3: ChipsOrre ($181.28 in chips)
ChipsOrre: posts small blind $1
simper11: posts big blind $3
*** HOLE CARDS ***
ChipsOrre: raises $3 to $6
simper11: calls $3
*** FLOP *** [3s 8d 6h]
simper11: checks
ChipsOrre: bets $3
simper11: calls $3
*** TURN *** [3s 8d 6h] [Qs]
simper11: checks
ChipsOrre: bets $6
simper11: calls $6
*** RIVER *** [3s 8d 6h Qs] [Ts]
simper11: checks
ChipsOrre: bets $6
simper11: raises $6 to $12
ChipsOrre: calls $6
*** SHOW DOWN ***
simper11: shows [9s Ks] (a flush, King high)
ChipsOrre: mucks hand
simper11 collected $53.50 from pot
*** SUMMARY ***
Total pot $54 | Rake $0.50
Board [3s 8d 6h Qs Ts]
Seat 2: simper11 (big blind) showed [9s Ks] and won ($53.50) with a flush, King high
Seat 3: ChipsOrre (button) (small blind) mucked


PokerStars Hand #157093132121:  Hold'em Limit ($3/$6 USD) - 2016/08/10 5:47:34 ET
Table 'Meyer' 6-max Seat #2 is the button
Seat 2: simper11 ($149.50 in chips)
Seat 3: ChipsOrre ($154.28 in chips)
simper11: posts small blind $1
ChipsOrre: posts big blind $3
*** HOLE CARDS ***
simper11: folds
Uncalled bet ($2) returned to ChipsOrre
ChipsOrre collected $2 from pot
ChipsOrre: doesn't show hand
*** SUMMARY ***
Total pot $2 | Rake $0
Seat 2: simper11 (button) (small blind) folded before Flop
Seat 3: ChipsOrre (big blind) collected ($2)


PokerStars Hand #157093134191:  Hold'em Limit ($3/$6 USD) - 2016/08/10 5:47:40 ET
Table 'Meyer' 6-max Seat #3 is the button
Seat 2: simper11 ($148.50 in chips)
Seat 3: ChipsOrre ($155.28 in chips)
ChipsOrre: posts small blind $1
simper11: posts big blind $3
*** HOLE CARDS ***
ChipsOrre: raises $3 to $6
simper11: raises $3 to $9
ChipsOrre: calls $3
*** FLOP *** [2s 5h 3s]
simper11: bets $3
ChipsOrre: raises $3 to $6
simper11: calls $3
*** TURN *** [2s 5h 3s] [5s]
simper11: checks
ChipsOrre: checks
*** RIVER *** [2s 5h 3s 5s] [9d]
simper11: bets $6
ChipsOrre: folds
Uncalled bet ($6) returned to simper11
simper11 collected $29.50 from pot
simper11: doesn't show hand
*** SUMMARY ***
Total pot $30 | Rake $0.50
Board [2s 5h 3s 5s 9d]
Seat 2: simper11 (big blind) collected ($29.50)
Seat 3: ChipsOrre (button) (small blind) folded on the River


PokerStars Hand #157093140303:  Hold'em Limit ($3/$6 USD) - 2016/08/10 5:47:56 ET
Table 'Meyer' 6-max Seat #2 is the button
Seat 2: simper11 ($163 in chips)
Seat 3: ChipsOrre ($140.28 in chips)
simper11: posts small blind $1
ChipsOrre: posts big blind $3
*** HOLE CARDS ***
simper11: raises $3 to $6
ChipsOrre: folds
Uncalled bet ($3) returned to simper11
simper11 collected $6 from pot
simper11: doesn't show hand
*** SUMMARY ***
Total pot $6 | Rake $0
Seat 2: simper11 (button) (small blind) collected ($6)
Seat 3: ChipsOrre (big blind) folded before Flop


PokerStars Hand #157093164265:  Hold'em Limit ($3/$6 USD) - 2016/08/10 5:49:02 ET
Table 'Meyer' 6-max Seat #3 is the button
Seat 2: simper11 ($198.90 in chips)
Seat 3: ChipsOrre ($103.28 in chips)
ChipsOrre: posts small blind $1
simper11: posts big blind $3
*** HOLE CARDS ***
ChipsOrre: raises $3 to $6
simper11: calls $3
*** FLOP *** [4c 7s Td]
simper11: checks
ChipsOrre: bets $3
simper11: raises $3 to $6
ChipsOrre: calls $3
*** TURN *** [4c 7s Td] [Kd]
simper11: bets $6
ChipsOrre: folds
Uncalled bet ($6) returned to simper11
simper11 collected $23.52 from pot
simper11: doesn't show hand
*** SUMMARY ***
Total pot $24 | Rake $0.48
Board [4c 7s Td Kd]
Seat 2: simper11 (big blind) collected ($23.52)
Seat 3: ChipsOrre (button) (small blind) folded on the Turn


PokerStars Hand #157093155605:  Hold'em Limit ($3/$6 USD) - 2016/08/10 5:48:38 ET
Table 'Meyer' 6-max Seat #3 is the button
Seat 2: simper11 ($189.26 in chips)
Seat 3: ChipsOrre ($113.28 in chips)
ChipsOrre: posts small blind $1
simper11: posts big blind $3
*** HOLE CARDS ***
ChipsOrre: folds
Uncalled bet ($2) returned to simper11
simper11 collected $2 from pot
simper11: doesn't show hand
*** SUMMARY ***
Total pot $2 | Rake $0
Seat 2: simper11 (big blind) collected ($2)
Seat 3: ChipsOrre (button) (small blind) folded before Flop


PokerStars Hand #157093150494:  Hold'em Limit ($3/$6 USD) - 2016/08/10 5:48:25 ET
Table 'Meyer' 6-max Seat #2 is the button
Seat 2: simper11 ($183.50 in chips)
Seat 3: ChipsOrre ($119.28 in chips)
simper11: posts small blind $1
ChipsOrre: posts big blind $3
*** HOLE CARDS ***
simper11: raises $3 to $6
ChipsOrre: calls $3
*** FLOP *** [5d Ah 7d]
ChipsOrre: checks
simper11: bets $3
ChipsOrre: folds
Uncalled bet ($3) returned to simper11
simper11 collected $11.76 from pot
simper11: doesn't show hand
*** SUMMARY ***
Total pot $12 | Rake $0.24
Board [5d Ah 7d]
Seat 2: simper11 (button) (small blind) collected ($11.76)
Seat 3: ChipsOrre (big blind) folded on the Flop


PokerStars Hand #157093157456:  Hold'em Limit ($3/$6 USD) - 2016/08/10 5:48:43 ET
Table 'Meyer' 6-max Seat #2 is the button
Seat 2: simper11 ($190.26 in chips)
Seat 3: ChipsOrre ($112.28 in chips)
simper11: posts small blind $1
ChipsOrre: posts big blind $3
*** HOLE CARDS ***
simper11: raises $3 to $6
ChipsOrre: calls $3
*** FLOP *** [2d 4s Jc]
ChipsOrre: checks
simper11: bets $3
ChipsOrre: calls $3
*** TURN *** [2d 4s Jc] [Qh]
ChipsOrre: checks
simper11: bets $6
ChipsOrre: folds
Uncalled bet ($6) returned to simper11
simper11 collected $17.64 from pot
simper11: doesn't show hand
*** SUMMARY ***
Total pot $18 | Rake $0.36
Board [2d 4s Jc Qh]
Seat 2: simper11 (button) (small blind) collected ($17.64)
Seat 3: ChipsOrre (big blind) folded on the Turn


PokerStars Hand #157093170683:  Hold'em Limit ($3/$6 USD) - 2016/08/10 5:49:20 ET
Table 'Meyer' 6-max Seat #2 is the button
Seat 2: simper11 ($210.42 in chips)
Seat 3: ChipsOrre ($91.28 in chips)
simper11: posts small blind $1
ChipsOrre: posts big blind $3
*** HOLE CARDS ***
simper11: raises $3 to $6
ChipsOrre: calls $3
*** FLOP *** [Ah 5c 4s]
ChipsOrre: checks
simper11: bets $3
ChipsOrre: calls $3
*** TURN *** [Ah 5c 4s] [4h]
ChipsOrre: checks
simper11: bets $6
ChipsOrre: calls $6
*** RIVER *** [Ah 5c 4s 4h] [2s]
ChipsOrre: checks
simper11: checks
*** SHOW DOWN ***
ChipsOrre: shows [Qh 7h] (a pair of Fours)
simper11: shows [As Td] (two pair, Aces and Fours)
simper11 collected $29.50 from pot
*** SUMMARY ***
Total pot $30 | Rake $0.50
Board [Ah 5c 4s 4h 2s]
Seat 2: simper11 (button) (small blind) showed [As Td] and won ($29.50) with two pair, Aces and Fours
Seat 3: ChipsOrre (big blind) showed [Qh 7h] and lost with a pair of Fours


PokerStars Hand #157093179315:  Hold'em Limit ($3/$6 USD) - 2016/08/10 5:49:43 ET
Table 'Meyer' 6-max Seat #3 is the button
Seat 2: simper11 ($224.92 in chips)
Seat 3: ChipsOrre ($76.28 in chips)
ChipsOrre: posts small blind $1
simper11: posts big blind $3
*** HOLE CARDS ***
ChipsOrre: raises $3 to $6
simper11: calls $3
*** FLOP *** [Jd Kd Qc]
simper11: checks
ChipsOrre: bets $3
simper11: calls $3
*** TURN *** [Jd Kd Qc] [Ts]
simper11: checks
ChipsOrre: bets $6
simper11: calls $6
*** RIVER *** [Jd Kd Qc Ts] [3d]
simper11: checks
ChipsOrre: bets $6
simper11: raises $6 to $12
ChipsOrre: calls $6
*** SHOW DOWN ***
simper11: shows [6d 7d] (a flush, King high)
ChipsOrre: mucks hand
simper11 collected $53.50 from pot
*** SUMMARY ***
Total pot $54 | Rake $0.50
Board [Jd Kd Qc Ts 3d]
Seat 2: simper11 (big blind) showed [6d 7d] and won ($53.50) with a flush, King high
Seat 3: ChipsOrre (button) (small blind) mucked


PokerStars Hand #157093186297:  Hold'em Limit ($3/$6 USD) - 2016/08/10 5:50:03 ET
Table 'Meyer' 6-max Seat #2 is the button
Seat 2: simper11 ($251.42 in chips)
Seat 3: ChipsOrre ($49.28 in chips)
simper11: posts small blind $1
ChipsOrre: posts big blind $3
*** HOLE CARDS ***
simper11: raises $3 to $6
ChipsOrre: calls $3
*** FLOP *** [Qh 6h 3d]
ChipsOrre: checks
simper11: bets $3
ChipsOrre: calls $3
*** TURN *** [Qh 6h 3d] [5c]
ChipsOrre: checks
simper11: checks
*** RIVER *** [Qh 6h 3d 5c] [Qc]
ChipsOrre: bets $6
simper11: folds
Uncalled bet ($6) returned to ChipsOrre
ChipsOrre collected $17.64 from pot
ChipsOrre: doesn't show hand
*** SUMMARY ***
Total pot $18 | Rake $0.36
Board [Qh 6h 3d 5c Qc]
Seat 2: simper11 (button) (small blind) folded on the River
Seat 3: ChipsOrre (big blind) collected ($17.64)


PokerStars Hand #157093191656:  Hold'em Limit ($3/$6 USD) - 2016/08/10 5:50:18 ET
Table 'Meyer' 6-max Seat #3 is the button
Seat 2: simper11 ($242.42 in chips)
Seat 3: ChipsOrre ($57.92 in chips)
ChipsOrre: posts small blind $1
simper11: posts big blind $3
*** HOLE CARDS ***
ChipsOrre: raises $3 to $6
simper11: raises $3 to $9
ChipsOrre: raises $3 to $12
Betting is capped
simper11: calls $3
*** FLOP *** [9d 6s 6h]
simper11: checks
ChipsOrre: bets $3
simper11: calls $3
*** TURN *** [9d 6s 6h] [Kd]
simper11: checks
ChipsOrre: bets $6
simper11: raises $6 to $12
ChipsOrre: calls $6
*** RIVER *** [9d 6s 6h Kd] [9h]
simper11: bets $6
ChipsOrre: calls $6
*** SHOW DOWN ***
simper11: shows [Ks Ad] (two pair, Kings and Nines)
ChipsOrre: mucks hand
simper11 collected $65.50 from pot
*** SUMMARY ***
Total pot $66 | Rake $0.50
Board [9d 6s 6h Kd 9h]
Seat 2: simper11 (big blind) showed [Ks Ad] and won ($65.50) with two pair, Kings and Nines
Seat 3: ChipsOrre (button) (small blind) mucked


PokerStars Hand #157093198317:  Hold'em Limit ($3/$6 USD) - 2016/08/10 5:50:36 ET
Table 'Meyer' 6-max Seat #2 is the button
Seat 2: simper11 ($274.92 in chips)
Seat 3: ChipsOrre ($24.92 in chips)
simper11: posts small blind $1
ChipsOrre: posts big blind $3
*** HOLE CARDS ***
simper11 said, "ty"
simper11 said, "ty"
simper11 said, "ty"
simper11 said, "ty"
simper11: raises $3 to $6
ChipsOrre: folds
Uncalled bet ($3) returned to simper11
simper11 collected $6 from pot
simper11: doesn't show hand
*** SUMMARY ***
Total pot $6 | Rake $0
Seat 2: simper11 (button) (small blind) collected ($6)
Seat 3: ChipsOrre (big blind) folded before Flop


PokerStars Hand #157093207602:  Hold'em Limit ($3/$6 USD) - 2016/08/10 5:51:01 ET
Table 'Meyer' 6-max Seat #2 is the button
Seat 2: simper11 ($286.56 in chips)
Seat 3: ChipsOrre ($72.92 in chips)
simper11: posts small blind $1
ChipsOrre: posts big blind $3
*** HOLE CARDS ***
simper11: raises $3 to $6
ChipsOrre: folds
Uncalled bet ($3) returned to simper11
simper11 collected $6 from pot
simper11: doesn't show hand
*** SUMMARY ***
Total pot $6 | Rake $0
Seat 2: simper11 (button) (small blind) collected ($6)
Seat 3: ChipsOrre (big blind) folded before Flop


PokerStars Hand #157093203801:  Hold'em Limit ($3/$6 USD) - 2016/08/10 5:50:51 ET
Table 'Meyer' 6-max Seat #3 is the button
Seat 2: simper11 ($277.92 in chips)
Seat 3: ChipsOrre ($81.92 in chips)
ChipsOrre: posts small blind $1
simper11: posts big blind $3
*** HOLE CARDS ***
ChipsOrre: raises $3 to $6
simper11: raises $3 to $9
ChipsOrre: calls $3
*** FLOP *** [2d Kh Qd]
simper11: bets $3
ChipsOrre: folds
Uncalled bet ($3) returned to simper11
simper11 collected $17.64 from pot
simper11: doesn't show hand
*** SUMMARY ***
Total pot $18 | Rake $0.36
Board [2d Kh Qd]
Seat 2: simper11 (big blind) collected ($17.64)
Seat 3: ChipsOrre (button) (small blind) folded on the Flop


PokerStars Hand #157093209516:  Hold'em Limit ($3/$6 USD) - 2016/08/10 5:51:06 ET
Table 'Meyer' 6-max Seat #3 is the button
Seat 2: simper11 ($289.56 in chips)
Seat 3: ChipsOrre ($69.92 in chips)
ChipsOrre: posts small blind $1
simper11: posts big blind $3
*** HOLE CARDS ***
ChipsOrre: raises $3 to $6
simper11: calls $3
*** FLOP *** [9d 3d Qh]
simper11: checks
ChipsOrre: bets $3
simper11: calls $3
*** TURN *** [9d 3d Qh] [Td]
simper11: checks
ChipsOrre: checks
*** RIVER *** [9d 3d Qh Td] [Ac]
simper11: checks
ChipsOrre: bets $6
simper11: raises $6 to $12
ChipsOrre: folds
Uncalled bet ($6) returned to simper11
simper11 collected $29.50 from pot
simper11: doesn't show hand
*** SUMMARY ***
Total pot $30 | Rake $0.50
Board [9d 3d Qh Td Ac]
Seat 2: simper11 (big blind) collected ($29.50)
Seat 3: ChipsOrre (button) (small blind) folded on the River


PokerStars Hand #157093218960:  Hold'em Limit ($3/$6 USD) - 2016/08/10 5:51:32 ET
Table 'Meyer' 6-max Seat #2 is the button
Seat 2: simper11 ($304.06 in chips)
Seat 3: ChipsOrre ($54.92 in chips)
simper11: posts small blind $1
ChipsOrre: posts big blind $3
*** HOLE CARDS ***
simper11: raises $3 to $6
ChipsOrre: raises $3 to $9
simper11: calls $3
*** FLOP *** [2s 7d Ks]
ChipsOrre: bets $3
simper11: calls $3
*** TURN *** [2s 7d Ks] [Ac]
ChipsOrre: bets $6
simper11: calls $6
*** RIVER *** [2s 7d Ks Ac] [Ts]
ChipsOrre: bets $6
simper11: folds
Uncalled bet ($6) returned to ChipsOrre
ChipsOrre collected $35.50 from pot
ChipsOrre: doesn't show hand
*** SUMMARY ***
Total pot $36 | Rake $0.50
Board [2s 7d Ks Ac Ts]
Seat 2: simper11 (button) (small blind) folded on the River
Seat 3: ChipsOrre (big blind) collected ($35.50)


PokerStars Hand #157093225744:  Hold'em Limit ($3/$6 USD) - 2016/08/10 5:51:51 ET
Table 'Meyer' 6-max Seat #3 is the button
Seat 2: simper11 ($286.06 in chips)
Seat 3: ChipsOrre ($72.42 in chips)
ChipsOrre: posts small blind $1
simper11: posts big blind $3
*** HOLE CARDS ***
ChipsOrre: raises $3 to $6
simper11: calls $3
*** FLOP *** [8c Jh 5s]
simper11: checks
ChipsOrre: bets $3
simper11: calls $3
*** TURN *** [8c Jh 5s] [Js]
simper11: checks
ChipsOrre: bets $6
simper11: calls $6
*** RIVER *** [8c Jh 5s Js] [6d]
simper11: checks
ChipsOrre: checks
*** SHOW DOWN ***
simper11: shows [Ks 9s] (a pair of Jacks)
ChipsOrre: shows [As 3c] (a pair of Jacks - Ace kicker)
ChipsOrre collected $29.50 from pot
*** SUMMARY ***
Total pot $30 | Rake $0.50
Board [8c Jh 5s Js 6d]
Seat 2: simper11 (big blind) showed [Ks 9s] and lost with a pair of Jacks
Seat 3: ChipsOrre (button) (small blind) showed [As 3c] and won ($29.50) with a pair of Jacks


PokerStars Hand #157093236268:  Hold'em Limit ($3/$6 USD) - 2016/08/10 5:52:19 ET
Table 'Meyer' 6-max Seat #3 is the button
Seat 2: simper11 ($265.06 in chips)
Seat 3: ChipsOrre ($92.68 in chips)
ChipsOrre: posts small blind $1
simper11: posts big blind $3
*** HOLE CARDS ***
ChipsOrre: raises $3 to $6
simper11: calls $3
*** FLOP *** [Ah 4h 2c]
simper11: checks
ChipsOrre: bets $3
simper11: folds
Uncalled bet ($3) returned to ChipsOrre
ChipsOrre collected $11.76 from pot
ChipsOrre: doesn't show hand
*** SUMMARY ***
Total pot $12 | Rake $0.24
Board [Ah 4h 2c]
Seat 2: simper11 (big blind) folded on the Flop
Seat 3: ChipsOrre (button) (small blind) collected ($11.76)


PokerStars Hand #157093230654:  Hold'em Limit ($3/$6 USD) - 2016/08/10 5:52:04 ET
Table 'Meyer' 6-max Seat #2 is the button
Seat 2: simper11 ($271.06 in chips)
Seat 3: ChipsOrre ($86.92 in chips)
simper11: posts small blind $1
ChipsOrre: posts big blind $3
*** HOLE CARDS ***
simper11: raises $3 to $6
ChipsOrre: calls $3
*** FLOP *** [9d Td As]
ChipsOrre: checks
simper11: checks
*** TURN *** [9d Td As] [4d]
ChipsOrre: bets $6
simper11: folds
Uncalled bet ($6) returned to ChipsOrre
ChipsOrre collected $11.76 from pot
ChipsOrre: doesn't show hand
*** SUMMARY ***
Total pot $12 | Rake $0.24
Board [9d Td As 4d]
Seat 2: simper11 (button) (small blind) folded on the Turn
Seat 3: ChipsOrre (big blind) collected ($11.76)


PokerStars Hand #157093239280:  Hold'em Limit ($3/$6 USD) - 2016/08/10 5:52:27 ET
Table 'Meyer' 6-max Seat #2 is the button
Seat 2: simper11 ($259.06 in chips)
Seat 3: ChipsOrre ($98.44 in chips)
simper11: posts small blind $1
ChipsOrre: posts big blind $3
*** HOLE CARDS ***
simper11: folds
Uncalled bet ($2) returned to ChipsOrre
ChipsOrre collected $2 from pot
ChipsOrre: doesn't show hand
*** SUMMARY ***
Total pot $2 | Rake $0
Seat 2: simper11 (button) (small blind) folded before Flop
Seat 3: ChipsOrre (big blind) collected ($2)


PokerStars Hand #157093240939:  Hold'em Limit ($3/$6 USD) - 2016/08/10 5:52:32 ET
Table 'Meyer' 6-max Seat #3 is the button
Seat 2: simper11 ($258.06 in chips)
Seat 3: ChipsOrre ($99.44 in chips)
ChipsOrre: posts small blind $1
simper11: posts big blind $3
*** HOLE CARDS ***
ChipsOrre: raises $3 to $6
simper11: folds
Uncalled bet ($3) returned to ChipsOrre
ChipsOrre collected $6 from pot
ChipsOrre: doesn't show hand
*** SUMMARY ***
Total pot $6 | Rake $0
Seat 2: simper11 (big blind) folded before Flop
Seat 3: ChipsOrre (button) (small blind) collected ($6)


PokerStars Hand #157093243337:  Hold'em Limit ($3/$6 USD) - 2016/08/10 5:52:38 ET
Table 'Meyer' 6-max Seat #2 is the button
Seat 2: simper11 ($255.06 in chips)
Seat 3: ChipsOrre ($102.44 in chips)
simper11: posts small blind $1
ChipsOrre: posts big blind $3
*** HOLE CARDS ***
simper11: raises $3 to $6
ChipsOrre: raises $3 to $9
simper11: calls $3
*** FLOP *** [7h 6c 3c]
ChipsOrre: checks
simper11: checks
*** TURN *** [7h 6c 3c] [4c]
ChipsOrre: bets $6
simper11: folds
Uncalled bet ($6) returned to ChipsOrre
ChipsOrre collected $17.64 from pot
ChipsOrre: doesn't show hand
*** SUMMARY ***
Total pot $18 | Rake $0.36
Board [7h 6c 3c 4c]
Seat 2: simper11 (button) (small blind) folded on the Turn
Seat 3: ChipsOrre (big blind) collected ($17.64)


PokerStars Hand #157093247638:  Hold'em Limit ($3/$6 USD) - 2016/08/10 5:52:50 ET
Table 'Meyer' 6-max Seat #3 is the button
Seat 2: simper11 ($246.06 in chips)
Seat 3: ChipsOrre ($111.08 in chips)
ChipsOrre: posts small blind $1
simper11: posts big blind $3
*** HOLE CARDS ***
ChipsOrre: raises $3 to $6
simper11: calls $3
*** FLOP *** [3c Kh 6c]
simper11: checks
ChipsOrre: bets $3
simper11: raises $3 to $6
ChipsOrre: folds
Uncalled bet ($3) returned to simper11
simper11 collected $17.64 from pot
simper11: doesn't show hand
*** SUMMARY ***
Total pot $18 | Rake $0.36
Board [3c Kh 6c]
Seat 2: simper11 (big blind) collected ($17.64)
Seat 3: ChipsOrre (button) (small blind) folded on the Flop


PokerStars Hand #157093253100:  Hold'em Limit ($3/$6 USD) - 2016/08/10 5:53:05 ET
Table 'Meyer' 6-max Seat #2 is the button
Seat 2: simper11 ($254.70 in chips)
Seat 3: ChipsOrre ($102.08 in chips)
simper11: posts small blind $1
ChipsOrre: posts big blind $3
*** HOLE CARDS ***
simper11: raises $3 to $6
ChipsOrre: calls $3
*** FLOP *** [9s Tc Js]
ChipsOrre: checks
simper11: bets $3
ChipsOrre: raises $3 to $6
simper11: calls $3
*** TURN *** [9s Tc Js] [3c]
ChipsOrre: bets $6
simper11: raises $6 to $12
ChipsOrre: raises $6 to $18
simper11: calls $6
*** RIVER *** [9s Tc Js 3c] [7d]
ChipsOrre: bets $6
simper11: calls $6
*** SHOW DOWN ***
ChipsOrre: shows [8s Qd] (a straight, Eight to Queen)
simper11: mucks hand
ChipsOrre collected $71.50 from pot
*** SUMMARY ***
Total pot $72 | Rake $0.50
Board [9s Tc Js 3c 7d]
Seat 2: simper11 (button) (small blind) mucked
Seat 3: ChipsOrre (big blind) showed [8s Qd] and won ($71.50) with a straight, Eight to Queen


PokerStars Hand #157093261809:  Hold'em Limit ($3/$6 USD) - 2016/08/10 5:53:29 ET
Table 'Meyer' 6-max Seat #3 is the button
Seat 2: simper11 ($218.70 in chips)
Seat 3: ChipsOrre ($137.58 in chips)
ChipsOrre: posts small blind $1
simper11: posts big blind $3
*** HOLE CARDS ***
ChipsOrre: raises $3 to $6
simper11: calls $3
*** FLOP *** [4c 3d 7d]
simper11: checks
ChipsOrre: bets $3
simper11: calls $3
*** TURN *** [4c 3d 7d] [2s]
simper11: checks
ChipsOrre: checks
*** RIVER *** [4c 3d 7d 2s] [4d]
simper11: checks
ChipsOrre: checks
*** SHOW DOWN ***
simper11: shows [9c 6s] (a pair of Fours)
ChipsOrre: shows [Jd 6h] (a pair of Fours - Jack kicker)
ChipsOrre collected $17.64 from pot
*** SUMMARY ***
Total pot $18 | Rake $0.36
Board [4c 3d 7d 2s 4d]
Seat 2: simper11 (big blind) showed [9c 6s] and lost with a pair of Fours
Seat 3: ChipsOrre (button) (small blind) showed [Jd 6h] and won ($17.64) with a pair of Fours


PokerStars Hand #157093273941:  Hold'em Limit ($3/$6 USD) - 2016/08/10 5:54:02 ET
Table 'Meyer' 6-max Seat #3 is the button
Seat 2: simper11 ($200.70 in chips)
Seat 3: ChipsOrre ($154.86 in chips)
ChipsOrre: posts small blind $1
simper11: posts big blind $3
*** HOLE CARDS ***
ChipsOrre: folds
Uncalled bet ($2) returned to simper11
simper11 collected $2 from pot
simper11: doesn't show hand
*** SUMMARY ***
Total pot $2 | Rake $0
Seat 2: simper11 (big blind) collected ($2)
Seat 3: ChipsOrre (button) (small blind) folded before Flop


PokerStars Hand #157093267913:  Hold'em Limit ($3/$6 USD) - 2016/08/10 5:53:46 ET
Table 'Meyer' 6-max Seat #2 is the button
Seat 2: simper11 ($209.70 in chips)
Seat 3: ChipsOrre ($146.22 in chips)
simper11: posts small blind $1
ChipsOrre: posts big blind $3
*** HOLE CARDS ***
simper11: raises $3 to $6
ChipsOrre: calls $3
*** FLOP *** [As Qs Tc]
ChipsOrre: checks
simper11: bets $3
ChipsOrre: calls $3
*** TURN *** [As Qs Tc] [Th]
ChipsOrre: checks
simper11: checks
*** RIVER *** [As Qs Tc Th] [9c]
ChipsOrre: bets $6
simper11: folds
Uncalled bet ($6) returned to ChipsOrre
ChipsOrre collected $17.64 from pot
ChipsOrre: doesn't show hand
*** SUMMARY ***
Total pot $18 | Rake $0.36
Board [As Qs Tc Th 9c]
Seat 2: simper11 (button) (small blind) folded on the River
Seat 3: ChipsOrre (big blind) collected ($17.64)


PokerStars Hand #157093275700:  Hold'em Limit ($3/$6 USD) - 2016/08/10 5:54:07 ET
Table 'Meyer' 6-max Seat #2 is the button
Seat 2: simper11 ($201.70 in chips)
Seat 3: ChipsOrre ($153.86 in chips)
simper11: posts small blind $1
ChipsOrre: posts big blind $3
*** HOLE CARDS ***
simper11: raises $3 to $6
ChipsOrre: calls $3
*** FLOP *** [Js 4d 9c]
ChipsOrre: checks
simper11: bets $3
ChipsOrre: calls $3
*** TURN *** [Js 4d 9c] [Ad]
ChipsOrre: checks
simper11: bets $6
ChipsOrre: folds
Uncalled bet ($6) returned to simper11
simper11 collected $17.64 from pot
simper11: doesn't show hand
*** SUMMARY ***
Total pot $18 | Rake $0.36
Board [Js 4d 9c Ad]
Seat 2: simper11 (button) (small blind) collected ($17.64)
Seat 3: ChipsOrre (big blind) folded on the Turn


PokerStars Hand #157093281335:  Hold'em Limit ($3/$6 USD) - 2016/08/10 5:54:23 ET
Table 'Meyer' 6-max Seat #3 is the button
Seat 2: simper11 ($210.34 in chips)
Seat 3: ChipsOrre ($144.86 in chips)
ChipsOrre: posts small blind $1
simper11: posts big blind $3
*** HOLE CARDS ***
ChipsOrre: raises $3 to $6
simper11: calls $3
*** FLOP *** [7c 8s Qh]
simper11: checks
ChipsOrre: bets $3
simper11: calls $3
*** TURN *** [7c 8s Qh] [5s]
simper11: checks
ChipsOrre: bets $6
simper11: calls $6
*** RIVER *** [7c 8s Qh 5s] [3s]
simper11: checks
ChipsOrre: bets $6
simper11: calls $6
*** SHOW DOWN ***
ChipsOrre: shows [Ks 8d] (a pair of Eights)
simper11: mucks hand
ChipsOrre collected $41.50 from pot
*** SUMMARY ***
Total pot $42 | Rake $0.50
Board [7c 8s Qh 5s 3s]
Seat 2: simper11 (big blind) mucked
Seat 3: ChipsOrre (button) (small blind) showed [Ks 8d] and won ($41.50) with a pair of Eights


PokerStars Hand #157093287891:  Hold'em Limit ($3/$6 USD) - 2016/08/10 5:54:41 ET
Table 'Meyer' 6-max Seat #2 is the button
Seat 2: simper11 ($189.34 in chips)
Seat 3: ChipsOrre ($165.36 in chips)
simper11: posts small blind $1
ChipsOrre: posts big blind $3
*** HOLE CARDS ***
simper11: raises $3 to $6
ChipsOrre: calls $3
*** FLOP *** [Jh 8c 4c]
ChipsOrre: checks
simper11: bets $3
ChipsOrre: calls $3
*** TURN *** [Jh 8c 4c] [3s]
ChipsOrre: checks
simper11: checks
*** RIVER *** [Jh 8c 4c 3s] [3c]
ChipsOrre: checks
simper11: checks
*** SHOW DOWN ***
ChipsOrre: shows [Qc Ts] (a pair of Threes)
simper11: shows [Ks 9c] (a pair of Threes - King kicker)
simper11 collected $17.64 from pot
*** SUMMARY ***
Total pot $18 | Rake $0.36
Board [Jh 8c 4c 3s 3c]
Seat 2: simper11 (button) (small blind) showed [Ks 9c] and won ($17.64) with a pair of Threes
Seat 3: ChipsOrre (big blind) showed [Qc Ts] and lost with a pair of Threes


PokerStars Hand #157093293450:  Hold'em Limit ($3/$6 USD) - 2016/08/10 5:54:56 ET
Table 'Meyer' 6-max Seat #3 is the button
Seat 2: simper11 ($197.98 in chips)
Seat 3: ChipsOrre ($156.36 in chips)
ChipsOrre: posts small blind $1
simper11: posts big blind $3
*** HOLE CARDS ***
ChipsOrre: folds
Uncalled bet ($2) returned to simper11
simper11 collected $2 from pot
simper11: doesn't show hand
*** SUMMARY ***
Total pot $2 | Rake $0
Seat 2: simper11 (big blind) collected ($2)
Seat 3: ChipsOrre (button) (small blind) folded before Flop


PokerStars Hand #157093295449:  Hold'em Limit ($3/$6 USD) - 2016/08/10 5:55:02 ET
Table 'Meyer' 6-max Seat #2 is the button
Seat 2: simper11 ($198.98 in chips)
Seat 3: ChipsOrre ($155.36 in chips)
simper11: posts small blind $1
ChipsOrre: posts big blind $3
*** HOLE CARDS ***
simper11: raises $3 to $6
ChipsOrre: raises $3 to $9
simper11: calls $3
*** FLOP *** [6s Js 9h]
ChipsOrre: bets $3
simper11: folds
Uncalled bet ($3) returned to ChipsOrre
ChipsOrre collected $17.64 from pot
ChipsOrre: doesn't show hand
*** SUMMARY ***
Total pot $18 | Rake $0.36
Board [6s Js 9h]
Seat 2: simper11 (button) (small blind) folded on the Flop
Seat 3: ChipsOrre (big blind) collected ($17.64)


PokerStars Hand #157093300895:  Hold'em Limit ($3/$6 USD) - 2016/08/10 5:55:17 ET
Table 'Meyer' 6-max Seat #3 is the button
Seat 2: simper11 ($189.98 in chips)
Seat 3: ChipsOrre ($164 in chips)
ChipsOrre: posts small blind $1
simper11: posts big blind $3
*** HOLE CARDS ***
ChipsOrre: folds
Uncalled bet ($2) returned to simper11
simper11 collected $2 from pot
simper11: doesn't show hand
*** SUMMARY ***
Total pot $2 | Rake $0
Seat 2: simper11 (big blind) collected ($2)
Seat 3: ChipsOrre (button) (small blind) folded before Flop


PokerStars Hand #157093302708:  Hold'em Limit ($3/$6 USD) - 2016/08/10 5:55:23 ET
Table 'Meyer' 6-max Seat #2 is the button
Seat 2: simper11 ($190.98 in chips)
Seat 3: ChipsOrre ($163 in chips)
simper11: posts small blind $1
ChipsOrre: posts big blind $3
*** HOLE CARDS ***
simper11: raises $3 to $6
ChipsOrre: calls $3
*** FLOP *** [As 2c 2d]
ChipsOrre: checks
simper11: bets $3
ChipsOrre: calls $3
*** TURN *** [As 2c 2d] [Ad]
ChipsOrre: checks
simper11: bets $6
ChipsOrre: calls $6
*** RIVER *** [As 2c 2d Ad] [Th]
ChipsOrre: checks
simper11: checks
*** SHOW DOWN ***
ChipsOrre: shows [3d Jd] (two pair, Aces and Deuces)
simper11: shows [Jc Qc] (two pair, Aces and Deuces - Queen kicker)
simper11 collected $29.50 from pot
*** SUMMARY ***
Total pot $30 | Rake $0.50
Board [As 2c 2d Ad Th]
Seat 2: simper11 (button) (small blind) showed [Jc Qc] and won ($29.50) with two pair, Aces and Deuces
Seat 3: ChipsOrre (big blind) showed [3d Jd] and lost with two pair, Aces and Deuces


PokerStars Hand #157093313867:  Hold'em Limit ($3/$6 USD) - 2016/08/10 5:55:58 ET
Table 'Meyer' 6-max Seat #2 is the button
Seat 2: simper11 ($184.48 in chips)
Seat 3: ChipsOrre ($168.50 in chips)
simper11: posts small blind $1
ChipsOrre: posts big blind $3
*** HOLE CARDS ***
simper11: folds
Uncalled bet ($2) returned to ChipsOrre
ChipsOrre collected $2 from pot
ChipsOrre: doesn't show hand
*** SUMMARY ***
Total pot $2 | Rake $0
Seat 2: simper11 (button) (small blind) folded before Flop
Seat 3: ChipsOrre (big blind) collected ($2)


PokerStars Hand #157093308443:  Hold'em Limit ($3/$6 USD) - 2016/08/10 5:55:41 ET
Table 'Meyer' 6-max Seat #3 is the button
Seat 2: simper11 ($205.48 in chips)
Seat 3: ChipsOrre ($148 in chips)
ChipsOrre: posts small blind $1
simper11: posts big blind $3
*** HOLE CARDS ***
ChipsOrre: raises $3 to $6
simper11: calls $3
*** FLOP *** [Jh As Td]
simper11: checks
ChipsOrre: bets $3
simper11: calls $3
*** TURN *** [Jh As Td] [Kc]
simper11: checks
ChipsOrre: bets $6
simper11: calls $6
*** RIVER *** [Jh As Td Kc] [Tc]
simper11: checks
ChipsOrre: bets $6
simper11: calls $6
*** SHOW DOWN ***
ChipsOrre: shows [Qh Jd] (a straight, Ten to Ace)
simper11: mucks hand
ChipsOrre collected $41.50 from pot
*** SUMMARY ***
Total pot $42 | Rake $0.50
Board [Jh As Td Kc Tc]
Seat 2: simper11 (big blind) mucked
Seat 3: ChipsOrre (button) (small blind) showed [Qh Jd] and won ($41.50) with a straight, Ten to Ace


PokerStars Hand #157093315276:  Hold'em Limit ($3/$6 USD) - 2016/08/10 5:56:03 ET
Table 'Meyer' 6-max Seat #3 is the button
Seat 2: simper11 ($183.48 in chips)
Seat 3: ChipsOrre ($169.50 in chips)
ChipsOrre: posts small blind $1
simper11: posts big blind $3
*** HOLE CARDS ***
ChipsOrre: folds
Uncalled bet ($2) returned to simper11
simper11 collected $2 from pot
simper11: doesn't show hand
*** SUMMARY ***
Total pot $2 | Rake $0
Seat 2: simper11 (big blind) collected ($2)
Seat 3: ChipsOrre (button) (small blind) folded before Flop


PokerStars Hand #157093325174:  Hold'em Limit ($3/$6 USD) - 2016/08/10 5:56:34 ET
Table 'Meyer' 6-max Seat #3 is the button
Seat 2: simper11 ($219.98 in chips)
Seat 3: ChipsOrre ($132.50 in chips)
ChipsOrre: posts small blind $1
simper11: posts big blind $3
*** HOLE CARDS ***
ChipsOrre: folds
Uncalled bet ($2) returned to simper11
ChipsOrre leaves the table
simper11 collected $2 from pot
simper11: doesn't show hand
*** SUMMARY ***
Total pot $2 | Rake $0
Seat 2: simper11 (big blind) collected ($2)
Seat 3: ChipsOrre (button) (small blind) folded before Flop


PokerStars Hand #157093318114:  Hold'em Limit ($3/$6 USD) - 2016/08/10 5:56:12 ET
Table 'Meyer' 6-max Seat #2 is the button
Seat 2: simper11 ($184.48 in chips)
Seat 3: ChipsOrre ($168.50 in chips)
simper11: posts small blind $1
ChipsOrre: posts big blind $3
*** HOLE CARDS ***
simper11: raises $3 to $6
ChipsOrre: calls $3
*** FLOP *** [2c 3d 8c]
ChipsOrre: checks
simper11: bets $3
ChipsOrre: raises $3 to $6
simper11: calls $3
*** TURN *** [2c 3d 8c] [6c]
ChipsOrre: bets $6
simper11: raises $6 to $12
ChipsOrre: calls $6
*** RIVER *** [2c 3d 8c 6c] [Kc]
ChipsOrre: bets $6
simper11: raises $6 to $12
ChipsOrre: calls $6
*** SHOW DOWN ***
simper11: shows [Jc Ac] (a flush, Ace high)
ChipsOrre: mucks hand
simper11 collected $71.50 from pot
*** SUMMARY ***
Total pot $72 | Rake $0.50
Board [2c 3d 8c 6c Kc]
Seat 2: simper11 (button) (small blind) showed [Jc Ac] and won ($71.50) with a flush, Ace high
Seat 3: ChipsOrre (big blind) mucked


