PokerStars Hand #149621724917:  Hold'em Limit ($3/$6 USD) - 2016/02/29 13:07:15 ET
Table 'Mezzarco II' 10-max Seat #1 is the button
Seat 1: Zubasa07 ($492.76 in chips)
Seat 2: Eu sou K ($126.52 in chips)
Zubasa07: posts small blind $1
Eu sou K: posts big blind $3
*** HOLE CARDS ***
Zubasa07: folds
Uncalled bet ($2) returned to Eu sou K
Eu sou K collected $2 from pot
Eu sou K: doesn't show hand
*** SUMMARY ***
Total pot $2 | Rake $0
Seat 1: Zubasa07 (button) (small blind) folded before Flop
Seat 2: Eu sou K (big blind) collected ($2)


PokerStars Hand #149621708506:  Hold'em Limit ($3/$6 USD) - 2016/02/29 13:06:59 ET
Table 'Mezzarco II' 10-max Seat #2 is the button
Seat 1: Zubasa07 ($498.76 in chips)
Seat 2: Eu sou K ($120.76 in chips)
Eu sou K: posts small blind $1
Zubasa07: posts big blind $3
*** HOLE CARDS ***
Eu sou K: raises $3 to $6
Zubasa07: calls $3
*** FLOP *** [7h 6d Ah]
Zubasa07: checks
Eu sou K: bets $3
Zubasa07: folds
Uncalled bet ($3) returned to Eu sou K
Eu sou K collected $11.76 from pot
Eu sou K: doesn't show hand
*** SUMMARY ***
Total pot $12 | Rake $0.24
Board [7h 6d Ah]
Seat 1: Zubasa07 (big blind) folded on the Flop
Seat 2: Eu sou K (button) (small blind) collected ($11.76)


PokerStars Hand #149621697922:  Hold'em Limit ($3/$6 USD) - 2016/02/29 13:06:48 ET
Table 'Mezzarco II' 10-max Seat #1 is the button
Seat 1: Zubasa07 ($493 in chips)
Seat 2: Eu sou K ($126.76 in chips)
Zubasa07: posts small blind $1
Eu sou K: posts big blind $3
*** HOLE CARDS ***
Zubasa07: raises $3 to $6
Eu sou K: calls $3
*** FLOP *** [4c Jc 7d]
Eu sou K: checks
Zubasa07: bets $3
Eu sou K: folds
Uncalled bet ($3) returned to Zubasa07
Zubasa07 collected $11.76 from pot
Zubasa07: doesn't show hand
*** SUMMARY ***
Total pot $12 | Rake $0.24
Board [4c Jc 7d]
Seat 1: Zubasa07 (button) (small blind) collected ($11.76)
Seat 2: Eu sou K (big blind) folded on the Flop


PokerStars Hand #149621661089:  Hold'em Limit ($3/$6 USD) - 2016/02/29 13:06:12 ET
Table 'Mezzarco II' 10-max Seat #2 is the button
Seat 1: Zubasa07 ($499 in chips)
Seat 2: Eu sou K ($121 in chips)
Eu sou K: posts small blind $1
Zubasa07: posts big blind $3
*** HOLE CARDS ***
Eu sou K: raises $3 to $6
Zubasa07: calls $3
*** FLOP *** [2c 7c Td]
Zubasa07: checks
Eu sou K: checks
*** TURN *** [2c 7c Td] [9s]
Zubasa07: checks
Eu sou K: checks
*** RIVER *** [2c 7c Td 9s] [9c]
Zubasa07: checks
Eu sou K: checks
*** SHOW DOWN ***
Zubasa07: shows [6h 5s] (a pair of Nines)
Eu sou K: shows [As Qc] (a pair of Nines - Ace kicker)
Eu sou K collected $11.76 from pot
*** SUMMARY ***
Total pot $12 | Rake $0.24
Board [2c 7c Td 9s 9c]
Seat 1: Zubasa07 (big blind) showed [6h 5s] and lost with a pair of Nines
Seat 2: Eu sou K (button) (small blind) showed [As Qc] and won ($11.76) with a pair of Nines


PokerStars Hand #149621774313:  Hold'em Limit ($3/$6 USD) - 2016/02/29 13:08:04 ET
Table 'Mezzarco II' 10-max Seat #2 is the button
Seat 1: Zubasa07 ($479.52 in chips)
Seat 2: Eu sou K ($139.02 in chips)
Eu sou K: posts small blind $1
Zubasa07: posts big blind $3
*** HOLE CARDS ***
Eu sou K: raises $3 to $6
Zubasa07: folds
Uncalled bet ($3) returned to Eu sou K
Eu sou K collected $6 from pot
Eu sou K: doesn't show hand
*** SUMMARY ***
Total pot $6 | Rake $0
Seat 1: Zubasa07 (big blind) folded before Flop
Seat 2: Eu sou K (button) (small blind) collected ($6)


PokerStars Hand #149621743302:  Hold'em Limit ($3/$6 USD) - 2016/02/29 13:07:33 ET
Table 'Mezzarco II' 10-max Seat #1 is the button
Seat 1: Zubasa07 ($497.52 in chips)
Seat 2: Eu sou K ($121.52 in chips)
Zubasa07: posts small blind $1
Eu sou K: posts big blind $3
*** HOLE CARDS ***
Zubasa07: raises $3 to $6
Eu sou K: calls $3
*** FLOP *** [2c 6d 5d]
Eu sou K: checks
Zubasa07: bets $3
Eu sou K: raises $3 to $6
Zubasa07: calls $3
*** TURN *** [2c 6d 5d] [Tc]
Eu sou K: bets $6
Zubasa07: calls $6
*** RIVER *** [2c 6d 5d Tc] [8c]
Eu sou K: checks
Zubasa07: checks
*** SHOW DOWN ***
Eu sou K: shows [9c As] (high card Ace)
Zubasa07: mucks hand
Eu sou K collected $35.50 from pot
*** SUMMARY ***
Total pot $36 | Rake $0.50
Board [2c 6d 5d Tc 8c]
Seat 1: Zubasa07 (button) (small blind) mucked
Seat 2: Eu sou K (big blind) showed [9c As] and won ($35.50) with high card Ace


PokerStars Hand #149621732070:  Hold'em Limit ($3/$6 USD) - 2016/02/29 13:07:22 ET
Table 'Mezzarco II' 10-max Seat #2 is the button
Seat 1: Zubasa07 ($491.76 in chips)
Seat 2: Eu sou K ($127.52 in chips)
Eu sou K: posts small blind $1
Zubasa07: posts big blind $3
*** HOLE CARDS ***
Eu sou K: calls $2
Zubasa07: raises $3 to $6
Eu sou K: calls $3
*** FLOP *** [3h 6h Kc]
Zubasa07: bets $3
Eu sou K: folds
Uncalled bet ($3) returned to Zubasa07
Zubasa07 collected $11.76 from pot
Zubasa07: doesn't show hand
*** SUMMARY ***
Total pot $12 | Rake $0.24
Board [3h 6h Kc]
Seat 1: Zubasa07 (big blind) collected ($11.76)
Seat 2: Eu sou K (button) (small blind) folded on the Flop


PokerStars Hand #149621807228:  Hold'em Limit ($3/$6 USD) - 2016/02/29 13:08:36 ET
Table 'Mezzarco II' 10-max Seat #2 is the button
Seat 1: Zubasa07 ($482.28 in chips)
Seat 2: Eu sou K ($136.02 in chips)
Eu sou K: posts small blind $1
Zubasa07: posts big blind $3
*** HOLE CARDS ***
Eu sou K: calls $2
Zubasa07: checks
*** FLOP *** [5h Ac Js]
Zubasa07: bets $3
Eu sou K: calls $3
*** TURN *** [5h Ac Js] [8s]
Zubasa07: checks
Eu sou K: checks
*** RIVER *** [5h Ac Js 8s] [Qh]
Zubasa07: checks
Eu sou K: checks
*** SHOW DOWN ***
Zubasa07: shows [3h Tc] (high card Ace)
Eu sou K: shows [5d 4h] (a pair of Fives)
Eu sou K collected $11.76 from pot
*** SUMMARY ***
Total pot $12 | Rake $0.24
Board [5h Ac Js 8s Qh]
Seat 1: Zubasa07 (big blind) showed [3h Tc] and lost with high card Ace
Seat 2: Eu sou K (button) (small blind) showed [5d 4h] and won ($11.76) with a pair of Fives


PokerStars Hand #149621780892:  Hold'em Limit ($3/$6 USD) - 2016/02/29 13:08:10 ET
Table 'Mezzarco II' 10-max Seat #1 is the button
Seat 1: Zubasa07 ($476.52 in chips)
Seat 2: Eu sou K ($142.02 in chips)
Zubasa07: posts small blind $1
Eu sou K: posts big blind $3
*** HOLE CARDS ***
Zubasa07: raises $3 to $6
Eu sou K: calls $3
*** FLOP *** [Qs 2s Js]
Eu sou K: checks
Zubasa07: bets $3
Eu sou K: folds
Uncalled bet ($3) returned to Zubasa07
Zubasa07 collected $11.76 from pot
Zubasa07: doesn't show hand
*** SUMMARY ***
Total pot $12 | Rake $0.24
Board [Qs 2s Js]
Seat 1: Zubasa07 (button) (small blind) collected ($11.76)
Seat 2: Eu sou K (big blind) folded on the Flop


PokerStars Hand #149621838476:  Hold'em Limit ($3/$6 USD) - 2016/02/29 13:09:08 ET
Table 'Mezzarco II' 10-max Seat #1 is the button
Seat 1: Zubasa07 ($476.28 in chips)
Seat 2: Eu sou K ($141.78 in chips)
Zubasa07: posts small blind $1
Eu sou K: posts big blind $3
*** HOLE CARDS ***
Zubasa07: raises $3 to $6
Eu sou K: calls $3
*** FLOP *** [9c 4h 8h]
Eu sou K: checks
Zubasa07: bets $3
Eu sou K: raises $3 to $6
Zubasa07: calls $3
*** TURN *** [9c 4h 8h] [7c]
Eu sou K: bets $6
Zubasa07: calls $6
*** RIVER *** [9c 4h 8h 7c] [2d]
Eu sou K: checks
tweemeterzes joins the table at seat #4
Zubasa07: bets $6
Eu sou K: calls $6
*** SHOW DOWN ***
Zubasa07: shows [Jc 8d] (a pair of Eights)
Eu sou K: mucks hand
Zubasa07 collected $47.50 from pot
*** SUMMARY ***
Total pot $48 | Rake $0.50
Board [9c 4h 8h 7c 2d]
Seat 1: Zubasa07 (button) (small blind) showed [Jc 8d] and won ($47.50) with a pair of Eights
Seat 2: Eu sou K (big blind) mucked


PokerStars Hand #149622391276:  Hold'em Limit ($3/$6 USD) - 2016/02/29 13:18:21 ET
Table 'Mezzarco II' 10-max Seat #1 is the button
Seat 1: Zubasa07 ($557.60 in chips)
Seat 4: tweemeterzes ($442.49 in chips)
Zubasa07: posts small blind $1
tweemeterzes: posts big blind $3
*** HOLE CARDS ***
Zubasa07: raises $3 to $6
tweemeterzes: calls $3
*** FLOP *** [Td 2d 9d]
tweemeterzes: checks
Zubasa07: bets $3
tweemeterzes: raises $3 to $6
Zubasa07: calls $3
*** TURN *** [Td 2d 9d] [As]
tweemeterzes: checks
Zubasa07: checks
*** RIVER *** [Td 2d 9d As] [2s]
tweemeterzes: bets $6
Zubasa07: folds
Uncalled bet ($6) returned to tweemeterzes
roxy1362 joins the table at seat #8
tweemeterzes collected $23.52 from pot
tweemeterzes: doesn't show hand
*** SUMMARY ***
Total pot $24 | Rake $0.48
Board [Td 2d 9d As 2s]
Seat 1: Zubasa07 (button) (small blind) folded on the River
Seat 4: tweemeterzes (big blind) collected ($23.52)


PokerStars Hand #149622451651:  Hold'em Limit ($3/$6 USD) - 2016/02/29 13:19:21 ET
Table 'Mezzarco II' 10-max Seat #8 is the button
Seat 4: tweemeterzes ($456.83 in chips)
Seat 8: roxy1362 ($51 in chips)
roxy1362: posts small blind $1
Zubasa07: is sitting out
tweemeterzes: posts big blind $3
*** HOLE CARDS ***
roxy1362: raises $3 to $6
tweemeterzes: calls $3
*** FLOP *** [Ad Tc 9h]
Zubasa07 leaves the table
tweemeterzes: checks
roxy1362: bets $3
tweemeterzes: folds
Uncalled bet ($3) returned to roxy1362
roxy1362 collected $11.76 from pot
Zubasa07 joins the table at seat #9
tweemeterzes leaves the table
*** SUMMARY ***
Total pot $12 | Rake $0.24
Board [Ad Tc 9h]
Seat 4: tweemeterzes (big blind) folded on the Flop
Seat 8: roxy1362 (button) (small blind) collected ($11.76)


PokerStars Hand #149622474368:  Hold'em Limit ($3/$6 USD) - 2016/02/29 13:19:44 ET
Table 'Mezzarco II' 10-max Seat #9 is the button
Seat 8: roxy1362 ($56.76 in chips)
Seat 9: Zubasa07 ($500 in chips)
Zubasa07: posts small blind $1
roxy1362: posts big blind $3
*** HOLE CARDS ***
Zubasa07: raises $3 to $6
roxy1362: calls $3
*** FLOP *** [Jh 3h 7d]
roxy1362: checks
Zubasa07: bets $3
roxy1362: calls $3
*** TURN *** [Jh 3h 7d] [2h]
roxy1362: bets $6
Zubasa07: folds
Uncalled bet ($6) returned to roxy1362
roxy1362 collected $17.64 from pot
*** SUMMARY ***
Total pot $18 | Rake $0.36
Board [Jh 3h 7d 2h]
Seat 8: roxy1362 (big blind) collected ($17.64)
Seat 9: Zubasa07 (button) (small blind) folded on the Turn


PokerStars Hand #149622502423:  Hold'em Limit ($3/$6 USD) - 2016/02/29 13:20:12 ET
Table 'Mezzarco II' 10-max Seat #8 is the button
Seat 8: roxy1362 ($65.40 in chips)
Seat 9: Zubasa07 ($491 in chips)
roxy1362: posts small blind $1
Zubasa07: posts big blind $3
*** HOLE CARDS ***
roxy1362: raises $3 to $6
Zubasa07: folds
Uncalled bet ($3) returned to roxy1362
roxy1362 collected $6 from pot
*** SUMMARY ***
Total pot $6 | Rake $0
Seat 8: roxy1362 (button) (small blind) collected ($6)
Seat 9: Zubasa07 (big blind) folded before Flop


PokerStars Hand #149622509899:  Hold'em Limit ($3/$6 USD) - 2016/02/29 13:20:20 ET
Table 'Mezzarco II' 10-max Seat #9 is the button
Seat 8: roxy1362 ($68.40 in chips)
Seat 9: Zubasa07 ($488 in chips)
Zubasa07: posts small blind $1
roxy1362: posts big blind $3
*** HOLE CARDS ***
Zubasa07: raises $3 to $6
roxy1362: calls $3
*** FLOP *** [Jd As 4d]
roxy1362: checks
Zubasa07: bets $3
roxy1362: calls $3
*** TURN *** [Jd As 4d] [3s]
roxy1362: checks
Zubasa07: checks
*** RIVER *** [Jd As 4d 3s] [4s]
roxy1362: bets $6
Zubasa07: calls $6
*** SHOW DOWN ***
roxy1362: shows [9d 3d] (two pair, Fours and Threes)
Zubasa07: shows [9h Js] (two pair, Jacks and Fours)
Zubasa07 collected $29.50 from pot
*** SUMMARY ***
Total pot $30 | Rake $0.50
Board [Jd As 4d 3s 4s]
Seat 8: roxy1362 (big blind) showed [9d 3d] and lost with two pair, Fours and Threes
Seat 9: Zubasa07 (button) (small blind) showed [9h Js] and won ($29.50) with two pair, Jacks and Fours


PokerStars Hand #149622540745:  Hold'em Limit ($3/$6 USD) - 2016/02/29 13:20:51 ET
Table 'Mezzarco II' 10-max Seat #8 is the button
Seat 8: roxy1362 ($53.40 in chips)
Seat 9: Zubasa07 ($502.50 in chips)
roxy1362: posts small blind $1
Zubasa07: posts big blind $3
*** HOLE CARDS ***
roxy1362: folds
Uncalled bet ($2) returned to Zubasa07
Zubasa07 collected $2 from pot
Zubasa07: doesn't show hand
*** SUMMARY ***
Total pot $2 | Rake $0
Seat 8: roxy1362 (button) (small blind) folded before Flop
Seat 9: Zubasa07 (big blind) collected ($2)


PokerStars Hand #149622546642:  Hold'em Limit ($3/$6 USD) - 2016/02/29 13:20:57 ET
Table 'Mezzarco II' 10-max Seat #9 is the button
Seat 8: roxy1362 ($52.40 in chips)
Seat 9: Zubasa07 ($503.50 in chips)
Zubasa07: posts small blind $1
roxy1362: posts big blind $3
*** HOLE CARDS ***
Zubasa07: raises $3 to $6
roxy1362: calls $3
*** FLOP *** [Qs Th 9h]
SirRomanov joins the table at seat #10
roxy1362: checks
Zubasa07: bets $3
roxy1362: calls $3
*** TURN *** [Qs Th 9h] [3c]
roxy1362: checks
Zubasa07: checks
*** RIVER *** [Qs Th 9h 3c] [3d]
roxy1362: bets $6
Zubasa07: folds
Uncalled bet ($6) returned to roxy1362
roxy1362 collected $17.64 from pot
*** SUMMARY ***
Total pot $18 | Rake $0.36
Board [Qs Th 9h 3c 3d]
Seat 8: roxy1362 (big blind) collected ($17.64)
Seat 9: Zubasa07 (button) (small blind) folded on the River


PokerStars Hand #149622582139:  Hold'em Limit ($3/$6 USD) - 2016/02/29 13:21:32 ET
Table 'Mezzarco II' 10-max Seat #8 is the button
Seat 8: roxy1362 ($61.04 in chips)
Seat 9: Zubasa07 ($494.50 in chips)
roxy1362: posts small blind $1
Zubasa07: posts big blind $3
*** HOLE CARDS ***
roxy1362: folds
Uncalled bet ($2) returned to Zubasa07
Zubasa07 collected $2 from pot
Zubasa07: doesn't show hand
*** SUMMARY ***
Total pot $2 | Rake $0
Seat 8: roxy1362 (button) (small blind) folded before Flop
Seat 9: Zubasa07 (big blind) collected ($2)


PokerStars Hand #149624294661:  Hold'em Limit ($3/$6 USD) - 2016/02/29 13:50:02 ET
Table 'Mezzarco II' 10-max Seat #9 is the button
Seat 1: SmellyToes4u ($67.50 in chips)
Seat 9: Zubasa07 ($466.84 in chips)
Zubasa07: posts small blind $1
SmellyToes4u: posts big blind $3
*** HOLE CARDS ***
Zubasa07: raises $3 to $6
SmellyToes4u: folds
Uncalled bet ($3) returned to Zubasa07
Zubasa07 collected $6 from pot
Zubasa07: doesn't show hand
*** SUMMARY ***
Total pot $6 | Rake $0
Seat 1: SmellyToes4u (big blind) folded before Flop
Seat 9: Zubasa07 (button) (small blind) collected ($6)


