PokerStars Hand #144636357567:  Hold'em Limit ($3/$6 USD) - 2015/11/30 18:37:29 ET
Table 'Mezzarco' 2-max Seat #1 is the button
Seat 1: hogmab ($7.25 in chips)
Seat 2: haspuk ($122.43 in chips)
hogmab: posts small blind $1
haspuk: posts big blind $3
*** HOLE CARDS ***
hogmab: folds
Uncalled bet ($2) returned to haspuk
haspuk collected $2 from pot
haspuk: doesn't show hand
*** SUMMARY ***
Total pot $2 | Rake $0
Seat 1: hogmab (button) (small blind) folded before Flop
Seat 2: haspuk (big blind) collected ($2)


PokerStars Hand #144636348478:  Hold'em Limit ($3/$6 USD) - 2015/11/30 18:37:17 ET
Table 'Mezzarco' 2-max Seat #2 is the button
Seat 1: hogmab ($3.70 in chips)
Seat 2: haspuk ($126.13 in chips)
haspuk: posts small blind $1
hogmab: posts big blind $3
*** HOLE CARDS ***
haspuk: raises $3 to $6
hogmab: calls $0.70 and is all-in
Uncalled bet ($2.30) returned to haspuk
*** FLOP *** [Kc Tc Kh]
*** TURN *** [Kc Tc Kh] [2d]
*** RIVER *** [Kc Tc Kh 2d] [8c]
*** SHOW DOWN ***
hogmab: shows [8s Ts] (two pair, Kings and Tens)
haspuk: shows [Qc 9s] (a pair of Kings)
hogmab collected $7.25 from pot
*** SUMMARY ***
Total pot $7.40 | Rake $0.15
Board [Kc Tc Kh 2d 8c]
Seat 1: hogmab (big blind) showed [8s Ts] and won ($7.25) with two pair, Kings and Tens
Seat 2: haspuk (button) (small blind) showed [Qc 9s] and lost with a pair of Kings


PokerStars Hand #144636344433:  Hold'em Limit ($3/$6 USD) - 2015/11/30 18:37:11 ET
Table 'Mezzarco' 2-max Seat #1 is the button
Seat 1: hogmab ($4.70 in chips)
Seat 2: haspuk ($125.13 in chips)
hogmab: posts small blind $1
haspuk: posts big blind $3
*** HOLE CARDS ***
hogmab: folds
Uncalled bet ($2) returned to haspuk
haspuk collected $2 from pot
haspuk: doesn't show hand
*** SUMMARY ***
Total pot $2 | Rake $0
Seat 1: hogmab (button) (small blind) folded before Flop
Seat 2: haspuk (big blind) collected ($2)


PokerStars Hand #144636335710:  Hold'em Limit ($3/$6 USD) - 2015/11/30 18:37:00 ET
Table 'Mezzarco' 2-max Seat #2 is the button
Seat 1: hogmab ($13.70 in chips)
Seat 2: haspuk ($116.49 in chips)
haspuk: posts small blind $1
hogmab: posts big blind $3
*** HOLE CARDS ***
haspuk: raises $3 to $6
hogmab: raises $3 to $9
haspuk: calls $3
*** FLOP *** [8d 6d Qs]
hogmab: checks
haspuk: checks
*** TURN *** [8d 6d Qs] [2d]
hogmab: checks
haspuk: checks
*** RIVER *** [8d 6d Qs 2d] [Ac]
hogmab: checks
haspuk: bets $6
hogmab: folds
Uncalled bet ($6) returned to haspuk
haspuk collected $17.64 from pot
haspuk: doesn't show hand
*** SUMMARY ***
Total pot $18 | Rake $0.36
Board [8d 6d Qs 2d Ac]
Seat 1: hogmab (big blind) folded on the River
Seat 2: haspuk (button) (small blind) collected ($17.64)


PokerStars Hand #144636328380:  Hold'em Limit ($3/$6 USD) - 2015/11/30 18:36:50 ET
Table 'Mezzarco' 2-max Seat #1 is the button
Seat 1: hogmab ($25.70 in chips)
Seat 2: haspuk ($104.97 in chips)
hogmab: posts small blind $1
haspuk: posts big blind $3
*** HOLE CARDS ***
hogmab: raises $3 to $6
haspuk: raises $3 to $9
hogmab: calls $3
*** FLOP *** [2s Js Tc]
haspuk: bets $3
hogmab: calls $3
*** TURN *** [2s Js Tc] [Ac]
haspuk: bets $6
hogmab: folds
Uncalled bet ($6) returned to haspuk
haspuk collected $23.52 from pot
haspuk: doesn't show hand
*** SUMMARY ***
Total pot $24 | Rake $0.48
Board [2s Js Tc Ac]
Seat 1: hogmab (button) (small blind) folded on the Turn
Seat 2: haspuk (big blind) collected ($23.52)


PokerStars Hand #144636374473:  Hold'em Limit ($3/$6 USD) - 2015/11/30 18:37:51 ET
Table 'Mezzarco' 2-max Seat #2 is the button
Seat 1: hogmab ($6.37 in chips)
Seat 2: haspuk ($123.18 in chips)
haspuk: posts small blind $1
hogmab: posts big blind $3
*** HOLE CARDS ***
haspuk: raises $3 to $6
hogmab: raises $0.37 to $6.37 and is all-in
haspuk: calls $0.37
*** FLOP *** [Ad Td 6d]
*** TURN *** [Ad Td 6d] [Qd]
*** RIVER *** [Ad Td 6d Qd] [Qh]
*** SHOW DOWN ***
hogmab: shows [Ah 4c] (two pair, Aces and Queens)
haspuk: shows [6s 6h] (a full house, Sixes full of Queens)
haspuk collected $12.49 from pot
hogmab leaves the table
*** SUMMARY ***
Total pot $12.74 | Rake $0.25
Board [Ad Td 6d Qd Qh]
Seat 1: hogmab (big blind) showed [Ah 4c] and lost with two pair, Aces and Queens
Seat 2: haspuk (button) (small blind) showed [6s 6h] and won ($12.49) with a full house, Sixes full of Queens


PokerStars Hand #144636361780:  Hold'em Limit ($3/$6 USD) - 2015/11/30 18:37:34 ET
Table 'Mezzarco' 2-max Seat #2 is the button
Seat 1: hogmab ($6.25 in chips)
Seat 2: haspuk ($123.43 in chips)
haspuk: posts small blind $1
hogmab: posts big blind $3
*** HOLE CARDS ***
haspuk: raises $3 to $6
hogmab: folds
Uncalled bet ($3) returned to haspuk
haspuk collected $6 from pot
haspuk: doesn't show hand
*** SUMMARY ***
Total pot $6 | Rake $0
Seat 1: hogmab (big blind) folded before Flop
Seat 2: haspuk (button) (small blind) collected ($6)


