PokerStars Hand #156765247129:  Hold'em Limit ($3/$6 USD) - 2016/08/02 9:33:40 ET
Table 'Michela II' 6-max Seat #2 is the button
Seat 2: iskambil ($47.44 in chips)
Seat 6: B_loJkl ($259.90 in chips)
iskambil: posts small blind $1
Punkyfee: is sitting out
B_loJkl: posts big blind $3
*** HOLE CARDS ***
a.v.kopli joins the table at seat #4
iskambil: folds
Uncalled bet ($2) returned to B_loJkl
B_loJkl collected $2 from pot
B_loJkl: doesn't show hand
*** SUMMARY ***
Total pot $2 | Rake $0
Seat 2: iskambil (button) (small blind) folded before Flop
Seat 6: B_loJkl (big blind) collected ($2)


PokerStars Hand #156765250877:  Hold'em Limit ($3/$6 USD) - 2016/08/02 9:33:47 ET
Table 'Michela II' 6-max Seat #6 is the button
Seat 2: iskambil ($46.44 in chips)
Seat 6: B_loJkl ($260.90 in chips)
B_loJkl: posts small blind $1
iskambil: posts big blind $3
*** HOLE CARDS ***
B_loJkl: raises $3 to $6
iskambil: raises $3 to $9
B_loJkl: calls $3
*** FLOP *** [Kd Ac Th]
iskambil: bets $3
B_loJkl: calls $3
*** TURN *** [Kd Ac Th] [5d]
iskambil: bets $6
B_loJkl: calls $6
*** RIVER *** [Kd Ac Th 5d] [9d]
Punkyfee leaves the table
iskambil: bets $6
B_loJkl: folds
Uncalled bet ($6) returned to iskambil
iskambil collected $35.50 from pot
*** SUMMARY ***
Total pot $36 | Rake $0.50
Board [Kd Ac Th 5d 9d]
Seat 2: iskambil (big blind) collected ($35.50)
Seat 6: B_loJkl (button) (small blind) folded on the River


PokerStars Hand #156765288841:  Hold'em Limit ($3/$6 USD) - 2016/08/02 9:34:58 ET
Table 'Michela II' 6-max Seat #4 is the button
Seat 2: iskambil ($36.94 in chips)
Seat 4: a.v.kopli ($145.38 in chips)
a.v.kopli: posts small blind $1
B_loJkl: is sitting out
iskambil: posts big blind $3
*** HOLE CARDS ***
a.v.kopli: folds
Uncalled bet ($2) returned to iskambil
iskambil collected $2 from pot
*** SUMMARY ***
Total pot $2 | Rake $0
Seat 2: iskambil (big blind) collected ($2)
Seat 4: a.v.kopli (button) (small blind) folded before Flop


PokerStars Hand #156765291642:  Hold'em Limit ($3/$6 USD) - 2016/08/02 9:35:04 ET
Table 'Michela II' 6-max Seat #2 is the button
Seat 2: iskambil ($37.94 in chips)
Seat 4: a.v.kopli ($144.38 in chips)
iskambil: posts small blind $1
a.v.kopli: posts big blind $3
*** HOLE CARDS ***
iskambil: raises $3 to $6
a.v.kopli: calls $3
*** FLOP *** [4h Kh Kc]
a.v.kopli: checks
iskambil: bets $3
B_loJkl leaves the table
a.v.kopli: calls $3
*** TURN *** [4h Kh Kc] [2c]
a.v.kopli: checks
iskambil: bets $6
a.v.kopli: calls $6
*** RIVER *** [4h Kh Kc 2c] [9s]
a.v.kopli: checks
iskambil: bets $6
a.v.kopli: calls $6
*** SHOW DOWN ***
iskambil: shows [Jd Js] (two pair, Kings and Jacks)
a.v.kopli: mucks hand
iskambil collected $41.50 from pot
*** SUMMARY ***
Total pot $42 | Rake $0.50
Board [4h Kh Kc 2c 9s]
Seat 2: iskambil (button) (small blind) showed [Jd Js] and won ($41.50) with two pair, Kings and Jacks
Seat 4: a.v.kopli (big blind) mucked


