PokerStars Hand #144309933645:  Hold'em Limit ($3/$6 USD) - 2015/11/24 9:13:58 ET
Table 'Michela' 6-max Seat #3 is the button
Seat 3: SLK500 ($50.48 in chips)
Seat 4: MTails ($126.76 in chips)
SLK500: posts small blind $1
MTails: posts big blind $3
*** HOLE CARDS ***
SLK500: raises $3 to $6
MTails: calls $3
*** FLOP *** [7d Ts 2c]
MTails: checks
SLK500: checks
*** TURN *** [7d Ts 2c] [8d]
MTails: bets $6
SLK500: folds
Uncalled bet ($6) returned to MTails
MTails collected $11.76 from pot
*** SUMMARY ***
Total pot $12 | Rake $0.24
Board [7d Ts 2c 8d]
Seat 3: SLK500 (button) (small blind) folded on the Turn
Seat 4: MTails (big blind) collected ($11.76)


PokerStars Hand #144309924327:  Hold'em Limit ($3/$6 USD) - 2015/11/24 9:13:44 ET
Table 'Michela' 6-max Seat #4 is the button
Seat 3: SLK500 ($56.48 in chips)
Seat 4: MTails ($121 in chips)
MTails: posts small blind $1
SLK500: posts big blind $3
*** HOLE CARDS ***
MTails: raises $3 to $6
SLK500: calls $3
*** FLOP *** [8h 4c Ad]
SLK500: checks
MTails: bets $3
SLK500: folds
Uncalled bet ($3) returned to MTails
MTails collected $11.76 from pot
*** SUMMARY ***
Total pot $12 | Rake $0.24
Board [8h 4c Ad]
Seat 3: SLK500 (big blind) folded on the Flop
Seat 4: MTails (button) (small blind) collected ($11.76)


PokerStars Hand #144309915106:  Hold'em Limit ($3/$6 USD) - 2015/11/24 9:13:29 ET
Table 'Michela' 6-max Seat #3 is the button
Seat 3: SLK500 ($57.48 in chips)
Seat 4: MTails ($120 in chips)
SLK500: posts small blind $1
MTails: posts big blind $3
*** HOLE CARDS ***
SLK500: folds
Uncalled bet ($2) returned to MTails
MTails collected $2 from pot
*** SUMMARY ***
Total pot $2 | Rake $0
Seat 3: SLK500 (button) (small blind) folded before Flop
Seat 4: MTails (big blind) collected ($2)


PokerStars Hand #144309965603:  Hold'em Limit ($3/$6 USD) - 2015/11/24 9:14:49 ET
Table 'Michela' 6-max Seat #4 is the button
Seat 3: SLK500 ($11.48 in chips)
Seat 4: MTails ($164.66 in chips)
MTails: posts small blind $1
SLK500: posts big blind $3
*** HOLE CARDS ***
MTails: raises $3 to $6
SLK500: folds
Uncalled bet ($3) returned to MTails
MTails collected $6 from pot
*** SUMMARY ***
Total pot $6 | Rake $0
Seat 3: SLK500 (big blind) folded before Flop
Seat 4: MTails (button) (small blind) collected ($6)


PokerStars Hand #144309955542:  Hold'em Limit ($3/$6 USD) - 2015/11/24 9:14:33 ET
Table 'Michela' 6-max Seat #3 is the button
Seat 3: SLK500 ($35.48 in chips)
Seat 4: MTails ($141.16 in chips)
SLK500: posts small blind $1
MTails: posts big blind $3
*** HOLE CARDS ***
SLK500: raises $3 to $6
MTails: raises $3 to $9
SLK500: calls $3
*** FLOP *** [5h Kc 9s]
MTails: bets $3
SLK500: calls $3
*** TURN *** [5h Kc 9s] [Js]
MTails: bets $6
SLK500: calls $6
*** RIVER *** [5h Kc 9s Js] [Ks]
MTails: bets $6
SLK500: calls $6
*** SHOW DOWN ***
MTails: shows [Jh Th] (two pair, Kings and Jacks)
SLK500: mucks hand
MTails collected $47.50 from pot
*** SUMMARY ***
Total pot $48 | Rake $0.50
Board [5h Kc 9s Js Ks]
Seat 3: SLK500 (button) (small blind) mucked
Seat 4: MTails (big blind) showed [Jh Th] and won ($47.50) with two pair, Kings and Jacks


PokerStars Hand #144309942306:  Hold'em Limit ($3/$6 USD) - 2015/11/24 9:14:12 ET
Table 'Michela' 6-max Seat #4 is the button
Seat 3: SLK500 ($44.48 in chips)
Seat 4: MTails ($132.52 in chips)
MTails: posts small blind $1
SLK500: posts big blind $3
*** HOLE CARDS ***
MTails: raises $3 to $6
SLK500: calls $3
*** FLOP *** [2d 9d 2c]
SLK500: bets $3
MTails: raises $3 to $6
SLK500: folds
Uncalled bet ($3) returned to MTails
MTails collected $17.64 from pot
MTails: doesn't show hand
*** SUMMARY ***
Total pot $18 | Rake $0.36
Board [2d 9d 2c]
Seat 3: SLK500 (big blind) folded on the Flop
Seat 4: MTails (button) (small blind) collected ($17.64)


