PokerStars Hand #156153251937:  Hold'em Limit ($3/$6 USD) - 2016/07/18 20:41:14 ET
Table 'Michel' 10-max Seat #1 is the button
Seat 1: LifeisagameX ($84 in chips)
Seat 5: ELSUPREMO999 ($120 in chips)
LifeisagameX: posts small blind $1
ELSUPREMO999: posts big blind $3
*** HOLE CARDS ***
LifeisagameX: raises $3 to $6
ELSUPREMO999: calls $3
*** FLOP *** [Td 7h 4c]
ELSUPREMO999: checks
LifeisagameX: bets $3
ELSUPREMO999: calls $3
*** TURN *** [Td 7h 4c] [Ts]
ELSUPREMO999: checks
LifeisagameX: bets $6
ELSUPREMO999: raises $6 to $12
Chessnok joins the table at seat #6
LifeisagameX: calls $6
*** RIVER *** [Td 7h 4c Ts] [6h]
ELSUPREMO999: bets $6
LifeisagameX: calls $6
*** SHOW DOWN ***
ELSUPREMO999: shows [Th 2h] (three of a kind, Tens)
LifeisagameX: mucks hand
ELSUPREMO999 collected $53.50 from pot
*** SUMMARY ***
Total pot $54 | Rake $0.50
Board [Td 7h 4c Ts 6h]
Seat 1: LifeisagameX (button) (small blind) mucked
Seat 5: ELSUPREMO999 (big blind) showed [Th 2h] and won ($53.50) with three of a kind, Tens


PokerStars Hand #156153324694:  Hold'em Limit ($3/$6 USD) - 2016/07/18 20:43:59 ET
Table 'Michel' 10-max Seat #6 is the button
Seat 5: ELSUPREMO999 ($135.85 in chips)
Seat 6: Chessnok ($140.90 in chips)
Chessnok: posts small blind $1
ELSUPREMO999: posts big blind $3
*** HOLE CARDS ***
Chessnok: raises $3 to $6
ELSUPREMO999: raises $3 to $9
Chessnok: calls $3
*** FLOP *** [2s 9h 7s]
ELSUPREMO999: bets $3
Chessnok: calls $3
*** TURN *** [2s 9h 7s] [Qs]
ELSUPREMO999: bets $6
Chessnok: folds
Uncalled bet ($6) returned to ELSUPREMO999
ELSUPREMO999 collected $23.52 from pot
ELSUPREMO999: doesn't show hand
*** SUMMARY ***
Total pot $24 | Rake $0.48
Board [2s 9h 7s Qs]
Seat 5: ELSUPREMO999 (big blind) collected ($23.52)
Seat 6: Chessnok (button) (small blind) folded on the Turn


PokerStars Hand #156153322760:  Hold'em Limit ($3/$6 USD) - 2016/07/18 20:43:54 ET
Table 'Michel' 10-max Seat #5 is the button
Seat 5: ELSUPREMO999 ($136.85 in chips)
Seat 6: Chessnok ($139.90 in chips)
ELSUPREMO999: posts small blind $1
Chessnok: posts big blind $3
*** HOLE CARDS ***
ELSUPREMO999: folds
Uncalled bet ($2) returned to Chessnok
Chessnok collected $2 from pot
Chessnok: doesn't show hand
*** SUMMARY ***
Total pot $2 | Rake $0
Seat 5: ELSUPREMO999 (button) (small blind) folded before Flop
Seat 6: Chessnok (big blind) collected ($2)


PokerStars Hand #156153318078:  Hold'em Limit ($3/$6 USD) - 2016/07/18 20:43:44 ET
Table 'Michel' 10-max Seat #6 is the button
Seat 5: ELSUPREMO999 ($142.85 in chips)
Seat 6: Chessnok ($134.14 in chips)
Chessnok: posts small blind $1
ELSUPREMO999: posts big blind $3
*** HOLE CARDS ***
Chessnok: raises $3 to $6
ELSUPREMO999: calls $3
*** FLOP *** [3s 3c Qs]
ELSUPREMO999: checks
Chessnok: bets $3
ELSUPREMO999: folds
Uncalled bet ($3) returned to Chessnok
Chessnok collected $11.76 from pot
Chessnok: doesn't show hand
*** SUMMARY ***
Total pot $12 | Rake $0.24
Board [3s 3c Qs]
Seat 5: ELSUPREMO999 (big blind) folded on the Flop
Seat 6: Chessnok (button) (small blind) collected ($11.76)


PokerStars Hand #156153309278:  Hold'em Limit ($3/$6 USD) - 2016/07/18 20:43:24 ET
Table 'Michel' 10-max Seat #5 is the button
Seat 5: ELSUPREMO999 ($175.85 in chips)
Seat 6: Chessnok ($101.64 in chips)
ELSUPREMO999: posts small blind $1
Chessnok: posts big blind $3
*** HOLE CARDS ***
ELSUPREMO999: raises $3 to $6
Chessnok: raises $3 to $9
ELSUPREMO999: raises $3 to $12
Betting is capped
Chessnok: calls $3
*** FLOP *** [9d 2s 5s]
Chessnok: checks
ELSUPREMO999: bets $3
Chessnok: calls $3
*** TURN *** [9d 2s 5s] [Kc]
Chessnok: checks
ELSUPREMO999: bets $6
Chessnok: raises $6 to $12
ELSUPREMO999: calls $6
*** RIVER *** [9d 2s 5s Kc] [4h]
Chessnok: bets $6
ELSUPREMO999: calls $6
*** SHOW DOWN ***
Chessnok: shows [Kh Js] (a pair of Kings)
ELSUPREMO999: mucks hand
Chessnok collected $65.50 from pot
*** SUMMARY ***
Total pot $66 | Rake $0.50
Board [9d 2s 5s Kc 4h]
Seat 5: ELSUPREMO999 (button) (small blind) mucked
Seat 6: Chessnok (big blind) showed [Kh Js] and won ($65.50) with a pair of Kings


PokerStars Hand #156153340066:  Hold'em Limit ($3/$6 USD) - 2016/07/18 20:44:34 ET
Table 'Michel' 10-max Seat #5 is the button
Seat 5: ELSUPREMO999 ($122.37 in chips)
Seat 6: Chessnok ($153.40 in chips)
ELSUPREMO999: posts small blind $1
Chessnok: posts big blind $3
*** HOLE CARDS ***
ELSUPREMO999: raises $3 to $6
Chessnok: raises $3 to $9
ELSUPREMO999: raises $3 to $12
Betting is capped
Chessnok: calls $3
*** FLOP *** [Td 5h 7s]
Chessnok: checks
ELSUPREMO999: bets $3
Chessnok: calls $3
*** TURN *** [Td 5h 7s] [8s]
Chessnok: checks
ELSUPREMO999: bets $6
duckster1948 leaves the table
Chessnok: raises $6 to $12
ELSUPREMO999: raises $6 to $18
Chessnok: calls $6
*** RIVER *** [Td 5h 7s 8s] [Qd]
Chessnok: checks
ELSUPREMO999: bets $6
Chessnok: calls $6
*** SHOW DOWN ***
ELSUPREMO999: shows [Jc 7c] (a pair of Sevens)
Chessnok: shows [Th Kd] (a pair of Tens)
Chessnok collected $77.50 from pot
*** SUMMARY ***
Total pot $78 | Rake $0.50
Board [Td 5h 7s 8s Qd]
Seat 5: ELSUPREMO999 (button) (small blind) showed [Jc 7c] and lost with a pair of Sevens
Seat 6: Chessnok (big blind) showed [Th Kd] and won ($77.50) with a pair of Tens


PokerStars Hand #156153331916:  Hold'em Limit ($3/$6 USD) - 2016/07/18 20:44:15 ET
Table 'Michel' 10-max Seat #6 is the button
Seat 5: ELSUPREMO999 ($146.37 in chips)
Seat 6: Chessnok ($129.90 in chips)
Chessnok: posts small blind $1
ELSUPREMO999: posts big blind $3
*** HOLE CARDS ***
Chessnok: raises $3 to $6
ELSUPREMO999: calls $3
*** FLOP *** [5d Kc 5s]
ELSUPREMO999: checks
duckster1948 joins the table at seat #4
Chessnok: bets $3
ELSUPREMO999: raises $3 to $6
Chessnok: calls $3
*** TURN *** [5d Kc 5s] [3d]
ELSUPREMO999: bets $6
Chessnok: calls $6
*** RIVER *** [5d Kc 5s 3d] [6d]
ELSUPREMO999: bets $6
Chessnok: raises $6 to $12
ELSUPREMO999: folds
Uncalled bet ($6) returned to Chessnok
Chessnok collected $47.50 from pot
Chessnok: doesn't show hand
*** SUMMARY ***
Total pot $48 | Rake $0.50
Board [5d Kc 5s 3d 6d]
Seat 5: ELSUPREMO999 (big blind) folded on the River
Seat 6: Chessnok (button) (small blind) collected ($47.50)


PokerStars Hand #156153329976:  Hold'em Limit ($3/$6 USD) - 2016/07/18 20:44:11 ET
Table 'Michel' 10-max Seat #5 is the button
Seat 5: ELSUPREMO999 ($147.37 in chips)
Seat 6: Chessnok ($128.90 in chips)
ELSUPREMO999: posts small blind $1
Chessnok: posts big blind $3
*** HOLE CARDS ***
ELSUPREMO999: folds
Uncalled bet ($2) returned to Chessnok
Chessnok collected $2 from pot
Chessnok: doesn't show hand
*** SUMMARY ***
Total pot $2 | Rake $0
Seat 5: ELSUPREMO999 (button) (small blind) folded before Flop
Seat 6: Chessnok (big blind) collected ($2)


PokerStars Hand #156153373617:  Hold'em Limit ($3/$6 USD) - 2016/07/18 20:45:50 ET
Table 'Michel' 10-max Seat #6 is the button
Seat 5: ELSUPREMO999 ($146.47 in chips)
Seat 6: Chessnok ($192.18 in chips)
Chessnok: posts small blind $1
ELSUPREMO999: posts big blind $3
*** HOLE CARDS ***
Chessnok: raises $3 to $6
ELSUPREMO999: raises $3 to $9
Chessnok: calls $3
*** FLOP *** [Kc 2c 6d]
ELSUPREMO999: bets $3
Chessnok: calls $3
*** TURN *** [Kc 2c 6d] [9c]
ELSUPREMO999: bets $6
Chessnok: calls $6
*** RIVER *** [Kc 2c 6d 9c] [Js]
ELSUPREMO999: bets $6
Chessnok: raises $6 to $12
ELSUPREMO999: raises $6 to $18
Chessnok: calls $6
*** SHOW DOWN ***
ELSUPREMO999: shows [3s Kh] (a pair of Kings)
Chessnok: shows [3d Kd] (a pair of Kings)
ELSUPREMO999 collected $35.75 from pot
Chessnok collected $35.75 from pot
*** SUMMARY ***
Total pot $72 | Rake $0.50
Board [Kc 2c 6d 9c Js]
Seat 5: ELSUPREMO999 (big blind) showed [3s Kh] and won ($35.75) with a pair of Kings
Seat 6: Chessnok (button) (small blind) showed [3d Kd] and won ($35.75) with a pair of Kings


PokerStars Hand #156153371763:  Hold'em Limit ($3/$6 USD) - 2016/07/18 20:45:46 ET
Table 'Michel' 10-max Seat #5 is the button
Seat 5: ELSUPREMO999 ($147.47 in chips)
Seat 6: Chessnok ($191.18 in chips)
ELSUPREMO999: posts small blind $1
Chessnok: posts big blind $3
*** HOLE CARDS ***
ELSUPREMO999: folds
Uncalled bet ($2) returned to Chessnok
Chessnok collected $2 from pot
Chessnok: doesn't show hand
*** SUMMARY ***
Total pot $2 | Rake $0
Seat 5: ELSUPREMO999 (button) (small blind) folded before Flop
Seat 6: Chessnok (big blind) collected ($2)


PokerStars Hand #156153368100:  Hold'em Limit ($3/$6 USD) - 2016/07/18 20:45:37 ET
Table 'Michel' 10-max Seat #6 is the button
Seat 5: ELSUPREMO999 ($153.47 in chips)
Seat 6: Chessnok ($185.42 in chips)
Chessnok: posts small blind $1
ELSUPREMO999: posts big blind $3
*** HOLE CARDS ***
Chessnok: raises $3 to $6
ELSUPREMO999: calls $3
*** FLOP *** [8c 3c Th]
ELSUPREMO999: checks
Chessnok: bets $3
ELSUPREMO999: folds
Uncalled bet ($3) returned to Chessnok
Chessnok collected $11.76 from pot
Chessnok: doesn't show hand
*** SUMMARY ***
Total pot $12 | Rake $0.24
Board [8c 3c Th]
Seat 5: ELSUPREMO999 (big blind) folded on the Flop
Seat 6: Chessnok (button) (small blind) collected ($11.76)


PokerStars Hand #156153361809:  Hold'em Limit ($3/$6 USD) - 2016/07/18 20:45:23 ET
Table 'Michel' 10-max Seat #5 is the button
Seat 5: ELSUPREMO999 ($165.47 in chips)
Seat 6: Chessnok ($173.90 in chips)
ELSUPREMO999: posts small blind $1
Chessnok: posts big blind $3
*** HOLE CARDS ***
ELSUPREMO999: raises $3 to $6
Chessnok: calls $3
*** FLOP *** [4s 7h Js]
Chessnok: checks
ELSUPREMO999: checks
*** TURN *** [4s 7h Js] [3c]
Chessnok: bets $6
ELSUPREMO999: calls $6
*** RIVER *** [4s 7h Js 3c] [6c]
Chessnok: bets $6
ELSUPREMO999: folds
Uncalled bet ($6) returned to Chessnok
Chessnok collected $23.52 from pot
Chessnok: doesn't show hand
*** SUMMARY ***
Total pot $24 | Rake $0.48
Board [4s 7h Js 3c 6c]
Seat 5: ELSUPREMO999 (button) (small blind) folded on the River
Seat 6: Chessnok (big blind) collected ($23.52)


PokerStars Hand #156153349869:  Hold'em Limit ($3/$6 USD) - 2016/07/18 20:44:56 ET
Table 'Michel' 10-max Seat #6 is the button
Seat 5: ELSUPREMO999 ($83.37 in chips)
Seat 6: Chessnok ($191.90 in chips)
Chessnok: posts small blind $1
ELSUPREMO999: posts big blind $3
*** HOLE CARDS ***
Chessnok: raises $3 to $6
ELSUPREMO999: raises $3 to $9
Chessnok: calls $3
*** FLOP *** [Ah 3c 6s]
ELSUPREMO999: checks
Chessnok: bets $3
ELSUPREMO999: calls $3
*** TURN *** [Ah 3c 6s] [9c]
ELSUPREMO999: checks
Chessnok: checks
*** RIVER *** [Ah 3c 6s 9c] [7h]
ELSUPREMO999: bets $6
Chessnok: calls $6
*** SHOW DOWN ***
ELSUPREMO999: shows [Ks 7s] (a pair of Sevens)
Chessnok: mucks hand
ELSUPREMO999 collected $35.50 from pot
*** SUMMARY ***
Total pot $36 | Rake $0.50
Board [Ah 3c 6s 9c 7h]
Seat 5: ELSUPREMO999 (big blind) showed [Ks 7s] and won ($35.50) with a pair of Sevens
Seat 6: Chessnok (button) (small blind) mucked


PokerStars Hand #156153412158:  Hold'em Limit ($3/$6 USD) - 2016/07/18 20:46:56 ET
Table 'Michel' 10-max Seat #6 is the button
Seat 5: ELSUPREMO999 ($178.22 in chips)
Seat 6: Chessnok ($158.81 in chips)
Chessnok: posts small blind $1
ELSUPREMO999: posts big blind $3
*** HOLE CARDS ***
Chessnok: raises $3 to $6
ELSUPREMO999: raises $3 to $9
Chessnok: calls $3
*** FLOP *** [Qh 7h 6h]
ELSUPREMO999: bets $3
Chessnok: calls $3
*** TURN *** [Qh 7h 6h] [5s]
ELSUPREMO999: checks
Chessnok: bets $6
ELSUPREMO999: calls $6
*** RIVER *** [Qh 7h 6h 5s] [4d]
ELSUPREMO999: checks
Chessnok: bets $6
ELSUPREMO999: folds
Uncalled bet ($6) returned to Chessnok
Chessnok collected $35.50 from pot
Chessnok: doesn't show hand
*** SUMMARY ***
Total pot $36 | Rake $0.50
Board [Qh 7h 6h 5s 4d]
Seat 5: ELSUPREMO999 (big blind) folded on the River
Seat 6: Chessnok (button) (small blind) collected ($35.50)


PokerStars Hand #156153405248:  Hold'em Limit ($3/$6 USD) - 2016/07/18 20:46:40 ET
Table 'Michel' 10-max Seat #5 is the button
Seat 5: ELSUPREMO999 ($181.22 in chips)
Seat 6: Chessnok ($155.93 in chips)
ELSUPREMO999: posts small blind $1
Chessnok: posts big blind $3
*** HOLE CARDS ***
ELSUPREMO999: calls $2
Chessnok: checks
*** FLOP *** [8c 4c 5c]
Chessnok: checks
ELSUPREMO999: checks
*** TURN *** [8c 4c 5c] [5s]
Chessnok: checks
ELSUPREMO999: checks
*** RIVER *** [8c 4c 5c 5s] [Ks]
Chessnok: checks
ELSUPREMO999: checks
*** SHOW DOWN ***
Chessnok: shows [3c Qh] (a pair of Fives)
ELSUPREMO999: mucks hand
Chessnok collected $5.88 from pot
*** SUMMARY ***
Total pot $6 | Rake $0.12
Board [8c 4c 5c 5s Ks]
Seat 5: ELSUPREMO999 (button) (small blind) mucked
Seat 6: Chessnok (big blind) showed [3c Qh] and won ($5.88) with a pair of Fives


PokerStars Hand #156153399760:  Hold'em Limit ($3/$6 USD) - 2016/07/18 20:46:27 ET
Table 'Michel' 10-max Seat #6 is the button
Seat 5: ELSUPREMO999 ($166.72 in chips)
Seat 6: Chessnok ($170.93 in chips)
Chessnok: posts small blind $1
ELSUPREMO999: posts big blind $3
*** HOLE CARDS ***
Chessnok: raises $3 to $6
ELSUPREMO999: calls $3
*** FLOP *** [9s Ad 8d]
ELSUPREMO999: checks
Chessnok: bets $3
ELSUPREMO999: calls $3
*** TURN *** [9s Ad 8d] [3h]
ELSUPREMO999: checks
Chessnok: checks
*** RIVER *** [9s Ad 8d 3h] [Kd]
ELSUPREMO999: bets $6
Chessnok: calls $6
*** SHOW DOWN ***
ELSUPREMO999: shows [Jc 9h] (a pair of Nines)
Chessnok: mucks hand
ELSUPREMO999 collected $29.50 from pot
*** SUMMARY ***
Total pot $30 | Rake $0.50
Board [9s Ad 8d 3h Kd]
Seat 5: ELSUPREMO999 (big blind) showed [Jc 9h] and won ($29.50) with a pair of Nines
Seat 6: Chessnok (button) (small blind) mucked


PokerStars Hand #156153392043:  Hold'em Limit ($3/$6 USD) - 2016/07/18 20:46:09 ET
Table 'Michel' 10-max Seat #5 is the button
Seat 5: ELSUPREMO999 ($146.22 in chips)
Seat 6: Chessnok ($191.93 in chips)
ELSUPREMO999: posts small blind $1
Chessnok: posts big blind $3
*** HOLE CARDS ***
ELSUPREMO999: raises $3 to $6
Chessnok: calls $3
*** FLOP *** [7d 8d 9d]
Chessnok: checks
ELSUPREMO999: bets $3
Chessnok: calls $3
*** TURN *** [7d 8d 9d] [4d]
Chessnok: checks
ELSUPREMO999: bets $6
Chessnok: calls $6
*** RIVER *** [7d 8d 9d 4d] [Jd]
Chessnok: checks
ELSUPREMO999: bets $6
Chessnok: calls $6
*** SHOW DOWN ***
ELSUPREMO999: shows [Js Td] (a straight flush, Seven to Jack)
Chessnok: mucks hand
ELSUPREMO999 collected $41.50 from pot
*** SUMMARY ***
Total pot $42 | Rake $0.50
Board [7d 8d 9d 4d Jd]
Seat 5: ELSUPREMO999 (button) (small blind) showed [Js Td] and won ($41.50) with a straight flush, Seven to Jack
Seat 6: Chessnok (big blind) mucked


PokerStars Hand #156153432234:  Hold'em Limit ($3/$6 USD) - 2016/07/18 20:47:42 ET
Table 'Michel' 10-max Seat #6 is the button
Seat 5: ELSUPREMO999 ($151.74 in chips)
Seat 6: Chessnok ($183.81 in chips)
Chessnok: posts small blind $1
ELSUPREMO999: posts big blind $3
*** HOLE CARDS ***
Chessnok: raises $3 to $6
ELSUPREMO999: calls $3
*** FLOP *** [8s 9d 3s]
ELSUPREMO999: checks
Chessnok: bets $3
ELSUPREMO999: calls $3
*** TURN *** [8s 9d 3s] [3c]
ELSUPREMO999: checks
Chessnok: checks
*** RIVER *** [8s 9d 3s 3c] [Tc]
ELSUPREMO999: bets $6
Chessnok: folds
Uncalled bet ($6) returned to ELSUPREMO999
ELSUPREMO999 collected $17.64 from pot
ELSUPREMO999: doesn't show hand
*** SUMMARY ***
Total pot $18 | Rake $0.36
Board [8s 9d 3s 3c Tc]
Seat 5: ELSUPREMO999 (big blind) collected ($17.64)
Seat 6: Chessnok (button) (small blind) folded on the River


PokerStars Hand #156153427411:  Hold'em Limit ($3/$6 USD) - 2016/07/18 20:47:31 ET
Table 'Michel' 10-max Seat #5 is the button
Seat 5: ELSUPREMO999 ($172.74 in chips)
Seat 6: Chessnok ($163.31 in chips)
ELSUPREMO999: posts small blind $1
Chessnok: posts big blind $3
*** HOLE CARDS ***
ELSUPREMO999: calls $2
Chessnok: raises $3 to $6
ELSUPREMO999: calls $3
*** FLOP *** [8s Kc Kh]
Chessnok: bets $3
ELSUPREMO999: calls $3
*** TURN *** [8s Kc Kh] [6d]
Chessnok: bets $6
ELSUPREMO999: calls $6
*** RIVER *** [8s Kc Kh 6d] [5d]
Chessnok: bets $6
ELSUPREMO999: calls $6
*** SHOW DOWN ***
Chessnok: shows [8d Td] (two pair, Kings and Eights)
ELSUPREMO999: mucks hand
Chessnok collected $41.50 from pot
*** SUMMARY ***
Total pot $42 | Rake $0.50
Board [8s Kc Kh 6d 5d]
Seat 5: ELSUPREMO999 (button) (small blind) mucked
Seat 6: Chessnok (big blind) showed [8d Td] and won ($41.50) with two pair, Kings and Eights


PokerStars Hand #156153425657:  Hold'em Limit ($3/$6 USD) - 2016/07/18 20:47:26 ET
Table 'Michel' 10-max Seat #6 is the button
Seat 5: ELSUPREMO999 ($171.74 in chips)
Seat 6: Chessnok ($164.31 in chips)
Chessnok: posts small blind $1
ELSUPREMO999: posts big blind $3
*** HOLE CARDS ***
Chessnok: folds
Uncalled bet ($2) returned to ELSUPREMO999
ELSUPREMO999 collected $2 from pot
ELSUPREMO999: doesn't show hand
*** SUMMARY ***
Total pot $2 | Rake $0
Seat 5: ELSUPREMO999 (big blind) collected ($2)
Seat 6: Chessnok (button) (small blind) folded before Flop


PokerStars Hand #156153420299:  Hold'em Limit ($3/$6 USD) - 2016/07/18 20:47:14 ET
Table 'Michel' 10-max Seat #5 is the button
Seat 5: ELSUPREMO999 ($160.22 in chips)
Seat 6: Chessnok ($176.31 in chips)
ELSUPREMO999: posts small blind $1
Chessnok: posts big blind $3
*** HOLE CARDS ***
ELSUPREMO999: calls $2
Chessnok: checks
*** FLOP *** [Kh 5d 3s]
Chessnok: bets $3
ELSUPREMO999: calls $3
*** TURN *** [Kh 5d 3s] [Kc]
Chessnok: bets $6
ELSUPREMO999: raises $6 to $12
Chessnok: folds
Uncalled bet ($6) returned to ELSUPREMO999
ELSUPREMO999 collected $23.52 from pot
ELSUPREMO999: doesn't show hand
*** SUMMARY ***
Total pot $24 | Rake $0.48
Board [Kh 5d 3s Kc]
Seat 5: ELSUPREMO999 (button) (small blind) collected ($23.52)
Seat 6: Chessnok (big blind) folded on the Turn


PokerStars Hand #156153439085:  Hold'em Limit ($3/$6 USD) - 2016/07/18 20:47:57 ET
Table 'Michel' 10-max Seat #5 is the button
Seat 5: ELSUPREMO999 ($160.38 in chips)
Seat 6: Chessnok ($174.81 in chips)
ELSUPREMO999: posts small blind $1
Chessnok: posts big blind $3
*** HOLE CARDS ***
ELSUPREMO999: calls $2
Chessnok: checks
*** FLOP *** [4s Qh 9c]
Chessnok: checks
ELSUPREMO999: bets $3
Chessnok: calls $3
*** TURN *** [4s Qh 9c] [As]
Chessnok: checks
ELSUPREMO999: bets $6
Chessnok: calls $6
*** RIVER *** [4s Qh 9c As] [4d]
Chessnok: checks
ELSUPREMO999: bets $6
Chessnok: raises $6 to $12
ELSUPREMO999: folds
Uncalled bet ($6) returned to Chessnok
Chessnok collected $35.50 from pot
Chessnok: doesn't show hand
*** SUMMARY ***
Total pot $36 | Rake $0.50
Board [4s Qh 9c As 4d]
Seat 5: ELSUPREMO999 (button) (small blind) folded on the River
Seat 6: Chessnok (big blind) collected ($35.50)


PokerStars Hand #156153461742:  Hold'em Limit ($3/$6 USD) - 2016/07/18 20:48:50 ET
Table 'Michel' 10-max Seat #6 is the button
Seat 5: ELSUPREMO999 ($104.38 in chips)
Seat 6: Chessnok ($229.81 in chips)
Chessnok: posts small blind $1
ELSUPREMO999: posts big blind $3
*** HOLE CARDS ***
Chessnok: raises $3 to $6
ELSUPREMO999: calls $3
*** FLOP *** [Ac Kc 2h]
ELSUPREMO999: checks
Chessnok: bets $3
ELSUPREMO999: calls $3
*** TURN *** [Ac Kc 2h] [3c]
ELSUPREMO999: checks
Chessnok: bets $6
ELSUPREMO999: folds
Uncalled bet ($6) returned to Chessnok
Chessnok collected $17.64 from pot
Chessnok: doesn't show hand
*** SUMMARY ***
Total pot $18 | Rake $0.36
Board [Ac Kc 2h 3c]
Seat 5: ELSUPREMO999 (big blind) folded on the Turn
Seat 6: Chessnok (button) (small blind) collected ($17.64)


PokerStars Hand #156153452690:  Hold'em Limit ($3/$6 USD) - 2016/07/18 20:48:29 ET
Table 'Michel' 10-max Seat #5 is the button
Seat 5: ELSUPREMO999 ($143.38 in chips)
Seat 6: Chessnok ($191.31 in chips)
ELSUPREMO999: posts small blind $1
Chessnok: posts big blind $3
*** HOLE CARDS ***
ELSUPREMO999: raises $3 to $6
Chessnok: calls $3
*** FLOP *** [Kc 4s Ah]
Chessnok: checks
ELSUPREMO999: bets $3
Chessnok: calls $3
*** TURN *** [Kc 4s Ah] [Qs]
Chessnok: checks
ELSUPREMO999: bets $6
Chessnok: raises $6 to $12
ELSUPREMO999: raises $6 to $18
Chessnok: calls $6
*** RIVER *** [Kc 4s Ah Qs] [4c]
Chessnok: checks
ELSUPREMO999: bets $6
Chessnok: raises $6 to $12
ELSUPREMO999: calls $6
*** SHOW DOWN ***
Chessnok: shows [4h Ks] (a full house, Fours full of Kings)
ELSUPREMO999: mucks hand
Chessnok collected $77.50 from pot
*** SUMMARY ***
Total pot $78 | Rake $0.50
Board [Kc 4s Ah Qs 4c]
Seat 5: ELSUPREMO999 (button) (small blind) mucked
Seat 6: Chessnok (big blind) showed [4h Ks] and won ($77.50) with a full house, Fours full of Kings


PokerStars Hand #156153450270:  Hold'em Limit ($3/$6 USD) - 2016/07/18 20:48:23 ET
Table 'Michel' 10-max Seat #6 is the button
Seat 5: ELSUPREMO999 ($142.38 in chips)
Seat 6: Chessnok ($192.31 in chips)
Chessnok: posts small blind $1
ELSUPREMO999: posts big blind $3
*** HOLE CARDS ***
Chessnok: folds
Uncalled bet ($2) returned to ELSUPREMO999
ELSUPREMO999 collected $2 from pot
ELSUPREMO999: doesn't show hand
*** SUMMARY ***
Total pot $2 | Rake $0
Seat 5: ELSUPREMO999 (big blind) collected ($2)
Seat 6: Chessnok (button) (small blind) folded before Flop


PokerStars Hand #156153478828:  Hold'em Limit ($3/$6 USD) - 2016/07/18 20:49:29 ET
Table 'Michel' 10-max Seat #5 is the button
Seat 5: ELSUPREMO999 ($71.13 in chips)
Seat 6: Chessnok ($261.70 in chips)
ELSUPREMO999: posts small blind $1
Chessnok: posts big blind $3
*** HOLE CARDS ***
ELSUPREMO999: calls $2
Chessnok: raises $3 to $6
ELSUPREMO999: calls $3
*** FLOP *** [Td As 3c]
Chessnok: bets $3
ELSUPREMO999: calls $3
*** TURN *** [Td As 3c] [8h]
Chessnok: bets $6
ELSUPREMO999: calls $6
*** RIVER *** [Td As 3c 8h] [6h]
Chessnok: checks
ELSUPREMO999: bets $6
Chessnok: calls $6
*** SHOW DOWN ***
ELSUPREMO999: shows [3h Kh] (a pair of Threes)
Chessnok: mucks hand
ELSUPREMO999 collected $41.50 from pot
*** SUMMARY ***
Total pot $42 | Rake $0.50
Board [Td As 3c 8h 6h]
Seat 5: ELSUPREMO999 (button) (small blind) showed [3h Kh] and won ($41.50) with a pair of Threes
Seat 6: Chessnok (big blind) mucked


PokerStars Hand #156153472722:  Hold'em Limit ($3/$6 USD) - 2016/07/18 20:49:15 ET
Table 'Michel' 10-max Seat #6 is the button
Seat 5: ELSUPREMO999 ($95.13 in chips)
Seat 6: Chessnok ($238.20 in chips)
Chessnok: posts small blind $1
ELSUPREMO999: posts big blind $3
*** HOLE CARDS ***
Chessnok: raises $3 to $6
ELSUPREMO999: calls $3
*** FLOP *** [9d 7s 8s]
ELSUPREMO999: checks
Chessnok: checks
*** TURN *** [9d 7s 8s] [4h]
ELSUPREMO999: bets $6
Chessnok: calls $6
*** RIVER *** [9d 7s 8s 4h] [Qh]
ELSUPREMO999: bets $6
Chessnok: raises $6 to $12
ELSUPREMO999: calls $6
*** SHOW DOWN ***
Chessnok: shows [7c Qc] (two pair, Queens and Sevens)
ELSUPREMO999: mucks hand
Chessnok collected $47.50 from pot
*** SUMMARY ***
Total pot $48 | Rake $0.50
Board [9d 7s 8s 4h Qh]
Seat 5: ELSUPREMO999 (big blind) mucked
Seat 6: Chessnok (button) (small blind) showed [7c Qc] and won ($47.50) with two pair, Queens and Sevens


PokerStars Hand #156153490590:  Hold'em Limit ($3/$6 USD) - 2016/07/18 20:49:57 ET
Table 'Michel' 10-max Seat #5 is the button
Seat 5: ELSUPREMO999 ($100.27 in chips)
Seat 6: Chessnok ($231.70 in chips)
ELSUPREMO999: posts small blind $1
Chessnok: posts big blind $3
*** HOLE CARDS ***
ELSUPREMO999: folds
Uncalled bet ($2) returned to Chessnok
Chessnok collected $2 from pot
Chessnok: doesn't show hand
*** SUMMARY ***
Total pot $2 | Rake $0
Seat 5: ELSUPREMO999 (button) (small blind) folded before Flop
Seat 6: Chessnok (big blind) collected ($2)


PokerStars Hand #156153485404:  Hold'em Limit ($3/$6 USD) - 2016/07/18 20:49:45 ET
Table 'Michel' 10-max Seat #6 is the button
Seat 5: ELSUPREMO999 ($91.63 in chips)
Seat 6: Chessnok ($240.70 in chips)
Chessnok: posts small blind $1
ELSUPREMO999: posts big blind $3
*** HOLE CARDS ***
Chessnok: raises $3 to $6
ELSUPREMO999: calls $3
*** FLOP *** [9s 3h Kd]
ELSUPREMO999: checks
Chessnok: bets $3
ELSUPREMO999: calls $3
*** TURN *** [9s 3h Kd] [4d]
ELSUPREMO999: checks
Chessnok: checks
*** RIVER *** [9s 3h Kd 4d] [Td]
ELSUPREMO999: bets $6
Chessnok: folds
Uncalled bet ($6) returned to ELSUPREMO999
ELSUPREMO999 collected $17.64 from pot
ELSUPREMO999: doesn't show hand
*** SUMMARY ***
Total pot $18 | Rake $0.36
Board [9s 3h Kd 4d Td]
Seat 5: ELSUPREMO999 (big blind) collected ($17.64)
Seat 6: Chessnok (button) (small blind) folded on the River


PokerStars Hand #156153492528:  Hold'em Limit ($3/$6 USD) - 2016/07/18 20:50:01 ET
Table 'Michel' 10-max Seat #6 is the button
Seat 5: ELSUPREMO999 ($99.27 in chips)
Seat 6: Chessnok ($232.70 in chips)
Chessnok: posts small blind $1
ELSUPREMO999: posts big blind $3
*** HOLE CARDS ***
Chessnok: raises $3 to $6
ELSUPREMO999: calls $3
*** FLOP *** [3c 8s 4s]
ELSUPREMO999: checks
Chessnok: checks
*** TURN *** [3c 8s 4s] [Th]
ELSUPREMO999: checks
Chessnok: bets $6
ELSUPREMO999: raises $6 to $12
Chessnok: calls $6
*** RIVER *** [3c 8s 4s Th] [Qc]
ELSUPREMO999: bets $6
Chessnok: calls $6
*** SHOW DOWN ***
ELSUPREMO999: shows [2s 4d] (a pair of Fours)
Chessnok: mucks hand
ELSUPREMO999 collected $47.50 from pot
*** SUMMARY ***
Total pot $48 | Rake $0.50
Board [3c 8s 4s Th Qc]
Seat 5: ELSUPREMO999 (big blind) showed [2s 4d] and won ($47.50) with a pair of Fours
Seat 6: Chessnok (button) (small blind) mucked


PokerStars Hand #156153467188:  Hold'em Limit ($3/$6 USD) - 2016/07/18 20:49:02 ET
Table 'Michel' 10-max Seat #5 is the button
Seat 5: ELSUPREMO999 ($95.38 in chips)
Seat 6: Chessnok ($238.45 in chips)
ELSUPREMO999: posts small blind $1
Chessnok: posts big blind $3
*** HOLE CARDS ***
ELSUPREMO999: calls $2
Chessnok: raises $3 to $6
ELSUPREMO999: calls $3
*** FLOP *** [Ac 6c 5c]
Chessnok: bets $3
ELSUPREMO999: calls $3
*** TURN *** [Ac 6c 5c] [Ad]
Chessnok: bets $6
ELSUPREMO999: calls $6
*** RIVER *** [Ac 6c 5c Ad] [As]
Chessnok: bets $6
ELSUPREMO999: raises $6 to $12
Chessnok: calls $6
*** SHOW DOWN ***
ELSUPREMO999: shows [3s 5s] (a full house, Aces full of Fives)
Chessnok: shows [Qh 5h] (a full house, Aces full of Fives)
Chessnok collected $26.75 from pot
ELSUPREMO999 collected $26.75 from pot
*** SUMMARY ***
Total pot $54 | Rake $0.50
Board [Ac 6c 5c Ad As]
Seat 5: ELSUPREMO999 (button) (small blind) showed [3s 5s] and won ($26.75) with a full house, Aces full of Fives
Seat 6: Chessnok (big blind) showed [Qh 5h] and won ($26.75) with a full house, Aces full of Fives


PokerStars Hand #156153517295:  Hold'em Limit ($3/$6 USD) - 2016/07/18 20:50:59 ET
Table 'Michel' 10-max Seat #5 is the button
Seat 5: ELSUPREMO999 ($122.27 in chips)
Seat 6: Chessnok ($207.84 in chips)
ELSUPREMO999: posts small blind $1
Chessnok: posts big blind $3
*** HOLE CARDS ***
ELSUPREMO999: raises $3 to $6
Chessnok: calls $3
*** FLOP *** [6d Qd Kc]
Chessnok: checks
ELSUPREMO999: bets $3
Chessnok: calls $3
*** TURN *** [6d Qd Kc] [2c]
Chessnok: checks
ELSUPREMO999: checks
*** RIVER *** [6d Qd Kc 2c] [Tc]
Chessnok: checks
ELSUPREMO999: checks
*** SHOW DOWN ***
Chessnok: shows [As 5h] (high card Ace)
ELSUPREMO999: shows [4c Ah] (high card Ace)
Chessnok collected $8.82 from pot
ELSUPREMO999 collected $8.82 from pot
*** SUMMARY ***
Total pot $18 | Rake $0.36
Board [6d Qd Kc 2c Tc]
Seat 5: ELSUPREMO999 (button) (small blind) showed [4c Ah] and won ($8.82) with high card Ace
Seat 6: Chessnok (big blind) showed [As 5h] and won ($8.82) with high card Ace


PokerStars Hand #156153515490:  Hold'em Limit ($3/$6 USD) - 2016/07/18 20:50:55 ET
Table 'Michel' 10-max Seat #6 is the button
Seat 5: ELSUPREMO999 ($125.27 in chips)
Seat 6: Chessnok ($204.84 in chips)
Chessnok: posts small blind $1
ELSUPREMO999: posts big blind $3
*** HOLE CARDS ***
Chessnok: raises $3 to $6
ELSUPREMO999: folds
Uncalled bet ($3) returned to Chessnok
Chessnok collected $6 from pot
Chessnok: doesn't show hand
*** SUMMARY ***
Total pot $6 | Rake $0
Seat 5: ELSUPREMO999 (big blind) folded before Flop
Seat 6: Chessnok (button) (small blind) collected ($6)


PokerStars Hand #156153511292:  Hold'em Limit ($3/$6 USD) - 2016/07/18 20:50:45 ET
Table 'Michel' 10-max Seat #5 is the button
Seat 5: ELSUPREMO999 ($134.27 in chips)
Seat 6: Chessnok ($196.20 in chips)
ELSUPREMO999: posts small blind $1
Chessnok: posts big blind $3
*** HOLE CARDS ***
ELSUPREMO999: calls $2
Chessnok: raises $3 to $6
ELSUPREMO999: calls $3
*** FLOP *** [5s 8c 8s]
Chessnok: bets $3
ELSUPREMO999: calls $3
*** TURN *** [5s 8c 8s] [7d]
Chessnok: bets $6
ELSUPREMO999: folds
Uncalled bet ($6) returned to Chessnok
Chessnok collected $17.64 from pot
Chessnok: doesn't show hand
*** SUMMARY ***
Total pot $18 | Rake $0.36
Board [5s 8c 8s 7d]
Seat 5: ELSUPREMO999 (button) (small blind) folded on the Turn
Seat 6: Chessnok (big blind) collected ($17.64)


PokerStars Hand #156153504674:  Hold'em Limit ($3/$6 USD) - 2016/07/18 20:50:29 ET
Table 'Michel' 10-max Seat #6 is the button
Seat 5: ELSUPREMO999 ($152.27 in chips)
Seat 6: Chessnok ($178.70 in chips)
Chessnok: posts small blind $1
ELSUPREMO999: posts big blind $3
*** HOLE CARDS ***
Chessnok: raises $3 to $6
ELSUPREMO999: calls $3
*** FLOP *** [5d Jd 7h]
ELSUPREMO999: checks
Chessnok: checks
*** TURN *** [5d Jd 7h] [Ts]
ELSUPREMO999: checks
Chessnok: bets $6
ELSUPREMO999: calls $6
*** RIVER *** [5d Jd 7h Ts] [6c]
ELSUPREMO999: checks
Chessnok: bets $6
ELSUPREMO999: calls $6
*** SHOW DOWN ***
Chessnok: shows [Jc 4h] (a pair of Jacks)
ELSUPREMO999: mucks hand
Chessnok collected $35.50 from pot
*** SUMMARY ***
Total pot $36 | Rake $0.50
Board [5d Jd 7h Ts 6c]
Seat 5: ELSUPREMO999 (big blind) mucked
Seat 6: Chessnok (button) (small blind) showed [Jc 4h] and won ($35.50) with a pair of Jacks


PokerStars Hand #156153498123:  Hold'em Limit ($3/$6 USD) - 2016/07/18 20:50:14 ET
Table 'Michel' 10-max Seat #5 is the button
Seat 5: ELSUPREMO999 ($122.77 in chips)
Seat 6: Chessnok ($208.70 in chips)
ELSUPREMO999: posts small blind $1
Chessnok: posts big blind $3
*** HOLE CARDS ***
ELSUPREMO999: calls $2
Chessnok: checks
*** FLOP *** [6c 4c 3d]
Chessnok: bets $3
ELSUPREMO999: calls $3
*** TURN *** [6c 4c 3d] [6s]
Chessnok: bets $6
ELSUPREMO999: raises $6 to $12
Chessnok: raises $6 to $18
ELSUPREMO999: raises $6 to $24
Betting is capped
Chessnok: calls $6
*** RIVER *** [6c 4c 3d 6s] [Ad]
Chessnok: checks
ELSUPREMO999: bets $6
Chessnok: folds
Uncalled bet ($6) returned to ELSUPREMO999
ELSUPREMO999 collected $59.50 from pot
ELSUPREMO999: doesn't show hand
*** SUMMARY ***
Total pot $60 | Rake $0.50
Board [6c 4c 3d 6s Ad]
Seat 5: ELSUPREMO999 (button) (small blind) collected ($59.50)
Seat 6: Chessnok (big blind) folded on the River


PokerStars Hand #156153537654:  Hold'em Limit ($3/$6 USD) - 2016/07/18 20:51:47 ET
Table 'Michel' 10-max Seat #6 is the button
Seat 5: ELSUPREMO999 ($138.59 in chips)
Seat 6: Chessnok ($190.30 in chips)
Chessnok: posts small blind $1
ELSUPREMO999: posts big blind $3
*** HOLE CARDS ***
Chessnok: raises $3 to $6
ELSUPREMO999: calls $3
*** FLOP *** [7h 6s Ad]
ELSUPREMO999: checks
Chessnok: bets $3
ELSUPREMO999: calls $3
*** TURN *** [7h 6s Ad] [4s]
ELSUPREMO999: checks
Chessnok: bets $6
ELSUPREMO999: folds
Uncalled bet ($6) returned to Chessnok
Chessnok collected $17.64 from pot
Chessnok: doesn't show hand
*** SUMMARY ***
Total pot $18 | Rake $0.36
Board [7h 6s Ad 4s]
Seat 5: ELSUPREMO999 (big blind) folded on the Turn
Seat 6: Chessnok (button) (small blind) collected ($17.64)


PokerStars Hand #156153530778:  Hold'em Limit ($3/$6 USD) - 2016/07/18 20:51:31 ET
Table 'Michel' 10-max Seat #5 is the button
Seat 5: ELSUPREMO999 ($115.09 in chips)
Seat 6: Chessnok ($214.30 in chips)
ELSUPREMO999: posts small blind $1
Chessnok: posts big blind $3
*** HOLE CARDS ***
ELSUPREMO999: raises $3 to $6
Chessnok: calls $3
*** FLOP *** [Qh 4d Th]
Chessnok: checks
ELSUPREMO999: bets $3
Chessnok: raises $3 to $6
ELSUPREMO999: calls $3
*** TURN *** [Qh 4d Th] [Ad]
Chessnok: checks
ELSUPREMO999: bets $6
Chessnok: calls $6
*** RIVER *** [Qh 4d Th Ad] [Js]
Chessnok: checks
ELSUPREMO999: bets $6
Chessnok: calls $6
*** SHOW DOWN ***
ELSUPREMO999: shows [7h Ac] (a pair of Aces)
Chessnok: mucks hand
ELSUPREMO999 collected $47.50 from pot
*** SUMMARY ***
Total pot $48 | Rake $0.50
Board [Qh 4d Th Ad Js]
Seat 5: ELSUPREMO999 (button) (small blind) showed [7h Ac] and won ($47.50) with a pair of Aces
Seat 6: Chessnok (big blind) mucked


PokerStars Hand #156153522965:  Hold'em Limit ($3/$6 USD) - 2016/07/18 20:51:12 ET
Table 'Michel' 10-max Seat #6 is the button
Seat 5: ELSUPREMO999 ($122.09 in chips)
Seat 6: Chessnok ($207.66 in chips)
Chessnok: posts small blind $1
ELSUPREMO999: posts big blind $3
*** HOLE CARDS ***
Chessnok: folds
Uncalled bet ($2) returned to ELSUPREMO999
ELSUPREMO999 collected $2 from pot
ELSUPREMO999: doesn't show hand
*** SUMMARY ***
Total pot $2 | Rake $0
Seat 5: ELSUPREMO999 (big blind) collected ($2)
Seat 6: Chessnok (button) (small blind) folded before Flop


PokerStars Hand #156153529100:  Hold'em Limit ($3/$6 USD) - 2016/07/18 20:51:27 ET
Table 'Michel' 10-max Seat #6 is the button
Seat 5: ELSUPREMO999 ($114.09 in chips)
Seat 6: Chessnok ($215.30 in chips)
Chessnok: posts small blind $1
ELSUPREMO999: posts big blind $3
*** HOLE CARDS ***
Chessnok: folds
Uncalled bet ($2) returned to ELSUPREMO999
ELSUPREMO999 collected $2 from pot
ELSUPREMO999: doesn't show hand
*** SUMMARY ***
Total pot $2 | Rake $0
Seat 5: ELSUPREMO999 (big blind) collected ($2)
Seat 6: Chessnok (button) (small blind) folded before Flop


PokerStars Hand #156153524759:  Hold'em Limit ($3/$6 USD) - 2016/07/18 20:51:16 ET
Table 'Michel' 10-max Seat #5 is the button
Seat 5: ELSUPREMO999 ($123.09 in chips)
Seat 6: Chessnok ($206.66 in chips)
ELSUPREMO999: posts small blind $1
Chessnok: posts big blind $3
*** HOLE CARDS ***
ELSUPREMO999: calls $2
Chessnok: raises $3 to $6
ELSUPREMO999: calls $3
*** FLOP *** [9d 2h Ks]
Chessnok: bets $3
ELSUPREMO999: calls $3
*** TURN *** [9d 2h Ks] [8h]
Chessnok: bets $6
ELSUPREMO999: folds
Uncalled bet ($6) returned to Chessnok
Chessnok collected $17.64 from pot
Chessnok: doesn't show hand
*** SUMMARY ***
Total pot $18 | Rake $0.36
Board [9d 2h Ks 8h]
Seat 5: ELSUPREMO999 (button) (small blind) folded on the Turn
Seat 6: Chessnok (big blind) collected ($17.64)


PokerStars Hand #156153551908:  Hold'em Limit ($3/$6 USD) - 2016/07/18 20:52:21 ET
Table 'Michel' 10-max Seat #6 is the button
Seat 5: ELSUPREMO999 ($150.09 in chips)
Seat 6: Chessnok ($177.94 in chips)
Chessnok: posts small blind $1
ELSUPREMO999: posts big blind $3
*** HOLE CARDS ***
Chessnok: raises $3 to $6
ELSUPREMO999: calls $3
*** FLOP *** [7c 4h Td]
ELSUPREMO999: checks
Chessnok: bets $3
ELSUPREMO999: calls $3
*** TURN *** [7c 4h Td] [Ad]
ELSUPREMO999: checks
Chessnok: bets $6
ELSUPREMO999: calls $6
*** RIVER *** [7c 4h Td Ad] [6c]
ELSUPREMO999: checks
Chessnok: checks
*** SHOW DOWN ***
ELSUPREMO999: shows [Th 9h] (a pair of Tens)
Chessnok: mucks hand
ELSUPREMO999 collected $29.50 from pot
*** SUMMARY ***
Total pot $30 | Rake $0.50
Board [7c 4h Td Ad 6c]
Seat 5: ELSUPREMO999 (big blind) showed [Th 9h] and won ($29.50) with a pair of Tens
Seat 6: Chessnok (button) (small blind) mucked


PokerStars Hand #156153558796:  Hold'em Limit ($3/$6 USD) - 2016/07/18 20:52:37 ET
Table 'Michel' 10-max Seat #5 is the button
Seat 5: ELSUPREMO999 ($164.59 in chips)
Seat 6: Chessnok ($162.94 in chips)
ELSUPREMO999: posts small blind $1
Chessnok: posts big blind $3
*** HOLE CARDS ***
ELSUPREMO999: calls $2
Chessnok: raises $3 to $6
ELSUPREMO999: calls $3
*** FLOP *** [7c 8c 5d]
Chessnok: bets $3
ELSUPREMO999: calls $3
*** TURN *** [7c 8c 5d] [2h]
Chessnok: bets $6
ELSUPREMO999: calls $6
*** RIVER *** [7c 8c 5d 2h] [5h]
Chessnok: checks
ELSUPREMO999: checks
*** SHOW DOWN ***
Chessnok: shows [9h 7s] (two pair, Sevens and Fives)
ELSUPREMO999: mucks hand
Chessnok collected $29.50 from pot
*** SUMMARY ***
Total pot $30 | Rake $0.50
Board [7c 8c 5d 2h 5h]
Seat 5: ELSUPREMO999 (button) (small blind) mucked
Seat 6: Chessnok (big blind) showed [9h 7s] and won ($29.50) with two pair, Sevens and Fives


PokerStars Hand #156153564494:  Hold'em Limit ($3/$6 USD) - 2016/07/18 20:52:50 ET
Table 'Michel' 10-max Seat #6 is the button
Seat 5: ELSUPREMO999 ($149.59 in chips)
Seat 6: Chessnok ($177.44 in chips)
Chessnok: posts small blind $1
ELSUPREMO999: posts big blind $3
*** HOLE CARDS ***
Chessnok: raises $3 to $6
ELSUPREMO999: calls $3
*** FLOP *** [Jd 2h 3h]
ELSUPREMO999: checks
Chessnok: bets $3
ELSUPREMO999: calls $3
*** TURN *** [Jd 2h 3h] [8h]
ELSUPREMO999: checks
Chessnok: checks
*** RIVER *** [Jd 2h 3h 8h] [2d]
ELSUPREMO999: bets $6
Chessnok: folds
Uncalled bet ($6) returned to ELSUPREMO999
ELSUPREMO999 collected $17.64 from pot
ELSUPREMO999: doesn't show hand
*** SUMMARY ***
Total pot $18 | Rake $0.36
Board [Jd 2h 3h 8h 2d]
Seat 5: ELSUPREMO999 (big blind) collected ($17.64)
Seat 6: Chessnok (button) (small blind) folded on the River


PokerStars Hand #156153570157:  Hold'em Limit ($3/$6 USD) - 2016/07/18 20:53:04 ET
Table 'Michel' 10-max Seat #5 is the button
Seat 5: ELSUPREMO999 ($158.23 in chips)
Seat 6: Chessnok ($168.44 in chips)
ELSUPREMO999: posts small blind $1
Chessnok: posts big blind $3
*** HOLE CARDS ***
ELSUPREMO999: calls $2
Chessnok: checks
*** FLOP *** [7c Ac Tc]
Chessnok: checks
ELSUPREMO999: checks
*** TURN *** [7c Ac Tc] [5h]
Chessnok: bets $6
ELSUPREMO999: folds
Uncalled bet ($6) returned to Chessnok
Chessnok collected $5.88 from pot
Chessnok: doesn't show hand
*** SUMMARY ***
Total pot $6 | Rake $0.12
Board [7c Ac Tc 5h]
Seat 5: ELSUPREMO999 (button) (small blind) folded on the Turn
Seat 6: Chessnok (big blind) collected ($5.88)


PokerStars Hand #156153544478:  Hold'em Limit ($3/$6 USD) - 2016/07/18 20:52:03 ET
Table 'Michel' 10-max Seat #5 is the button
Seat 5: ELSUPREMO999 ($129.59 in chips)
Seat 6: Chessnok ($198.94 in chips)
ELSUPREMO999: posts small blind $1
Chessnok: posts big blind $3
*** HOLE CARDS ***
ELSUPREMO999: calls $2
Chessnok: raises $3 to $6
ELSUPREMO999: calls $3
*** FLOP *** [9s 3d Jh]
Chessnok: bets $3
ELSUPREMO999: calls $3
*** TURN *** [9s 3d Jh] [Qh]
Chessnok: bets $6
ELSUPREMO999: raises $6 to $12
Chessnok: calls $6
*** RIVER *** [9s 3d Jh Qh] [Ac]
Chessnok: checks
ELSUPREMO999: bets $6
Chessnok: folds
Uncalled bet ($6) returned to ELSUPREMO999
ELSUPREMO999 collected $41.50 from pot
ELSUPREMO999: doesn't show hand
*** SUMMARY ***
Total pot $42 | Rake $0.50
Board [9s 3d Jh Qh Ac]
Seat 5: ELSUPREMO999 (button) (small blind) collected ($41.50)
Seat 6: Chessnok (big blind) folded on the River


PokerStars Hand #156153577679:  Hold'em Limit ($3/$6 USD) - 2016/07/18 20:53:21 ET
Table 'Michel' 10-max Seat #5 is the button
Seat 5: ELSUPREMO999 ($163.87 in chips)
Seat 6: Chessnok ($162.32 in chips)
ELSUPREMO999: posts small blind $1
Chessnok: posts big blind $3
*** HOLE CARDS ***
ELSUPREMO999: calls $2
Chessnok: raises $3 to $6
ELSUPREMO999: calls $3
*** FLOP *** [8c Kd Tc]
Chessnok: bets $3
ELSUPREMO999: calls $3
*** TURN *** [8c Kd Tc] [4h]
Chessnok: bets $6
ELSUPREMO999: calls $6
*** RIVER *** [8c Kd Tc 4h] [Jc]
Chessnok: bets $6
ELSUPREMO999: calls $6
*** SHOW DOWN ***
Chessnok: shows [6h Ks] (a pair of Kings)
ELSUPREMO999: mucks hand
Chessnok collected $41.50 from pot
*** SUMMARY ***
Total pot $42 | Rake $0.50
Board [8c Kd Tc 4h Jc]
Seat 5: ELSUPREMO999 (button) (small blind) mucked
Seat 6: Chessnok (big blind) showed [6h Ks] and won ($41.50) with a pair of Kings


PokerStars Hand #156153583085:  Hold'em Limit ($3/$6 USD) - 2016/07/18 20:53:34 ET
Table 'Michel' 10-max Seat #6 is the button
Seat 5: ELSUPREMO999 ($142.87 in chips)
Seat 6: Chessnok ($182.82 in chips)
Chessnok: posts small blind $1
ELSUPREMO999: posts big blind $3
*** HOLE CARDS ***
Chessnok: raises $3 to $6
ELSUPREMO999: calls $3
*** FLOP *** [2d 2c Ac]
ELSUPREMO999: checks
Chessnok: bets $3
ELSUPREMO999: folds
Uncalled bet ($3) returned to Chessnok
Chessnok collected $11.76 from pot
Chessnok: doesn't show hand
*** SUMMARY ***
Total pot $12 | Rake $0.24
Board [2d 2c Ac]
Seat 5: ELSUPREMO999 (big blind) folded on the Flop
Seat 6: Chessnok (button) (small blind) collected ($11.76)


PokerStars Hand #156153585942:  Hold'em Limit ($3/$6 USD) - 2016/07/18 20:53:41 ET
Table 'Michel' 10-max Seat #5 is the button
Seat 5: ELSUPREMO999 ($136.87 in chips)
Seat 6: Chessnok ($188.58 in chips)
ELSUPREMO999: posts small blind $1
Chessnok: posts big blind $3
*** HOLE CARDS ***
ELSUPREMO999: raises $3 to $6
Chessnok: raises $3 to $9
ELSUPREMO999: raises $3 to $12
Betting is capped
Chessnok: calls $3
*** FLOP *** [Jc 4d 3c]
Chessnok: checks
ELSUPREMO999: bets $3
Chessnok: calls $3
*** TURN *** [Jc 4d 3c] [3d]
Chessnok: checks
ELSUPREMO999: bets $6
Chessnok: folds
Uncalled bet ($6) returned to ELSUPREMO999
ELSUPREMO999 collected $29.50 from pot
ELSUPREMO999: doesn't show hand
*** SUMMARY ***
Total pot $30 | Rake $0.50
Board [Jc 4d 3c 3d]
Seat 5: ELSUPREMO999 (button) (small blind) collected ($29.50)
Seat 6: Chessnok (big blind) folded on the Turn


PokerStars Hand #156153592018:  Hold'em Limit ($3/$6 USD) - 2016/07/18 20:53:55 ET
Table 'Michel' 10-max Seat #6 is the button
Seat 5: ELSUPREMO999 ($151.37 in chips)
Seat 6: Chessnok ($173.58 in chips)
Chessnok: posts small blind $1
ELSUPREMO999: posts big blind $3
*** HOLE CARDS ***
Chessnok: raises $3 to $6
ELSUPREMO999: raises $3 to $9
Chessnok: calls $3
*** FLOP *** [Th Ac 7d]
ELSUPREMO999: bets $3
Chessnok: calls $3
*** TURN *** [Th Ac 7d] [2h]
ELSUPREMO999: bets $6
Chessnok: calls $6
*** RIVER *** [Th Ac 7d 2h] [5s]
ELSUPREMO999: bets $6
Chessnok: calls $6
*** SHOW DOWN ***
ELSUPREMO999: shows [Ks Kd] (a pair of Kings)
Chessnok: mucks hand
ELSUPREMO999 collected $47.50 from pot
*** SUMMARY ***
Total pot $48 | Rake $0.50
Board [Th Ac 7d 2h 5s]
Seat 5: ELSUPREMO999 (big blind) showed [Ks Kd] and won ($47.50) with a pair of Kings
Seat 6: Chessnok (button) (small blind) mucked


PokerStars Hand #156153574148:  Hold'em Limit ($3/$6 USD) - 2016/07/18 20:53:13 ET
Table 'Michel' 10-max Seat #6 is the button
Seat 5: ELSUPREMO999 ($155.23 in chips)
Seat 6: Chessnok ($171.32 in chips)
Chessnok: posts small blind $1
ELSUPREMO999: posts big blind $3
*** HOLE CARDS ***
Chessnok: raises $3 to $6
ELSUPREMO999: raises $3 to $9
Chessnok: calls $3
*** FLOP *** [9s Ts Kc]
ELSUPREMO999: bets $3
Chessnok: folds
Uncalled bet ($3) returned to ELSUPREMO999
ELSUPREMO999 collected $17.64 from pot
ELSUPREMO999: doesn't show hand
*** SUMMARY ***
Total pot $18 | Rake $0.36
Board [9s Ts Kc]
Seat 5: ELSUPREMO999 (big blind) collected ($17.64)
Seat 6: Chessnok (button) (small blind) folded on the Flop


PokerStars Hand #156153598288:  Hold'em Limit ($3/$6 USD) - 2016/07/18 20:54:10 ET
Table 'Michel' 10-max Seat #5 is the button
Seat 5: ELSUPREMO999 ($174.87 in chips)
Seat 6: Chessnok ($149.58 in chips)
ELSUPREMO999: posts small blind $1
Chessnok: posts big blind $3
*** HOLE CARDS ***
ELSUPREMO999: calls $2
Chessnok: raises $3 to $6
ELSUPREMO999: calls $3
*** FLOP *** [8d 6s As]
Chessnok: bets $3
ELSUPREMO999: folds
Uncalled bet ($3) returned to Chessnok
Chessnok collected $11.76 from pot
Chessnok: doesn't show hand
*** SUMMARY ***
Total pot $12 | Rake $0.24
Board [8d 6s As]
Seat 5: ELSUPREMO999 (button) (small blind) folded on the Flop
Seat 6: Chessnok (big blind) collected ($11.76)


PokerStars Hand #156153602694:  Hold'em Limit ($3/$6 USD) - 2016/07/18 20:54:20 ET
Table 'Michel' 10-max Seat #6 is the button
Seat 5: ELSUPREMO999 ($168.87 in chips)
Seat 6: Chessnok ($155.34 in chips)
Chessnok: posts small blind $1
ELSUPREMO999: posts big blind $3
*** HOLE CARDS ***
Chessnok: raises $3 to $6
ELSUPREMO999: calls $3
*** FLOP *** [3s 3c Kd]
ELSUPREMO999: checks
Chessnok: bets $3
ELSUPREMO999: raises $3 to $6
Chessnok: calls $3
*** TURN *** [3s 3c Kd] [4d]
ELSUPREMO999: bets $6
Chessnok: calls $6
*** RIVER *** [3s 3c Kd 4d] [4h]
ELSUPREMO999: bets $6
Chessnok: calls $6
*** SHOW DOWN ***
ELSUPREMO999: shows [Qc Ts] (two pair, Fours and Threes)
Chessnok: shows [Ac 2s] (two pair, Fours and Threes - Ace kicker)
Chessnok collected $47.50 from pot
*** SUMMARY ***
Total pot $48 | Rake $0.50
Board [3s 3c Kd 4d 4h]
Seat 5: ELSUPREMO999 (big blind) showed [Qc Ts] and lost with two pair, Fours and Threes
Seat 6: Chessnok (button) (small blind) showed [Ac 2s] and won ($47.50) with two pair, Fours and Threes


PokerStars Hand #156153608500:  Hold'em Limit ($3/$6 USD) - 2016/07/18 20:54:34 ET
Table 'Michel' 10-max Seat #5 is the button
Seat 5: ELSUPREMO999 ($144.87 in chips)
Seat 6: Chessnok ($178.84 in chips)
ELSUPREMO999: posts small blind $1
Chessnok: posts big blind $3
*** HOLE CARDS ***
ELSUPREMO999: calls $2
Chessnok: raises $3 to $6
ELSUPREMO999: calls $3
*** FLOP *** [6h Ah 2d]
Chessnok: bets $3
ELSUPREMO999: calls $3
*** TURN *** [6h Ah 2d] [8d]
Chessnok: bets $6
ELSUPREMO999: calls $6
*** RIVER *** [6h Ah 2d 8d] [6d]
Chessnok: bets $6
ELSUPREMO999: folds
Uncalled bet ($6) returned to Chessnok
Chessnok collected $29.50 from pot
Chessnok: doesn't show hand
*** SUMMARY ***
Total pot $30 | Rake $0.50
Board [6h Ah 2d 8d 6d]
Seat 5: ELSUPREMO999 (button) (small blind) folded on the River
Seat 6: Chessnok (big blind) collected ($29.50)


PokerStars Hand #156153615132:  Hold'em Limit ($3/$6 USD) - 2016/07/18 20:54:49 ET
Table 'Michel' 10-max Seat #5 is the button
Seat 5: ELSUPREMO999 ($130.87 in chips)
Seat 6: Chessnok ($192.34 in chips)
ELSUPREMO999: posts small blind $1
Chessnok: posts big blind $3
*** HOLE CARDS ***
ELSUPREMO999: folds
Uncalled bet ($2) returned to Chessnok
Chessnok collected $2 from pot
Chessnok: doesn't show hand
*** SUMMARY ***
Total pot $2 | Rake $0
Seat 5: ELSUPREMO999 (button) (small blind) folded before Flop
Seat 6: Chessnok (big blind) collected ($2)


PokerStars Hand #156153613174:  Hold'em Limit ($3/$6 USD) - 2016/07/18 20:54:45 ET
Table 'Michel' 10-max Seat #6 is the button
Seat 5: ELSUPREMO999 ($129.87 in chips)
Seat 6: Chessnok ($193.34 in chips)
Chessnok: posts small blind $1
ELSUPREMO999: posts big blind $3
*** HOLE CARDS ***
Chessnok: folds
Uncalled bet ($2) returned to ELSUPREMO999
ELSUPREMO999 collected $2 from pot
ELSUPREMO999: doesn't show hand
Big_M joins the table at seat #7
*** SUMMARY ***
Total pot $2 | Rake $0
Seat 5: ELSUPREMO999 (big blind) collected ($2)
Seat 6: Chessnok (button) (small blind) folded before Flop


PokerStars Hand #156153714319:  Hold'em Limit ($3/$6 USD) - 2016/07/18 20:59:25 ET
Table 'Michel' 10-max Seat #7 is the button
Seat 6: Chessnok ($288.08 in chips)
Seat 7: Big_M ($84.28 in chips)
Big_M: posts small blind $1
9superpoker9: is sitting out
Chessnok: posts big blind $3
*** HOLE CARDS ***
Big_M: raises $3 to $6
9superpoker9 leaves the table
Chessnok: calls $3
*** FLOP *** [Qs 8d Js]
Chessnok: checks
Big_M: bets $3
Chessnok: calls $3
*** TURN *** [Qs 8d Js] [Kh]
Chessnok: checks
Big_M: checks
*** RIVER *** [Qs 8d Js Kh] [7s]
Chessnok: bets $6
Big_M: calls $6
*** SHOW DOWN ***
Chessnok: shows [9d 6h] (high card King)
Big_M: shows [7d Ad] (a pair of Sevens)
Big_M collected $29.50 from pot
*** SUMMARY ***
Total pot $30 | Rake $0.50
Board [Qs 8d Js Kh 7s]
Seat 6: Chessnok (big blind) showed [9d 6h] and lost with high card King
Seat 7: Big_M (button) (small blind) showed [7d Ad] and won ($29.50) with a pair of Sevens


PokerStars Hand #156153719749:  Hold'em Limit ($3/$6 USD) - 2016/07/18 20:59:40 ET
Table 'Michel' 10-max Seat #6 is the button
Seat 6: Chessnok ($273.08 in chips)
Seat 7: Big_M ($98.78 in chips)
Chessnok: posts small blind $1
Big_M: posts big blind $3
*** HOLE CARDS ***
Chessnok: raises $3 to $6
Big_M: calls $3
*** FLOP *** [8d 6c Ac]
Big_M: checks
Chessnok: bets $3
Big_M: calls $3
*** TURN *** [8d 6c Ac] [3s]
Big_M: checks
Chessnok: bets $6
Big_M: calls $6
*** RIVER *** [8d 6c Ac 3s] [Ad]
Big_M: checks
Chessnok: checks
*** SHOW DOWN ***
Big_M: shows [4s 6s] (two pair, Aces and Sixes)
Chessnok: shows [6h Th] (two pair, Aces and Sixes - Ten kicker)
Chessnok collected $29.50 from pot
*** SUMMARY ***
Total pot $30 | Rake $0.50
Board [8d 6c Ac 3s Ad]
Seat 6: Chessnok (button) (small blind) showed [6h Th] and won ($29.50) with two pair, Aces and Sixes
Seat 7: Big_M (big blind) showed [4s 6s] and lost with two pair, Aces and Sixes


PokerStars Hand #156153730099:  Hold'em Limit ($3/$6 USD) - 2016/07/18 21:00:09 ET
Table 'Michel' 10-max Seat #6 is the button
Seat 6: Chessnok ($281.58 in chips)
Seat 7: Big_M ($89.54 in chips)
Chessnok: posts small blind $1
Big_M: posts big blind $3
*** HOLE CARDS ***
Chessnok: raises $3 to $6
Big_M: folds
Uncalled bet ($3) returned to Chessnok
Chessnok collected $6 from pot
Chessnok: doesn't show hand
*** SUMMARY ***
Total pot $6 | Rake $0
Seat 6: Chessnok (button) (small blind) collected ($6)
Seat 7: Big_M (big blind) folded before Flop


PokerStars Hand #156153725784:  Hold'em Limit ($3/$6 USD) - 2016/07/18 20:59:57 ET
Table 'Michel' 10-max Seat #7 is the button
Seat 6: Chessnok ($287.58 in chips)
Seat 7: Big_M ($83.78 in chips)
Big_M: posts small blind $1
Chessnok: posts big blind $3
*** HOLE CARDS ***
9superpoker9 joins the table at seat #9
Big_M: raises $3 to $6
Chessnok: calls $3
*** FLOP *** [9c 5h 9h]
Chessnok: checks
Big_M: bets $3
Chessnok: folds
Uncalled bet ($3) returned to Big_M
Big_M collected $11.76 from pot
*** SUMMARY ***
Total pot $12 | Rake $0.24
Board [9c 5h 9h]
Seat 6: Chessnok (big blind) folded on the Flop
Seat 7: Big_M (button) (small blind) collected ($11.76)


PokerStars Hand #156153796911:  Hold'em Limit ($3/$6 USD) - 2016/07/18 21:02:58 ET
Table 'Michel' 10-max Seat #6 is the button
Seat 6: Chessnok ($234.32 in chips)
Seat 7: Big_M ($122.47 in chips)
Chessnok: posts small blind $1
Big_M: posts big blind $3
*** HOLE CARDS ***
Chessnok: raises $3 to $6
Big_M: calls $3
*** FLOP *** [Ks Qh Qs]
Big_M: checks
Chessnok: bets $3
Big_M: folds
Uncalled bet ($3) returned to Chessnok
Chessnok collected $11.76 from pot
Chessnok: doesn't show hand
*** SUMMARY ***
Total pot $12 | Rake $0.24
Board [Ks Qh Qs]
Seat 6: Chessnok (button) (small blind) collected ($11.76)
Seat 7: Big_M (big blind) folded on the Flop


PokerStars Hand #156153775868:  Hold'em Limit ($3/$6 USD) - 2016/07/18 21:02:07 ET
Table 'Michel' 10-max Seat #7 is the button
Seat 6: Chessnok ($252.32 in chips)
Seat 7: Big_M ($104.97 in chips)
Big_M: posts small blind $1
Chessnok: posts big blind $3
*** HOLE CARDS ***
Big_M: raises $3 to $6
Chessnok: raises $3 to $9
Big_M: calls $3
*** FLOP *** [Jc 8d 5c]
Chessnok: bets $3
Big_M: calls $3
*** TURN *** [Jc 8d 5c] [4s]
Chessnok: checks
Big_M: bets $6
Chessnok: calls $6
*** RIVER *** [Jc 8d 5c 4s] [Qc]
Chessnok: checks
Big_M: bets $6
Chessnok: folds
Uncalled bet ($6) returned to Big_M
Big_M collected $35.50 from pot
*** SUMMARY ***
Total pot $36 | Rake $0.50
Board [Jc 8d 5c 4s Qc]
Seat 6: Chessnok (big blind) folded on the River
Seat 7: Big_M (button) (small blind) collected ($35.50)


PokerStars Hand #156153802236:  Hold'em Limit ($3/$6 USD) - 2016/07/18 21:03:10 ET
Table 'Michel' 10-max Seat #7 is the button
Seat 6: Chessnok ($240.08 in chips)
Seat 7: Big_M ($116.47 in chips)
Big_M: posts small blind $1
Chessnok: posts big blind $3
*** HOLE CARDS ***
Big_M: raises $3 to $6
Chessnok: raises $3 to $9
Big_M: calls $3
*** FLOP *** [Ts Jd Jh]
Chessnok: bets $3
Big_M: calls $3
*** TURN *** [Ts Jd Jh] [9c]
Chessnok: checks
Big_M: bets $6
Chessnok: calls $6
*** RIVER *** [Ts Jd Jh 9c] [3h]
Chessnok: checks
Big_M: bets $6
Chessnok: calls $6
*** SHOW DOWN ***
Big_M: shows [Qs 2s] (a pair of Jacks)
Chessnok: shows [Kh Th] (two pair, Jacks and Tens)
Chessnok collected $47.50 from pot
*** SUMMARY ***
Total pot $48 | Rake $0.50
Board [Ts Jd Jh 9c 3h]
Seat 6: Chessnok (big blind) showed [Kh Th] and won ($47.50) with two pair, Jacks and Tens
Seat 7: Big_M (button) (small blind) showed [Qs 2s] and lost with a pair of Jacks


