PokerStars Hand #172175507965:  Hold'em Limit ($3/$6 USD) - 2017/06/24 9:21:26 ET
Table 'Michel II' 6-max Seat #3 is the button
Seat 1: nedo1414 ($96 in chips)
Seat 3: CatPuppy1999 ($72 in chips)
CatPuppy1999: posts small blind $1
nedo1414: posts big blind $3
*** HOLE CARDS ***
CatPuppy1999: raises $3 to $6
nedo1414: folds
Uncalled bet ($3) returned to CatPuppy1999
CatPuppy1999 collected $6 from pot
CatPuppy1999: doesn't show hand
*** SUMMARY ***
Total pot $6 | Rake $0
Seat 1: nedo1414 (big blind) folded before Flop
Seat 3: CatPuppy1999 (button) (small blind) collected ($6)


PokerStars Hand #172175495684:  Hold'em Limit ($3/$6 USD) - 2017/06/24 9:21:03 ET
Table 'Michel II' 6-max Seat #1 is the button
Seat 1: nedo1414 ($120 in chips)
Seat 3: CatPuppy1999 ($48 in chips)
nedo1414: posts small blind $1
CatPuppy1999: posts big blind $3
*** HOLE CARDS ***
nedo1414: raises $3 to $6
CatPuppy1999: raises $3 to $9
nedo1414: calls $3
*** FLOP *** [Td Qd 5c]
CatPuppy1999: bets $3
nedo1414: calls $3
*** TURN *** [Td Qd 5c] [Tc]
CatPuppy1999: bets $6
nedo1414: calls $6
*** RIVER *** [Td Qd 5c Tc] [Jc]
AzureCaper joins the table at seat #2
CatPuppy1999: bets $6
nedo1414: calls $6
*** SHOW DOWN ***
CatPuppy1999: shows [Js Ts] (a full house, Tens full of Jacks)
nedo1414: mucks hand
CatPuppy1999 collected $47.50 from pot
*** SUMMARY ***
Total pot $48 | Rake $0.50
Board [Td Qd 5c Tc Jc]
Seat 1: nedo1414 (button) (small blind) mucked
Seat 3: CatPuppy1999 (big blind) showed [Js Ts] and won ($47.50) with a full house, Tens full of Jacks


PokerStars Hand #172175996096:  Hold'em Limit ($3/$6 USD) - 2017/06/24 9:36:23 ET
Table 'Michel II' 6-max Seat #6 is the button
Seat 5: Rednaxela05 ($77.64 in chips)
Seat 6: CatPuppy1999 ($193.80 in chips)
CatPuppy1999: posts small blind $1
Rednaxela05: posts big blind $3
*** HOLE CARDS ***
Pete81 leaves the table
CatPuppy1999: raises $3 to $6
Rednaxela05: raises $3 to $9
CatPuppy1999: calls $3
*** FLOP *** [8c 9c 2c]
Rednaxela05: bets $3
CatPuppy1999: raises $3 to $6
Rednaxela05: calls $3
*** TURN *** [8c 9c 2c] [Ah]
Rednaxela05: checks
CatPuppy1999: checks
*** RIVER *** [8c 9c 2c Ah] [4c]
Rednaxela05: checks
CatPuppy1999: bets $6
Rednaxela05: folds
Uncalled bet ($6) returned to CatPuppy1999
CatPuppy1999 collected $29.50 from pot
CatPuppy1999: doesn't show hand
*** SUMMARY ***
Total pot $30 | Rake $0.50
Board [8c 9c 2c Ah 4c]
Seat 5: Rednaxela05 (big blind) folded on the River
Seat 6: CatPuppy1999 (button) (small blind) collected ($29.50)


