PokerStars Hand #156959361279:  Hold'em Limit ($3/$6 USD) - 2016/08/06 21:12:22 ET
Table 'Midas' 6-max Seat #3 is the button
Seat 3: Snuffymo ($120 in chips)
Seat 5: Chessnok ($120 in chips)
Snuffymo: posts small blind $1
Chessnok: posts big blind $3
*** HOLE CARDS ***
Snuffymo: folds
Uncalled bet ($2) returned to Chessnok
Snuffymo leaves the table
Chessnok collected $2 from pot
Chessnok: doesn't show hand
*** SUMMARY ***
Total pot $2 | Rake $0
Seat 3: Snuffymo (button) (small blind) folded before Flop
Seat 5: Chessnok (big blind) collected ($2)


PokerStars Hand #156962060486:  Hold'em Limit ($3/$6 USD) - 2016/08/06 23:28:39 ET
Table 'Midas' 6-max Seat #5 is the button
Seat 5: Chessnok ($391.04 in chips)
Seat 6: ELSUPREMO999 ($118.66 in chips)
Chessnok: posts small blind $1
ELSUPREMO999: posts big blind $3
*** HOLE CARDS ***
Chessnok: raises $3 to $6
ELSUPREMO999: calls $3
*** FLOP *** [Qc 4s 3c]
ELSUPREMO999: checks
Chessnok: bets $3
ELSUPREMO999: calls $3
*** TURN *** [Qc 4s 3c] [Jh]
ELSUPREMO999: checks
Chessnok: bets $6
ELSUPREMO999: raises $6 to $12
Chessnok: calls $6
*** RIVER *** [Qc 4s 3c Jh] [4d]
ELSUPREMO999: bets $6
Chessnok: calls $6
*** SHOW DOWN ***
ELSUPREMO999: shows [Td Js] (two pair, Jacks and Fours)
Chessnok: mucks hand
ELSUPREMO999 collected $53.50 from pot
*** SUMMARY ***
Total pot $54 | Rake $0.50
Board [Qc 4s 3c Jh 4d]
Seat 5: Chessnok (button) (small blind) mucked
Seat 6: ELSUPREMO999 (big blind) showed [Td Js] and won ($53.50) with two pair, Jacks and Fours


PokerStars Hand #156962057682:  Hold'em Limit ($3/$6 USD) - 2016/08/06 23:28:29 ET
Table 'Midas' 6-max Seat #6 is the button
Seat 5: Chessnok ($382.40 in chips)
Seat 6: ELSUPREMO999 ($127.66 in chips)
ELSUPREMO999: posts small blind $1
Chessnok: posts big blind $3
*** HOLE CARDS ***
ELSUPREMO999: calls $2
Chessnok: raises $3 to $6
ELSUPREMO999: calls $3
*** FLOP *** [As 7c 3h]
Snuffymo leaves the table
Chessnok: bets $3
ELSUPREMO999: calls $3
*** TURN *** [As 7c 3h] [5s]
Chessnok: bets $6
ELSUPREMO999: folds
Uncalled bet ($6) returned to Chessnok
Chessnok collected $17.64 from pot
Chessnok: doesn't show hand
*** SUMMARY ***
Total pot $18 | Rake $0.36
Board [As 7c 3h 5s]
Seat 5: Chessnok (big blind) collected ($17.64)
Seat 6: ELSUPREMO999 (button) (small blind) folded on the Turn


PokerStars Hand #156962065081:  Hold'em Limit ($3/$6 USD) - 2016/08/06 23:28:55 ET
Table 'Midas' 6-max Seat #6 is the button
Seat 5: Chessnok ($364.04 in chips)
Seat 6: ELSUPREMO999 ($145.16 in chips)
ELSUPREMO999: posts small blind $1
Chessnok: posts big blind $3
*** HOLE CARDS ***
ELSUPREMO999: calls $2
Chessnok: checks
*** FLOP *** [Th 6c Ts]
Chessnok: checks
ELSUPREMO999: checks
*** TURN *** [Th 6c Ts] [8d]
Chessnok: bets $6
ELSUPREMO999: calls $6
*** RIVER *** [Th 6c Ts 8d] [Qs]
Chessnok: bets $6
ELSUPREMO999: raises $6 to $12
Chessnok: calls $6
*** SHOW DOWN ***
ELSUPREMO999: shows [4d Td] (three of a kind, Tens)
Chessnok: mucks hand
ELSUPREMO999 collected $41.50 from pot
*** SUMMARY ***
Total pot $42 | Rake $0.50
Board [Th 6c Ts 8d Qs]
Seat 5: Chessnok (big blind) mucked
Seat 6: ELSUPREMO999 (button) (small blind) showed [4d Td] and won ($41.50) with three of a kind, Tens


PokerStars Hand #156962084480:  Hold'em Limit ($3/$6 USD) - 2016/08/06 23:29:50 ET
Table 'Midas' 6-max Seat #6 is the button
Seat 5: Chessnok ($392.04 in chips)
Seat 6: ELSUPREMO999 ($115.66 in chips)
ELSUPREMO999: posts small blind $1
Chessnok: posts big blind $3
*** HOLE CARDS ***
ELSUPREMO999: folds
Uncalled bet ($2) returned to Chessnok
Chessnok collected $2 from pot
Chessnok: doesn't show hand
*** SUMMARY ***
Total pot $2 | Rake $0
Seat 5: Chessnok (big blind) collected ($2)
Seat 6: ELSUPREMO999 (button) (small blind) folded before Flop


PokerStars Hand #156962085783:  Hold'em Limit ($3/$6 USD) - 2016/08/06 23:29:55 ET
Table 'Midas' 6-max Seat #5 is the button
Seat 5: Chessnok ($393.04 in chips)
Seat 6: ELSUPREMO999 ($114.66 in chips)
Chessnok: posts small blind $1
ELSUPREMO999: posts big blind $3
*** HOLE CARDS ***
Chessnok: raises $3 to $6
ELSUPREMO999: raises $3 to $9
Chessnok: calls $3
*** FLOP *** [Jc 9d Th]
ELSUPREMO999: checks
Chessnok: bets $3
ELSUPREMO999: calls $3
*** TURN *** [Jc 9d Th] [9h]
ELSUPREMO999: bets $6
Chessnok: calls $6
*** RIVER *** [Jc 9d Th 9h] [4c]
ELSUPREMO999: bets $6
Chessnok: calls $6
*** SHOW DOWN ***
ELSUPREMO999: shows [6h 6s] (two pair, Nines and Sixes)
Chessnok: mucks hand
ELSUPREMO999 collected $47.50 from pot
*** SUMMARY ***
Total pot $48 | Rake $0.50
Board [Jc 9d Th 9h 4c]
Seat 5: Chessnok (button) (small blind) mucked
Seat 6: ELSUPREMO999 (big blind) showed [6h 6s] and won ($47.50) with two pair, Nines and Sixes


PokerStars Hand #156962069985:  Hold'em Limit ($3/$6 USD) - 2016/08/06 23:29:13 ET
Table 'Midas' 6-max Seat #5 is the button
Seat 5: Chessnok ($343.04 in chips)
Seat 6: ELSUPREMO999 ($165.66 in chips)
Chessnok: posts small blind $1
ELSUPREMO999: posts big blind $3
*** HOLE CARDS ***
Chessnok: raises $3 to $6
ELSUPREMO999: calls $3
*** FLOP *** [3h Qc Tc]
ELSUPREMO999: checks
Chessnok: bets $3
ELSUPREMO999: calls $3
*** TURN *** [3h Qc Tc] [4h]
ELSUPREMO999: checks
Chessnok: bets $6
ELSUPREMO999: raises $6 to $12
Chessnok: calls $6
*** RIVER *** [3h Qc Tc 4h] [Ks]
ELSUPREMO999: bets $6
Chessnok: raises $6 to $12
ELSUPREMO999: calls $6
*** SHOW DOWN ***
Chessnok: shows [Jd 9c] (a straight, Nine to King)
ELSUPREMO999: mucks hand
Chessnok collected $65.50 from pot
*** SUMMARY ***
Total pot $66 | Rake $0.50
Board [3h Qc Tc 4h Ks]
Seat 5: Chessnok (button) (small blind) showed [Jd 9c] and won ($65.50) with a straight, Nine to King
Seat 6: ELSUPREMO999 (big blind) mucked


PokerStars Hand #156962083341:  Hold'em Limit ($3/$6 USD) - 2016/08/06 23:29:46 ET
Table 'Midas' 6-max Seat #5 is the button
Seat 5: Chessnok ($393.04 in chips)
Seat 6: ELSUPREMO999 ($114.66 in chips)
Chessnok: posts small blind $1
ELSUPREMO999: posts big blind $3
*** HOLE CARDS ***
Chessnok: folds
Uncalled bet ($2) returned to ELSUPREMO999
ELSUPREMO999 collected $2 from pot
ELSUPREMO999: doesn't show hand
*** SUMMARY ***
Total pot $2 | Rake $0
Seat 5: Chessnok (button) (small blind) folded before Flop
Seat 6: ELSUPREMO999 (big blind) collected ($2)


PokerStars Hand #156962074718:  Hold'em Limit ($3/$6 USD) - 2016/08/06 23:29:29 ET
Table 'Midas' 6-max Seat #6 is the button
Seat 5: Chessnok ($375.54 in chips)
Seat 6: ELSUPREMO999 ($132.66 in chips)
ELSUPREMO999: posts small blind $1
Chessnok: posts big blind $3
*** HOLE CARDS ***
ELSUPREMO999: calls $2
Chessnok: checks
*** FLOP *** [Jc 4h 7c]
Chessnok: checks
ELSUPREMO999: bets $3
Chessnok: calls $3
*** TURN *** [Jc 4h 7c] [Qd]
Chessnok: checks
ELSUPREMO999: bets $6
Chessnok: raises $6 to $12
ELSUPREMO999: calls $6
*** RIVER *** [Jc 4h 7c Qd] [Jh]
Chessnok: bets $6
ELSUPREMO999: folds
Uncalled bet ($6) returned to Chessnok
Chessnok collected $35.50 from pot
Chessnok: doesn't show hand
*** SUMMARY ***
Total pot $36 | Rake $0.50
Board [Jc 4h 7c Qd Jh]
Seat 5: Chessnok (big blind) collected ($35.50)
Seat 6: ELSUPREMO999 (button) (small blind) folded on the River


PokerStars Hand #156962098543:  Hold'em Limit ($3/$6 USD) - 2016/08/06 23:30:41 ET
Table 'Midas' 6-max Seat #6 is the button
Seat 5: Chessnok ($410.18 in chips)
Seat 6: ELSUPREMO999 ($96.16 in chips)
ELSUPREMO999: posts small blind $1
Chessnok: posts big blind $3
*** HOLE CARDS ***
ELSUPREMO999: calls $2
Chessnok: checks
*** FLOP *** [5d Qh 4c]
Chessnok: bets $3
ELSUPREMO999: calls $3
*** TURN *** [5d Qh 4c] [3c]
Chessnok: bets $6
ELSUPREMO999: calls $6
*** RIVER *** [5d Qh 4c 3c] [7c]
Chessnok: checks
ELSUPREMO999: checks
*** SHOW DOWN ***
Chessnok: shows [5c Jd] (a pair of Fives)
ELSUPREMO999: mucks hand
Chessnok collected $23.52 from pot
*** SUMMARY ***
Total pot $24 | Rake $0.48
Board [5d Qh 4c 3c 7c]
Seat 5: Chessnok (big blind) showed [5c Jd] and won ($23.52) with a pair of Fives
Seat 6: ELSUPREMO999 (button) (small blind) mucked


PokerStars Hand #156962095422:  Hold'em Limit ($3/$6 USD) - 2016/08/06 23:30:30 ET
Table 'Midas' 6-max Seat #5 is the button
Seat 5: Chessnok ($401.54 in chips)
Seat 6: ELSUPREMO999 ($105.16 in chips)
Chessnok: posts small blind $1
ELSUPREMO999: posts big blind $3
*** HOLE CARDS ***
Chessnok: raises $3 to $6
ELSUPREMO999: calls $3
*** FLOP *** [Qh 9s Td]
ELSUPREMO999: checks
Chessnok: bets $3
ELSUPREMO999: calls $3
*** TURN *** [Qh 9s Td] [5c]
ELSUPREMO999: checks
Chessnok: checks
*** RIVER *** [Qh 9s Td 5c] [Ah]
ELSUPREMO999: checks
Chessnok: checks
*** SHOW DOWN ***
ELSUPREMO999: shows [Jc 4d] (high card Ace)
Chessnok: shows [8c 5s] (a pair of Fives)
Chessnok collected $17.64 from pot
*** SUMMARY ***
Total pot $18 | Rake $0.36
Board [Qh 9s Td 5c Ah]
Seat 5: Chessnok (button) (small blind) showed [8c 5s] and won ($17.64) with a pair of Fives
Seat 6: ELSUPREMO999 (big blind) showed [Jc 4d] and lost with high card Ace


PokerStars Hand #156962090329:  Hold'em Limit ($3/$6 USD) - 2016/08/06 23:30:11 ET
Table 'Midas' 6-max Seat #6 is the button
Seat 5: Chessnok ($369.04 in chips)
Seat 6: ELSUPREMO999 ($138.16 in chips)
ELSUPREMO999: posts small blind $1
Chessnok: posts big blind $3
*** HOLE CARDS ***
ELSUPREMO999: calls $2
Chessnok: raises $3 to $6
ELSUPREMO999: calls $3
*** FLOP *** [As 4d Tc]
Chessnok: bets $3
ELSUPREMO999: calls $3
*** TURN *** [As 4d Tc] [5h]
Chessnok: bets $6
ELSUPREMO999: raises $6 to $12
Chessnok: calls $6
*** RIVER *** [As 4d Tc 5h] [2h]
Chessnok: checks
ELSUPREMO999: bets $6
Chessnok: raises $6 to $12
ELSUPREMO999: calls $6
*** SHOW DOWN ***
Chessnok: shows [3c 3s] (a straight, Ace to Five)
ELSUPREMO999: mucks hand
Chessnok collected $65.50 from pot
*** SUMMARY ***
Total pot $66 | Rake $0.50
Board [As 4d Tc 5h 2h]
Seat 5: Chessnok (big blind) showed [3c 3s] and won ($65.50) with a straight, Ace to Five
Seat 6: ELSUPREMO999 (button) (small blind) mucked


PokerStars Hand #156962108362:  Hold'em Limit ($3/$6 USD) - 2016/08/06 23:31:17 ET
Table 'Midas' 6-max Seat #6 is the button
Seat 5: Chessnok ($454.20 in chips)
Seat 6: ELSUPREMO999 ($51.16 in chips)
ELSUPREMO999: posts small blind $1
Chessnok: posts big blind $3
*** HOLE CARDS ***
ELSUPREMO999: calls $2
Chessnok: raises $3 to $6
ELSUPREMO999: calls $3
*** FLOP *** [7s 6h Ah]
Chessnok: bets $3
ELSUPREMO999: calls $3
*** TURN *** [7s 6h Ah] [As]
Chessnok: checks
ELSUPREMO999: bets $6
Chessnok: calls $6
*** RIVER *** [7s 6h Ah As] [Qh]
Chessnok: checks
ELSUPREMO999: bets $6
Chessnok: raises $6 to $12
ELSUPREMO999: calls $6
*** SHOW DOWN ***
Chessnok: shows [Qs 5d] (two pair, Aces and Queens)
ELSUPREMO999: mucks hand
Chessnok collected $53.50 from pot
*** SUMMARY ***
Total pot $54 | Rake $0.50
Board [7s 6h Ah As Qh]
Seat 5: Chessnok (big blind) showed [Qs 5d] and won ($53.50) with two pair, Aces and Queens
Seat 6: ELSUPREMO999 (button) (small blind) mucked


PokerStars Hand #156962102565:  Hold'em Limit ($3/$6 USD) - 2016/08/06 23:30:56 ET
Table 'Midas' 6-max Seat #5 is the button
Seat 5: Chessnok ($421.70 in chips)
Seat 6: ELSUPREMO999 ($84.16 in chips)
Chessnok: posts small blind $1
ELSUPREMO999: posts big blind $3
*** HOLE CARDS ***
Chessnok: raises $3 to $6
ELSUPREMO999: raises $3 to $9
Chessnok: calls $3
*** FLOP *** [4s 9h 4h]
ELSUPREMO999: bets $3
Chessnok: raises $3 to $6
ELSUPREMO999: raises $3 to $9
Chessnok: raises $3 to $12
Betting is capped
ELSUPREMO999: calls $3
*** TURN *** [4s 9h 4h] [3h]
ELSUPREMO999: checks
Chessnok: bets $6
ELSUPREMO999: calls $6
*** RIVER *** [4s 9h 4h 3h] [Ac]
ELSUPREMO999: bets $6
Chessnok: calls $6
*** SHOW DOWN ***
ELSUPREMO999: shows [Ad Kh] (two pair, Aces and Fours)
Chessnok: shows [Qh 4c] (three of a kind, Fours)
Chessnok collected $65.50 from pot
*** SUMMARY ***
Total pot $66 | Rake $0.50
Board [4s 9h 4h 3h Ac]
Seat 5: Chessnok (button) (small blind) showed [Qh 4c] and won ($65.50) with three of a kind, Fours
Seat 6: ELSUPREMO999 (big blind) showed [Ad Kh] and lost with two pair, Aces and Fours


PokerStars Hand #156962134463:  Hold'em Limit ($3/$6 USD) - 2016/08/06 23:32:53 ET
Table 'Midas' 6-max Seat #5 is the button
Seat 5: Chessnok ($474.70 in chips)
Seat 6: ELSUPREMO999 ($29.80 in chips)
Chessnok: posts small blind $1
ELSUPREMO999: posts big blind $3
*** HOLE CARDS ***
Chessnok: folds
Uncalled bet ($2) returned to ELSUPREMO999
ELSUPREMO999 collected $2 from pot
ELSUPREMO999: doesn't show hand
*** SUMMARY ***
Total pot $2 | Rake $0
Seat 5: Chessnok (button) (small blind) folded before Flop
Seat 6: ELSUPREMO999 (big blind) collected ($2)


PokerStars Hand #156962112577:  Hold'em Limit ($3/$6 USD) - 2016/08/06 23:31:32 ET
Table 'Midas' 6-max Seat #5 is the button
Seat 5: Chessnok ($480.70 in chips)
Seat 6: ELSUPREMO999 ($24.16 in chips)
Chessnok: posts small blind $1
ELSUPREMO999: posts big blind $3
*** HOLE CARDS ***
Chessnok: raises $3 to $6
ELSUPREMO999: folds
Uncalled bet ($3) returned to Chessnok
Chessnok collected $6 from pot
Chessnok: doesn't show hand
*** SUMMARY ***
Total pot $6 | Rake $0
Seat 5: Chessnok (button) (small blind) collected ($6)
Seat 6: ELSUPREMO999 (big blind) folded before Flop


PokerStars Hand #156962135629:  Hold'em Limit ($3/$6 USD) - 2016/08/06 23:32:58 ET
Table 'Midas' 6-max Seat #6 is the button
Seat 5: Chessnok ($473.70 in chips)
Seat 6: ELSUPREMO999 ($30.80 in chips)
ELSUPREMO999: posts small blind $1
Chessnok: posts big blind $3
*** HOLE CARDS ***
ELSUPREMO999: raises $3 to $6
Chessnok: calls $3
*** FLOP *** [7s 9c 8s]
Chessnok: checks
ELSUPREMO999: bets $3
Chessnok: calls $3
*** TURN *** [7s 9c 8s] [5h]
Chessnok: checks
ELSUPREMO999: bets $6
Chessnok: folds
Uncalled bet ($6) returned to ELSUPREMO999
ELSUPREMO999 collected $17.64 from pot
ELSUPREMO999: doesn't show hand
*** SUMMARY ***
Total pot $18 | Rake $0.36
Board [7s 9c 8s 5h]
Seat 5: Chessnok (big blind) folded on the Turn
Seat 6: ELSUPREMO999 (button) (small blind) collected ($17.64)


PokerStars Hand #156962128235:  Hold'em Limit ($3/$6 USD) - 2016/08/06 23:32:30 ET
Table 'Midas' 6-max Seat #6 is the button
Seat 5: Chessnok ($483.70 in chips)
Seat 6: ELSUPREMO999 ($21.16 in chips)
ELSUPREMO999: posts small blind $1
Chessnok: posts big blind $3
*** HOLE CARDS ***
ELSUPREMO999: calls $2
Chessnok: raises $3 to $6
ELSUPREMO999: calls $3
*** FLOP *** [2s As 9c]
Chessnok: bets $3
ELSUPREMO999: calls $3
*** TURN *** [2s As 9c] [Qs]
Chessnok: checks
ELSUPREMO999: bets $6
Chessnok: folds
Uncalled bet ($6) returned to ELSUPREMO999
ELSUPREMO999 collected $17.64 from pot
ELSUPREMO999: doesn't show hand
*** SUMMARY ***
Total pot $18 | Rake $0.36
Board [2s As 9c Qs]
Seat 5: Chessnok (big blind) folded on the Turn
Seat 6: ELSUPREMO999 (button) (small blind) collected ($17.64)


PokerStars Hand #156962139293:  Hold'em Limit ($3/$6 USD) - 2016/08/06 23:33:11 ET
Table 'Midas' 6-max Seat #5 is the button
Seat 5: Chessnok ($464.70 in chips)
Seat 6: ELSUPREMO999 ($39.44 in chips)
Chessnok: posts small blind $1
ELSUPREMO999: posts big blind $3
*** HOLE CARDS ***
Chessnok: raises $3 to $6
Masqb joins the table at seat #1
ELSUPREMO999: calls $3
*** FLOP *** [As 2d 4s]
ELSUPREMO999: checks
Chessnok: bets $3
ELSUPREMO999: folds
Uncalled bet ($3) returned to Chessnok
Chessnok collected $11.76 from pot
Chessnok: doesn't show hand
*** SUMMARY ***
Total pot $12 | Rake $0.24
Board [As 2d 4s]
Seat 5: Chessnok (button) (small blind) collected ($11.76)
Seat 6: ELSUPREMO999 (big blind) folded on the Flop


