PokerStars Hand #155309777153:  Hold'em Limit ($3/$6 USD) - 2016/06/28 14:06:22 ET
Table 'Midas' 6-max Seat #4 is the button
Seat 4: VolkovDmitri ($120 in chips)
Seat 5: storpecka ($282 in chips)
VolkovDmitri: posts small blind $1
storpecka: posts big blind $3
*** HOLE CARDS ***
VolkovDmitri: raises $3 to $6
storpecka: calls $3
*** FLOP *** [8h 9h 4c]
storpecka: bets $3
VolkovDmitri: folds
Uncalled bet ($3) returned to storpecka
storpecka collected $11.76 from pot
*** SUMMARY ***
Total pot $12 | Rake $0.24
Board [8h 9h 4c]
Seat 4: VolkovDmitri (button) (small blind) folded on the Flop
Seat 5: storpecka (big blind) collected ($11.76)


PokerStars Hand #155309818821:  Hold'em Limit ($3/$6 USD) - 2016/06/28 14:07:18 ET
Table 'Midas' 6-max Seat #6 is the button
Seat 5: storpecka ($296.40 in chips)
Seat 6: Luanto 14 ($120 in chips)
Luanto 14: posts small blind $1
storpecka: posts big blind $3
*** HOLE CARDS ***
Luanto 14: raises $3 to $6
storpecka: calls $3
*** FLOP *** [4d 7s 8s]
storpecka: checks
Luanto 14: checks
*** TURN *** [4d 7s 8s] [5s]
storpecka: bets $6
Luanto 14: raises $6 to $12
storpecka: folds
Uncalled bet ($6) returned to Luanto 14
Luanto 14 collected $23.52 from pot
Luanto 14: doesn't show hand
*** SUMMARY ***
Total pot $24 | Rake $0.48
Board [4d 7s 8s 5s]
Seat 5: storpecka (big blind) folded on the Turn
Seat 6: Luanto 14 (button) (small blind) collected ($23.52)


PokerStars Hand #155309792771:  Hold'em Limit ($3/$6 USD) - 2016/06/28 14:06:42 ET
Table 'Midas' 6-max Seat #5 is the button
Seat 4: VolkovDmitri ($120 in chips)
Seat 5: storpecka ($287.76 in chips)
storpecka: posts small blind $1
VolkovDmitri: posts big blind $3
*** HOLE CARDS ***
storpecka: raises $3 to $6
VolkovDmitri: calls $3
*** FLOP *** [5h 6h 4s]
Luanto 14 joins the table at seat #6
VolkovDmitri: checks
storpecka: bets $3
VolkovDmitri: calls $3
*** TURN *** [5h 6h 4s] [4c]
VolkovDmitri: checks
storpecka: checks
*** RIVER *** [5h 6h 4s 4c] [9c]
VolkovDmitri: checks
storpecka: bets $6
VolkovDmitri: folds
Uncalled bet ($6) returned to storpecka
storpecka collected $17.64 from pot
*** SUMMARY ***
Total pot $18 | Rake $0.36
Board [5h 6h 4s 4c 9c]
Seat 4: VolkovDmitri (big blind) folded on the River
Seat 5: storpecka (button) (small blind) collected ($17.64)


PokerStars Hand #155309877247:  Hold'em Limit ($3/$6 USD) - 2016/06/28 14:08:36 ET
Table 'Midas' 6-max Seat #6 is the button
Seat 5: storpecka ($312.54 in chips)
Seat 6: Luanto 14 ($102.52 in chips)
Luanto 14: posts small blind $1
storpecka: posts big blind $3
*** HOLE CARDS ***
Luanto 14: folds
Uncalled bet ($2) returned to storpecka
storpecka collected $2 from pot
*** SUMMARY ***
Total pot $2 | Rake $0
Seat 5: storpecka (big blind) collected ($2)
Seat 6: Luanto 14 (button) (small blind) folded before Flop


PokerStars Hand #155309873598:  Hold'em Limit ($3/$6 USD) - 2016/06/28 14:08:31 ET
Table 'Midas' 6-max Seat #5 is the button
Seat 5: storpecka ($313.54 in chips)
Seat 6: Luanto 14 ($101.52 in chips)
storpecka: posts small blind $1
Luanto 14: posts big blind $3
*** HOLE CARDS ***
storpecka: folds
Uncalled bet ($2) returned to Luanto 14
Luanto 14 collected $2 from pot
Luanto 14: doesn't show hand
*** SUMMARY ***
Total pot $2 | Rake $0
Seat 5: storpecka (button) (small blind) folded before Flop
Seat 6: Luanto 14 (big blind) collected ($2)


PokerStars Hand #155309857665:  Hold'em Limit ($3/$6 USD) - 2016/06/28 14:08:10 ET
Table 'Midas' 6-max Seat #6 is the button
Seat 5: storpecka ($304.90 in chips)
Seat 6: Luanto 14 ($110.52 in chips)
Luanto 14: posts small blind $1
storpecka: posts big blind $3
*** HOLE CARDS ***
Luanto 14: raises $3 to $6
storpecka: calls $3
*** FLOP *** [Ad Ks Qh]
storpecka: checks
Luanto 14: bets $3
storpecka: calls $3
*** TURN *** [Ad Ks Qh] [3d]
storpecka: checks
Luanto 14: checks
*** RIVER *** [Ad Ks Qh 3d] [3s]
storpecka: checks
Luanto 14: checks
*** SHOW DOWN ***
storpecka: shows [Kd Qc] (two pair, Kings and Queens)
Luanto 14: mucks hand
storpecka collected $17.64 from pot
*** SUMMARY ***
Total pot $18 | Rake $0.36
Board [Ad Ks Qh 3d 3s]
Seat 5: storpecka (big blind) showed [Kd Qc] and won ($17.64) with two pair, Kings and Queens
Seat 6: Luanto 14 (button) (small blind) mucked


PokerStars Hand #155309835679:  Hold'em Limit ($3/$6 USD) - 2016/06/28 14:07:40 ET
Table 'Midas' 6-max Seat #5 is the button
Seat 5: storpecka ($284.40 in chips)
Seat 6: Luanto 14 ($131.52 in chips)
storpecka: posts small blind $1
Luanto 14: posts big blind $3
*** HOLE CARDS ***
storpecka: raises $3 to $6
Luanto 14: calls $3
*** FLOP *** [6h 6s 4h]
Luanto 14: checks
storpecka: bets $3
Luanto 14: calls $3
*** TURN *** [6h 6s 4h] [6c]
Luanto 14: checks
storpecka: bets $6
Luanto 14: calls $6
*** RIVER *** [6h 6s 4h 6c] [5c]
Luanto 14: checks
storpecka: bets $6
Luanto 14: calls $6
*** SHOW DOWN ***
storpecka: shows [5h 5s] (a full house, Sixes full of Fives)
Luanto 14: mucks hand
storpecka collected $41.50 from pot
*** SUMMARY ***
Total pot $42 | Rake $0.50
Board [6h 6s 4h 6c 5c]
Seat 5: storpecka (button) (small blind) showed [5h 5s] and won ($41.50) with a full house, Sixes full of Fives
Seat 6: Luanto 14 (big blind) mucked


PokerStars Hand #155309911800:  Hold'em Limit ($3/$6 USD) - 2016/06/28 14:09:23 ET
Table 'Midas' 6-max Seat #5 is the button
Seat 5: storpecka ($295.54 in chips)
Seat 6: Luanto 14 ($118.80 in chips)
storpecka: posts small blind $1
Luanto 14: posts big blind $3
*** HOLE CARDS ***
storpecka: raises $3 to $6
Luanto 14: calls $3
*** FLOP *** [Jc 9c 5c]
Luanto 14: checks
storpecka: bets $3
Luanto 14: calls $3
*** TURN *** [Jc 9c 5c] [Kd]
Luanto 14: checks
storpecka: bets $6
Luanto 14: calls $6
*** RIVER *** [Jc 9c 5c Kd] [Jh]
Luanto 14: checks
storpecka: checks
*** SHOW DOWN ***
Luanto 14: shows [4c Kh] (two pair, Kings and Jacks)
storpecka: mucks hand
Luanto 14 collected $29.50 from pot
*** SUMMARY ***
Total pot $30 | Rake $0.50
Board [Jc 9c 5c Kd Jh]
Seat 5: storpecka (button) (small blind) mucked
Seat 6: Luanto 14 (big blind) showed [4c Kh] and won ($29.50) with two pair, Kings and Jacks


PokerStars Hand #155309881186:  Hold'em Limit ($3/$6 USD) - 2016/06/28 14:08:42 ET
Table 'Midas' 6-max Seat #5 is the button
Seat 5: storpecka ($313.54 in chips)
Seat 6: Luanto 14 ($101.52 in chips)
storpecka: posts small blind $1
Luanto 14: posts big blind $3
*** HOLE CARDS ***
storpecka: raises $3 to $6
Luanto 14: calls $3
*** FLOP *** [4c 8c Jh]
Luanto 14: checks
storpecka: bets $3
Luanto 14: raises $3 to $6
storpecka: calls $3
*** TURN *** [4c 8c Jh] [4d]
Luanto 14: bets $6
storpecka: folds
Uncalled bet ($6) returned to Luanto 14
Luanto 14 collected $23.52 from pot
Luanto 14: doesn't show hand
*** SUMMARY ***
Total pot $24 | Rake $0.48
Board [4c 8c Jh 4d]
Seat 5: storpecka (button) (small blind) folded on the Turn
Seat 6: Luanto 14 (big blind) collected ($23.52)


PokerStars Hand #155309961688:  Hold'em Limit ($3/$6 USD) - 2016/06/28 14:10:30 ET
Table 'Midas' 6-max Seat #6 is the button
Seat 5: storpecka ($276.30 in chips)
Seat 6: Luanto 14 ($137.06 in chips)
Luanto 14: posts small blind $1
storpecka: posts big blind $3
*** HOLE CARDS ***
Luanto 14: raises $3 to $6
storpecka: raises $3 to $9
Luanto 14: calls $3
*** FLOP *** [2c 9h 2h]
storpecka: bets $3
Luanto 14: calls $3
*** TURN *** [2c 9h 2h] [5d]
storpecka: bets $6
Luanto 14: calls $6
*** RIVER *** [2c 9h 2h 5d] [7h]
storpecka: checks
Luanto 14: checks
*** SHOW DOWN ***
storpecka: shows [Ah 4s] (a pair of Deuces)
Luanto 14: shows [As 6c] (a pair of Deuces)
storpecka collected $17.75 from pot
Luanto 14 collected $17.75 from pot
*** SUMMARY ***
Total pot $36 | Rake $0.50
Board [2c 9h 2h 5d 7h]
Seat 5: storpecka (big blind) showed [Ah 4s] and won ($17.75) with a pair of Deuces
Seat 6: Luanto 14 (button) (small blind) showed [As 6c] and won ($17.75) with a pair of Deuces


PokerStars Hand #155309932668:  Hold'em Limit ($3/$6 USD) - 2016/06/28 14:09:51 ET
Table 'Midas' 6-max Seat #6 is the button
Seat 5: storpecka ($280.54 in chips)
Seat 6: Luanto 14 ($133.30 in chips)
Luanto 14: posts small blind $1
storpecka: posts big blind $3
*** HOLE CARDS ***
Luanto 14: raises $3 to $6
storpecka: calls $3
*** FLOP *** [2d 8s 5h]
storpecka: checks
Luanto 14: bets $3
storpecka: folds
Uncalled bet ($3) returned to Luanto 14
Luanto 14 collected $11.76 from pot
Luanto 14: doesn't show hand
*** SUMMARY ***
Total pot $12 | Rake $0.24
Board [2d 8s 5h]
Seat 5: storpecka (big blind) folded on the Flop
Seat 6: Luanto 14 (button) (small blind) collected ($11.76)


PokerStars Hand #155309954212:  Hold'em Limit ($3/$6 USD) - 2016/06/28 14:10:20 ET
Table 'Midas' 6-max Seat #6 is the button
Seat 5: storpecka ($280.30 in chips)
Seat 6: Luanto 14 ($133.06 in chips)
Luanto 14: posts small blind $1
storpecka: posts big blind $3
*** HOLE CARDS ***
Luanto 14: raises $3 to $6
storpecka: folds
Uncalled bet ($3) returned to Luanto 14
Luanto 14 collected $6 from pot
Luanto 14: doesn't show hand
*** SUMMARY ***
Total pot $6 | Rake $0
Seat 5: storpecka (big blind) folded before Flop
Seat 6: Luanto 14 (button) (small blind) collected ($6)


PokerStars Hand #155309944797:  Hold'em Limit ($3/$6 USD) - 2016/06/28 14:10:07 ET
Table 'Midas' 6-max Seat #5 is the button
Seat 5: storpecka ($274.54 in chips)
Seat 6: Luanto 14 ($139.06 in chips)
storpecka: posts small blind $1
Luanto 14: posts big blind $3
*** HOLE CARDS ***
storpecka: raises $3 to $6
Luanto 14: calls $3
*** FLOP *** [7d Ts Qh]
Luanto 14: checks
storpecka: bets $3
Luanto 14: folds
Uncalled bet ($3) returned to storpecka
storpecka collected $11.76 from pot
*** SUMMARY ***
Total pot $12 | Rake $0.24
Board [7d Ts Qh]
Seat 5: storpecka (button) (small blind) collected ($11.76)
Seat 6: Luanto 14 (big blind) folded on the Flop


PokerStars Hand #155309958375:  Hold'em Limit ($3/$6 USD) - 2016/06/28 14:10:26 ET
Table 'Midas' 6-max Seat #5 is the button
Seat 5: storpecka ($277.30 in chips)
Seat 6: Luanto 14 ($136.06 in chips)
storpecka: posts small blind $1
Luanto 14: posts big blind $3
*** HOLE CARDS ***
storpecka: folds
Uncalled bet ($2) returned to Luanto 14
Luanto 14 collected $2 from pot
Luanto 14: doesn't show hand
*** SUMMARY ***
Total pot $2 | Rake $0
Seat 5: storpecka (button) (small blind) folded before Flop
Seat 6: Luanto 14 (big blind) collected ($2)


PokerStars Hand #155309982893:  Hold'em Limit ($3/$6 USD) - 2016/06/28 14:10:59 ET
Table 'Midas' 6-max Seat #5 is the button
Seat 5: storpecka ($276.05 in chips)
Seat 6: Luanto 14 ($136.81 in chips)
storpecka: posts small blind $1
Luanto 14: posts big blind $3
*** HOLE CARDS ***
storpecka: raises $3 to $6
Luanto 14: calls $3
*** FLOP *** [8c 6c Js]
Luanto 14: checks
storpecka: bets $3
Luanto 14: raises $3 to $6
storpecka: calls $3
*** TURN *** [8c 6c Js] [7h]
Luanto 14: bets $6
storpecka: calls $6
*** RIVER *** [8c 6c Js 7h] [9h]
Luanto 14: checks
storpecka: bets $6
Luanto 14: calls $6
*** SHOW DOWN ***
storpecka: shows [2c 4c] (high card Jack)
Luanto 14: shows [8s 6h] (two pair, Eights and Sixes)
Luanto 14 collected $47.50 from pot
BrownieSpy joins the table at seat #4
*** SUMMARY ***
Total pot $48 | Rake $0.50
Board [8c 6c Js 7h 9h]
Seat 5: storpecka (button) (small blind) showed [2c 4c] and lost with high card Jack
Seat 6: Luanto 14 (big blind) showed [8s 6h] and won ($47.50) with two pair, Eights and Sixes


PokerStars Hand #155313153742:  Hold'em Limit ($3/$6 USD) - 2016/06/28 15:20:05 ET
Table 'Midas' 6-max Seat #4 is the button
Seat 2: ABATAPP ($121.82 in chips)
Seat 4: BrownieSpy ($220.71 in chips)
BrownieSpy: posts small blind $1
Luanto 14 was removed from the table for failing to post
ABATAPP: posts big blind $3
*** HOLE CARDS ***
BrownieSpy: folds
Uncalled bet ($2) returned to ABATAPP
ABATAPP collected $2 from pot
ABATAPP: doesn't show hand
*** SUMMARY ***
Total pot $2 | Rake $0
Seat 2: ABATAPP (big blind) collected ($2)
Seat 4: BrownieSpy (button) (small blind) folded before Flop


PokerStars Hand #155313157509:  Hold'em Limit ($3/$6 USD) - 2016/06/28 15:20:10 ET
Table 'Midas' 6-max Seat #2 is the button
Seat 2: ABATAPP ($122.82 in chips)
Seat 4: BrownieSpy ($219.71 in chips)
ABATAPP: posts small blind $1
BrownieSpy: posts big blind $3
*** HOLE CARDS ***
ABATAPP: raises $3 to $6
storpecka leaves the table
BrownieSpy: raises $3 to $9
ABATAPP: calls $3
*** FLOP *** [4c 7s 4h]
BrownieSpy: bets $3
ABATAPP: calls $3
*** TURN *** [4c 7s 4h] [6d]
BrownieSpy: bets $6
ABATAPP: raises $6 to $12
BrownieSpy: folds
Uncalled bet ($6) returned to ABATAPP
ABATAPP collected $35.50 from pot
ABATAPP: doesn't show hand
*** SUMMARY ***
Total pot $36 | Rake $0.50
Board [4c 7s 4h 6d]
Seat 2: ABATAPP (button) (small blind) collected ($35.50)
Seat 4: BrownieSpy (big blind) folded on the Turn


