PokerStars Hand #150227922716:  Hold'em Limit ($3/$6 USD) - 2016/03/12 7:08:04 ET
Table 'Midas' 10-max Seat #6 is the button
Seat 5: gofind ($197.71 in chips)
Seat 6: Agrotait ($74.88 in chips)
Agrotait: posts small blind $1
gofind: posts big blind $3
*** HOLE CARDS ***
Agrotait: folds
Uncalled bet ($2) returned to gofind
gofind collected $2 from pot
gofind: doesn't show hand
*** SUMMARY ***
Total pot $2 | Rake $0
Seat 5: gofind (big blind) collected ($2)
Seat 6: Agrotait (button) (small blind) folded before Flop


PokerStars Hand #150227909673:  Hold'em Limit ($3/$6 USD) - 2016/03/12 7:07:41 ET
Table 'Midas' 10-max Seat #5 is the button
Seat 5: gofind ($200.71 in chips)
Seat 6: Agrotait ($72 in chips)
gofind: posts small blind $1
Agrotait: posts big blind $3
*** HOLE CARDS ***
gofind: calls $2
Agrotait: checks
*** FLOP *** [Jh 2s 7c]
Agrotait: bets $3
gofind: folds
Uncalled bet ($3) returned to Agrotait
Agrotait collected $5.88 from pot
Agrotait: doesn't show hand
*** SUMMARY ***
Total pot $6 | Rake $0.12
Board [Jh 2s 7c]
Seat 5: gofind (button) (small blind) folded on the Flop
Seat 6: Agrotait (big blind) collected ($5.88)


PokerStars Hand #150227926524:  Hold'em Limit ($3/$6 USD) - 2016/03/12 7:08:11 ET
Table 'Midas' 10-max Seat #5 is the button
Seat 5: gofind ($198.71 in chips)
Seat 6: Agrotait ($73.88 in chips)
gofind: posts small blind $1
Agrotait: posts big blind $3
*** HOLE CARDS ***
gofind: folds
Uncalled bet ($2) returned to Agrotait
Agrotait collected $2 from pot
Agrotait: doesn't show hand
*** SUMMARY ***
Total pot $2 | Rake $0
Seat 5: gofind (button) (small blind) folded before Flop
Seat 6: Agrotait (big blind) collected ($2)


PokerStars Hand #150227930042:  Hold'em Limit ($3/$6 USD) - 2016/03/12 7:08:17 ET
Table 'Midas' 10-max Seat #6 is the button
Seat 5: gofind ($197.71 in chips)
Seat 6: Agrotait ($74.88 in chips)
Agrotait: posts small blind $1
gofind: posts big blind $3
*** HOLE CARDS ***
Agrotait: raises $3 to $6
gofind: raises $3 to $9
liolilove joins the table at seat #7
Agrotait: calls $3
*** FLOP *** [5d Th Qs]
gofind: bets $3
Agrotait: folds
Uncalled bet ($3) returned to gofind
gofind collected $17.64 from pot
gofind: doesn't show hand
*** SUMMARY ***
Total pot $18 | Rake $0.36
Board [5d Th Qs]
Seat 5: gofind (big blind) collected ($17.64)
Seat 6: Agrotait (button) (small blind) folded on the Flop


PokerStars Hand #150227957055:  Hold'em Limit ($3/$6 USD) - 2016/03/12 7:09:05 ET
Table 'Midas' 10-max Seat #6 is the button
Seat 5: gofind ($205.35 in chips)
Seat 6: Agrotait ($66.88 in chips)
Agrotait: posts small blind $1
gofind: posts big blind $3
*** HOLE CARDS ***
Agrotait: raises $3 to $6
gofind: calls $3
*** FLOP *** [8s 5d Ad]
gofind: bets $3
Agrotait: folds
Uncalled bet ($3) returned to gofind
gofind collected $11.76 from pot
gofind: doesn't show hand
*** SUMMARY ***
Total pot $12 | Rake $0.24
Board [8s 5d Ad]
Seat 5: gofind (big blind) collected ($11.76)
Seat 6: Agrotait (button) (small blind) folded on the Flop


PokerStars Hand #150227954126:  Hold'em Limit ($3/$6 USD) - 2016/03/12 7:08:59 ET
Table 'Midas' 10-max Seat #5 is the button
Seat 5: gofind ($206.35 in chips)
Seat 6: Agrotait ($65.88 in chips)
gofind: posts small blind $1
Agrotait: posts big blind $3
*** HOLE CARDS ***
gofind: folds
Uncalled bet ($2) returned to Agrotait
Agrotait collected $2 from pot
Agrotait: doesn't show hand
*** SUMMARY ***
Total pot $2 | Rake $0
Seat 5: gofind (button) (small blind) folded before Flop
Seat 6: Agrotait (big blind) collected ($2)


PokerStars Hand #150227964797:  Hold'em Limit ($3/$6 USD) - 2016/03/12 7:09:18 ET
Table 'Midas' 10-max Seat #5 is the button
Seat 5: gofind ($211.11 in chips)
Seat 6: Agrotait ($60.88 in chips)
gofind: posts small blind $1
Agrotait: posts big blind $3
*** HOLE CARDS ***
gofind: calls $2
Agrotait: checks
*** FLOP *** [9s Ks Ts]
Agrotait: bets $3
gofind: folds
Uncalled bet ($3) returned to Agrotait
Agrotait collected $5.88 from pot
Agrotait: doesn't show hand
*** SUMMARY ***
Total pot $6 | Rake $0.12
Board [9s Ks Ts]
Seat 5: gofind (button) (small blind) folded on the Flop
Seat 6: Agrotait (big blind) collected ($5.88)


PokerStars Hand #150227980583:  Hold'em Limit ($3/$6 USD) - 2016/03/12 7:09:46 ET
Table 'Midas' 10-max Seat #6 is the button
Seat 5: gofind ($208.11 in chips)
Seat 6: Agrotait ($63.76 in chips)
Agrotait: posts small blind $1
gofind: posts big blind $3
*** HOLE CARDS ***
Agrotait: raises $3 to $6
gofind: folds
Uncalled bet ($3) returned to Agrotait
Agrotait collected $6 from pot
Agrotait: doesn't show hand
*** SUMMARY ***
Total pot $6 | Rake $0
Seat 5: gofind (big blind) folded before Flop
Seat 6: Agrotait (button) (small blind) collected ($6)


PokerStars Hand #150227986584:  Hold'em Limit ($3/$6 USD) - 2016/03/12 7:09:56 ET
Table 'Midas' 10-max Seat #5 is the button
Seat 5: gofind ($205.11 in chips)
Seat 6: Agrotait ($66.76 in chips)
gofind: posts small blind $1
Agrotait: posts big blind $3
*** HOLE CARDS ***
gofind: calls $2
Agrotait: checks
*** FLOP *** [Ad 8s 7c]
Agrotait: bets $3
gofind: folds
Uncalled bet ($3) returned to Agrotait
Agrotait collected $5.88 from pot
Agrotait: doesn't show hand
*** SUMMARY ***
Total pot $6 | Rake $0.12
Board [Ad 8s 7c]
Seat 5: gofind (button) (small blind) folded on the Flop
Seat 6: Agrotait (big blind) collected ($5.88)


PokerStars Hand #150228010397:  Hold'em Limit ($3/$6 USD) - 2016/03/12 7:10:37 ET
Table 'Midas' 10-max Seat #6 is the button
Seat 5: gofind ($202.11 in chips)
Seat 6: Agrotait ($69.64 in chips)
Agrotait: posts small blind $1
gofind: posts big blind $3
*** HOLE CARDS ***
Agrotait: raises $3 to $6
gofind: calls $3
*** FLOP *** [Kc 9c 5c]
gofind: bets $3
Agrotait: calls $3
*** TURN *** [Kc 9c 5c] [4c]
gofind: bets $6
Agrotait: calls $6
*** RIVER *** [Kc 9c 5c 4c] [5h]
gofind: checks
Agrotait: bets $6
gofind: folds
Uncalled bet ($6) returned to Agrotait
Agrotait collected $29.50 from pot
Agrotait: doesn't show hand
*** SUMMARY ***
Total pot $30 | Rake $0.50
Board [Kc 9c 5c 4c 5h]
Seat 5: gofind (big blind) folded on the River
Seat 6: Agrotait (button) (small blind) collected ($29.50)


PokerStars Hand #150228070087:  Hold'em Limit ($3/$6 USD) - 2016/03/12 7:12:21 ET
Table 'Midas' 10-max Seat #5 is the button
Seat 5: gofind ($189.75 in chips)
Seat 6: Agrotait ($80.90 in chips)
gofind: posts small blind $1
Agrotait: posts big blind $3
*** HOLE CARDS ***
gofind: folds
Uncalled bet ($2) returned to Agrotait
Agrotait collected $2 from pot
Agrotait: doesn't show hand
*** SUMMARY ***
Total pot $2 | Rake $0
Seat 5: gofind (button) (small blind) folded before Flop
Seat 6: Agrotait (big blind) collected ($2)


PokerStars Hand #150228062547:  Hold'em Limit ($3/$6 USD) - 2016/03/12 7:12:08 ET
Table 'Midas' 10-max Seat #6 is the button
Seat 5: gofind ($181.11 in chips)
Seat 6: Agrotait ($89.90 in chips)
Agrotait: posts small blind $1
gofind: posts big blind $3
*** HOLE CARDS ***
Agrotait: raises $3 to $6
gofind: raises $3 to $9
Agrotait: calls $3
*** FLOP *** [Qc 6c 4s]
gofind: bets $3
Agrotait: folds
Uncalled bet ($3) returned to gofind
gofind collected $17.64 from pot
gofind: doesn't show hand
*** SUMMARY ***
Total pot $18 | Rake $0.36
Board [Qc 6c 4s]
Seat 5: gofind (big blind) collected ($17.64)
Seat 6: Agrotait (button) (small blind) folded on the Flop


PokerStars Hand #150228032239:  Hold'em Limit ($3/$6 USD) - 2016/03/12 7:11:15 ET
Table 'Midas' 10-max Seat #5 is the button
Seat 5: gofind ($187.11 in chips)
Seat 6: Agrotait ($84.14 in chips)
gofind: posts small blind $1
Agrotait: posts big blind $3
*** HOLE CARDS ***
gofind: raises $3 to $6
Agrotait: calls $3
*** FLOP *** [9d 8c Js]
Agrotait: checks
gofind: checks
*** TURN *** [9d 8c Js] [Jh]
Agrotait: bets $6
gofind: folds
Uncalled bet ($6) returned to Agrotait
Agrotait collected $11.76 from pot
Agrotait: doesn't show hand
*** SUMMARY ***
Total pot $12 | Rake $0.24
Board [9d 8c Js Jh]
Seat 5: gofind (button) (small blind) folded on the Turn
Seat 6: Agrotait (big blind) collected ($11.76)


PokerStars Hand #150228073394:  Hold'em Limit ($3/$6 USD) - 2016/03/12 7:12:27 ET
Table 'Midas' 10-max Seat #6 is the button
Seat 5: gofind ($188.75 in chips)
Seat 6: Agrotait ($81.90 in chips)
Agrotait: posts small blind $1
gofind: posts big blind $3
*** HOLE CARDS ***
Agrotait: raises $3 to $6
gofind: raises $3 to $9
Agrotait: calls $3
*** FLOP *** [8c 3c 3d]
gofind: bets $3
Agrotait: raises $3 to $6
gofind: calls $3
*** TURN *** [8c 3c 3d] [Kh]
gofind: bets $6
hairy1961 joins the table at seat #8
Agrotait: calls $6
*** RIVER *** [8c 3c 3d Kh] [Ac]
Fused2Orium joins the table at seat #9
gofind: bets $6
Agrotait: folds
Uncalled bet ($6) returned to gofind
gofind collected $41.50 from pot
gofind: doesn't show hand
*** SUMMARY ***
Total pot $42 | Rake $0.50
Board [8c 3c 3d Kh Ac]
Seat 5: gofind (big blind) collected ($41.50)
Seat 6: Agrotait (button) (small blind) folded on the River


PokerStars Hand #150228112579:  Hold'em Limit ($3/$6 USD) - 2016/03/12 7:13:35 ET
Table 'Midas' 10-max Seat #5 is the button
Seat 5: gofind ($209.25 in chips)
Seat 6: Agrotait ($60.90 in chips)
gofind: posts small blind $1
Agrotait: posts big blind $3
*** HOLE CARDS ***
gofind: calls $2
Agrotait: checks
*** FLOP *** [Tc 5c 9h]
Krazy90 joins the table at seat #10
Agrotait: checks
gofind: checks
*** TURN *** [Tc 5c 9h] [2h]
Agrotait: bets $6
gofind: calls $6
*** RIVER *** [Tc 5c 9h 2h] [3c]
Agrotait: checks
gofind: checks
*** SHOW DOWN ***
Agrotait: shows [Kd 8h] (high card King)
gofind: shows [Ah 2c] (a pair of Deuces)
gofind collected $17.64 from pot
*** SUMMARY ***
Total pot $18 | Rake $0.36
Board [Tc 5c 9h 2h 3c]
Seat 5: gofind (button) (small blind) showed [Ah 2c] and won ($17.64) with a pair of Deuces
Seat 6: Agrotait (big blind) showed [Kd 8h] and lost with high card King


PokerStars Hand #150228397177:  Hold'em Limit ($3/$6 USD) - 2016/03/12 7:21:46 ET
Table 'Midas' 10-max Seat #10 is the button
Seat 9: Fused2Orium ($87.43 in chips)
Seat 10: Krazy90 ($180.67 in chips)
Krazy90: posts small blind $1
Fused2Orium: posts big blind $3
*** HOLE CARDS ***
Krazy90: calls $2
Fused2Orium: checks
*** FLOP *** [Ts Jh Qs]
Fused2Orium: bets $3
Krazy90: folds
Uncalled bet ($3) returned to Fused2Orium
Fused2Orium collected $5.88 from pot
Fused2Orium: doesn't show hand
*** SUMMARY ***
Total pot $6 | Rake $0.12
Board [Ts Jh Qs]
Seat 9: Fused2Orium (big blind) collected ($5.88)
Seat 10: Krazy90 (button) (small blind) folded on the Flop


PokerStars Hand #150228403518:  Hold'em Limit ($3/$6 USD) - 2016/03/12 7:21:57 ET
Table 'Midas' 10-max Seat #9 is the button
Seat 9: Fused2Orium ($90.31 in chips)
Seat 10: Krazy90 ($177.67 in chips)
Fused2Orium: posts small blind $1
Krazy90: posts big blind $3
*** HOLE CARDS ***
Fused2Orium: raises $3 to $6
Krazy90: calls $3
*** FLOP *** [5d Td As]
Krazy90: checks
Fused2Orium: bets $3
Krazy90: raises $3 to $6
Fused2Orium: calls $3
*** TURN *** [5d Td As] [3h]
Krazy90: bets $6
Fused2Orium: folds
Uncalled bet ($6) returned to Krazy90
Krazy90 collected $23.52 from pot
Krazy90: doesn't show hand
*** SUMMARY ***
Total pot $24 | Rake $0.48
Board [5d Td As 3h]
Seat 9: Fused2Orium (button) (small blind) folded on the Turn
Seat 10: Krazy90 (big blind) collected ($23.52)


PokerStars Hand #150228434545:  Hold'em Limit ($3/$6 USD) - 2016/03/12 7:22:51 ET
Table 'Midas' 10-max Seat #10 is the button
Seat 9: Fused2Orium ($95.69 in chips)
Seat 10: Krazy90 ($171.19 in chips)
Krazy90: posts small blind $1
Fused2Orium: posts big blind $3
*** HOLE CARDS ***
Krazy90: folds
Uncalled bet ($2) returned to Fused2Orium
Fused2Orium collected $2 from pot
Fused2Orium: doesn't show hand
*** SUMMARY ***
Total pot $2 | Rake $0
Seat 9: Fused2Orium (big blind) collected ($2)
Seat 10: Krazy90 (button) (small blind) folded before Flop


PokerStars Hand #150228426265:  Hold'em Limit ($3/$6 USD) - 2016/03/12 7:22:36 ET
Table 'Midas' 10-max Seat #9 is the button
Seat 9: Fused2Orium ($92.81 in chips)
Seat 10: Krazy90 ($174.19 in chips)
Fused2Orium: posts small blind $1
Krazy90: posts big blind $3
*** HOLE CARDS ***
Fused2Orium: calls $2
Krazy90: checks
*** FLOP *** [6s 7h Kh]
Krazy90: checks
Fused2Orium: bets $3
Krazy90: folds
Uncalled bet ($3) returned to Fused2Orium
Fused2Orium collected $5.88 from pot
Fused2Orium: doesn't show hand
*** SUMMARY ***
Total pot $6 | Rake $0.12
Board [6s 7h Kh]
Seat 9: Fused2Orium (button) (small blind) collected ($5.88)
Seat 10: Krazy90 (big blind) folded on the Flop


PokerStars Hand #150228413253:  Hold'em Limit ($3/$6 USD) - 2016/03/12 7:22:14 ET
Table 'Midas' 10-max Seat #10 is the button
Seat 9: Fused2Orium ($78.31 in chips)
Seat 10: Krazy90 ($189.19 in chips)
Krazy90: posts small blind $1
Fused2Orium: posts big blind $3
*** HOLE CARDS ***
Krazy90: raises $3 to $6
Fused2Orium: calls $3
*** FLOP *** [6h Kc Js]
Fused2Orium: checks
Krazy90: bets $3
Fused2Orium: calls $3
*** TURN *** [6h Kc Js] [8c]
Fused2Orium: checks
Krazy90: bets $6
Fused2Orium: calls $6
*** RIVER *** [6h Kc Js 8c] [Ks]
Fused2Orium: checks
Krazy90: checks
*** SHOW DOWN ***
Fused2Orium: shows [8s Tc] (two pair, Kings and Eights)
Krazy90: mucks hand
Fused2Orium collected $29.50 from pot
*** SUMMARY ***
Total pot $30 | Rake $0.50
Board [6h Kc Js 8c Ks]
Seat 9: Fused2Orium (big blind) showed [8s Tc] and won ($29.50) with two pair, Kings and Eights
Seat 10: Krazy90 (button) (small blind) mucked


PokerStars Hand #150228437644:  Hold'em Limit ($3/$6 USD) - 2016/03/12 7:22:56 ET
Table 'Midas' 10-max Seat #9 is the button
Seat 9: Fused2Orium ($96.69 in chips)
Seat 10: Krazy90 ($170.19 in chips)
Fused2Orium: posts small blind $1
Krazy90: posts big blind $3
*** HOLE CARDS ***
Fused2Orium: raises $3 to $6
Krazy90: calls $3
*** FLOP *** [9s 2d 9c]
Krazy90: checks
Fused2Orium: bets $3
gofind joins the table at seat #1
Krazy90: folds
Uncalled bet ($3) returned to Fused2Orium
Fused2Orium collected $11.76 from pot
Fused2Orium: doesn't show hand
*** SUMMARY ***
Total pot $12 | Rake $0.24
Board [9s 2d 9c]
Seat 9: Fused2Orium (button) (small blind) collected ($11.76)
Seat 10: Krazy90 (big blind) folded on the Flop


PokerStars Hand #150228822766:  Hold'em Limit ($3/$6 USD) - 2016/03/12 7:33:57 ET
Table 'Midas' 10-max Seat #10 is the button
Seat 6: Arsenavet ($148.41 in chips)
Seat 10: Krazy90 ($121 in chips)
Krazy90: posts small blind $1
Agrotait: is sitting out
RockKillerTY: is sitting out
Arsenavet: posts big blind $3
*** HOLE CARDS ***
Agrotait leaves the table
Krazy90: raises $3 to $6
Arsenavet: folds
Uncalled bet ($3) returned to Krazy90
Krazy90 collected $6 from pot
Krazy90: doesn't show hand
*** SUMMARY ***
Total pot $6 | Rake $0
Seat 6: Arsenavet (big blind) folded before Flop
Seat 10: Krazy90 (button) (small blind) collected ($6)


PokerStars Hand #150228831751:  Hold'em Limit ($3/$6 USD) - 2016/03/12 7:34:12 ET
Table 'Midas' 10-max Seat #6 is the button
Seat 6: Arsenavet ($145.41 in chips)
Seat 10: Krazy90 ($124 in chips)
Arsenavet: posts small blind $1
Krazy90: posts big blind $3
*** HOLE CARDS ***
Arsenavet: raises $3 to $6
Krazy90: calls $3
*** FLOP *** [Qc 4h 2h]
Krazy90: checks
Arsenavet: bets $3
Krazy90: calls $3
*** TURN *** [Qc 4h 2h] [5h]
Krazy90: checks
Arsenavet: checks
*** RIVER *** [Qc 4h 2h 5h] [6s]
Krazy90: bets $6
Arsenavet: folds
Uncalled bet ($6) returned to Krazy90
Krazy90 collected $17.64 from pot
Krazy90: doesn't show hand
*** SUMMARY ***
Total pot $18 | Rake $0.36
Board [Qc 4h 2h 5h 6s]
Seat 6: Arsenavet (button) (small blind) folded on the River
Seat 10: Krazy90 (big blind) collected ($17.64)


PokerStars Hand #150229977992:  Hold'em Limit ($3/$6 USD) - 2016/03/12 8:06:33 ET
Table 'Midas' 10-max Seat #9 is the button
Seat 5: JayEm82 ($142.32 in chips)
Seat 9: dokaten ($118.43 in chips)
dokaten: posts small blind $1
MikeMcD: is sitting out
JayEm82: posts big blind $3
*** HOLE CARDS ***
dokaten: raises $3 to $6
JayEm82: folds
Uncalled bet ($3) returned to dokaten
dokaten collected $6 from pot
dokaten: doesn't show hand
*** SUMMARY ***
Total pot $6 | Rake $0
Seat 5: JayEm82 (big blind) folded before Flop
Seat 9: dokaten (button) (small blind) collected ($6)


