PokerStars Hand #155101628268:  Hold'em Limit ($3/$6 USD) - 2016/06/23 12:05:36 ET
Table 'Midas' 6-max Seat #5 is the button
Seat 1: SeanPeary ($44.50 in chips)
Seat 5: TinaTurner72 ($105 in chips)
TinaTurner72: posts small blind $1
SeanPeary: posts big blind $3
*** HOLE CARDS ***
TinaTurner72: folds
Uncalled bet ($2) returned to SeanPeary
SeanPeary collected $2 from pot
SeanPeary: doesn't show hand
*** SUMMARY ***
Total pot $2 | Rake $0
Seat 1: SeanPeary (big blind) collected ($2)
Seat 5: TinaTurner72 (button) (small blind) folded before Flop


PokerStars Hand #155101617000:  Hold'em Limit ($3/$6 USD) - 2016/06/23 12:05:17 ET
Table 'Midas' 6-max Seat #1 is the button
Seat 1: SeanPeary ($30 in chips)
Seat 5: TinaTurner72 ($120 in chips)
SeanPeary: posts small blind $1
TinaTurner72: posts big blind $3
*** HOLE CARDS ***
SeanPeary: raises $3 to $6
TinaTurner72: calls $3
*** FLOP *** [Qs 8h 6c]
TinaTurner72: checks
SeanPeary: bets $3
TinaTurner72: calls $3
*** TURN *** [Qs 8h 6c] [Kd]
TinaTurner72: checks
SeanPeary: bets $6
TinaTurner72: calls $6
*** RIVER *** [Qs 8h 6c Kd] [3d]
TinaTurner72: checks
Great_Kang joins the table at seat #2
SeanPeary: checks
*** SHOW DOWN ***
TinaTurner72: shows [4h Ad] (high card Ace)
SeanPeary: shows [Ah 6h] (a pair of Sixes)
SeanPeary collected $29.50 from pot
*** SUMMARY ***
Total pot $30 | Rake $0.50
Board [Qs 8h 6c Kd 3d]
Seat 1: SeanPeary (button) (small blind) showed [Ah 6h] and won ($29.50) with a pair of Sixes
Seat 5: TinaTurner72 (big blind) showed [4h Ad] and lost with high card Ace


