PokerStars Hand #157331672517:  Hold'em Limit ($3/$6 USD) - 2016/08/15 21:58:58 ET
Table 'Midas' 6-max Seat #3 is the button
Seat 3: Necromadx ($197.15 in chips)
Seat 4: K. Ichinose ($168.22 in chips)
Necromadx: posts small blind $1
K. Ichinose: posts big blind $3
*** HOLE CARDS ***
Necromadx: folds
Uncalled bet ($2) returned to K. Ichinose
K. Ichinose collected $2 from pot
K. Ichinose: doesn't show hand
*** SUMMARY ***
Total pot $2 | Rake $0
Seat 3: Necromadx (button) (small blind) folded before Flop
Seat 4: K. Ichinose (big blind) collected ($2)


PokerStars Hand #157331661484:  Hold'em Limit ($3/$6 USD) - 2016/08/15 21:58:21 ET
Table 'Midas' 6-max Seat #3 is the button
Seat 3: Necromadx ($185.88 in chips)
Seat 4: K. Ichinose ($180.47 in chips)
Necromadx: posts small blind $1
K. Ichinose: posts big blind $3
*** HOLE CARDS ***
Necromadx: raises $3 to $6
K. Ichinose: raises $3 to $9
Necromadx: calls $3
*** FLOP *** [Js 7h 4c]
K. Ichinose: bets $3
Necromadx: calls $3
*** TURN *** [Js 7h 4c] [2d]
K. Ichinose: checks
Necromadx: bets $6
K. Ichinose: folds
Uncalled bet ($6) returned to Necromadx
Necromadx collected $23.52 from pot
Necromadx: doesn't show hand
*** SUMMARY ***
Total pot $24 | Rake $0.48
Board [Js 7h 4c 2d]
Seat 3: Necromadx (button) (small blind) collected ($23.52)
Seat 4: K. Ichinose (big blind) folded on the Turn


PokerStars Hand #157331654019:  Hold'em Limit ($3/$6 USD) - 2016/08/15 21:57:57 ET
Table 'Midas' 6-max Seat #4 is the button
Seat 3: Necromadx ($209.88 in chips)
Seat 4: K. Ichinose ($156.97 in chips)
K. Ichinose: posts small blind $1
I M GOIN OFF: is sitting out
Necromadx: posts big blind $3
*** HOLE CARDS ***
K. Ichinose: raises $3 to $6
I M GOIN OFF leaves the table
Necromadx: raises $3 to $9
K. Ichinose: calls $3
*** FLOP *** [Kc 8h Jc]
Necromadx: bets $3
K. Ichinose: calls $3
*** TURN *** [Kc 8h Jc] [4h]
Necromadx: checks
K. Ichinose: bets $6
Necromadx: calls $6
*** RIVER *** [Kc 8h Jc 4h] [8s]
Necromadx: checks
K. Ichinose: bets $6
Necromadx: calls $6
*** SHOW DOWN ***
K. Ichinose: shows [Ks 3h] (two pair, Kings and Eights)
Necromadx: mucks hand
K. Ichinose collected $47.50 from pot
*** SUMMARY ***
Total pot $48 | Rake $0.50
Board [Kc 8h Jc 4h 8s]
Seat 3: Necromadx (big blind) mucked
Seat 4: K. Ichinose (button) (small blind) showed [Ks 3h] and won ($47.50) with two pair, Kings and Eights


PokerStars Hand #157331692983:  Hold'em Limit ($3/$6 USD) - 2016/08/15 22:00:05 ET
Table 'Midas' 6-max Seat #3 is the button
Seat 3: Necromadx ($148.15 in chips)
Seat 4: K. Ichinose ($216.22 in chips)
Necromadx: posts small blind $1
K. Ichinose: posts big blind $3
*** HOLE CARDS ***
Necromadx: raises $3 to $6
K. Ichinose: folds
Uncalled bet ($3) returned to Necromadx
Necromadx collected $6 from pot
Necromadx: doesn't show hand
*** SUMMARY ***
Total pot $6 | Rake $0
Seat 3: Necromadx (button) (small blind) collected ($6)
Seat 4: K. Ichinose (big blind) folded before Flop


PokerStars Hand #157331680252:  Hold'em Limit ($3/$6 USD) - 2016/08/15 21:59:23 ET
Table 'Midas' 6-max Seat #3 is the button
Seat 3: Necromadx ($181.15 in chips)
Seat 4: K. Ichinose ($183.72 in chips)
Necromadx: posts small blind $1
K. Ichinose: posts big blind $3
*** HOLE CARDS ***
Necromadx: raises $3 to $6
K. Ichinose: calls $3
*** FLOP *** [5c Ks Th]
K. Ichinose: checks
Necromadx: bets $3
K. Ichinose: raises $3 to $6
Necromadx: calls $3
*** TURN *** [5c Ks Th] [Tc]
K. Ichinose: bets $6
Necromadx: raises $6 to $12
K. Ichinose: calls $6
*** RIVER *** [5c Ks Th Tc] [Kh]
K. Ichinose: bets $6
Necromadx: calls $6
*** SHOW DOWN ***
K. Ichinose: shows [2d Kd] (a full house, Kings full of Tens)
Necromadx: mucks hand
K. Ichinose collected $59.50 from pot
*** SUMMARY ***
Total pot $60 | Rake $0.50
Board [5c Ks Th Tc Kh]
Seat 3: Necromadx (button) (small blind) mucked
Seat 4: K. Ichinose (big blind) showed [2d Kd] and won ($59.50) with a full house, Kings full of Tens


PokerStars Hand #157331690965:  Hold'em Limit ($3/$6 USD) - 2016/08/15 21:59:59 ET
Table 'Midas' 6-max Seat #4 is the button
Seat 3: Necromadx ($151.15 in chips)
Seat 4: K. Ichinose ($213.22 in chips)
K. Ichinose: posts small blind $1
Necromadx: posts big blind $3
*** HOLE CARDS ***
K. Ichinose: raises $3 to $6
Necromadx: folds
Uncalled bet ($3) returned to K. Ichinose
K. Ichinose collected $6 from pot
K. Ichinose: doesn't show hand
*** SUMMARY ***
Total pot $6 | Rake $0
Seat 3: Necromadx (big blind) folded before Flop
Seat 4: K. Ichinose (button) (small blind) collected ($6)


PokerStars Hand #157331675097:  Hold'em Limit ($3/$6 USD) - 2016/08/15 21:59:06 ET
Table 'Midas' 6-max Seat #4 is the button
Seat 3: Necromadx ($196.15 in chips)
Seat 4: K. Ichinose ($169.22 in chips)
K. Ichinose: posts small blind $1
Necromadx: posts big blind $3
*** HOLE CARDS ***
K. Ichinose: raises $3 to $6
Necromadx: calls $3
*** FLOP *** [Ks Qc 7d]
Necromadx: checks
K. Ichinose: bets $3
Necromadx: calls $3
*** TURN *** [Ks Qc 7d] [Jh]
Necromadx: checks
K. Ichinose: checks
*** RIVER *** [Ks Qc 7d Jh] [3c]
Necromadx: checks
K. Ichinose: bets $6
Necromadx: calls $6
*** SHOW DOWN ***
K. Ichinose: shows [Js 3s] (two pair, Jacks and Threes)
Necromadx: mucks hand
K. Ichinose collected $29.50 from pot
*** SUMMARY ***
Total pot $30 | Rake $0.50
Board [Ks Qc 7d Jh 3c]
Seat 3: Necromadx (big blind) mucked
Seat 4: K. Ichinose (button) (small blind) showed [Js 3s] and won ($29.50) with two pair, Jacks and Threes


PokerStars Hand #157331696787:  Hold'em Limit ($3/$6 USD) - 2016/08/15 22:00:17 ET
Table 'Midas' 6-max Seat #4 is the button
Seat 3: Necromadx ($151.15 in chips)
Seat 4: K. Ichinose ($213.22 in chips)
K. Ichinose: posts small blind $1
Necromadx: posts big blind $3
*** HOLE CARDS ***
K. Ichinose: raises $3 to $6
Necromadx: raises $3 to $9
K. Ichinose: calls $3
*** FLOP *** [2c 7s Qs]
Necromadx: bets $3
K. Ichinose: raises $3 to $6
Necromadx: calls $3
*** TURN *** [2c 7s Qs] [5s]
Necromadx: checks
K. Ichinose: bets $6
Necromadx: folds
Uncalled bet ($6) returned to K. Ichinose
K. Ichinose collected $29.50 from pot
K. Ichinose: doesn't show hand
*** SUMMARY ***
Total pot $30 | Rake $0.50
Board [2c 7s Qs 5s]
Seat 3: Necromadx (big blind) folded on the Turn
Seat 4: K. Ichinose (button) (small blind) collected ($29.50)


PokerStars Hand #157331703522:  Hold'em Limit ($3/$6 USD) - 2016/08/15 22:00:38 ET
Table 'Midas' 6-max Seat #3 is the button
Seat 3: Necromadx ($136.15 in chips)
Seat 4: K. Ichinose ($227.72 in chips)
Necromadx: posts small blind $1
K. Ichinose: posts big blind $3
*** HOLE CARDS ***
Necromadx: raises $3 to $6
K. Ichinose: calls $3
*** FLOP *** [Th 3s 9c]
K. Ichinose: checks
Necromadx: bets $3
K. Ichinose: calls $3
*** TURN *** [Th 3s 9c] [3c]
K. Ichinose: checks
Necromadx: bets $6
K. Ichinose: calls $6
*** RIVER *** [Th 3s 9c 3c] [3h]
K. Ichinose: checks
Necromadx: bets $6
K. Ichinose: calls $6
*** SHOW DOWN ***
Necromadx: shows [9h Qh] (a full house, Threes full of Nines)
K. Ichinose: mucks hand
Necromadx collected $41.50 from pot
*** SUMMARY ***
Total pot $42 | Rake $0.50
Board [Th 3s 9c 3c 3h]
Seat 3: Necromadx (button) (small blind) showed [9h Qh] and won ($41.50) with a full house, Threes full of Nines
Seat 4: K. Ichinose (big blind) mucked


PokerStars Hand #157331718786:  Hold'em Limit ($3/$6 USD) - 2016/08/15 22:01:24 ET
Table 'Midas' 6-max Seat #3 is the button
Seat 3: Necromadx ($171.15 in chips)
Seat 4: K. Ichinose ($191.72 in chips)
Necromadx: posts small blind $1
K. Ichinose: posts big blind $3
*** HOLE CARDS ***
Necromadx: raises $3 to $6
K. Ichinose: raises $3 to $9
Necromadx: calls $3
*** FLOP *** [Js 2s Qd]
K. Ichinose: bets $3
Necromadx: calls $3
*** TURN *** [Js 2s Qd] [6d]
K. Ichinose: bets $6
Necromadx: calls $6
*** RIVER *** [Js 2s Qd 6d] [3c]
K. Ichinose: bets $6
Necromadx: calls $6
*** SHOW DOWN ***
K. Ichinose: shows [Kd Td] (high card King)
Necromadx: shows [5d 5h] (a pair of Fives)
Necromadx collected $47.50 from pot
*** SUMMARY ***
Total pot $48 | Rake $0.50
Board [Js 2s Qd 6d 3c]
Seat 3: Necromadx (button) (small blind) showed [5d 5h] and won ($47.50) with a pair of Fives
Seat 4: K. Ichinose (big blind) showed [Kd Td] and lost with high card King


PokerStars Hand #157331726775:  Hold'em Limit ($3/$6 USD) - 2016/08/15 22:01:48 ET
Table 'Midas' 6-max Seat #4 is the button
Seat 3: Necromadx ($194.65 in chips)
Seat 4: K. Ichinose ($167.72 in chips)
K. Ichinose: posts small blind $1
Necromadx: posts big blind $3
*** HOLE CARDS ***
K. Ichinose: raises $3 to $6
Necromadx: raises $3 to $9
K. Ichinose: calls $3
*** FLOP *** [2d Td 9s]
Necromadx: bets $3
K. Ichinose: folds
Uncalled bet ($3) returned to Necromadx
Necromadx collected $17.64 from pot
Necromadx: doesn't show hand
*** SUMMARY ***
Total pot $18 | Rake $0.36
Board [2d Td 9s]
Seat 3: Necromadx (big blind) collected ($17.64)
Seat 4: K. Ichinose (button) (small blind) folded on the Flop


PokerStars Hand #157331730863:  Hold'em Limit ($3/$6 USD) - 2016/08/15 22:02:00 ET
Table 'Midas' 6-max Seat #3 is the button
Seat 3: Necromadx ($203.29 in chips)
Seat 4: K. Ichinose ($158.72 in chips)
Necromadx: posts small blind $1
K. Ichinose: posts big blind $3
*** HOLE CARDS ***
Necromadx: raises $3 to $6
K. Ichinose: folds
Uncalled bet ($3) returned to Necromadx
Necromadx collected $6 from pot
Necromadx: doesn't show hand
*** SUMMARY ***
Total pot $6 | Rake $0
Seat 3: Necromadx (button) (small blind) collected ($6)
Seat 4: K. Ichinose (big blind) folded before Flop


PokerStars Hand #157331732950:  Hold'em Limit ($3/$6 USD) - 2016/08/15 22:02:06 ET
Table 'Midas' 6-max Seat #4 is the button
Seat 3: Necromadx ($206.29 in chips)
Seat 4: K. Ichinose ($155.72 in chips)
K. Ichinose: posts small blind $1
Necromadx: posts big blind $3
*** HOLE CARDS ***
K. Ichinose: folds
Uncalled bet ($2) returned to Necromadx
Necromadx collected $2 from pot
Necromadx: doesn't show hand
*** SUMMARY ***
Total pot $2 | Rake $0
Seat 3: Necromadx (big blind) collected ($2)
Seat 4: K. Ichinose (button) (small blind) folded before Flop


PokerStars Hand #157331709717:  Hold'em Limit ($3/$6 USD) - 2016/08/15 22:00:57 ET
Table 'Midas' 6-max Seat #4 is the button
Seat 3: Necromadx ($156.65 in chips)
Seat 4: K. Ichinose ($206.72 in chips)
K. Ichinose: posts small blind $1
Necromadx: posts big blind $3
*** HOLE CARDS ***
K. Ichinose: raises $3 to $6
Necromadx: calls $3
*** FLOP *** [6h Ac 7d]
Necromadx: checks
K. Ichinose: bets $3
Necromadx: calls $3
*** TURN *** [6h Ac 7d] [Jd]
Necromadx: checks
K. Ichinose: bets $6
Necromadx: calls $6
*** RIVER *** [6h Ac 7d Jd] [Td]
Necromadx: checks
K. Ichinose: checks
*** SHOW DOWN ***
Necromadx: shows [6d 2d] (a flush, Jack high)
K. Ichinose: mucks hand
Necromadx collected $29.50 from pot
*** SUMMARY ***
Total pot $30 | Rake $0.50
Board [6h Ac 7d Jd Td]
Seat 3: Necromadx (big blind) showed [6d 2d] and won ($29.50) with a flush, Jack high
Seat 4: K. Ichinose (button) (small blind) mucked


PokerStars Hand #157331735141:  Hold'em Limit ($3/$6 USD) - 2016/08/15 22:02:12 ET
Table 'Midas' 6-max Seat #3 is the button
Seat 3: Necromadx ($207.29 in chips)
Seat 4: K. Ichinose ($154.72 in chips)
Necromadx: posts small blind $1
K. Ichinose: posts big blind $3
*** HOLE CARDS ***
Necromadx: raises $3 to $6
K. Ichinose: folds
Uncalled bet ($3) returned to Necromadx
Necromadx collected $6 from pot
Necromadx: doesn't show hand
*** SUMMARY ***
Total pot $6 | Rake $0
Seat 3: Necromadx (button) (small blind) collected ($6)
Seat 4: K. Ichinose (big blind) folded before Flop


PokerStars Hand #157331740441:  Hold'em Limit ($3/$6 USD) - 2016/08/15 22:02:27 ET
Table 'Midas' 6-max Seat #4 is the button
Seat 3: Necromadx ($210.29 in chips)
Seat 4: K. Ichinose ($151.72 in chips)
K. Ichinose: posts small blind $1
Necromadx: posts big blind $3
*** HOLE CARDS ***
K. Ichinose: raises $3 to $6
Necromadx: calls $3
*** FLOP *** [Ts 8s 5c]
Necromadx: checks
K. Ichinose: bets $3
Necromadx: calls $3
*** TURN *** [Ts 8s 5c] [Qd]
Necromadx: checks
K. Ichinose: bets $6
Necromadx: raises $6 to $12
K. Ichinose: calls $6
*** RIVER *** [Ts 8s 5c Qd] [Jh]
Necromadx: bets $6
K. Ichinose: folds
Uncalled bet ($6) returned to Necromadx
Necromadx collected $41.50 from pot
Necromadx: doesn't show hand
*** SUMMARY ***
Total pot $42 | Rake $0.50
Board [Ts 8s 5c Qd Jh]
Seat 3: Necromadx (big blind) collected ($41.50)
Seat 4: K. Ichinose (button) (small blind) folded on the River


PokerStars Hand #157331748810:  Hold'em Limit ($3/$6 USD) - 2016/08/15 22:02:51 ET
Table 'Midas' 6-max Seat #3 is the button
Seat 3: Necromadx ($230.79 in chips)
Seat 4: K. Ichinose ($130.72 in chips)
Necromadx: posts small blind $1
K. Ichinose: posts big blind $3
*** HOLE CARDS ***
Necromadx: raises $3 to $6
K. Ichinose: folds
Uncalled bet ($3) returned to Necromadx
Necromadx collected $6 from pot
Necromadx: doesn't show hand
*** SUMMARY ***
Total pot $6 | Rake $0
Seat 3: Necromadx (button) (small blind) collected ($6)
Seat 4: K. Ichinose (big blind) folded before Flop


PokerStars Hand #157331763283:  Hold'em Limit ($3/$6 USD) - 2016/08/15 22:03:32 ET
Table 'Midas' 6-max Seat #4 is the button
Seat 3: Necromadx ($233.43 in chips)
Seat 4: K. Ichinose ($127.36 in chips)
K. Ichinose: posts small blind $1
Necromadx: posts big blind $3
*** HOLE CARDS ***
K. Ichinose: raises $3 to $6
Necromadx: folds
Uncalled bet ($3) returned to K. Ichinose
K. Ichinose collected $6 from pot
K. Ichinose: doesn't show hand
*** SUMMARY ***
Total pot $6 | Rake $0
Seat 3: Necromadx (big blind) folded before Flop
Seat 4: K. Ichinose (button) (small blind) collected ($6)


PokerStars Hand #157331759718:  Hold'em Limit ($3/$6 USD) - 2016/08/15 22:03:22 ET
Table 'Midas' 6-max Seat #3 is the button
Seat 3: Necromadx ($242.43 in chips)
Seat 4: K. Ichinose ($118.72 in chips)
Necromadx: posts small blind $1
K. Ichinose: posts big blind $3
*** HOLE CARDS ***
Necromadx: raises $3 to $6
K. Ichinose: raises $3 to $9
Necromadx: calls $3
*** FLOP *** [5s 9h Ks]
K. Ichinose: bets $3
Necromadx: folds
Uncalled bet ($3) returned to K. Ichinose
K. Ichinose collected $17.64 from pot
K. Ichinose: doesn't show hand
*** SUMMARY ***
Total pot $18 | Rake $0.36
Board [5s 9h Ks]
Seat 3: Necromadx (button) (small blind) folded on the Flop
Seat 4: K. Ichinose (big blind) collected ($17.64)


PokerStars Hand #157331765516:  Hold'em Limit ($3/$6 USD) - 2016/08/15 22:03:39 ET
Table 'Midas' 6-max Seat #3 is the button
Seat 3: Necromadx ($230.43 in chips)
Seat 4: K. Ichinose ($130.36 in chips)
Necromadx: posts small blind $1
K. Ichinose: posts big blind $3
*** HOLE CARDS ***
Necromadx: raises $3 to $6
K. Ichinose: folds
Uncalled bet ($3) returned to Necromadx
Necromadx collected $6 from pot
Necromadx: doesn't show hand
*** SUMMARY ***
Total pot $6 | Rake $0
Seat 3: Necromadx (button) (small blind) collected ($6)
Seat 4: K. Ichinose (big blind) folded before Flop


PokerStars Hand #157331767417:  Hold'em Limit ($3/$6 USD) - 2016/08/15 22:03:44 ET
Table 'Midas' 6-max Seat #4 is the button
Seat 3: Necromadx ($233.43 in chips)
Seat 4: K. Ichinose ($127.36 in chips)
K. Ichinose: posts small blind $1
Necromadx: posts big blind $3
*** HOLE CARDS ***
K. Ichinose: raises $3 to $6
Necromadx: calls $3
*** FLOP *** [Jh 2s 5h]
Necromadx: checks
K. Ichinose: bets $3
Necromadx: folds
Uncalled bet ($3) returned to K. Ichinose
K. Ichinose collected $11.76 from pot
K. Ichinose: doesn't show hand
*** SUMMARY ***
Total pot $12 | Rake $0.24
Board [Jh 2s 5h]
Seat 3: Necromadx (big blind) folded on the Flop
Seat 4: K. Ichinose (button) (small blind) collected ($11.76)


PokerStars Hand #157331771172:  Hold'em Limit ($3/$6 USD) - 2016/08/15 22:03:55 ET
Table 'Midas' 6-max Seat #3 is the button
Seat 3: Necromadx ($227.43 in chips)
Seat 4: K. Ichinose ($133.12 in chips)
Necromadx: posts small blind $1
K. Ichinose: posts big blind $3
*** HOLE CARDS ***
Necromadx: raises $3 to $6
K. Ichinose: calls $3
*** FLOP *** [7c 4s Jd]
K. Ichinose: checks
Necromadx: bets $3
K. Ichinose: folds
Uncalled bet ($3) returned to Necromadx
Necromadx collected $11.76 from pot
Necromadx: doesn't show hand
*** SUMMARY ***
Total pot $12 | Rake $0.24
Board [7c 4s Jd]
Seat 3: Necromadx (button) (small blind) collected ($11.76)
Seat 4: K. Ichinose (big blind) folded on the Flop


PokerStars Hand #157331751089:  Hold'em Limit ($3/$6 USD) - 2016/08/15 22:02:57 ET
Table 'Midas' 6-max Seat #4 is the button
Seat 3: Necromadx ($233.79 in chips)
Seat 4: K. Ichinose ($127.72 in chips)
K. Ichinose: posts small blind $1
Necromadx: posts big blind $3
*** HOLE CARDS ***
K. Ichinose: raises $3 to $6
Necromadx: calls $3
*** FLOP *** [Th 3c 7c]
Necromadx: checks
K. Ichinose: bets $3
Necromadx: calls $3
*** TURN *** [Th 3c 7c] [Qc]
Necromadx: checks
K. Ichinose: checks
*** RIVER *** [Th 3c 7c Qc] [9s]
Necromadx: checks
K. Ichinose: checks
*** SHOW DOWN ***
Necromadx: shows [6h 3h] (a pair of Threes)
K. Ichinose: mucks hand
Necromadx collected $17.64 from pot
*** SUMMARY ***
Total pot $18 | Rake $0.36
Board [Th 3c 7c Qc 9s]
Seat 3: Necromadx (big blind) showed [6h 3h] and won ($17.64) with a pair of Threes
Seat 4: K. Ichinose (button) (small blind) mucked


PokerStars Hand #157331795283:  Hold'em Limit ($3/$6 USD) - 2016/08/15 22:04:55 ET
Table 'Midas' 6-max Seat #3 is the button
Seat 3: Necromadx ($209.19 in chips)
Seat 4: K. Ichinose ($150.62 in chips)
Necromadx: posts small blind $1
K. Ichinose: posts big blind $3
*** HOLE CARDS ***
Necromadx: raises $3 to $6
K. Ichinose: folds
Uncalled bet ($3) returned to Necromadx
Necromadx collected $6 from pot
Necromadx: doesn't show hand
*** SUMMARY ***
Total pot $6 | Rake $0
Seat 3: Necromadx (button) (small blind) collected ($6)
Seat 4: K. Ichinose (big blind) folded before Flop


PokerStars Hand #157331775648:  Hold'em Limit ($3/$6 USD) - 2016/08/15 22:04:08 ET
Table 'Midas' 6-max Seat #4 is the button
Seat 3: Necromadx ($233.19 in chips)
Seat 4: K. Ichinose ($127.12 in chips)
K. Ichinose: posts small blind $1
Necromadx: posts big blind $3
*** HOLE CARDS ***
K. Ichinose: raises $3 to $6
Necromadx: raises $3 to $9
K. Ichinose: calls $3
*** FLOP *** [Th 8h 9h]
Necromadx: bets $3
K. Ichinose: calls $3
*** TURN *** [Th 8h 9h] [Ad]
Necromadx: bets $6
K. Ichinose: calls $6
*** RIVER *** [Th 8h 9h Ad] [4s]
Necromadx: bets $6
K. Ichinose: calls $6
*** SHOW DOWN ***
Necromadx: shows [5c 6c] (high card Ace)
K. Ichinose: shows [8s 7h] (a pair of Eights)
K. Ichinose collected $47.50 from pot
*** SUMMARY ***
Total pot $48 | Rake $0.50
Board [Th 8h 9h Ad 4s]
Seat 3: Necromadx (big blind) showed [5c 6c] and lost with high card Ace
Seat 4: K. Ichinose (button) (small blind) showed [8s 7h] and won ($47.50) with a pair of Eights


PokerStars Hand #157331797269:  Hold'em Limit ($3/$6 USD) - 2016/08/15 22:05:00 ET
Table 'Midas' 6-max Seat #4 is the button
Seat 3: Necromadx ($212.19 in chips)
Seat 4: K. Ichinose ($147.62 in chips)
K. Ichinose: posts small blind $1
Necromadx: posts big blind $3
*** HOLE CARDS ***
K. Ichinose: raises $3 to $6
Necromadx: raises $3 to $9
K. Ichinose: calls $3
*** FLOP *** [Kh 7c 5c]
Necromadx: bets $3
K. Ichinose: folds
Uncalled bet ($3) returned to Necromadx
Necromadx collected $17.64 from pot
Necromadx: doesn't show hand
*** SUMMARY ***
Total pot $18 | Rake $0.36
Board [Kh 7c 5c]
Seat 3: Necromadx (big blind) collected ($17.64)
Seat 4: K. Ichinose (button) (small blind) folded on the Flop


PokerStars Hand #157331807423:  Hold'em Limit ($3/$6 USD) - 2016/08/15 22:05:30 ET
Table 'Midas' 6-max Seat #4 is the button
Seat 3: Necromadx ($232.35 in chips)
Seat 4: K. Ichinose ($126.62 in chips)
K. Ichinose: posts small blind $1
Necromadx: posts big blind $3
*** HOLE CARDS ***
K. Ichinose: raises $3 to $6
Necromadx: calls $3
*** FLOP *** [Js 4c 8c]
Necromadx: checks
K. Ichinose: bets $3
Necromadx: raises $3 to $6
K. Ichinose: calls $3
*** TURN *** [Js 4c 8c] [6d]
Necromadx: bets $6
K. Ichinose: calls $6
*** RIVER *** [Js 4c 8c 6d] [4h]
Necromadx: bets $6
K. Ichinose: calls $6
*** SHOW DOWN ***
Necromadx: shows [5d 8d] (two pair, Eights and Fours)
K. Ichinose: mucks hand
Necromadx collected $47.50 from pot
*** SUMMARY ***
Total pot $48 | Rake $0.50
Board [Js 4c 8c 6d 4h]
Seat 3: Necromadx (big blind) showed [5d 8d] and won ($47.50) with two pair, Eights and Fours
Seat 4: K. Ichinose (button) (small blind) mucked


PokerStars Hand #157331817538:  Hold'em Limit ($3/$6 USD) - 2016/08/15 22:05:59 ET
Table 'Midas' 6-max Seat #3 is the button
Seat 3: Necromadx ($255.85 in chips)
Seat 4: K. Ichinose ($102.62 in chips)
Necromadx: posts small blind $1
K. Ichinose: posts big blind $3
*** HOLE CARDS ***
Necromadx: raises $3 to $6
K. Ichinose: raises $3 to $9
Necromadx: calls $3
*** FLOP *** [Jc Ts 2c]
K. Ichinose: checks
Necromadx: checks
*** TURN *** [Jc Ts 2c] [6h]
K. Ichinose: checks
Necromadx: bets $6
K. Ichinose: calls $6
*** RIVER *** [Jc Ts 2c 6h] [Qc]
K. Ichinose: checks
Necromadx: checks
*** SHOW DOWN ***
K. Ichinose: shows [3s Ah] (high card Ace)
Necromadx: shows [6s 7c] (a pair of Sixes)
Necromadx collected $29.50 from pot
*** SUMMARY ***
Total pot $30 | Rake $0.50
Board [Jc Ts 2c 6h Qc]
Seat 3: Necromadx (button) (small blind) showed [6s 7c] and won ($29.50) with a pair of Sixes
Seat 4: K. Ichinose (big blind) showed [3s Ah] and lost with high card Ace


PokerStars Hand #157331801740:  Hold'em Limit ($3/$6 USD) - 2016/08/15 22:05:13 ET
Table 'Midas' 6-max Seat #3 is the button
Seat 3: Necromadx ($220.83 in chips)
Seat 4: K. Ichinose ($138.62 in chips)
Necromadx: posts small blind $1
K. Ichinose: posts big blind $3
*** HOLE CARDS ***
Necromadx: raises $3 to $6
K. Ichinose: calls $3
*** FLOP *** [4h 9c 3d]
K. Ichinose: checks
Necromadx: checks
*** TURN *** [4h 9c 3d] [2s]
K. Ichinose: checks
Necromadx: checks
*** RIVER *** [4h 9c 3d 2s] [4c]
K. Ichinose: bets $6
Necromadx: calls $6
*** SHOW DOWN ***
K. Ichinose: shows [5d Td] (a pair of Fours)
Necromadx: shows [Qd Ts] (a pair of Fours - Queen kicker)
Necromadx collected $23.52 from pot
*** SUMMARY ***
Total pot $24 | Rake $0.48
Board [4h 9c 3d 2s 4c]
Seat 3: Necromadx (button) (small blind) showed [Qd Ts] and won ($23.52) with a pair of Fours
Seat 4: K. Ichinose (big blind) showed [5d Td] and lost with a pair of Fours


PokerStars Hand #157331837194:  Hold'em Limit ($3/$6 USD) - 2016/08/15 22:06:56 ET
Table 'Midas' 6-max Seat #3 is the button
Seat 3: Necromadx ($257.87 in chips)
Seat 4: K. Ichinose ($98.76 in chips)
Necromadx: posts small blind $1
K. Ichinose: posts big blind $3
*** HOLE CARDS ***
Necromadx: raises $3 to $6
K. Ichinose: folds
Uncalled bet ($3) returned to Necromadx
Necromadx collected $6 from pot
Necromadx: doesn't show hand
*** SUMMARY ***
Total pot $6 | Rake $0
Seat 3: Necromadx (button) (small blind) collected ($6)
Seat 4: K. Ichinose (big blind) folded before Flop


PokerStars Hand #157331831807:  Hold'em Limit ($3/$6 USD) - 2016/08/15 22:06:40 ET
Table 'Midas' 6-max Seat #4 is the button
Seat 3: Necromadx ($246.35 in chips)
Seat 4: K. Ichinose ($110.76 in chips)
K. Ichinose: posts small blind $1
Necromadx: posts big blind $3
*** HOLE CARDS ***
K. Ichinose: raises $3 to $6
Necromadx: raises $3 to $9
K. Ichinose: calls $3
*** FLOP *** [3s 5d 3h]
Necromadx: bets $3
K. Ichinose: calls $3
*** TURN *** [3s 5d 3h] [Ks]
Necromadx: bets $6
K. Ichinose: folds
Uncalled bet ($6) returned to Necromadx
Necromadx collected $23.52 from pot
Necromadx: doesn't show hand
*** SUMMARY ***
Total pot $24 | Rake $0.48
Board [3s 5d 3h Ks]
Seat 3: Necromadx (big blind) collected ($23.52)
Seat 4: K. Ichinose (button) (small blind) folded on the Turn


PokerStars Hand #157331838954:  Hold'em Limit ($3/$6 USD) - 2016/08/15 22:07:02 ET
Table 'Midas' 6-max Seat #4 is the button
Seat 3: Necromadx ($260.87 in chips)
Seat 4: K. Ichinose ($95.76 in chips)
K. Ichinose: posts small blind $1
Necromadx: posts big blind $3
*** HOLE CARDS ***
K. Ichinose: raises $3 to $6
Necromadx: calls $3
*** FLOP *** [5h 6h 5d]
Necromadx: checks
K. Ichinose: bets $3
Necromadx: folds
Uncalled bet ($3) returned to K. Ichinose
K. Ichinose collected $11.76 from pot
K. Ichinose: doesn't show hand
*** SUMMARY ***
Total pot $12 | Rake $0.24
Board [5h 6h 5d]
Seat 3: Necromadx (big blind) folded on the Flop
Seat 4: K. Ichinose (button) (small blind) collected ($11.76)


PokerStars Hand #157331827910:  Hold'em Limit ($3/$6 USD) - 2016/08/15 22:06:29 ET
Table 'Midas' 6-max Seat #3 is the button
Seat 3: Necromadx ($255.35 in chips)
Seat 4: K. Ichinose ($102.12 in chips)
Necromadx: posts small blind $1
K. Ichinose: posts big blind $3
*** HOLE CARDS ***
Necromadx: raises $3 to $6
K. Ichinose: calls $3
*** FLOP *** [Kc 9h 2c]
K. Ichinose: checks
Necromadx: bets $3
K. Ichinose: raises $3 to $6
Necromadx: folds
Uncalled bet ($3) returned to K. Ichinose
K. Ichinose collected $17.64 from pot
K. Ichinose: doesn't show hand
*** SUMMARY ***
Total pot $18 | Rake $0.36
Board [Kc 9h 2c]
Seat 3: Necromadx (button) (small blind) folded on the Flop
Seat 4: K. Ichinose (big blind) collected ($17.64)


PokerStars Hand #157331849388:  Hold'em Limit ($3/$6 USD) - 2016/08/15 22:07:32 ET
Table 'Midas' 6-max Seat #3 is the button
Seat 3: Necromadx ($246.87 in chips)
Seat 4: K. Ichinose ($109.16 in chips)
Necromadx: posts small blind $1
K. Ichinose: posts big blind $3
*** HOLE CARDS ***
Necromadx: raises $3 to $6
K. Ichinose: calls $3
*** FLOP *** [3s 6h 5s]
K. Ichinose: checks
Necromadx: bets $3
K. Ichinose: raises $3 to $6
Necromadx: calls $3
*** TURN *** [3s 6h 5s] [Qc]
K. Ichinose: bets $6
Necromadx: calls $6
*** RIVER *** [3s 6h 5s Qc] [Kc]
K. Ichinose: checks
Necromadx: bets $6
K. Ichinose: folds
Uncalled bet ($6) returned to Necromadx
Necromadx collected $35.50 from pot
Necromadx: doesn't show hand
*** SUMMARY ***
Total pot $36 | Rake $0.50
Board [3s 6h 5s Qc Kc]
Seat 3: Necromadx (button) (small blind) collected ($35.50)
Seat 4: K. Ichinose (big blind) folded on the River


PokerStars Hand #157331857959:  Hold'em Limit ($3/$6 USD) - 2016/08/15 22:07:57 ET
Table 'Midas' 6-max Seat #4 is the button
Seat 3: Necromadx ($264.37 in chips)
Seat 4: K. Ichinose ($91.16 in chips)
K. Ichinose: posts small blind $1
Necromadx: posts big blind $3
*** HOLE CARDS ***
K. Ichinose: raises $3 to $6
Necromadx: calls $3
*** FLOP *** [Tc Qh 4s]
Necromadx: checks
K. Ichinose: bets $3
Necromadx: calls $3
*** TURN *** [Tc Qh 4s] [6c]
Necromadx: checks
K. Ichinose: bets $6
Necromadx: calls $6
*** RIVER *** [Tc Qh 4s 6c] [Td]
Necromadx: checks
K. Ichinose: checks
*** SHOW DOWN ***
Necromadx: shows [4c 8h] (two pair, Tens and Fours)
K. Ichinose: mucks hand
Necromadx collected $29.50 from pot
*** SUMMARY ***
Total pot $30 | Rake $0.50
Board [Tc Qh 4s 6c Td]
Seat 3: Necromadx (big blind) showed [4c 8h] and won ($29.50) with two pair, Tens and Fours
Seat 4: K. Ichinose (button) (small blind) mucked


PokerStars Hand #157331847908:  Hold'em Limit ($3/$6 USD) - 2016/08/15 22:07:28 ET
Table 'Midas' 6-max Seat #4 is the button
Seat 3: Necromadx ($245.87 in chips)
Seat 4: K. Ichinose ($110.16 in chips)
K. Ichinose: posts small blind $1
Necromadx: posts big blind $3
*** HOLE CARDS ***
K. Ichinose: folds
Uncalled bet ($2) returned to Necromadx
Necromadx collected $2 from pot
Necromadx: doesn't show hand
*** SUMMARY ***
Total pot $2 | Rake $0
Seat 3: Necromadx (big blind) collected ($2)
Seat 4: K. Ichinose (button) (small blind) folded before Flop


PokerStars Hand #157331842883:  Hold'em Limit ($3/$6 USD) - 2016/08/15 22:07:13 ET
Table 'Midas' 6-max Seat #3 is the button
Seat 3: Necromadx ($254.87 in chips)
Seat 4: K. Ichinose ($101.52 in chips)
Necromadx: posts small blind $1
K. Ichinose: posts big blind $3
*** HOLE CARDS ***
Necromadx: raises $3 to $6
K. Ichinose: raises $3 to $9
Necromadx: calls $3
*** FLOP *** [2d Ad 4s]
K. Ichinose: checks
Necromadx: checks
*** TURN *** [2d Ad 4s] [9h]
K. Ichinose: bets $6
Necromadx: folds
Uncalled bet ($6) returned to K. Ichinose
K. Ichinose collected $17.64 from pot
K. Ichinose: doesn't show hand
*** SUMMARY ***
Total pot $18 | Rake $0.36
Board [2d Ad 4s 9h]
Seat 3: Necromadx (button) (small blind) folded on the Turn
Seat 4: K. Ichinose (big blind) collected ($17.64)


PokerStars Hand #157331868285:  Hold'em Limit ($3/$6 USD) - 2016/08/15 22:08:27 ET
Table 'Midas' 6-max Seat #4 is the button
Seat 3: Necromadx ($281.87 in chips)
Seat 4: K. Ichinose ($73.16 in chips)
K. Ichinose: posts small blind $1
Necromadx: posts big blind $3
*** HOLE CARDS ***
K. Ichinose: raises $3 to $6
Necromadx: calls $3
*** FLOP *** [8h 7d 7s]
Necromadx: checks
K. Ichinose: bets $3
Necromadx: raises $3 to $6
K. Ichinose: calls $3
*** TURN *** [8h 7d 7s] [Ts]
Necromadx: bets $6
K. Ichinose: calls $6
*** RIVER *** [8h 7d 7s Ts] [Qd]
Necromadx: bets $6
K. Ichinose: folds
Uncalled bet ($6) returned to Necromadx
Necromadx collected $35.50 from pot
Necromadx: doesn't show hand
*** SUMMARY ***
Total pot $36 | Rake $0.50
Board [8h 7d 7s Ts Qd]
Seat 3: Necromadx (big blind) collected ($35.50)
Seat 4: K. Ichinose (button) (small blind) folded on the River


PokerStars Hand #157331865233:  Hold'em Limit ($3/$6 USD) - 2016/08/15 22:08:18 ET
Table 'Midas' 6-max Seat #3 is the button
Seat 3: Necromadx ($278.87 in chips)
Seat 4: K. Ichinose ($76.16 in chips)
Necromadx: posts small blind $1
K. Ichinose: posts big blind $3
*** HOLE CARDS ***
Necromadx: raises $3 to $6
K. Ichinose: folds
Uncalled bet ($3) returned to Necromadx
Necromadx collected $6 from pot
Necromadx: doesn't show hand
*** SUMMARY ***
Total pot $6 | Rake $0
Seat 3: Necromadx (button) (small blind) collected ($6)
Seat 4: K. Ichinose (big blind) folded before Flop


PokerStars Hand #157331882363:  Hold'em Limit ($3/$6 USD) - 2016/08/15 22:09:09 ET
Table 'Midas' 6-max Seat #3 is the button
Seat 3: Necromadx ($299.37 in chips)
Seat 4: K. Ichinose ($55.16 in chips)
Necromadx: posts small blind $1
K. Ichinose: posts big blind $3
*** HOLE CARDS ***
Necromadx: raises $3 to $6
K. Ichinose: raises $3 to $9
Necromadx: calls $3
*** FLOP *** [5c 3d 3h]
K. Ichinose: bets $3
Necromadx: calls $3
*** TURN *** [5c 3d 3h] [7s]
K. Ichinose: bets $6
Necromadx: calls $6
*** RIVER *** [5c 3d 3h 7s] [6h]
K. Ichinose: bets $6
Necromadx: calls $6
*** SHOW DOWN ***
K. Ichinose: shows [7d 9c] (two pair, Sevens and Threes)
Necromadx: mucks hand
K. Ichinose collected $47.50 from pot
*** SUMMARY ***
Total pot $48 | Rake $0.50
Board [5c 3d 3h 7s 6h]
Seat 3: Necromadx (button) (small blind) mucked
Seat 4: K. Ichinose (big blind) showed [7d 9c] and won ($47.50) with two pair, Sevens and Threes


PokerStars Hand #157331906684:  Hold'em Limit ($3/$6 USD) - 2016/08/15 22:10:23 ET
Table 'Midas' 6-max Seat #3 is the button
Seat 3: Necromadx ($263.37 in chips)
Seat 4: K. Ichinose ($90.18 in chips)
Necromadx: posts small blind $1
K. Ichinose: posts big blind $3
*** HOLE CARDS ***
Necromadx: folds
Uncalled bet ($2) returned to K. Ichinose
K. Ichinose collected $2 from pot
K. Ichinose: doesn't show hand
*** SUMMARY ***
Total pot $2 | Rake $0
Seat 3: Necromadx (button) (small blind) folded before Flop
Seat 4: K. Ichinose (big blind) collected ($2)


PokerStars Hand #157331914023:  Hold'em Limit ($3/$6 USD) - 2016/08/15 22:10:45 ET
Table 'Midas' 6-max Seat #3 is the button
Seat 3: Necromadx ($271.01 in chips)
Seat 4: K. Ichinose ($82.18 in chips)
Necromadx: posts small blind $1
K. Ichinose: posts big blind $3
*** HOLE CARDS ***
Necromadx: raises $3 to $6
K. Ichinose: folds
Uncalled bet ($3) returned to Necromadx
Necromadx collected $6 from pot
Necromadx: doesn't show hand
*** SUMMARY ***
Total pot $6 | Rake $0
Seat 3: Necromadx (button) (small blind) collected ($6)
Seat 4: K. Ichinose (big blind) folded before Flop


PokerStars Hand #157331908056:  Hold'em Limit ($3/$6 USD) - 2016/08/15 22:10:27 ET
Table 'Midas' 6-max Seat #4 is the button
Seat 3: Necromadx ($262.37 in chips)
Seat 4: K. Ichinose ($91.18 in chips)
K. Ichinose: posts small blind $1
Necromadx: posts big blind $3
*** HOLE CARDS ***
K. Ichinose: raises $3 to $6
Necromadx: raises $3 to $9
K. Ichinose: calls $3
*** FLOP *** [7s 3h 2h]
Necromadx: bets $3
K. Ichinose: folds
Uncalled bet ($3) returned to Necromadx
Necromadx collected $17.64 from pot
Necromadx: doesn't show hand
*** SUMMARY ***
Total pot $18 | Rake $0.36
Board [7s 3h 2h]
Seat 3: Necromadx (big blind) collected ($17.64)
Seat 4: K. Ichinose (button) (small blind) folded on the Flop


PokerStars Hand #157331897297:  Hold'em Limit ($3/$6 USD) - 2016/08/15 22:09:55 ET
Table 'Midas' 6-max Seat #4 is the button
Seat 3: Necromadx ($275.37 in chips)
Seat 4: K. Ichinose ($78.66 in chips)
K. Ichinose: posts small blind $1
Necromadx: posts big blind $3
*** HOLE CARDS ***
K. Ichinose: raises $3 to $6
Necromadx: calls $3
*** FLOP *** [5s Th 7s]
Necromadx: checks
K. Ichinose: checks
*** TURN *** [5s Th 7s] [8c]
Necromadx: checks
K. Ichinose: bets $6
Necromadx: calls $6
*** RIVER *** [5s Th 7s 8c] [Js]
Necromadx: checks
K. Ichinose: bets $6
Necromadx: folds
Uncalled bet ($6) returned to K. Ichinose
K. Ichinose collected $23.52 from pot
K. Ichinose: doesn't show hand
*** SUMMARY ***
Total pot $24 | Rake $0.48
Board [5s Th 7s 8c Js]
Seat 3: Necromadx (big blind) folded on the River
Seat 4: K. Ichinose (button) (small blind) collected ($23.52)


PokerStars Hand #157331927194:  Hold'em Limit ($3/$6 USD) - 2016/08/15 22:11:24 ET
Table 'Midas' 6-max Seat #3 is the button
Seat 3: Necromadx ($303.51 in chips)
Seat 4: K. Ichinose ($49.18 in chips)
Necromadx: posts small blind $1
K. Ichinose: posts big blind $3
*** HOLE CARDS ***
Necromadx: raises $3 to $6
K. Ichinose: folds
Uncalled bet ($3) returned to Necromadx
Necromadx collected $6 from pot
Necromadx: doesn't show hand
*** SUMMARY ***
Total pot $6 | Rake $0
Seat 3: Necromadx (button) (small blind) collected ($6)
Seat 4: K. Ichinose (big blind) folded before Flop


PokerStars Hand #157331915960:  Hold'em Limit ($3/$6 USD) - 2016/08/15 22:10:51 ET
Table 'Midas' 6-max Seat #4 is the button
Seat 3: Necromadx ($274.01 in chips)
Seat 4: K. Ichinose ($79.18 in chips)
K. Ichinose: posts small blind $1
Necromadx: posts big blind $3
*** HOLE CARDS ***
K. Ichinose: raises $3 to $6
Necromadx: raises $3 to $9
K. Ichinose: raises $3 to $12
Betting is capped
Necromadx: calls $3
*** FLOP *** [Ad Qc 7c]
Necromadx: checks
K. Ichinose: checks
*** TURN *** [Ad Qc 7c] [4s]
Necromadx: checks
K. Ichinose: bets $6
Necromadx: raises $6 to $12
K. Ichinose: calls $6
*** RIVER *** [Ad Qc 7c 4s] [2s]
Necromadx: bets $6
K. Ichinose: calls $6
*** SHOW DOWN ***
Necromadx: shows [4c 4h] (three of a kind, Fours)
K. Ichinose: mucks hand
Necromadx collected $59.50 from pot
*** SUMMARY ***
Total pot $60 | Rake $0.50
Board [Ad Qc 7c 4s 2s]
Seat 3: Necromadx (big blind) showed [4c 4h] and won ($59.50) with three of a kind, Fours
Seat 4: K. Ichinose (button) (small blind) mucked


PokerStars Hand #157331928820:  Hold'em Limit ($3/$6 USD) - 2016/08/15 22:11:29 ET
Table 'Midas' 6-max Seat #4 is the button
Seat 3: Necromadx ($306.51 in chips)
Seat 4: K. Ichinose ($46.18 in chips)
K. Ichinose: posts small blind $1
Necromadx: posts big blind $3
*** HOLE CARDS ***
K. Ichinose: folds
Uncalled bet ($2) returned to Necromadx
Necromadx collected $2 from pot
Necromadx: doesn't show hand
*** SUMMARY ***
Total pot $2 | Rake $0
Seat 3: Necromadx (big blind) collected ($2)
Seat 4: K. Ichinose (button) (small blind) folded before Flop


PokerStars Hand #157331933342:  Hold'em Limit ($3/$6 USD) - 2016/08/15 22:11:43 ET
Table 'Midas' 6-max Seat #3 is the button
Seat 3: Necromadx ($307.51 in chips)
Seat 4: K. Ichinose ($45.18 in chips)
Necromadx: posts small blind $1
K. Ichinose: posts big blind $3
*** HOLE CARDS ***
Necromadx: raises $3 to $6
K. Ichinose: raises $3 to $9
Necromadx: calls $3
*** FLOP *** [Ts 5d 2s]
K. Ichinose: bets $3
Necromadx: calls $3
*** TURN *** [Ts 5d 2s] [4c]
K. Ichinose: bets $6
Necromadx: calls $6
*** RIVER *** [Ts 5d 2s 4c] [3d]
K. Ichinose: bets $6
Necromadx: calls $6
*** SHOW DOWN ***
K. Ichinose: shows [7s 8s] (high card Ten)
Necromadx: shows [7h Ah] (a straight, Ace to Five)
Necromadx collected $47.50 from pot
*** SUMMARY ***
Total pot $48 | Rake $0.50
Board [Ts 5d 2s 4c 3d]
Seat 3: Necromadx (button) (small blind) showed [7h Ah] and won ($47.50) with a straight, Ace to Five
Seat 4: K. Ichinose (big blind) showed [7s 8s] and lost with high card Ten


PokerStars Hand #157331941254:  Hold'em Limit ($3/$6 USD) - 2016/08/15 22:12:07 ET
Table 'Midas' 6-max Seat #4 is the button
Seat 3: Necromadx ($331.01 in chips)
Seat 4: K. Ichinose ($21.18 in chips)
K. Ichinose: posts small blind $1
Necromadx: posts big blind $3
*** HOLE CARDS ***
K. Ichinose: raises $3 to $6
Necromadx: calls $3
*** FLOP *** [4h 2d 7d]
Necromadx: checks
K. Ichinose: bets $3
Necromadx: raises $3 to $6
K. Ichinose: calls $3
*** TURN *** [4h 2d 7d] [Ts]
Necromadx: bets $6
K. Ichinose: calls $6
*** RIVER *** [4h 2d 7d Ts] [Td]
Necromadx: bets $6
K. Ichinose: calls $3.18 and is all-in
Uncalled bet ($2.82) returned to Necromadx
*** SHOW DOWN ***
Necromadx: shows [8s 4d] (two pair, Tens and Fours)
K. Ichinose: shows [Ks 8h] (a pair of Tens)
Necromadx collected $41.86 from pot
*** SUMMARY ***
Total pot $42.36 | Rake $0.50
Board [4h 2d 7d Ts Td]
Seat 3: Necromadx (big blind) showed [8s 4d] and won ($41.86) with two pair, Tens and Fours
Seat 4: K. Ichinose (button) (small blind) showed [Ks 8h] and lost with a pair of Tens


