PokerStars Hand #163882579141:  Hold'em Limit ($3/$6 USD) - 2017/01/01 17:03:07 ET
Table 'Mieke' 6-max Seat #5 is the button
Seat 3: winiels ($119 in chips)
Seat 5: dragon1893 ($151 in chips)
dragon1893: posts small blind $1
winiels: posts big blind $3
*** HOLE CARDS ***
dragon1893: raises $3 to $6
winiels: folds
Uncalled bet ($3) returned to dragon1893
dragon1893 collected $6 from pot
dragon1893: doesn't show hand
*** SUMMARY ***
Total pot $6 | Rake $0
Seat 3: winiels (big blind) folded before Flop
Seat 5: dragon1893 (button) (small blind) collected ($6)


PokerStars Hand #163882574955:  Hold'em Limit ($3/$6 USD) - 2017/01/01 17:03:02 ET
Table 'Mieke' 6-max Seat #3 is the button
Seat 3: winiels ($120 in chips)
Seat 5: dragon1893 ($150 in chips)
winiels: posts small blind $1
dragon1893: posts big blind $3
*** HOLE CARDS ***
winiels: folds
Uncalled bet ($2) returned to dragon1893
dragon1893 collected $2 from pot
dragon1893: doesn't show hand
*** SUMMARY ***
Total pot $2 | Rake $0
Seat 3: winiels (button) (small blind) folded before Flop
Seat 5: dragon1893 (big blind) collected ($2)


PokerStars Hand #163882569909:  Hold'em Limit ($3/$6 USD) - 2017/01/01 17:02:57 ET
Table 'Mieke' 6-max Seat #5 is the button
Seat 3: winiels ($119 in chips)
Seat 5: dragon1893 ($151 in chips)
dragon1893: posts small blind $1
winiels: posts big blind $3
*** HOLE CARDS ***
dragon1893: folds
Uncalled bet ($2) returned to winiels
winiels collected $2 from pot
*** SUMMARY ***
Total pot $2 | Rake $0
Seat 3: winiels (big blind) collected ($2)
Seat 5: dragon1893 (button) (small blind) folded before Flop


PokerStars Hand #163882615490:  Hold'em Limit ($3/$6 USD) - 2017/01/01 17:03:45 ET
Table 'Mieke' 6-max Seat #3 is the button
Seat 3: winiels ($83 in chips)
Seat 5: dragon1893 ($186 in chips)
winiels: posts small blind $1
dragon1893: posts big blind $3
*** HOLE CARDS ***
winiels: raises $3 to $6
dragon1893: calls $3
*** FLOP *** [2c 5s Th]
dragon1893: checks
winiels: bets $3
dragon1893: raises $3 to $6
winiels: calls $3
*** TURN *** [2c 5s Th] [Qc]
dragon1893: bets $6
winiels: raises $6 to $12
dragon1893: raises $6 to $18
winiels: calls $6
*** RIVER *** [2c 5s Th Qc] [Ac]
dragon1893: bets $6
winiels: raises $6 to $12
dragon1893: calls $6
*** SHOW DOWN ***
winiels: shows [3c 4c] (a flush, Ace high)
dragon1893: mucks hand
winiels collected $83.50 from pot
*** SUMMARY ***
Total pot $84 | Rake $0.50
Board [2c 5s Th Qc Ac]
Seat 3: winiels (button) (small blind) showed [3c 4c] and won ($83.50) with a flush, Ace high
Seat 5: dragon1893 (big blind) mucked


PokerStars Hand #163882602297:  Hold'em Limit ($3/$6 USD) - 2017/01/01 17:03:31 ET
Table 'Mieke' 6-max Seat #5 is the button
Seat 3: winiels ($98 in chips)
Seat 5: dragon1893 ($171.50 in chips)
dragon1893: posts small blind $1
winiels: posts big blind $3
*** HOLE CARDS ***
dragon1893: raises $3 to $6
Zovanna joins the table at seat #2
winiels: calls $3
*** FLOP *** [Kd Td Jh]
winiels: checks
dragon1893: bets $3
winiels: calls $3
*** TURN *** [Kd Td Jh] [Qd]
winiels: checks
dragon1893: checks
*** RIVER *** [Kd Td Jh Qd] [8s]
winiels: bets $6
dragon1893: calls $6
*** SHOW DOWN ***
winiels: shows [5c Ks] (a pair of Kings)
dragon1893: shows [7c 9c] (a straight, Nine to King)
dragon1893 collected $29.50 from pot
*** SUMMARY ***
Total pot $30 | Rake $0.50
Board [Kd Td Jh Qd 8s]
Seat 3: winiels (big blind) showed [5c Ks] and lost with a pair of Kings
Seat 5: dragon1893 (button) (small blind) showed [7c 9c] and won ($29.50) with a straight, Nine to King


PokerStars Hand #163882584969:  Hold'em Limit ($3/$6 USD) - 2017/01/01 17:03:13 ET
Table 'Mieke' 6-max Seat #3 is the button
Seat 3: winiels ($116 in chips)
Seat 5: dragon1893 ($154 in chips)
winiels: posts small blind $1
dragon1893: posts big blind $3
*** HOLE CARDS ***
winiels: raises $3 to $6
dragon1893: calls $3
*** FLOP *** [3c 5d Jh]
dragon1893: checks
winiels: checks
*** TURN *** [3c 5d Jh] [4s]
dragon1893: bets $6
winiels: calls $6
*** RIVER *** [3c 5d Jh 4s] [9d]
dragon1893: bets $6
winiels: calls $6
*** SHOW DOWN ***
dragon1893: shows [9s 4h] (two pair, Nines and Fours)
winiels: mucks hand
dragon1893 collected $35.50 from pot
*** SUMMARY ***
Total pot $36 | Rake $0.50
Board [3c 5d Jh 4s 9d]
Seat 3: winiels (button) (small blind) mucked
Seat 5: dragon1893 (big blind) showed [9s 4h] and won ($35.50) with two pair, Nines and Fours


PokerStars Hand #163883352236:  Hold'em Limit ($3/$6 USD) - 2017/01/01 17:16:53 ET
Table 'Mieke' 6-max Seat #6 is the button
Seat 2: Zovanna ($197.60 in chips)
Seat 6: C101shark ($153.45 in chips)
C101shark: posts small blind $1
Zovanna: posts big blind $3
*** HOLE CARDS ***
C101shark: folds
Uncalled bet ($2) returned to Zovanna
Zubasa07 leaves the table
Zovanna collected $2 from pot
*** SUMMARY ***
Total pot $2 | Rake $0
Seat 2: Zovanna (big blind) collected ($2)
Seat 6: C101shark (button) (small blind) folded before Flop


PokerStars Hand #163883339967:  Hold'em Limit ($3/$6 USD) - 2017/01/01 17:16:41 ET
Table 'Mieke' 6-max Seat #2 is the button
Seat 2: Zovanna ($203.60 in chips)
Seat 6: C101shark ($147.69 in chips)
Zovanna: posts small blind $1
Zubasa07: is sitting out
C101shark: posts big blind $3
*** HOLE CARDS ***
Zovanna: calls $2
C101shark: raises $3 to $6
Zovanna: calls $3
*** FLOP *** [Ah Js 2s]
C101shark: bets $3
Zovanna: folds
Uncalled bet ($3) returned to C101shark
C101shark collected $11.76 from pot
C101shark: doesn't show hand
*** SUMMARY ***
Total pot $12 | Rake $0.24
Board [Ah Js 2s]
Seat 2: Zovanna (button) (small blind) folded on the Flop
Seat 6: C101shark (big blind) collected ($11.76)


PokerStars Hand #163883357280:  Hold'em Limit ($3/$6 USD) - 2017/01/01 17:16:57 ET
Table 'Mieke' 6-max Seat #2 is the button
Seat 2: Zovanna ($198.60 in chips)
Seat 6: C101shark ($152.45 in chips)
Zovanna: posts small blind $1
C101shark: posts big blind $3
*** HOLE CARDS ***
Zovanna: raises $3 to $6
C101shark: calls $3
*** FLOP *** [Th Jh 3c]
C101shark: checks
Zovanna: bets $3
C101shark: calls $3
*** TURN *** [Th Jh 3c] [Qd]
C101shark: checks
Zovanna: bets $6
C101shark: folds
Uncalled bet ($6) returned to Zovanna
Zovanna collected $17.64 from pot
*** SUMMARY ***
Total pot $18 | Rake $0.36
Board [Th Jh 3c Qd]
Seat 2: Zovanna (button) (small blind) collected ($17.64)
Seat 6: C101shark (big blind) folded on the Turn


PokerStars Hand #163883372503:  Hold'em Limit ($3/$6 USD) - 2017/01/01 17:17:11 ET
Table 'Mieke' 6-max Seat #6 is the button
Seat 2: Zovanna ($207.24 in chips)
Seat 6: C101shark ($143.45 in chips)
C101shark: posts small blind $1
Zovanna: posts big blind $3
*** HOLE CARDS ***
C101shark: raises $3 to $6
Zovanna: calls $3
*** FLOP *** [Qs 2c 4c]
Zovanna: bets $3
C101shark: raises $3 to $6
Zovanna: calls $3
*** TURN *** [Qs 2c 4c] [2d]
Zovanna: checks
C101shark: bets $6
Zovanna: calls $6
*** RIVER *** [Qs 2c 4c 2d] [7h]
Zovanna: checks
C101shark: checks
*** SHOW DOWN ***
Zovanna: shows [Kc 6c] (a pair of Deuces)
C101shark: shows [Ac 5c] (a pair of Deuces - Ace kicker)
C101shark collected $35.50 from pot
*** SUMMARY ***
Total pot $36 | Rake $0.50
Board [Qs 2c 4c 2d 7h]
Seat 2: Zovanna (big blind) showed [Kc 6c] and lost with a pair of Deuces
Seat 6: C101shark (button) (small blind) showed [Ac 5c] and won ($35.50) with a pair of Deuces


PokerStars Hand #163883394804:  Hold'em Limit ($3/$6 USD) - 2017/01/01 17:17:31 ET
Table 'Mieke' 6-max Seat #2 is the button
Seat 2: Zovanna ($189.24 in chips)
Seat 6: C101shark ($160.95 in chips)
Zovanna: posts small blind $1
C101shark: posts big blind $3
*** HOLE CARDS ***
Zovanna: folds
Uncalled bet ($2) returned to C101shark
C101shark collected $2 from pot
C101shark: doesn't show hand
*** SUMMARY ***
Total pot $2 | Rake $0
Seat 2: Zovanna (button) (small blind) folded before Flop
Seat 6: C101shark (big blind) collected ($2)


PokerStars Hand #163883400475:  Hold'em Limit ($3/$6 USD) - 2017/01/01 17:17:36 ET
Table 'Mieke' 6-max Seat #6 is the button
Seat 2: Zovanna ($188.24 in chips)
Seat 6: C101shark ($161.95 in chips)
C101shark: posts small blind $1
Zovanna: posts big blind $3
*** HOLE CARDS ***
C101shark: raises $3 to $6
Zovanna: calls $3
*** FLOP *** [Jh 5c 7h]
Zovanna: checks
C101shark: bets $3
Zovanna: raises $3 to $6
C101shark: raises $3 to $9
Zovanna: calls $3
*** TURN *** [Jh 5c 7h] [8h]
Zovanna: checks
C101shark: bets $6
Zovanna: calls $6
*** RIVER *** [Jh 5c 7h 8h] [9h]
Zovanna: checks
C101shark: checks
*** SHOW DOWN ***
Zovanna: shows [Td Kd] (a straight, Seven to Jack)
C101shark: mucks hand
Zovanna collected $41.50 from pot
*** SUMMARY ***
Total pot $42 | Rake $0.50
Board [Jh 5c 7h 8h 9h]
Seat 2: Zovanna (big blind) showed [Td Kd] and won ($41.50) with a straight, Seven to Jack
Seat 6: C101shark (button) (small blind) mucked


PokerStars Hand #163883425188:  Hold'em Limit ($3/$6 USD) - 2017/01/01 17:17:58 ET
Table 'Mieke' 6-max Seat #2 is the button
Seat 2: Zovanna ($208.74 in chips)
Seat 6: C101shark ($140.95 in chips)
Zovanna: posts small blind $1
C101shark: posts big blind $3
*** HOLE CARDS ***
Zovanna: raises $3 to $6
C101shark: raises $3 to $9
Zovanna: calls $3
*** FLOP *** [7h 5h 2d]
C101shark: bets $3
Zovanna: calls $3
*** TURN *** [7h 5h 2d] [9d]
C101shark: bets $6
Zovanna: calls $6
*** RIVER *** [7h 5h 2d 9d] [Qs]
C101shark: bets $6
Zovanna: folds
Uncalled bet ($6) returned to C101shark
C101shark collected $35.50 from pot
C101shark: doesn't show hand
*** SUMMARY ***
Total pot $36 | Rake $0.50
Board [7h 5h 2d 9d Qs]
Seat 2: Zovanna (button) (small blind) folded on the River
Seat 6: C101shark (big blind) collected ($35.50)


PokerStars Hand #163883444747:  Hold'em Limit ($3/$6 USD) - 2017/01/01 17:18:16 ET
Table 'Mieke' 6-max Seat #6 is the button
Seat 2: Zovanna ($190.74 in chips)
Seat 6: C101shark ($158.45 in chips)
C101shark: posts small blind $1
Zovanna: posts big blind $3
*** HOLE CARDS ***
C101shark: raises $3 to $6
Zovanna: calls $3
*** FLOP *** [9h 2h Ts]
Zovanna: checks
C101shark: checks
*** TURN *** [9h 2h Ts] [4c]
kahnu joins the table at seat #4
Zovanna: bets $6
C101shark: calls $6
*** RIVER *** [9h 2h Ts 4c] [Kd]
Zovanna: bets $6
C101shark: raises $6 to $12
Zovanna: raises $6 to $18
C101shark: raises $6 to $24
Betting is capped
Zovanna: calls $6
*** SHOW DOWN ***
C101shark: shows [Jd Qh] (a straight, Nine to King)
Zovanna: mucks hand
C101shark collected $71.50 from pot
*** SUMMARY ***
Total pot $72 | Rake $0.50
Board [9h 2h Ts 4c Kd]
Seat 2: Zovanna (big blind) mucked
Seat 6: C101shark (button) (small blind) showed [Jd Qh] and won ($71.50) with a straight, Nine to King


