PokerStars Hand #166676077075:  Hold'em Limit ($3/$6 USD) - 2017/02/23 19:01:01 ET
Table 'Mieke II' 6-max Seat #2 is the button
Seat 1: mogoallin ($151.82 in chips)
Seat 2: Pelurile ($207.37 in chips)
Pelurile: posts small blind $1
Actionni13: is sitting out
mogoallin: posts big blind $3
*** HOLE CARDS ***
Actionni13 leaves the table
Pelurile: raises $3 to $6
mogoallin: folds
Uncalled bet ($3) returned to Pelurile
Pelurile collected $6 from pot
Pelurile: doesn't show hand
nimzon joins the table at seat #6
*** SUMMARY ***
Total pot $6 | Rake $0
Seat 1: mogoallin (big blind) folded before Flop
Seat 2: Pelurile (button) (small blind) collected ($6)


PokerStars Hand #166676083030:  Hold'em Limit ($3/$6 USD) - 2017/02/23 19:01:11 ET
Table 'Mieke II' 6-max Seat #1 is the button
Seat 1: mogoallin ($148.82 in chips)
Seat 2: Pelurile ($210.37 in chips)
mogoallin: posts small blind $1
Pelurile: posts big blind $3
*** HOLE CARDS ***
mogoallin: raises $3 to $6
nimzon leaves the table
DirtyDouble2 joins the table at seat #5
Pelurile: calls $3
*** FLOP *** [8h Qh Ah]
Pelurile: checks
mogoallin: bets $3
Pelurile: raises $3 to $6
mogoallin: raises $3 to $9
Pelurile: raises $3 to $12
Betting is capped
mogoallin: calls $3
*** TURN *** [8h Qh Ah] [5s]
Rednaxela05 joins the table at seat #6
Pelurile: bets $6
mogoallin: raises $6 to $12
Pelurile: raises $6 to $18
mogoallin: calls $6
*** RIVER *** [8h Qh Ah 5s] [Js]
Pelurile: bets $6
mogoallin: calls $6
*** SHOW DOWN ***
Pelurile: shows [4h Kh] (a flush, Ace high)
mogoallin: mucks hand
Pelurile collected $83.50 from pot
*** SUMMARY ***
Total pot $84 | Rake $0.50
Board [8h Qh Ah 5s Js]
Seat 1: mogoallin (button) (small blind) mucked
Seat 2: Pelurile (big blind) showed [4h Kh] and won ($83.50) with a flush, Ace high


PokerStars Hand #166676741668:  Hold'em Limit ($3/$6 USD) - 2017/02/23 19:18:34 ET
Table 'Mieke II' 6-max Seat #5 is the button
Seat 3: GlamDragon ($301.63 in chips)
Seat 5: DirtyDouble2 ($11.84 in chips)
DirtyDouble2: posts small blind $1
Rednaxela05: is sitting out
GlamDragon: posts big blind $3
*** HOLE CARDS ***
DirtyDouble2: raises $3 to $6
GlamDragon: calls $3
*** FLOP *** [9d Ks 3s]
Rednaxela05 leaves the table
GlamDragon: checks
DirtyDouble2: bets $3
GlamDragon: folds
Uncalled bet ($3) returned to DirtyDouble2
DirtyDouble2 collected $11.76 from pot
*** SUMMARY ***
Total pot $12 | Rake $0.24
Board [9d Ks 3s]
Seat 3: GlamDragon (big blind) folded on the Flop
Seat 5: DirtyDouble2 (button) (small blind) collected ($11.76)


PokerStars Hand #166676754517:  Hold'em Limit ($3/$6 USD) - 2017/02/23 19:18:54 ET
Table 'Mieke II' 6-max Seat #5 is the button
Seat 3: GlamDragon ($294.63 in chips)
Seat 5: DirtyDouble2 ($18.60 in chips)
DirtyDouble2: posts small blind $1
GlamDragon: posts big blind $3
*** HOLE CARDS ***
DirtyDouble2: folds
Uncalled bet ($2) returned to GlamDragon
GlamDragon collected $2 from pot
GlamDragon: doesn't show hand
*** SUMMARY ***
Total pot $2 | Rake $0
Seat 3: GlamDragon (big blind) collected ($2)
Seat 5: DirtyDouble2 (button) (small blind) folded before Flop


PokerStars Hand #166676751662:  Hold'em Limit ($3/$6 USD) - 2017/02/23 19:18:50 ET
Table 'Mieke II' 6-max Seat #3 is the button
Seat 3: GlamDragon ($295.63 in chips)
Seat 5: DirtyDouble2 ($17.60 in chips)
GlamDragon: posts small blind $1
DirtyDouble2: posts big blind $3
*** HOLE CARDS ***
GlamDragon: folds
Uncalled bet ($2) returned to DirtyDouble2
DirtyDouble2 collected $2 from pot
*** SUMMARY ***
Total pot $2 | Rake $0
Seat 3: GlamDragon (button) (small blind) folded before Flop
Seat 5: DirtyDouble2 (big blind) collected ($2)


PokerStars Hand #166676757592:  Hold'em Limit ($3/$6 USD) - 2017/02/23 19:19:00 ET
Table 'Mieke II' 6-max Seat #3 is the button
Seat 3: GlamDragon ($295.63 in chips)
Seat 5: DirtyDouble2 ($17.60 in chips)
GlamDragon: posts small blind $1
DirtyDouble2: posts big blind $3
*** HOLE CARDS ***
GlamDragon: raises $3 to $6
DirtyDouble2: raises $3 to $9
GlamDragon: calls $3
*** FLOP *** [Jc 5c 8s]
DirtyDouble2: bets $3
GlamDragon: calls $3
*** TURN *** [Jc 5c 8s] [As]
DirtyDouble2: bets $5.60 and is all-in
GlamDragon: calls $5.60
*** RIVER *** [Jc 5c 8s As] [Js]
*** SHOW DOWN ***
DirtyDouble2: shows [4d Kc] (a pair of Jacks)
GlamDragon: shows [Ks 6s] (a flush, Ace high)
GlamDragon collected $34.70 from pot
*** SUMMARY ***
Total pot $35.20 | Rake $0.50
Board [Jc 5c 8s As Js]
Seat 3: GlamDragon (button) (small blind) showed [Ks 6s] and won ($34.70) with a flush, Ace high
Seat 5: DirtyDouble2 (big blind) showed [4d Kc] and lost with a pair of Jacks


