PokerStars Hand #156536420415:  Hold'em Limit ($3/$6 USD) - 2016/07/27 23:20:01 ET
Table 'Mieke' 6-max Seat #1 is the button
Seat 1: LifeisagameX ($84 in chips)
Seat 3: FabronxRJ ($120 in chips)
LifeisagameX: posts small blind $1
FabronxRJ: posts big blind $3
*** HOLE CARDS ***
LifeisagameX: raises $3 to $6
FabronxRJ: calls $3
*** FLOP *** [5s 2h Ts]
FabronxRJ: checks
LifeisagameX: bets $3
FabronxRJ: raises $3 to $6
LifeisagameX: calls $3
*** TURN *** [5s 2h Ts] [Ah]
FabronxRJ: bets $6
LifeisagameX: calls $6
*** RIVER *** [5s 2h Ts Ah] [3s]
FabronxRJ: checks
LifeisagameX: bets $6
FabronxRJ: calls $6
*** SHOW DOWN ***
LifeisagameX: shows [6s 2s] (a flush, Ten high)
FabronxRJ: mucks hand
LifeisagameX collected $47.50 from pot
*** SUMMARY ***
Total pot $48 | Rake $0.50
Board [5s 2h Ts Ah 3s]
Seat 1: LifeisagameX (button) (small blind) showed [6s 2s] and won ($47.50) with a flush, Ten high
Seat 3: FabronxRJ (big blind) mucked


PokerStars Hand #156536464169:  Hold'em Limit ($3/$6 USD) - 2016/07/27 23:22:39 ET
Table 'Mieke' 6-max Seat #1 is the button
Seat 1: LifeisagameX ($134 in chips)
Seat 3: FabronxRJ ($69 in chips)
LifeisagameX: posts small blind $1
FabronxRJ: posts big blind $3
*** HOLE CARDS ***
LifeisagameX: raises $3 to $6
FabronxRJ: calls $3
*** FLOP *** [8d 2c 2h]
FabronxRJ: checks
LifeisagameX: bets $3
FabronxRJ: folds
Uncalled bet ($3) returned to LifeisagameX
LifeisagameX collected $11.76 from pot
*** SUMMARY ***
Total pot $12 | Rake $0.24
Board [8d 2c 2h]
Seat 1: LifeisagameX (button) (small blind) collected ($11.76)
Seat 3: FabronxRJ (big blind) folded on the Flop


PokerStars Hand #156536445520:  Hold'em Limit ($3/$6 USD) - 2016/07/27 23:21:32 ET
Table 'Mieke' 6-max Seat #3 is the button
Seat 1: LifeisagameX ($107.50 in chips)
Seat 3: FabronxRJ ($96 in chips)
FabronxRJ: posts small blind $1
LifeisagameX: posts big blind $3
*** HOLE CARDS ***
FabronxRJ: raises $3 to $6
LifeisagameX: calls $3
*** FLOP *** [Qd Qc 5s]
LifeisagameX: checks
FabronxRJ: bets $3
LifeisagameX: calls $3
*** TURN *** [Qd Qc 5s] [Jh]
LifeisagameX: checks
FabronxRJ: bets $6
LifeisagameX: raises $6 to $12
FabronxRJ: calls $6
*** RIVER *** [Qd Qc 5s Jh] [5d]
LifeisagameX: bets $6
FabronxRJ: calls $6
*** SHOW DOWN ***
LifeisagameX: shows [2c Qh] (a full house, Queens full of Fives)
FabronxRJ: mucks hand
LifeisagameX collected $53.50 from pot
*** SUMMARY ***
Total pot $54 | Rake $0.50
Board [Qd Qc 5s Jh 5d]
Seat 1: LifeisagameX (big blind) showed [2c Qh] and won ($53.50) with a full house, Queens full of Fives
Seat 3: FabronxRJ (button) (small blind) mucked


