PokerStars Hand #144640884385:  Hold'em Limit ($3/$6 USD) - 2015/11/30 20:43:03 ET
Table 'Mieke' 2-max Seat #1 is the button
Seat 1: permafrost07 ($112.26 in chips)
Seat 2: Crspy Bacon ($102 in chips)
permafrost07: posts small blind $1
Crspy Bacon: posts big blind $3
*** HOLE CARDS ***
permafrost07: calls $2
Crspy Bacon: checks
*** FLOP *** [2c 9c Tc]
Crspy Bacon: bets $3
permafrost07: calls $3
*** TURN *** [2c 9c Tc] [Ts]
Crspy Bacon: bets $6
permafrost07: calls $6
*** RIVER *** [2c 9c Tc Ts] [8h]
Crspy Bacon: bets $6
permafrost07: calls $6
*** SHOW DOWN ***
Crspy Bacon: shows [3d 8c] (two pair, Tens and Eights)
permafrost07: shows [8d Qs] (two pair, Tens and Eights - Queen kicker)
permafrost07 collected $35.50 from pot
*** SUMMARY ***
Total pot $36 | Rake $0.50
Board [2c 9c Tc Ts 8h]
Seat 1: permafrost07 (button) (small blind) showed [8d Qs] and won ($35.50) with two pair, Tens and Eights
Seat 2: Crspy Bacon (big blind) showed [3d 8c] and lost with two pair, Tens and Eights


PokerStars Hand #144640853277:  Hold'em Limit ($3/$6 USD) - 2015/11/30 20:41:58 ET
Table 'Mieke' 2-max Seat #2 is the button
Seat 1: permafrost07 ($94.76 in chips)
Seat 2: Crspy Bacon ($120 in chips)
Crspy Bacon: posts small blind $1
permafrost07: posts big blind $3
*** HOLE CARDS ***
Crspy Bacon: raises $3 to $6
permafrost07: raises $3 to $9
Crspy Bacon: calls $3
*** FLOP *** [2c Ah 6d]
permafrost07: bets $3
Crspy Bacon: calls $3
*** TURN *** [2c Ah 6d] [4d]
permafrost07: checks
Crspy Bacon: bets $6
permafrost07: calls $6
*** RIVER *** [2c Ah 6d 4d] [2s]
permafrost07: checks
Crspy Bacon: checks
*** SHOW DOWN ***
permafrost07: shows [Ks 3c] (a pair of Deuces)
Crspy Bacon: mucks hand
permafrost07 collected $35.50 from pot
*** SUMMARY ***
Total pot $36 | Rake $0.50
Board [2c Ah 6d 4d 2s]
Seat 1: permafrost07 (big blind) showed [Ks 3c] and won ($35.50) with a pair of Deuces
Seat 2: Crspy Bacon (button) (small blind) mucked


PokerStars Hand #144640917837:  Hold'em Limit ($3/$6 USD) - 2015/11/30 20:44:12 ET
Table 'Mieke' 2-max Seat #1 is the button
Seat 1: permafrost07 ($119.76 in chips)
Seat 2: Crspy Bacon ($93.76 in chips)
permafrost07: posts small blind $1
Crspy Bacon: posts big blind $3
*** HOLE CARDS ***
permafrost07: raises $3 to $6
Crspy Bacon: calls $3
*** FLOP *** [Js Td 9c]
Crspy Bacon: checks
permafrost07: bets $3
Crspy Bacon: folds
Uncalled bet ($3) returned to permafrost07
permafrost07 collected $11.76 from pot
permafrost07: doesn't show hand
*** SUMMARY ***
Total pot $12 | Rake $0.24
Board [Js Td 9c]
Seat 1: permafrost07 (button) (small blind) collected ($11.76)
Seat 2: Crspy Bacon (big blind) folded on the Flop


PokerStars Hand #144640913720:  Hold'em Limit ($3/$6 USD) - 2015/11/30 20:44:03 ET
Table 'Mieke' 2-max Seat #2 is the button
Seat 1: permafrost07 ($122.76 in chips)
Seat 2: Crspy Bacon ($90.76 in chips)
Crspy Bacon: posts small blind $1
permafrost07: posts big blind $3
*** HOLE CARDS ***
Crspy Bacon: raises $3 to $6
permafrost07: folds
Uncalled bet ($3) returned to Crspy Bacon
Crspy Bacon collected $6 from pot
Crspy Bacon: doesn't show hand
*** SUMMARY ***
Total pot $6 | Rake $0
Seat 1: permafrost07 (big blind) folded before Flop
Seat 2: Crspy Bacon (button) (small blind) collected ($6)


PokerStars Hand #144640910629:  Hold'em Limit ($3/$6 USD) - 2015/11/30 20:43:57 ET
Table 'Mieke' 2-max Seat #1 is the button
Seat 1: permafrost07 ($123.76 in chips)
Seat 2: Crspy Bacon ($89.76 in chips)
permafrost07: posts small blind $1
Crspy Bacon: posts big blind $3
*** HOLE CARDS ***
permafrost07: folds
Uncalled bet ($2) returned to Crspy Bacon
Crspy Bacon collected $2 from pot
Crspy Bacon: doesn't show hand
*** SUMMARY ***
Total pot $2 | Rake $0
Seat 1: permafrost07 (button) (small blind) folded before Flop
Seat 2: Crspy Bacon (big blind) collected ($2)


PokerStars Hand #144640899770:  Hold'em Limit ($3/$6 USD) - 2015/11/30 20:43:35 ET
Table 'Mieke' 2-max Seat #2 is the button
Seat 1: permafrost07 ($129.76 in chips)
Seat 2: Crspy Bacon ($84 in chips)
Crspy Bacon: posts small blind $1
permafrost07: posts big blind $3
*** HOLE CARDS ***
Crspy Bacon: raises $3 to $6
permafrost07: calls $3
*** FLOP *** [5d 9d Jd]
permafrost07: checks
Crspy Bacon: bets $3
permafrost07: folds
Uncalled bet ($3) returned to Crspy Bacon
Crspy Bacon collected $11.76 from pot
Crspy Bacon: doesn't show hand
*** SUMMARY ***
Total pot $12 | Rake $0.24
Board [5d 9d Jd]
Seat 1: permafrost07 (big blind) folded on the Flop
Seat 2: Crspy Bacon (button) (small blind) collected ($11.76)


