PokerStars Hand #149567723615:  Hold'em Limit ($3/$6 USD) - 2016/02/28 13:13:16 ET
Table 'Milet' 6-max Seat #4 is the button
Seat 3: Mudager ($120 in chips)
Seat 4: 5PRUT5 ($87.64 in chips)
5PRUT5: posts small blind $1
Mudager: posts big blind $3
*** HOLE CARDS ***
5PRUT5: calls $2
Mudager: checks
*** FLOP *** [Qh As Tc]
Mudager: bets $3
5PRUT5: folds
Uncalled bet ($3) returned to Mudager
Mudager collected $5.88 from pot
Mudager: doesn't show hand
*** SUMMARY ***
Total pot $6 | Rake $0.12
Board [Qh As Tc]
Seat 3: Mudager (big blind) collected ($5.88)
Seat 4: 5PRUT5 (button) (small blind) folded on the Flop


PokerStars Hand #149567736604:  Hold'em Limit ($3/$6 USD) - 2016/02/28 13:13:28 ET
Table 'Milet' 6-max Seat #3 is the button
Seat 3: Mudager ($122.88 in chips)
Seat 4: 5PRUT5 ($84.64 in chips)
Mudager: posts small blind $1
5PRUT5: posts big blind $3
*** HOLE CARDS ***
Mudager: raises $3 to $6
5PRUT5: calls $3
*** FLOP *** [Ts Qd 9s]
5PRUT5: checks
Mudager: checks
*** TURN *** [Ts Qd 9s] [Kh]
5PRUT5: bets $6
Mudager: calls $6
*** RIVER *** [Ts Qd 9s Kh] [7h]
5PRUT5: bets $6
Mudager: calls $6
*** SHOW DOWN ***
5PRUT5: shows [8s Kd] (a pair of Kings)
Mudager: mucks hand
5PRUT5 collected $35.50 from pot
*** SUMMARY ***
Total pot $36 | Rake $0.50
Board [Ts Qd 9s Kh 7h]
Seat 3: Mudager (button) (small blind) mucked
Seat 4: 5PRUT5 (big blind) showed [8s Kd] and won ($35.50) with a pair of Kings


PokerStars Hand #149567756906:  Hold'em Limit ($3/$6 USD) - 2016/02/28 13:13:46 ET
Table 'Milet' 6-max Seat #4 is the button
Seat 3: Mudager ($120 in chips)
Seat 4: 5PRUT5 ($102.14 in chips)
5PRUT5: posts small blind $1
Mudager: posts big blind $3
*** HOLE CARDS ***
5PRUT5: calls $2
Mudager: checks
*** FLOP *** [Qc 2h Js]
Mudager: checks
5PRUT5: bets $3
Mudager: folds
Uncalled bet ($3) returned to 5PRUT5
5PRUT5 collected $5.88 from pot
5PRUT5: doesn't show hand
*** SUMMARY ***
Total pot $6 | Rake $0.12
Board [Qc 2h Js]
Seat 3: Mudager (big blind) folded on the Flop
Seat 4: 5PRUT5 (button) (small blind) collected ($5.88)


PokerStars Hand #149567770620:  Hold'em Limit ($3/$6 USD) - 2016/02/28 13:13:58 ET
Table 'Milet' 6-max Seat #3 is the button
Seat 3: Mudager ($120 in chips)
Seat 4: 5PRUT5 ($105.02 in chips)
Mudager: posts small blind $1
5PRUT5: posts big blind $3
*** HOLE CARDS ***
Mudager: raises $3 to $6
5PRUT5: calls $3
*** FLOP *** [2c 5h 7h]
5PRUT5: bets $3
Mudager: calls $3
*** TURN *** [2c 5h 7h] [Jh]
5PRUT5: bets $6
Mudager: folds
Uncalled bet ($6) returned to 5PRUT5
5PRUT5 collected $17.64 from pot
5PRUT5: doesn't show hand
*** SUMMARY ***
Total pot $18 | Rake $0.36
Board [2c 5h 7h Jh]
Seat 3: Mudager (button) (small blind) folded on the Turn
Seat 4: 5PRUT5 (big blind) collected ($17.64)


PokerStars Hand #149567794583:  Hold'em Limit ($3/$6 USD) - 2016/02/28 13:14:22 ET
Table 'Milet' 6-max Seat #3 is the button
Seat 3: Mudager ($121 in chips)
Seat 4: 5PRUT5 ($112.66 in chips)
Mudager: posts small blind $1
5PRUT5: posts big blind $3
*** HOLE CARDS ***
Mudager: folds
Uncalled bet ($2) returned to 5PRUT5
5PRUT5 collected $2 from pot
5PRUT5: doesn't show hand
*** SUMMARY ***
Total pot $2 | Rake $0
Seat 3: Mudager (button) (small blind) folded before Flop
Seat 4: 5PRUT5 (big blind) collected ($2)


PokerStars Hand #149567789309:  Hold'em Limit ($3/$6 USD) - 2016/02/28 13:14:17 ET
Table 'Milet' 6-max Seat #4 is the button
Seat 3: Mudager ($120 in chips)
Seat 4: 5PRUT5 ($113.66 in chips)
5PRUT5: posts small blind $1
Mudager: posts big blind $3
*** HOLE CARDS ***
5PRUT5: folds
Uncalled bet ($2) returned to Mudager
Mudager collected $2 from pot
Mudager: doesn't show hand
*** SUMMARY ***
Total pot $2 | Rake $0
Seat 3: Mudager (big blind) collected ($2)
Seat 4: 5PRUT5 (button) (small blind) folded before Flop


PokerStars Hand #149567800008:  Hold'em Limit ($3/$6 USD) - 2016/02/28 13:14:27 ET
Table 'Milet' 6-max Seat #4 is the button
Seat 3: Mudager ($120 in chips)
Seat 4: 5PRUT5 ($113.66 in chips)
5PRUT5: posts small blind $1
Mudager: posts big blind $3
*** HOLE CARDS ***
5PRUT5: raises $3 to $6
Mudager: calls $3
*** FLOP *** [4h 6h 5c]
Mudager: bets $3
5PRUT5: calls $3
*** TURN *** [4h 6h 5c] [8s]
Mudager: bets $6
5PRUT5: calls $6
*** RIVER *** [4h 6h 5c 8s] [Ts]
Mudager: checks
5PRUT5: bets $6
Mudager: calls $6
*** SHOW DOWN ***
5PRUT5: shows [Jh Jd] (a pair of Jacks)
Mudager: mucks hand
5PRUT5 collected $41.50 from pot
*** SUMMARY ***
Total pot $42 | Rake $0.50
Board [4h 6h 5c 8s Ts]
Seat 3: Mudager (big blind) mucked
Seat 4: 5PRUT5 (button) (small blind) showed [Jh Jd] and won ($41.50) with a pair of Jacks


PokerStars Hand #149567821886:  Hold'em Limit ($3/$6 USD) - 2016/02/28 13:14:47 ET
Table 'Milet' 6-max Seat #3 is the button
Seat 3: Mudager ($120 in chips)
Seat 4: 5PRUT5 ($134.16 in chips)
Mudager: posts small blind $1
5PRUT5: posts big blind $3
*** HOLE CARDS ***
Mudager: raises $3 to $6
5PRUT5: calls $3
*** FLOP *** [Kd As Ah]
5PRUT5: checks
Mudager: bets $3
5PRUT5: raises $3 to $6
Mudager: calls $3
*** TURN *** [Kd As Ah] [6h]
5PRUT5: bets $6
Mudager: calls $6
*** RIVER *** [Kd As Ah 6h] [Jh]
5PRUT5: bets $6
Mudager: calls $6
*** SHOW DOWN ***
5PRUT5: shows [3c 3h] (two pair, Aces and Threes)
Mudager: shows [9c Kc] (two pair, Aces and Kings)
Mudager collected $47.50 from pot
*** SUMMARY ***
Total pot $48 | Rake $0.50
Board [Kd As Ah 6h Jh]
Seat 3: Mudager (button) (small blind) showed [9c Kc] and won ($47.50) with two pair, Aces and Kings
Seat 4: 5PRUT5 (big blind) showed [3c 3h] and lost with two pair, Aces and Threes


PokerStars Hand #149567843979:  Hold'em Limit ($3/$6 USD) - 2016/02/28 13:15:07 ET
Table 'Milet' 6-max Seat #4 is the button
Seat 3: Mudager ($143.50 in chips)
Seat 4: 5PRUT5 ($110.16 in chips)
5PRUT5: posts small blind $1
Mudager: posts big blind $3
*** HOLE CARDS ***
5PRUT5: folds
Uncalled bet ($2) returned to Mudager
Mudager collected $2 from pot
Mudager: doesn't show hand
*** SUMMARY ***
Total pot $2 | Rake $0
Seat 3: Mudager (big blind) collected ($2)
Seat 4: 5PRUT5 (button) (small blind) folded before Flop


PokerStars Hand #149567849678:  Hold'em Limit ($3/$6 USD) - 2016/02/28 13:15:11 ET
Table 'Milet' 6-max Seat #3 is the button
Seat 3: Mudager ($144.50 in chips)
Seat 4: 5PRUT5 ($109.16 in chips)
Mudager: posts small blind $1
5PRUT5: posts big blind $3
*** HOLE CARDS ***
Mudager: raises $3 to $6
5PRUT5: raises $3 to $9
Mudager: calls $3
*** FLOP *** [2h 6h 5h]
5PRUT5: bets $3
Mudager: calls $3
*** TURN *** [2h 6h 5h] [7s]
5PRUT5: bets $6
Mudager: calls $6
*** RIVER *** [2h 6h 5h 7s] [8h]
5PRUT5: bets $6
Mudager: folds
Uncalled bet ($6) returned to 5PRUT5
5PRUT5 collected $35.50 from pot
5PRUT5: doesn't show hand
*** SUMMARY ***
Total pot $36 | Rake $0.50
Board [2h 6h 5h 7s 8h]
Seat 3: Mudager (button) (small blind) folded on the River
Seat 4: 5PRUT5 (big blind) collected ($35.50)


PokerStars Hand #149567880422:  Hold'em Limit ($3/$6 USD) - 2016/02/28 13:15:39 ET
Table 'Milet' 6-max Seat #4 is the button
Seat 3: Mudager ($126.50 in chips)
Seat 4: 5PRUT5 ($126.66 in chips)
5PRUT5: posts small blind $1
Mudager: posts big blind $3
*** HOLE CARDS ***
5PRUT5: folds
Uncalled bet ($2) returned to Mudager
BERMUDA330 joins the table at seat #2
Mudager collected $2 from pot
Mudager: doesn't show hand
*** SUMMARY ***
Total pot $2 | Rake $0
Seat 3: Mudager (big blind) collected ($2)
Seat 4: 5PRUT5 (button) (small blind) folded before Flop


PokerStars Hand #149567885783:  Hold'em Limit ($3/$6 USD) - 2016/02/28 13:15:44 ET
Table 'Milet' 6-max Seat #3 is the button
Seat 3: Mudager ($127.50 in chips)
Seat 4: 5PRUT5 ($125.66 in chips)
Mudager: posts small blind $1
5PRUT5: posts big blind $3
*** HOLE CARDS ***
Mudager: raises $3 to $6
5PRUT5: calls $3
*** FLOP *** [9h 4c 9d]
5PRUT5: checks
Mudager: bets $3
5PRUT5: raises $3 to $6
Mudager: calls $3
*** TURN *** [9h 4c 9d] [Ac]
5PRUT5: checks
Mudager: checks
*** RIVER *** [9h 4c 9d Ac] [5d]
5PRUT5: bets $6
Mudager: calls $6
*** SHOW DOWN ***
5PRUT5: shows [4s 6c] (two pair, Nines and Fours)
Mudager: mucks hand
5PRUT5 collected $35.50 from pot
*** SUMMARY ***
Total pot $36 | Rake $0.50
Board [9h 4c 9d Ac 5d]
Seat 3: Mudager (button) (small blind) mucked
Seat 4: 5PRUT5 (big blind) showed [4s 6c] and won ($35.50) with two pair, Nines and Fours


PokerStars Hand #149568207052:  Hold'em Limit ($3/$6 USD) - 2016/02/28 13:20:32 ET
Table 'Milet' 6-max Seat #2 is the button
Seat 2: BERMUDA330 ($157.14 in chips)
Seat 4: 5PRUT5 ($109.16 in chips)
ogK2 joins the table at seat #5
anetkaapro joins the table at seat #6
anetkaapro leaves the table
BERMUDA330: posts small blind $1
Mudager: is sitting out
5PRUT5: posts big blind $3
*** HOLE CARDS ***
Mudager leaves the table
BERMUDA330: calls $2
5PRUT5: checks
*** FLOP *** [7c Jc 8d]
5PRUT5: checks
BERMUDA330: checks
*** TURN *** [7c Jc 8d] [9h]
5PRUT5: checks
BERMUDA330: checks
*** RIVER *** [7c Jc 8d 9h] [5c]
5PRUT5: checks
BERMUDA330: checks
*** SHOW DOWN ***
5PRUT5: shows [4d Kd] (high card King)
BERMUDA330: shows [Ad 2c] (high card Ace)
BERMUDA330 collected $5.88 from pot
*** SUMMARY ***
Total pot $6 | Rake $0.12
Board [7c Jc 8d 9h 5c]
Seat 2: BERMUDA330 (button) (small blind) showed [Ad 2c] and won ($5.88) with high card Ace
Seat 4: 5PRUT5 (big blind) showed [4d Kd] and lost with high card King


PokerStars Hand #149568320729:  Hold'em Limit ($3/$6 USD) - 2016/02/28 13:22:15 ET
Table 'Milet' 6-max Seat #2 is the button
Seat 2: BERMUDA330 ($157.02 in chips)
Seat 5: ogK2 ($112 in chips)
BERMUDA330: posts small blind $1
ogK2: posts big blind $3
*** HOLE CARDS ***
BERMUDA330: raises $3 to $6
ogK2: calls $3
*** FLOP *** [6c As Kh]
ogK2: checks
BERMUDA330: checks
*** TURN *** [6c As Kh] [6s]
ogK2: checks
BERMUDA330: bets $6
ogK2: raises $6 to $12
BERMUDA330: calls $6
*** RIVER *** [6c As Kh 6s] [9s]
ogK2: checks
BERMUDA330: checks
*** SHOW DOWN ***
ogK2: shows [Ac 4s] (two pair, Aces and Sixes)
BERMUDA330: shows [3h Ad] (two pair, Aces and Sixes)
ogK2 collected $17.75 from pot
BERMUDA330 collected $17.75 from pot
*** SUMMARY ***
Total pot $36 | Rake $0.50
Board [6c As Kh 6s 9s]
Seat 2: BERMUDA330 (button) (small blind) showed [3h Ad] and won ($17.75) with two pair, Aces and Sixes
Seat 5: ogK2 (big blind) showed [Ac 4s] and won ($17.75) with two pair, Aces and Sixes


PokerStars Hand #149568351430:  Hold'em Limit ($3/$6 USD) - 2016/02/28 13:22:42 ET
Table 'Milet' 6-max Seat #2 is the button
Seat 2: BERMUDA330 ($153.77 in chips)
Seat 5: ogK2 ($114.75 in chips)
BERMUDA330: posts small blind $1
ogK2: posts big blind $3
*** HOLE CARDS ***
BERMUDA330: raises $3 to $6
ogK2: raises $3 to $9
BERMUDA330: raises $3 to $12
Betting is capped
ogK2: calls $3
*** FLOP *** [As Jh Qd]
ogK2: bets $3
BERMUDA330: calls $3
*** TURN *** [As Jh Qd] [Ks]
ogK2: bets $6
BERMUDA330: raises $6 to $12
ogK2: calls $6
*** RIVER *** [As Jh Qd Ks] [6c]
ogK2: checks
BERMUDA330: bets $6
ogK2: calls $6
*** SHOW DOWN ***
BERMUDA330: shows [Js Kd] (two pair, Kings and Jacks)
ogK2: shows [Ah Jd] (two pair, Aces and Jacks)
ogK2 collected $65.50 from pot
*** SUMMARY ***
Total pot $66 | Rake $0.50
Board [As Jh Qd Ks 6c]
Seat 2: BERMUDA330 (button) (small blind) showed [Js Kd] and lost with two pair, Kings and Jacks
Seat 5: ogK2 (big blind) showed [Ah Jd] and won ($65.50) with two pair, Aces and Jacks


PokerStars Hand #149568376549:  Hold'em Limit ($3/$6 USD) - 2016/02/28 13:23:05 ET
Table 'Milet' 6-max Seat #5 is the button
Seat 2: BERMUDA330 ($120.77 in chips)
Seat 5: ogK2 ($147.25 in chips)
ogK2: posts small blind $1
BERMUDA330: posts big blind $3
*** HOLE CARDS ***
ogK2: raises $3 to $6
BERMUDA330: raises $3 to $9
ogK2: calls $3
*** FLOP *** [9h 8s 6d]
BERMUDA330: bets $3
ogK2: raises $3 to $6
BERMUDA330: raises $3 to $9
ogK2: calls $3
*** TURN *** [9h 8s 6d] [Th]
BERMUDA330: bets $6
ogK2: calls $6
*** RIVER *** [9h 8s 6d Th] [5d]
BERMUDA330: bets $6
ogK2: calls $6
*** SHOW DOWN ***
BERMUDA330: shows [7c Kh] (a straight, Six to Ten)
ogK2: mucks hand
BERMUDA330 collected $59.50 from pot
*** SUMMARY ***
Total pot $60 | Rake $0.50
Board [9h 8s 6d Th 5d]
Seat 2: BERMUDA330 (big blind) showed [7c Kh] and won ($59.50) with a straight, Six to Ten
Seat 5: ogK2 (button) (small blind) mucked


PokerStars Hand #149568397902:  Hold'em Limit ($3/$6 USD) - 2016/02/28 13:23:24 ET
Table 'Milet' 6-max Seat #2 is the button
Seat 2: BERMUDA330 ($150.27 in chips)
Seat 5: ogK2 ($117.25 in chips)
BERMUDA330: posts small blind $1
ogK2: posts big blind $3
*** HOLE CARDS ***
BERMUDA330: raises $3 to $6
ogK2: raises $3 to $9
BERMUDA330: raises $3 to $12
Betting is capped
ogK2: calls $3
*** FLOP *** [7c 5d 8s]
ogK2: bets $3
BERMUDA330: calls $3
*** TURN *** [7c 5d 8s] [4h]
ogK2: bets $6
BERMUDA330: folds
Uncalled bet ($6) returned to ogK2
ogK2 collected $29.50 from pot
ogK2: doesn't show hand
*** SUMMARY ***
Total pot $30 | Rake $0.50
Board [7c 5d 8s 4h]
Seat 2: BERMUDA330 (button) (small blind) folded on the Turn
Seat 5: ogK2 (big blind) collected ($29.50)


PokerStars Hand #149568429397:  Hold'em Limit ($3/$6 USD) - 2016/02/28 13:23:53 ET
Table 'Milet' 6-max Seat #2 is the button
Seat 2: BERMUDA330 ($132.27 in chips)
Seat 5: ogK2 ($134.75 in chips)
BERMUDA330: posts small blind $1
ogK2: posts big blind $3
*** HOLE CARDS ***
BERMUDA330: folds
Uncalled bet ($2) returned to ogK2
ogK2 collected $2 from pot
ogK2: doesn't show hand
*** SUMMARY ***
Total pot $2 | Rake $0
Seat 2: BERMUDA330 (button) (small blind) folded before Flop
Seat 5: ogK2 (big blind) collected ($2)


PokerStars Hand #149568420902:  Hold'em Limit ($3/$6 USD) - 2016/02/28 13:23:45 ET
Table 'Milet' 6-max Seat #5 is the button
Seat 2: BERMUDA330 ($135.27 in chips)
Seat 5: ogK2 ($131.75 in chips)
ogK2: posts small blind $1
BERMUDA330: posts big blind $3
*** HOLE CARDS ***
ogK2: raises $3 to $6
BERMUDA330: folds
Uncalled bet ($3) returned to ogK2
ogK2 collected $6 from pot
ogK2: doesn't show hand
*** SUMMARY ***
Total pot $6 | Rake $0
Seat 2: BERMUDA330 (big blind) folded before Flop
Seat 5: ogK2 (button) (small blind) collected ($6)


PokerStars Hand #149568434992:  Hold'em Limit ($3/$6 USD) - 2016/02/28 13:23:58 ET
Table 'Milet' 6-max Seat #5 is the button
Seat 2: BERMUDA330 ($131.27 in chips)
Seat 5: ogK2 ($135.75 in chips)
ogK2: posts small blind $1
BERMUDA330: posts big blind $3
*** HOLE CARDS ***
ogK2: raises $3 to $6
BERMUDA330: folds
Uncalled bet ($3) returned to ogK2
ogK2 collected $6 from pot
ogK2: doesn't show hand
*** SUMMARY ***
Total pot $6 | Rake $0
Seat 2: BERMUDA330 (big blind) folded before Flop
Seat 5: ogK2 (button) (small blind) collected ($6)


PokerStars Hand #149568463388:  Hold'em Limit ($3/$6 USD) - 2016/02/28 13:24:23 ET
Table 'Milet' 6-max Seat #5 is the button
Seat 2: BERMUDA330 ($125.27 in chips)
Seat 5: ogK2 ($141.63 in chips)
ogK2: posts small blind $1
BERMUDA330: posts big blind $3
*** HOLE CARDS ***
ogK2: raises $3 to $6
BERMUDA330: folds
Uncalled bet ($3) returned to ogK2
ogK2 collected $6 from pot
ogK2: doesn't show hand
*** SUMMARY ***
Total pot $6 | Rake $0
Seat 2: BERMUDA330 (big blind) folded before Flop
Seat 5: ogK2 (button) (small blind) collected ($6)


PokerStars Hand #149568444695:  Hold'em Limit ($3/$6 USD) - 2016/02/28 13:24:07 ET
Table 'Milet' 6-max Seat #2 is the button
Seat 2: BERMUDA330 ($128.27 in chips)
Seat 5: ogK2 ($138.75 in chips)
BERMUDA330: posts small blind $1
ogK2: posts big blind $3
*** HOLE CARDS ***
BERMUDA330: calls $2
ogK2: checks
*** FLOP *** [9c 5c Qd]
ogK2: checks
BERMUDA330: checks
*** TURN *** [9c 5c Qd] [5s]
ogK2: bets $6
BERMUDA330: folds
Uncalled bet ($6) returned to ogK2
ogK2 collected $5.88 from pot
ogK2: doesn't show hand
*** SUMMARY ***
Total pot $6 | Rake $0.12
Board [9c 5c Qd 5s]
Seat 2: BERMUDA330 (button) (small blind) folded on the Turn
Seat 5: ogK2 (big blind) collected ($5.88)


PokerStars Hand #149568477154:  Hold'em Limit ($3/$6 USD) - 2016/02/28 13:24:36 ET
Table 'Milet' 6-max Seat #5 is the button
Seat 2: BERMUDA330 ($121.27 in chips)
Seat 5: ogK2 ($145.63 in chips)
ogK2: posts small blind $1
BERMUDA330: posts big blind $3
*** HOLE CARDS ***
ogK2: folds
Uncalled bet ($2) returned to BERMUDA330
BERMUDA330 collected $2 from pot
*** SUMMARY ***
Total pot $2 | Rake $0
Seat 2: BERMUDA330 (big blind) collected ($2)
Seat 5: ogK2 (button) (small blind) folded before Flop


PokerStars Hand #149568470861:  Hold'em Limit ($3/$6 USD) - 2016/02/28 13:24:30 ET
Table 'Milet' 6-max Seat #2 is the button
Seat 2: BERMUDA330 ($122.27 in chips)
Seat 5: ogK2 ($144.63 in chips)
BERMUDA330: posts small blind $1
ogK2: posts big blind $3
*** HOLE CARDS ***
BERMUDA330: folds
Uncalled bet ($2) returned to ogK2
ogK2 collected $2 from pot
ogK2: doesn't show hand
*** SUMMARY ***
Total pot $2 | Rake $0
Seat 2: BERMUDA330 (button) (small blind) folded before Flop
Seat 5: ogK2 (big blind) collected ($2)


PokerStars Hand #149568482812:  Hold'em Limit ($3/$6 USD) - 2016/02/28 13:24:41 ET
Table 'Milet' 6-max Seat #2 is the button
Seat 2: BERMUDA330 ($122.27 in chips)
Seat 5: ogK2 ($144.63 in chips)
BERMUDA330: posts small blind $1
ogK2: posts big blind $3
*** HOLE CARDS ***
BERMUDA330: calls $2
ogK2: checks
*** FLOP *** [Ah 6d 9c]
ogK2: checks
BERMUDA330: checks
*** TURN *** [Ah 6d 9c] [Kd]
ogK2: checks
BERMUDA330: checks
*** RIVER *** [Ah 6d 9c Kd] [4d]
ogK2: checks
BERMUDA330: checks
*** SHOW DOWN ***
ogK2: shows [8h Qh] (high card Ace)
BERMUDA330: shows [7d 4h] (a pair of Fours)
BERMUDA330 collected $5.88 from pot
*** SUMMARY ***
Total pot $6 | Rake $0.12
Board [Ah 6d 9c Kd 4d]
Seat 2: BERMUDA330 (button) (small blind) showed [7d 4h] and won ($5.88) with a pair of Fours
Seat 5: ogK2 (big blind) showed [8h Qh] and lost with high card Ace


PokerStars Hand #149568502686:  Hold'em Limit ($3/$6 USD) - 2016/02/28 13:24:59 ET
Table 'Milet' 6-max Seat #5 is the button
Seat 2: BERMUDA330 ($125.15 in chips)
Seat 5: ogK2 ($141.63 in chips)
ogK2: posts small blind $1
BERMUDA330: posts big blind $3
*** HOLE CARDS ***
ogK2: raises $3 to $6
BERMUDA330: folds
Uncalled bet ($3) returned to ogK2
ogK2 collected $6 from pot
ogK2: doesn't show hand
*** SUMMARY ***
Total pot $6 | Rake $0
Seat 2: BERMUDA330 (big blind) folded before Flop
Seat 5: ogK2 (button) (small blind) collected ($6)


PokerStars Hand #149568511783:  Hold'em Limit ($3/$6 USD) - 2016/02/28 13:25:07 ET
Table 'Milet' 6-max Seat #2 is the button
Seat 2: BERMUDA330 ($122.15 in chips)
Seat 5: ogK2 ($144.63 in chips)
BERMUDA330: posts small blind $1
ogK2: posts big blind $3
*** HOLE CARDS ***
BERMUDA330: raises $3 to $6
ogK2: calls $3
*** FLOP *** [Th 3s Jd]
ogK2: checks
BERMUDA330: checks
*** TURN *** [Th 3s Jd] [Td]
ogK2: checks
BERMUDA330: checks
*** RIVER *** [Th 3s Jd Td] [Ks]
ogK2: checks
BERMUDA330: bets $6
ogK2: folds
Uncalled bet ($6) returned to BERMUDA330
BERMUDA330 collected $11.76 from pot
*** SUMMARY ***
Total pot $12 | Rake $0.24
Board [Th 3s Jd Td Ks]
Seat 2: BERMUDA330 (button) (small blind) collected ($11.76)
Seat 5: ogK2 (big blind) folded on the River


PokerStars Hand #149568537441:  Hold'em Limit ($3/$6 USD) - 2016/02/28 13:25:30 ET
Table 'Milet' 6-max Seat #5 is the button
Seat 2: BERMUDA330 ($127.91 in chips)
Seat 5: ogK2 ($138.63 in chips)
ogK2: posts small blind $1
BERMUDA330: posts big blind $3
*** HOLE CARDS ***
ogK2: folds
Uncalled bet ($2) returned to BERMUDA330
BERMUDA330 collected $2 from pot
*** SUMMARY ***
Total pot $2 | Rake $0
Seat 2: BERMUDA330 (big blind) collected ($2)
Seat 5: ogK2 (button) (small blind) folded before Flop


PokerStars Hand #149568543085:  Hold'em Limit ($3/$6 USD) - 2016/02/28 13:25:36 ET
Table 'Milet' 6-max Seat #2 is the button
Seat 2: BERMUDA330 ($128.91 in chips)
Seat 5: ogK2 ($137.63 in chips)
BERMUDA330: posts small blind $1
ogK2: posts big blind $3
*** HOLE CARDS ***
BERMUDA330: calls $2
ogK2: raises $3 to $6
BERMUDA330: calls $3
*** FLOP *** [Qs 8d Th]
ogK2: bets $3
BERMUDA330: folds
Uncalled bet ($3) returned to ogK2
ogK2 collected $11.76 from pot
ogK2: doesn't show hand
*** SUMMARY ***
Total pot $12 | Rake $0.24
Board [Qs 8d Th]
Seat 2: BERMUDA330 (button) (small blind) folded on the Flop
Seat 5: ogK2 (big blind) collected ($11.76)


PokerStars Hand #149568556990:  Hold'em Limit ($3/$6 USD) - 2016/02/28 13:25:48 ET
Table 'Milet' 6-max Seat #5 is the button
Seat 2: BERMUDA330 ($122.91 in chips)
Seat 5: ogK2 ($143.39 in chips)
ogK2: posts small blind $1
BERMUDA330: posts big blind $3
*** HOLE CARDS ***
ogK2: folds
Uncalled bet ($2) returned to BERMUDA330
BERMUDA330 collected $2 from pot
*** SUMMARY ***
Total pot $2 | Rake $0
Seat 2: BERMUDA330 (big blind) collected ($2)
Seat 5: ogK2 (button) (small blind) folded before Flop


PokerStars Hand #149568562898:  Hold'em Limit ($3/$6 USD) - 2016/02/28 13:25:54 ET
Table 'Milet' 6-max Seat #2 is the button
Seat 2: BERMUDA330 ($123.91 in chips)
Seat 5: ogK2 ($142.39 in chips)
BERMUDA330: posts small blind $1
ogK2: posts big blind $3
*** HOLE CARDS ***
BERMUDA330: calls $2
ogK2: checks
*** FLOP *** [4d 5d 5h]
ogK2: checks
BERMUDA330: bets $3
ogK2: raises $3 to $6
BERMUDA330: calls $3
*** TURN *** [4d 5d 5h] [Tc]
ogK2: bets $6
BERMUDA330: calls $6
*** RIVER *** [4d 5d 5h Tc] [Jc]
ogK2: bets $6
BERMUDA330: calls $6
*** SHOW DOWN ***
ogK2: shows [Ts 5s] (a full house, Fives full of Tens)
BERMUDA330: mucks hand
ogK2 collected $41.50 from pot
*** SUMMARY ***
Total pot $42 | Rake $0.50
Board [4d 5d 5h Tc Jc]
Seat 2: BERMUDA330 (button) (small blind) mucked
Seat 5: ogK2 (big blind) showed [Ts 5s] and won ($41.50) with a full house, Fives full of Tens


PokerStars Hand #149568590397:  Hold'em Limit ($3/$6 USD) - 2016/02/28 13:26:19 ET
Table 'Milet' 6-max Seat #5 is the button
Seat 2: BERMUDA330 ($102.91 in chips)
Seat 5: ogK2 ($162.89 in chips)
ogK2: posts small blind $1
BERMUDA330: posts big blind $3
*** HOLE CARDS ***
ogK2: raises $3 to $6
BERMUDA330: folds
Uncalled bet ($3) returned to ogK2
ogK2 collected $6 from pot
ogK2: doesn't show hand
*** SUMMARY ***
Total pot $6 | Rake $0
Seat 2: BERMUDA330 (big blind) folded before Flop
Seat 5: ogK2 (button) (small blind) collected ($6)


PokerStars Hand #149568599204:  Hold'em Limit ($3/$6 USD) - 2016/02/28 13:26:27 ET
Table 'Milet' 6-max Seat #2 is the button
Seat 2: BERMUDA330 ($99.91 in chips)
Seat 5: ogK2 ($165.89 in chips)
BERMUDA330: posts small blind $1
ogK2: posts big blind $3
*** HOLE CARDS ***
BERMUDA330: raises $3 to $6
ogK2: calls $3
*** FLOP *** [5s 9h Ac]
ogK2: checks
BERMUDA330: checks
*** TURN *** [5s 9h Ac] [Kc]
ogK2: checks
BERMUDA330: checks
*** RIVER *** [5s 9h Ac Kc] [6c]
ogK2: checks
BERMUDA330: checks
*** SHOW DOWN ***
ogK2: shows [Jh Qs] (high card Ace)
BERMUDA330: shows [5d Qd] (a pair of Fives)
BERMUDA330 collected $11.76 from pot
*** SUMMARY ***
Total pot $12 | Rake $0.24
Board [5s 9h Ac Kc 6c]
Seat 2: BERMUDA330 (button) (small blind) showed [5d Qd] and won ($11.76) with a pair of Fives
Seat 5: ogK2 (big blind) showed [Jh Qs] and lost with high card Ace


PokerStars Hand #149568622533:  Hold'em Limit ($3/$6 USD) - 2016/02/28 13:26:48 ET
Table 'Milet' 6-max Seat #5 is the button
Seat 2: BERMUDA330 ($105.67 in chips)
Seat 5: ogK2 ($159.89 in chips)
ogK2: posts small blind $1
BERMUDA330: posts big blind $3
*** HOLE CARDS ***
ogK2: raises $3 to $6
BERMUDA330: calls $3
*** FLOP *** [7s Qd 6h]
BERMUDA330: checks
ogK2: bets $3
BERMUDA330: calls $3
*** TURN *** [7s Qd 6h] [Ah]
BERMUDA330: checks
ogK2: bets $6
BERMUDA330: calls $6
*** RIVER *** [7s Qd 6h Ah] [2d]
BERMUDA330: checks
ogK2: checks
*** SHOW DOWN ***
BERMUDA330: shows [7c Th] (a pair of Sevens)
ogK2: mucks hand
BERMUDA330 collected $29.50 from pot
*** SUMMARY ***
Total pot $30 | Rake $0.50
Board [7s Qd 6h Ah 2d]
Seat 2: BERMUDA330 (big blind) showed [7c Th] and won ($29.50) with a pair of Sevens
Seat 5: ogK2 (button) (small blind) mucked


PokerStars Hand #149568647562:  Hold'em Limit ($3/$6 USD) - 2016/02/28 13:27:11 ET
Table 'Milet' 6-max Seat #2 is the button
Seat 2: BERMUDA330 ($120.17 in chips)
Seat 5: ogK2 ($144.89 in chips)
BERMUDA330: posts small blind $1
ogK2: posts big blind $3
*** HOLE CARDS ***
BERMUDA330: calls $2
ogK2: raises $3 to $6
BERMUDA330: calls $3
*** FLOP *** [4s 9h 2s]
ogK2: bets $3
BERMUDA330: raises $3 to $6
ogK2: calls $3
*** TURN *** [4s 9h 2s] [Ac]
ogK2: checks
BERMUDA330: bets $6
ogK2: folds
Uncalled bet ($6) returned to BERMUDA330
BERMUDA330 collected $23.52 from pot
*** SUMMARY ***
Total pot $24 | Rake $0.48
Board [4s 9h 2s Ac]
Seat 2: BERMUDA330 (button) (small blind) collected ($23.52)
Seat 5: ogK2 (big blind) folded on the Turn


PokerStars Hand #149568671990:  Hold'em Limit ($3/$6 USD) - 2016/02/28 13:27:33 ET
Table 'Milet' 6-max Seat #5 is the button
Seat 2: BERMUDA330 ($131.69 in chips)
Seat 5: ogK2 ($132.89 in chips)
ogK2: posts small blind $1
BERMUDA330: posts big blind $3
*** HOLE CARDS ***
ogK2: raises $3 to $6
BERMUDA330: raises $3 to $9
ogK2: calls $3
*** FLOP *** [Qd 6d 9d]
BERMUDA330: bets $3
ogK2: raises $3 to $6
BERMUDA330: raises $3 to $9
ogK2: raises $3 to $12
Betting is capped
BERMUDA330: calls $3
*** TURN *** [Qd 6d 9d] [Qh]
BERMUDA330: bets $6
ogK2: raises $6 to $12
BERMUDA330: calls $6
*** RIVER *** [Qd 6d 9d Qh] [Qs]
BERMUDA330: checks
ogK2: bets $6
BERMUDA330: raises $6 to $12
ogK2: raises $6 to $18
BERMUDA330: calls $6
*** SHOW DOWN ***
ogK2: shows [Ad Ah] (a full house, Queens full of Aces)
BERMUDA330: mucks hand
ogK2 collected $101.50 from pot
*** SUMMARY ***
Total pot $102 | Rake $0.50
Board [Qd 6d 9d Qh Qs]
Seat 2: BERMUDA330 (big blind) mucked
Seat 5: ogK2 (button) (small blind) showed [Ad Ah] and won ($101.50) with a full house, Queens full of Aces


PokerStars Hand #149568765967:  Hold'em Limit ($3/$6 USD) - 2016/02/28 13:29:00 ET
Table 'Milet' 6-max Seat #2 is the button
Seat 2: BERMUDA330 ($113.83 in chips)
Seat 5: ogK2 ($149.39 in chips)
BERMUDA330: posts small blind $1
ogK2: posts big blind $3
*** HOLE CARDS ***
BERMUDA330: folds
Uncalled bet ($2) returned to ogK2
ogK2 collected $2 from pot
ogK2: doesn't show hand
*** SUMMARY ***
Total pot $2 | Rake $0
Seat 2: BERMUDA330 (button) (small blind) folded before Flop
Seat 5: ogK2 (big blind) collected ($2)


PokerStars Hand #149568760035:  Hold'em Limit ($3/$6 USD) - 2016/02/28 13:28:54 ET
Table 'Milet' 6-max Seat #5 is the button
Seat 2: BERMUDA330 ($112.83 in chips)
Seat 5: ogK2 ($150.39 in chips)
ogK2: posts small blind $1
BERMUDA330: posts big blind $3
*** HOLE CARDS ***
ogK2: folds
Uncalled bet ($2) returned to BERMUDA330
BERMUDA330 collected $2 from pot
*** SUMMARY ***
Total pot $2 | Rake $0
Seat 2: BERMUDA330 (big blind) collected ($2)
Seat 5: ogK2 (button) (small blind) folded before Flop


PokerStars Hand #149568752700:  Hold'em Limit ($3/$6 USD) - 2016/02/28 13:28:48 ET
Table 'Milet' 6-max Seat #2 is the button
Seat 2: BERMUDA330 ($109.83 in chips)
Seat 5: ogK2 ($153.39 in chips)
BERMUDA330: posts small blind $1
ogK2: posts big blind $3
*** HOLE CARDS ***
BERMUDA330: raises $3 to $6
ogK2: folds
Uncalled bet ($3) returned to BERMUDA330
BERMUDA330 collected $6 from pot
*** SUMMARY ***
Total pot $6 | Rake $0
Seat 2: BERMUDA330 (button) (small blind) collected ($6)
Seat 5: ogK2 (big blind) folded before Flop


PokerStars Hand #149568731688:  Hold'em Limit ($3/$6 USD) - 2016/02/28 13:28:28 ET
Table 'Milet' 6-max Seat #5 is the button
Seat 2: BERMUDA330 ($89.33 in chips)
Seat 5: ogK2 ($174.39 in chips)
ogK2: posts small blind $1
BERMUDA330: posts big blind $3
*** HOLE CARDS ***
ogK2: raises $3 to $6
BERMUDA330: raises $3 to $9
ogK2: calls $3
*** FLOP *** [6d 9d Tc]
BERMUDA330: checks
ogK2: checks
*** TURN *** [6d 9d Tc] [5d]
BERMUDA330: bets $6
ogK2: calls $6
*** RIVER *** [6d 9d Tc 5d] [3s]
BERMUDA330: bets $6
ogK2: calls $6
*** SHOW DOWN ***
BERMUDA330: shows [Ah Ad] (a pair of Aces)
ogK2: mucks hand
BERMUDA330 collected $41.50 from pot
*** SUMMARY ***
Total pot $42 | Rake $0.50
Board [6d 9d Tc 5d 3s]
Seat 2: BERMUDA330 (big blind) showed [Ah Ad] and won ($41.50) with a pair of Aces
Seat 5: ogK2 (button) (small blind) mucked


PokerStars Hand #149568713097:  Hold'em Limit ($3/$6 USD) - 2016/02/28 13:28:11 ET
Table 'Milet' 6-max Seat #2 is the button
Seat 2: BERMUDA330 ($80.69 in chips)
Seat 5: ogK2 ($183.39 in chips)
BERMUDA330: posts small blind $1
ogK2: posts big blind $3
*** HOLE CARDS ***
BERMUDA330: calls $2
ogK2: raises $3 to $6
BERMUDA330: raises $3 to $9
ogK2: calls $3
*** FLOP *** [3h Js 9d]
ogK2: checks
BERMUDA330: bets $3
ogK2: folds
Uncalled bet ($3) returned to BERMUDA330
BERMUDA330 collected $17.64 from pot
*** SUMMARY ***
Total pot $18 | Rake $0.36
Board [3h Js 9d]
Seat 2: BERMUDA330 (button) (small blind) collected ($17.64)
Seat 5: ogK2 (big blind) folded on the Flop


PokerStars Hand #149568796925:  Hold'em Limit ($3/$6 USD) - 2016/02/28 13:29:28 ET
Table 'Milet' 6-max Seat #5 is the button
Seat 2: BERMUDA330 ($105.83 in chips)
Seat 5: ogK2 ($157.15 in chips)
ogK2: posts small blind $1
BERMUDA330: posts big blind $3
*** HOLE CARDS ***
ogK2: raises $3 to $6
BERMUDA330: raises $3 to $9
ogK2: calls $3
*** FLOP *** [8d 3c Kd]
DOLLAR-FISHI joins the table at seat #6
BERMUDA330: bets $3
ogK2: raises $3 to $6
BERMUDA330: calls $3
*** TURN *** [8d 3c Kd] [7s]
BERMUDA330: bets $6
ogK2: calls $6
*** RIVER *** [8d 3c Kd 7s] [4s]
5PRUT5 joins the table at seat #4
BERMUDA330: bets $6
ogK2: calls $6
*** SHOW DOWN ***
BERMUDA330: shows [8s Qc] (a pair of Eights)
ogK2: mucks hand
BERMUDA330 collected $53.50 from pot
*** SUMMARY ***
Total pot $54 | Rake $0.50
Board [8d 3c Kd 7s 4s]
Seat 2: BERMUDA330 (big blind) showed [8s Qc] and won ($53.50) with a pair of Eights
Seat 5: ogK2 (button) (small blind) mucked


PokerStars Hand #149568791368:  Hold'em Limit ($3/$6 USD) - 2016/02/28 13:29:23 ET
Table 'Milet' 6-max Seat #2 is the button
Seat 2: BERMUDA330 ($106.83 in chips)
Seat 5: ogK2 ($156.15 in chips)
BERMUDA330: posts small blind $1
ogK2: posts big blind $3
*** HOLE CARDS ***
BERMUDA330: folds
Uncalled bet ($2) returned to ogK2
ogK2 collected $2 from pot
ogK2: doesn't show hand
*** SUMMARY ***
Total pot $2 | Rake $0
Seat 2: BERMUDA330 (button) (small blind) folded before Flop
Seat 5: ogK2 (big blind) collected ($2)


PokerStars Hand #149568772077:  Hold'em Limit ($3/$6 USD) - 2016/02/28 13:29:05 ET
Table 'Milet' 6-max Seat #5 is the button
Seat 2: BERMUDA330 ($112.83 in chips)
Seat 5: ogK2 ($150.39 in chips)
ogK2: posts small blind $1
BERMUDA330: posts big blind $3
*** HOLE CARDS ***
ogK2: raises $3 to $6
BERMUDA330: calls $3
*** FLOP *** [3h 8s 6c]
BERMUDA330: checks
ogK2: checks
*** TURN *** [3h 8s 6c] [9s]
BERMUDA330: checks
ogK2: bets $6
BERMUDA330: folds
Uncalled bet ($6) returned to ogK2
ogK2 collected $11.76 from pot
ogK2: doesn't show hand
*** SUMMARY ***
Total pot $12 | Rake $0.24
Board [3h 8s 6c 9s]
Seat 2: BERMUDA330 (big blind) folded on the Turn
Seat 5: ogK2 (button) (small blind) collected ($11.76)


PokerStars Hand #149567689088:  Hold'em Limit ($3/$6 USD) - 2016/02/28 13:12:44 ET
Table 'Milet' 6-max Seat #4 is the button
Seat 3: Mudager ($120 in chips)
Seat 4: 5PRUT5 ($59.14 in chips)
5PRUT5: posts small blind $1
Mudager: posts big blind $3
*** HOLE CARDS ***
5PRUT5: folds
Uncalled bet ($2) returned to Mudager
Mudager collected $2 from pot
Mudager: doesn't show hand
*** SUMMARY ***
Total pot $2 | Rake $0
Seat 3: Mudager (big blind) collected ($2)
Seat 4: 5PRUT5 (button) (small blind) folded before Flop


PokerStars Hand #149567665579:  Hold'em Limit ($3/$6 USD) - 2016/02/28 13:12:23 ET
Table 'Milet' 6-max Seat #3 is the button
Seat 3: Mudager ($120 in chips)
Seat 4: 5PRUT5 ($32.64 in chips)
Mudager: posts small blind $1
5PRUT5: posts big blind $3
*** HOLE CARDS ***
Mudager: raises $3 to $6
5PRUT5: calls $3
*** FLOP *** [Th Qc Qd]
5PRUT5: checks
Mudager: bets $3
5PRUT5: calls $3
*** TURN *** [Th Qc Qd] [Ts]
5PRUT5: checks
Mudager: bets $6
5PRUT5: raises $6 to $12
Mudager: calls $6
*** RIVER *** [Th Qc Qd Ts] [4d]
5PRUT5: bets $6
Mudager: calls $6
*** SHOW DOWN ***
5PRUT5: shows [7s Qh] (a full house, Queens full of Tens)
Mudager: mucks hand
5PRUT5 collected $53.50 from pot
*** SUMMARY ***
Total pot $54 | Rake $0.50
Board [Th Qc Qd Ts 4d]
Seat 3: Mudager (button) (small blind) mucked
Seat 4: 5PRUT5 (big blind) showed [7s Qh] and won ($53.50) with a full house, Queens full of Tens


