PokerStars Hand #173284529829:  Hold'em Limit ($3/$6 USD) - 2017/07/20 14:28:51 ET
Table 'Mimas' 6-max Seat #1 is the button
Seat 1: vestimokrec ($120 in chips)
Seat 6: terrapevt73 ($45.67 in chips)
GoliafUa: is sitting out
GoliafUa leaves the table
vestimokrec: posts small blind $1
terrapevt73: posts big blind $3
*** HOLE CARDS ***
B_loJkl joins the table at seat #2
vestimokrec: raises $3 to $6
terrapevt73: folds
Uncalled bet ($3) returned to vestimokrec
vestimokrec collected $6 from pot
vestimokrec: doesn't show hand
*** SUMMARY ***
Total pot $6 | Rake $0
Seat 1: vestimokrec (button) (small blind) collected ($6)
Seat 6: terrapevt73 (big blind) folded before Flop


PokerStars Hand #173284543108:  Hold'em Limit ($3/$6 USD) - 2017/07/20 14:29:09 ET
Table 'Mimas' 6-max Seat #6 is the button
Seat 1: vestimokrec ($123 in chips)
Seat 6: terrapevt73 ($42.67 in chips)
terrapevt73: posts small blind $1
vestimokrec: posts big blind $3
*** HOLE CARDS ***
terrapevt73: raises $3 to $6
vestimokrec: calls $3
*** FLOP *** [4d 8s Th]
vestimokrec: checks
terrapevt73: checks
*** TURN *** [4d 8s Th] [2d]
vestimokrec: bets $6
terrapevt73: folds
Uncalled bet ($6) returned to vestimokrec
vestimokrec collected $11.76 from pot
vestimokrec: doesn't show hand
*** SUMMARY ***
Total pot $12 | Rake $0.24
Board [4d 8s Th 2d]
Seat 1: vestimokrec (big blind) collected ($11.76)
Seat 6: terrapevt73 (button) (small blind) folded on the Turn


