PokerStars Hand #145378091676:  Hold'em Limit ($3/$6 USD) - 2015/12/15 8:54:51 ET
Table 'Mimas' 6-max Seat #4 is the button
Seat 3: 40 ft cliff ($149.50 in chips)
Seat 4: TbIP-TbIP 88 ($72 in chips)
TbIP-TbIP 88: posts small blind $1
40 ft cliff: posts big blind $3
*** HOLE CARDS ***
TbIP-TbIP 88: raises $3 to $6
40 ft cliff: folds
Uncalled bet ($3) returned to TbIP-TbIP 88
TbIP-TbIP 88 collected $6 from pot
TbIP-TbIP 88: doesn't show hand
*** SUMMARY ***
Total pot $6 | Rake $0
Seat 3: 40 ft cliff (big blind) folded before Flop
Seat 4: TbIP-TbIP 88 (button) (small blind) collected ($6)


PokerStars Hand #145378070220:  Hold'em Limit ($3/$6 USD) - 2015/12/15 8:54:16 ET
Table 'Mimas' 6-max Seat #3 is the button
Seat 3: 40 ft cliff ($120 in chips)
Seat 4: TbIP-TbIP 88 ($72 in chips)
40 ft cliff: posts small blind $1
TbIP-TbIP 88: posts big blind $3
*** HOLE CARDS ***
40 ft cliff: raises $3 to $6
TbIP-TbIP 88: calls $3
*** FLOP *** [Jh 9c Ts]
TbIP-TbIP 88: checks
40 ft cliff: bets $3
TbIP-TbIP 88: raises $3 to $6
40 ft cliff: calls $3
*** TURN *** [Jh 9c Ts] [5c]
TbIP-TbIP 88: bets $6
40 ft cliff: calls $6
*** RIVER *** [Jh 9c Ts 5c] [7h]
TbIP-TbIP 88: bets $6
40 ft cliff: raises $6 to $12
TbIP-TbIP 88: calls $6
*** SHOW DOWN ***
40 ft cliff: shows [8c Ah] (a straight, Seven to Jack)
TbIP-TbIP 88: mucks hand
40 ft cliff collected $59.50 from pot
*** SUMMARY ***
Total pot $60 | Rake $0.50
Board [Jh 9c Ts 5c 7h]
Seat 3: 40 ft cliff (button) (small blind) showed [8c Ah] and won ($59.50) with a straight, Seven to Jack
Seat 4: TbIP-TbIP 88 (big blind) mucked


PokerStars Hand #145378112465:  Hold'em Limit ($3/$6 USD) - 2015/12/15 8:55:28 ET
Table 'Mimas' 6-max Seat #3 is the button
Seat 3: 40 ft cliff ($152.14 in chips)
Seat 4: TbIP-TbIP 88 ($75 in chips)
40 ft cliff: posts small blind $1
TbIP-TbIP 88: posts big blind $3
*** HOLE CARDS ***
40 ft cliff: raises $3 to $6
TbIP-TbIP 88: folds
Uncalled bet ($3) returned to 40 ft cliff
40 ft cliff collected $6 from pot
40 ft cliff: doesn't show hand
*** SUMMARY ***
Total pot $6 | Rake $0
Seat 3: 40 ft cliff (button) (small blind) collected ($6)
Seat 4: TbIP-TbIP 88 (big blind) folded before Flop


PokerStars Hand #145378107034:  Hold'em Limit ($3/$6 USD) - 2015/12/15 8:55:17 ET
Table 'Mimas' 6-max Seat #4 is the button
Seat 3: 40 ft cliff ($155.14 in chips)
Seat 4: TbIP-TbIP 88 ($72 in chips)
TbIP-TbIP 88: posts small blind $1
MTails joins the table at seat #2
40 ft cliff: posts big blind $3
*** HOLE CARDS ***
TbIP-TbIP 88: raises $3 to $6
40 ft cliff: folds
Uncalled bet ($3) returned to TbIP-TbIP 88
TbIP-TbIP 88 collected $6 from pot
TbIP-TbIP 88: doesn't show hand
*** SUMMARY ***
Total pot $6 | Rake $0
Seat 3: 40 ft cliff (big blind) folded before Flop
Seat 4: TbIP-TbIP 88 (button) (small blind) collected ($6)


PokerStars Hand #145378096449:  Hold'em Limit ($3/$6 USD) - 2015/12/15 8:54:59 ET
Table 'Mimas' 6-max Seat #3 is the button
Seat 3: 40 ft cliff ($146.50 in chips)
Seat 4: TbIP-TbIP 88 ($75 in chips)
40 ft cliff: posts small blind $1
TbIP-TbIP 88: posts big blind $3
*** HOLE CARDS ***
40 ft cliff: raises $3 to $6
TbIP-TbIP 88: calls $3
*** FLOP *** [Td 6d Ks]
TbIP-TbIP 88: checks
40 ft cliff: bets $3
TbIP-TbIP 88: calls $3
*** TURN *** [Td 6d Ks] [Jd]
TbIP-TbIP 88: checks
40 ft cliff: checks
*** RIVER *** [Td 6d Ks Jd] [7h]
TbIP-TbIP 88: checks
40 ft cliff: checks
*** SHOW DOWN ***
TbIP-TbIP 88: shows [4h 6c] (a pair of Sixes)
40 ft cliff: shows [6s Ah] (a pair of Sixes - Ace kicker)
40 ft cliff collected $17.64 from pot
*** SUMMARY ***
Total pot $18 | Rake $0.36
Board [Td 6d Ks Jd 7h]
Seat 3: 40 ft cliff (button) (small blind) showed [6s Ah] and won ($17.64) with a pair of Sixes
Seat 4: TbIP-TbIP 88 (big blind) showed [4h 6c] and lost with a pair of Sixes


PokerStars Hand #145379584431:  Hold'em Limit ($3/$6 USD) - 2015/12/15 9:34:05 ET
Table 'Mimas' 6-max Seat #6 is the button
Seat 4: TbIP-TbIP 88 ($120.34 in chips)
Seat 6: LolDnkaments ($82.43 in chips)
LolDnkaments: posts small blind $1
TbIP-TbIP 88: posts big blind $3
*** HOLE CARDS ***
LolDnkaments: raises $3 to $6
TbIP-TbIP 88: calls $3
*** FLOP *** [9c Ac 4s]
TbIP-TbIP 88: checks
LolDnkaments: bets $3
TbIP-TbIP 88: raises $3 to $6
LolDnkaments: folds
Uncalled bet ($3) returned to TbIP-TbIP 88
TbIP-TbIP 88 collected $17.64 from pot
TbIP-TbIP 88: doesn't show hand
*** SUMMARY ***
Total pot $18 | Rake $0.36
Board [9c Ac 4s]
Seat 4: TbIP-TbIP 88 (big blind) collected ($17.64)
Seat 6: LolDnkaments (button) (small blind) folded on the Flop


