PokerStars Hand #172601194304:  Hold'em Limit ($3/$6 USD) - 2017/07/04 13:30:42 ET
Table 'Mimas' 6-max Seat #4 is the button
Seat 3: robertass84 ($120 in chips)
Seat 4: Agrotait ($73 in chips)
Agrotait: posts small blind $1
robertass84: posts big blind $3
*** HOLE CARDS ***
Agrotait: folds
Uncalled bet ($2) returned to robertass84
robertass84 collected $2 from pot
robertass84: doesn't show hand
*** SUMMARY ***
Total pot $2 | Rake $0
Seat 3: robertass84 (big blind) collected ($2)
Seat 4: Agrotait (button) (small blind) folded before Flop


PokerStars Hand #172601183268:  Hold'em Limit ($3/$6 USD) - 2017/07/04 13:30:27 ET
Table 'Mimas' 6-max Seat #3 is the button
Seat 3: robertass84 ($120 in chips)
Seat 4: Agrotait ($72 in chips)
robertass84: posts small blind $1
Agrotait: posts big blind $3
*** HOLE CARDS ***
robertass84: folds
Uncalled bet ($2) returned to Agrotait
Agrotait collected $2 from pot
Agrotait: doesn't show hand
*** SUMMARY ***
Total pot $2 | Rake $0
Seat 3: robertass84 (button) (small blind) folded before Flop
Seat 4: Agrotait (big blind) collected ($2)


PokerStars Hand #172601214445:  Hold'em Limit ($3/$6 USD) - 2017/07/04 13:31:11 ET
Table 'Mimas' 6-max Seat #4 is the button
Seat 3: robertass84 ($129.64 in chips)
Seat 4: Agrotait ($63 in chips)
Agrotait: posts small blind $1
robertass84: posts big blind $3
*** HOLE CARDS ***
Agrotait: folds
Uncalled bet ($2) returned to robertass84
robertass84 collected $2 from pot
robertass84: doesn't show hand
*** SUMMARY ***
Total pot $2 | Rake $0
Seat 3: robertass84 (big blind) collected ($2)
Seat 4: Agrotait (button) (small blind) folded before Flop


PokerStars Hand #172601198805:  Hold'em Limit ($3/$6 USD) - 2017/07/04 13:30:49 ET
Table 'Mimas' 6-max Seat #3 is the button
Seat 3: robertass84 ($121 in chips)
Seat 4: Agrotait ($72 in chips)
robertass84: posts small blind $1
Agrotait: posts big blind $3
*** HOLE CARDS ***
robertass84: raises $3 to $6
Agrotait: calls $3
*** FLOP *** [2s 2c 6h]
Agrotait: checks
robertass84: bets $3
Agrotait: calls $3
*** TURN *** [2s 2c 6h] [6c]
Agrotait: checks
robertass84: bets $6
Agrotait: folds
Uncalled bet ($6) returned to robertass84
robertass84 collected $17.64 from pot
robertass84: doesn't show hand
*** SUMMARY ***
Total pot $18 | Rake $0.36
Board [2s 2c 6h 6c]
Seat 3: robertass84 (button) (small blind) collected ($17.64)
Seat 4: Agrotait (big blind) folded on the Turn


