PokerStars Hand #148477341279:  Hold'em Limit ($3/$6 USD) - 2016/02/08 18:41:34 ET
Table 'Mimas II' 2-max Seat #2 is the button
Seat 1: plofisu ($42 in chips)
Seat 2: BuzovaPro ($72 in chips)
BuzovaPro: posts small blind $1
plofisu: posts big blind $3
*** HOLE CARDS ***
BuzovaPro: raises $3 to $6
plofisu: calls $3
*** FLOP *** [3c Jh 7c]
plofisu: checks
BuzovaPro: bets $3
plofisu: calls $3
*** TURN *** [3c Jh 7c] [8s]
plofisu: checks
BuzovaPro: checks
*** RIVER *** [3c Jh 7c 8s] [Ah]
plofisu: checks
BuzovaPro: checks
*** SHOW DOWN ***
plofisu: shows [Kd Ts] (high card Ace)
BuzovaPro: shows [7s Qs] (a pair of Sevens)
BuzovaPro collected $17.64 from pot
*** SUMMARY ***
Total pot $18 | Rake $0.36
Board [3c Jh 7c 8s Ah]
Seat 1: plofisu (big blind) showed [Kd Ts] and lost with high card Ace
Seat 2: BuzovaPro (button) (small blind) showed [7s Qs] and won ($17.64) with a pair of Sevens


PokerStars Hand #148477409979:  Hold'em Limit ($3/$6 USD) - 2016/02/08 18:43:01 ET
Table 'Mimas II' 2-max Seat #1 is the button
Seat 1: plofisu ($80 in chips)
Seat 2: BuzovaPro ($93.16 in chips)
plofisu: posts small blind $1
BuzovaPro: posts big blind $3
*** HOLE CARDS ***
plofisu: folds
Uncalled bet ($2) returned to BuzovaPro
BuzovaPro collected $2 from pot
BuzovaPro: doesn't show hand
*** SUMMARY ***
Total pot $2 | Rake $0
Seat 1: plofisu (button) (small blind) folded before Flop
Seat 2: BuzovaPro (big blind) collected ($2)


PokerStars Hand #148477384625:  Hold'em Limit ($3/$6 USD) - 2016/02/08 18:42:29 ET
Table 'Mimas II' 2-max Seat #2 is the button
Seat 1: plofisu ($32 in chips)
Seat 2: BuzovaPro ($81.64 in chips)
BuzovaPro: posts small blind $1
plofisu: posts big blind $3
*** HOLE CARDS ***
BuzovaPro: raises $3 to $6
plofisu: calls $3
*** FLOP *** [6s 2c 3d]
plofisu: checks
BuzovaPro: bets $3
plofisu: raises $3 to $6
BuzovaPro: calls $3
*** TURN *** [6s 2c 3d] [2s]
plofisu: checks
BuzovaPro: checks
*** RIVER *** [6s 2c 3d 2s] [Tc]
plofisu: checks
BuzovaPro: checks
*** SHOW DOWN ***
plofisu: shows [8h Jc] (a pair of Deuces)
BuzovaPro: shows [Kd 8s] (a pair of Deuces - King kicker)
BuzovaPro collected $23.52 from pot
*** SUMMARY ***
Total pot $24 | Rake $0.48
Board [6s 2c 3d 2s Tc]
Seat 1: plofisu (big blind) showed [8h Jc] and lost with a pair of Deuces
Seat 2: BuzovaPro (button) (small blind) showed [Kd 8s] and won ($23.52) with a pair of Deuces


PokerStars Hand #148477375114:  Hold'em Limit ($3/$6 USD) - 2016/02/08 18:42:17 ET
Table 'Mimas II' 2-max Seat #1 is the button
Seat 1: plofisu ($33 in chips)
Seat 2: BuzovaPro ($80.64 in chips)
plofisu: posts small blind $1
BuzovaPro: posts big blind $3
*** HOLE CARDS ***
plofisu: folds
Uncalled bet ($2) returned to BuzovaPro
BuzovaPro collected $2 from pot
BuzovaPro: doesn't show hand
*** SUMMARY ***
Total pot $2 | Rake $0
Seat 1: plofisu (button) (small blind) folded before Flop
Seat 2: BuzovaPro (big blind) collected ($2)


PokerStars Hand #148477446036:  Hold'em Limit ($3/$6 USD) - 2016/02/08 18:43:47 ET
Table 'Mimas II' 2-max Seat #1 is the button
Seat 1: plofisu ($96.50 in chips)
Seat 2: BuzovaPro ($76.16 in chips)
plofisu: posts small blind $1
BuzovaPro: posts big blind $3
*** HOLE CARDS ***
plofisu: folds
Uncalled bet ($2) returned to BuzovaPro
BuzovaPro collected $2 from pot
BuzovaPro: doesn't show hand
*** SUMMARY ***
Total pot $2 | Rake $0
Seat 1: plofisu (button) (small blind) folded before Flop
Seat 2: BuzovaPro (big blind) collected ($2)


PokerStars Hand #148477414321:  Hold'em Limit ($3/$6 USD) - 2016/02/08 18:43:06 ET
Table 'Mimas II' 2-max Seat #2 is the button
Seat 1: plofisu ($79 in chips)
Seat 2: BuzovaPro ($94.16 in chips)
BuzovaPro: posts small blind $1
plofisu: posts big blind $3
*** HOLE CARDS ***
BuzovaPro: raises $3 to $6
plofisu: calls $3
*** FLOP *** [9s 8h 4h]
plofisu: checks
BuzovaPro: checks
*** TURN *** [9s 8h 4h] [3h]
plofisu: bets $6
BuzovaPro: calls $6
*** RIVER *** [9s 8h 4h 3h] [3s]
plofisu: bets $6
BuzovaPro: calls $6
*** SHOW DOWN ***
plofisu: shows [9d 7h] (two pair, Nines and Threes)
BuzovaPro: mucks hand
plofisu collected $35.50 from pot
*** SUMMARY ***
Total pot $36 | Rake $0.50
Board [9s 8h 4h 3h 3s]
Seat 1: plofisu (big blind) showed [9d 7h] and won ($35.50) with two pair, Nines and Threes
Seat 2: BuzovaPro (button) (small blind) mucked


PokerStars Hand #148477450903:  Hold'em Limit ($3/$6 USD) - 2016/02/08 18:43:53 ET
Table 'Mimas II' 2-max Seat #2 is the button
Seat 1: plofisu ($95.50 in chips)
Seat 2: BuzovaPro ($77.16 in chips)
BuzovaPro: posts small blind $1
plofisu: posts big blind $3
*** HOLE CARDS ***
BuzovaPro: raises $3 to $6
plofisu: raises $3 to $9
BuzovaPro: calls $3
*** FLOP *** [2s Ad Kh]
plofisu: bets $3
BuzovaPro: calls $3
*** TURN *** [2s Ad Kh] [2h]
plofisu: bets $6
BuzovaPro: calls $6
*** RIVER *** [2s Ad Kh 2h] [4h]
plofisu: bets $6
BuzovaPro: calls $6
*** SHOW DOWN ***
plofisu: shows [Kd Qh] (two pair, Kings and Deuces)
BuzovaPro: shows [Ac 7d] (two pair, Aces and Deuces)
BuzovaPro collected $47.50 from pot
*** SUMMARY ***
Total pot $48 | Rake $0.50
Board [2s Ad Kh 2h 4h]
Seat 1: plofisu (big blind) showed [Kd Qh] and lost with two pair, Kings and Deuces
Seat 2: BuzovaPro (button) (small blind) showed [Ac 7d] and won ($47.50) with two pair, Aces and Deuces


PokerStars Hand #148477554896:  Hold'em Limit ($3/$6 USD) - 2016/02/08 18:46:08 ET
Table 'Mimas II' 2-max Seat #1 is the button
Seat 1: plofisu ($79 in chips)
Seat 2: BuzovaPro ($92.42 in chips)
plofisu: posts small blind $1
BuzovaPro: posts big blind $3
*** HOLE CARDS ***
plofisu: raises $3 to $6
BuzovaPro: folds
Uncalled bet ($3) returned to plofisu
plofisu collected $6 from pot
plofisu: doesn't show hand
*** SUMMARY ***
Total pot $6 | Rake $0
Seat 1: plofisu (button) (small blind) collected ($6)
Seat 2: BuzovaPro (big blind) folded before Flop


PokerStars Hand #148477538168:  Hold'em Limit ($3/$6 USD) - 2016/02/08 18:45:47 ET
Table 'Mimas II' 2-max Seat #2 is the button
Seat 1: plofisu ($85 in chips)
Seat 2: BuzovaPro ($86.66 in chips)
BuzovaPro: posts small blind $1
plofisu: posts big blind $3
*** HOLE CARDS ***
BuzovaPro: raises $3 to $6
plofisu: calls $3
*** FLOP *** [Kc Js Qs]
plofisu: checks
BuzovaPro: bets $3
plofisu: folds
Uncalled bet ($3) returned to BuzovaPro
BuzovaPro collected $11.76 from pot
BuzovaPro: doesn't show hand
*** SUMMARY ***
Total pot $12 | Rake $0.24
Board [Kc Js Qs]
Seat 1: plofisu (big blind) folded on the Flop
Seat 2: BuzovaPro (button) (small blind) collected ($11.76)


PokerStars Hand #148477534141:  Hold'em Limit ($3/$6 USD) - 2016/02/08 18:45:41 ET
Table 'Mimas II' 2-max Seat #1 is the button
Seat 1: plofisu ($86 in chips)
Seat 2: BuzovaPro ($85.66 in chips)
plofisu: posts small blind $1
BuzovaPro: posts big blind $3
*** HOLE CARDS ***
plofisu: folds
Uncalled bet ($2) returned to BuzovaPro
BuzovaPro collected $2 from pot
BuzovaPro: doesn't show hand
*** SUMMARY ***
Total pot $2 | Rake $0
Seat 1: plofisu (button) (small blind) folded before Flop
Seat 2: BuzovaPro (big blind) collected ($2)


PokerStars Hand #148477529165:  Hold'em Limit ($3/$6 USD) - 2016/02/08 18:45:35 ET
Table 'Mimas II' 2-max Seat #2 is the button
Seat 1: plofisu ($89 in chips)
Seat 2: BuzovaPro ($82.66 in chips)
BuzovaPro: posts small blind $1
plofisu: posts big blind $3
*** HOLE CARDS ***
BuzovaPro: raises $3 to $6
plofisu: folds
Uncalled bet ($3) returned to BuzovaPro
BuzovaPro collected $6 from pot
BuzovaPro: doesn't show hand
*** SUMMARY ***
Total pot $6 | Rake $0
Seat 1: plofisu (big blind) folded before Flop
Seat 2: BuzovaPro (button) (small blind) collected ($6)


PokerStars Hand #148477500611:  Hold'em Limit ($3/$6 USD) - 2016/02/08 18:44:58 ET
Table 'Mimas II' 2-max Seat #1 is the button
Seat 1: plofisu ($71.50 in chips)
Seat 2: BuzovaPro ($100.66 in chips)
plofisu: posts small blind $1
BuzovaPro: posts big blind $3
*** HOLE CARDS ***
plofisu: raises $3 to $6
BuzovaPro: calls $3
*** FLOP *** [7c 7h Tc]
BuzovaPro: checks
plofisu: checks
*** TURN *** [7c 7h Tc] [4h]
BuzovaPro: bets $6
plofisu: calls $6
*** RIVER *** [7c 7h Tc 4h] [Qd]
BuzovaPro: checks
plofisu: bets $6
BuzovaPro: calls $6
*** SHOW DOWN ***
plofisu: shows [8h Qc] (two pair, Queens and Sevens)
BuzovaPro: mucks hand
plofisu collected $35.50 from pot
*** SUMMARY ***
Total pot $36 | Rake $0.50
Board [7c 7h Tc 4h Qd]
Seat 1: plofisu (button) (small blind) showed [8h Qc] and won ($35.50) with two pair, Queens and Sevens
Seat 2: BuzovaPro (big blind) mucked


PokerStars Hand #148477571266:  Hold'em Limit ($3/$6 USD) - 2016/02/08 18:46:29 ET
Table 'Mimas II' 2-max Seat #1 is the button
Seat 1: plofisu ($79 in chips)
Seat 2: BuzovaPro ($92.42 in chips)
plofisu: posts small blind $1
BuzovaPro: posts big blind $3
*** HOLE CARDS ***
plofisu: raises $3 to $6
BuzovaPro: calls $3
*** FLOP *** [9c Qd Ts]
BuzovaPro: checks
plofisu: bets $3
BuzovaPro: folds
Uncalled bet ($3) returned to plofisu
plofisu collected $11.76 from pot
plofisu: doesn't show hand
*** SUMMARY ***
Total pot $12 | Rake $0.24
Board [9c Qd Ts]
Seat 1: plofisu (button) (small blind) collected ($11.76)
Seat 2: BuzovaPro (big blind) folded on the Flop


PokerStars Hand #148477560348:  Hold'em Limit ($3/$6 USD) - 2016/02/08 18:46:15 ET
Table 'Mimas II' 2-max Seat #2 is the button
Seat 1: plofisu ($82 in chips)
Seat 2: BuzovaPro ($89.42 in chips)
BuzovaPro: posts small blind $1
plofisu: posts big blind $3
*** HOLE CARDS ***
BuzovaPro: raises $3 to $6
plofisu: folds
Uncalled bet ($3) returned to BuzovaPro
BuzovaPro collected $6 from pot
BuzovaPro: doesn't show hand
*** SUMMARY ***
Total pot $6 | Rake $0
Seat 1: plofisu (big blind) folded before Flop
Seat 2: BuzovaPro (button) (small blind) collected ($6)


PokerStars Hand #148477624557:  Hold'em Limit ($3/$6 USD) - 2016/02/08 18:47:39 ET
Table 'Mimas II' 2-max Seat #2 is the button
Seat 1: plofisu ($95.28 in chips)
Seat 2: BuzovaPro ($75.42 in chips)
BuzovaPro: posts small blind $1
plofisu: posts big blind $3
*** HOLE CARDS ***
BuzovaPro: raises $3 to $6
plofisu: calls $3
*** FLOP *** [8d Jh Jd]
plofisu: checks
BuzovaPro: bets $3
plofisu: raises $3 to $6
BuzovaPro: calls $3
*** TURN *** [8d Jh Jd] [3h]
plofisu: bets $6
BuzovaPro: calls $6
*** RIVER *** [8d Jh Jd 3h] [Th]
plofisu: bets $6
BuzovaPro: calls $6
*** SHOW DOWN ***
plofisu: shows [Td 9s] (two pair, Jacks and Tens)
BuzovaPro: shows [9d Tc] (two pair, Jacks and Tens)
plofisu collected $23.75 from pot
BuzovaPro collected $23.75 from pot
*** SUMMARY ***
Total pot $48 | Rake $0.50
Board [8d Jh Jd 3h Th]
Seat 1: plofisu (big blind) showed [Td 9s] and won ($23.75) with two pair, Jacks and Tens
Seat 2: BuzovaPro (button) (small blind) showed [9d Tc] and won ($23.75) with two pair, Jacks and Tens


PokerStars Hand #148477620525:  Hold'em Limit ($3/$6 USD) - 2016/02/08 18:47:33 ET
Table 'Mimas II' 2-max Seat #1 is the button
Seat 1: plofisu ($96.28 in chips)
Seat 2: BuzovaPro ($74.42 in chips)
plofisu: posts small blind $1
BuzovaPro: posts big blind $3
*** HOLE CARDS ***
plofisu: folds
Uncalled bet ($2) returned to BuzovaPro
BuzovaPro collected $2 from pot
BuzovaPro: doesn't show hand
*** SUMMARY ***
Total pot $2 | Rake $0
Seat 1: plofisu (button) (small blind) folded before Flop
Seat 2: BuzovaPro (big blind) collected ($2)


PokerStars Hand #148477616058:  Hold'em Limit ($3/$6 USD) - 2016/02/08 18:47:28 ET
Table 'Mimas II' 2-max Seat #2 is the button
Seat 1: plofisu ($95.28 in chips)
Seat 2: BuzovaPro ($75.42 in chips)
BuzovaPro: posts small blind $1
plofisu: posts big blind $3
*** HOLE CARDS ***
BuzovaPro: folds
Uncalled bet ($2) returned to plofisu
plofisu collected $2 from pot
plofisu: doesn't show hand
*** SUMMARY ***
Total pot $2 | Rake $0
Seat 1: plofisu (big blind) collected ($2)
Seat 2: BuzovaPro (button) (small blind) folded before Flop


PokerStars Hand #148477611642:  Hold'em Limit ($3/$6 USD) - 2016/02/08 18:47:22 ET
Table 'Mimas II' 2-max Seat #1 is the button
Seat 1: plofisu ($96.28 in chips)
Seat 2: BuzovaPro ($74.42 in chips)
plofisu: posts small blind $1
BuzovaPro: posts big blind $3
*** HOLE CARDS ***
plofisu: folds
Uncalled bet ($2) returned to BuzovaPro
BuzovaPro collected $2 from pot
BuzovaPro: doesn't show hand
*** SUMMARY ***
Total pot $2 | Rake $0
Seat 1: plofisu (button) (small blind) folded before Flop
Seat 2: BuzovaPro (big blind) collected ($2)


PokerStars Hand #148477586549:  Hold'em Limit ($3/$6 USD) - 2016/02/08 18:46:49 ET
Table 'Mimas II' 2-max Seat #2 is the button
Seat 1: plofisu ($84.76 in chips)
Seat 2: BuzovaPro ($86.42 in chips)
BuzovaPro: posts small blind $1
plofisu: posts big blind $3
*** HOLE CARDS ***
BuzovaPro: raises $3 to $6
plofisu: calls $3
*** FLOP *** [8c Js 9s]
plofisu: checks
BuzovaPro: checks
*** TURN *** [8c Js 9s] [9h]
plofisu: checks
BuzovaPro: bets $6
plofisu: calls $6
*** RIVER *** [8c Js 9s 9h] [2d]
plofisu: checks
BuzovaPro: checks
*** SHOW DOWN ***
plofisu: shows [Ad 4s] (a pair of Nines)
BuzovaPro: mucks hand
plofisu collected $23.52 from pot
*** SUMMARY ***
Total pot $24 | Rake $0.48
Board [8c Js 9s 9h 2d]
Seat 1: plofisu (big blind) showed [Ad 4s] and won ($23.52) with a pair of Nines
Seat 2: BuzovaPro (button) (small blind) mucked


PokerStars Hand #148477682096:  Hold'em Limit ($3/$6 USD) - 2016/02/08 18:48:54 ET
Table 'Mimas II' 2-max Seat #2 is the button
Seat 1: plofisu ($68.03 in chips)
Seat 2: BuzovaPro ($101.67 in chips)
BuzovaPro: posts small blind $1
plofisu: posts big blind $3
*** HOLE CARDS ***
BuzovaPro: folds
Uncalled bet ($2) returned to plofisu
plofisu collected $2 from pot
plofisu: doesn't show hand
*** SUMMARY ***
Total pot $2 | Rake $0
Seat 1: plofisu (big blind) collected ($2)
Seat 2: BuzovaPro (button) (small blind) folded before Flop


PokerStars Hand #148477677970:  Hold'em Limit ($3/$6 USD) - 2016/02/08 18:48:49 ET
Table 'Mimas II' 2-max Seat #1 is the button
Seat 1: plofisu ($69.03 in chips)
Seat 2: BuzovaPro ($100.67 in chips)
plofisu: posts small blind $1
BuzovaPro: posts big blind $3
*** HOLE CARDS ***
plofisu: folds
Uncalled bet ($2) returned to BuzovaPro
BuzovaPro collected $2 from pot
BuzovaPro: doesn't show hand
*** SUMMARY ***
Total pot $2 | Rake $0
Seat 1: plofisu (button) (small blind) folded before Flop
Seat 2: BuzovaPro (big blind) collected ($2)


PokerStars Hand #148477672248:  Hold'em Limit ($3/$6 USD) - 2016/02/08 18:48:41 ET
Table 'Mimas II' 2-max Seat #2 is the button
Seat 1: plofisu ($68.03 in chips)
Seat 2: BuzovaPro ($101.67 in chips)
BuzovaPro: posts small blind $1
plofisu: posts big blind $3
*** HOLE CARDS ***
BuzovaPro: folds
Uncalled bet ($2) returned to plofisu
plofisu collected $2 from pot
plofisu: doesn't show hand
*** SUMMARY ***
Total pot $2 | Rake $0
Seat 1: plofisu (big blind) collected ($2)
Seat 2: BuzovaPro (button) (small blind) folded before Flop


PokerStars Hand #148477651027:  Hold'em Limit ($3/$6 USD) - 2016/02/08 18:48:14 ET
Table 'Mimas II' 2-max Seat #1 is the button
Seat 1: plofisu ($95.03 in chips)
Seat 2: BuzovaPro ($75.17 in chips)
plofisu: posts small blind $1
BuzovaPro: posts big blind $3
*** HOLE CARDS ***
plofisu: raises $3 to $6
BuzovaPro: calls $3
*** FLOP *** [4c Jc 5d]
BuzovaPro: checks
plofisu: bets $3
BuzovaPro: calls $3
*** TURN *** [4c Jc 5d] [Qd]
BuzovaPro: checks
plofisu: bets $6
BuzovaPro: raises $6 to $12
plofisu: calls $6
*** RIVER *** [4c Jc 5d Qd] [7c]
BuzovaPro: bets $6
plofisu: calls $6
*** SHOW DOWN ***
BuzovaPro: shows [4s Qh] (two pair, Queens and Fours)
plofisu: mucks hand
BuzovaPro collected $53.50 from pot
*** SUMMARY ***
Total pot $54 | Rake $0.50
Board [4c Jc 5d Qd 7c]
Seat 1: plofisu (button) (small blind) mucked
Seat 2: BuzovaPro (big blind) showed [4s Qh] and won ($53.50) with two pair, Queens and Fours


PokerStars Hand #148477685873:  Hold'em Limit ($3/$6 USD) - 2016/02/08 18:48:59 ET
Table 'Mimas II' 2-max Seat #1 is the button
Seat 1: plofisu ($69.03 in chips)
Seat 2: BuzovaPro ($100.67 in chips)
plofisu: posts small blind $1
BuzovaPro: posts big blind $3
*** HOLE CARDS ***
plofisu: raises $3 to $6
BuzovaPro: calls $3
*** FLOP *** [Js Ts 3s]
BuzovaPro: checks
plofisu: bets $3
BuzovaPro: folds
Uncalled bet ($3) returned to plofisu
plofisu collected $11.76 from pot
plofisu: doesn't show hand
*** SUMMARY ***
Total pot $12 | Rake $0.24
Board [Js Ts 3s]
Seat 1: plofisu (button) (small blind) collected ($11.76)
Seat 2: BuzovaPro (big blind) folded on the Flop


PokerStars Hand #148477694912:  Hold'em Limit ($3/$6 USD) - 2016/02/08 18:49:11 ET
Table 'Mimas II' 2-max Seat #2 is the button
Seat 1: plofisu ($74.79 in chips)
Seat 2: BuzovaPro ($94.67 in chips)
BuzovaPro: posts small blind $1
plofisu: posts big blind $3
*** HOLE CARDS ***
BuzovaPro: raises $3 to $6
plofisu: raises $3 to $9
BuzovaPro: calls $3
*** FLOP *** [8h 6c 8c]
plofisu: bets $3
BuzovaPro: folds
Uncalled bet ($3) returned to plofisu
plofisu collected $17.64 from pot
plofisu: doesn't show hand
*** SUMMARY ***
Total pot $18 | Rake $0.36
Board [8h 6c 8c]
Seat 1: plofisu (big blind) collected ($17.64)
Seat 2: BuzovaPro (button) (small blind) folded on the Flop


PokerStars Hand #148477748238:  Hold'em Limit ($3/$6 USD) - 2016/02/08 18:50:22 ET
Table 'Mimas II' 2-max Seat #2 is the button
Seat 1: plofisu ($60.43 in chips)
Seat 2: BuzovaPro ($107.81 in chips)
BuzovaPro: posts small blind $1
plofisu: posts big blind $3
*** HOLE CARDS ***
BuzovaPro: folds
Uncalled bet ($2) returned to plofisu
plofisu collected $2 from pot
plofisu: doesn't show hand
*** SUMMARY ***
Total pot $2 | Rake $0
Seat 1: plofisu (big blind) collected ($2)
Seat 2: BuzovaPro (button) (small blind) folded before Flop


PokerStars Hand #148477736357:  Hold'em Limit ($3/$6 USD) - 2016/02/08 18:50:06 ET
Table 'Mimas II' 2-max Seat #1 is the button
Seat 1: plofisu ($69.43 in chips)
Seat 2: BuzovaPro ($99.17 in chips)
plofisu: posts small blind $1
BuzovaPro: posts big blind $3
*** HOLE CARDS ***
plofisu: raises $3 to $6
BuzovaPro: raises $3 to $9
plofisu: calls $3
*** FLOP *** [2d 4c Ts]
BuzovaPro: bets $3
plofisu: folds
Uncalled bet ($3) returned to BuzovaPro
BuzovaPro collected $17.64 from pot
BuzovaPro: doesn't show hand
*** SUMMARY ***
Total pot $18 | Rake $0.36
Board [2d 4c Ts]
Seat 1: plofisu (button) (small blind) folded on the Flop
Seat 2: BuzovaPro (big blind) collected ($17.64)


PokerStars Hand #148477728181:  Hold'em Limit ($3/$6 USD) - 2016/02/08 18:49:55 ET
Table 'Mimas II' 2-max Seat #2 is the button
Seat 1: plofisu ($68.43 in chips)
Seat 2: BuzovaPro ($100.17 in chips)
BuzovaPro: posts small blind $1
plofisu: posts big blind $3
*** HOLE CARDS ***
BuzovaPro: folds
Uncalled bet ($2) returned to plofisu
plofisu collected $2 from pot
plofisu: doesn't show hand
*** SUMMARY ***
Total pot $2 | Rake $0
Seat 1: plofisu (big blind) collected ($2)
Seat 2: BuzovaPro (button) (small blind) folded before Flop


PokerStars Hand #148477706574:  Hold'em Limit ($3/$6 USD) - 2016/02/08 18:49:27 ET
Table 'Mimas II' 2-max Seat #1 is the button
Seat 1: plofisu ($83.43 in chips)
Seat 2: BuzovaPro ($85.67 in chips)
plofisu: posts small blind $1
BuzovaPro: posts big blind $3
*** HOLE CARDS ***
plofisu: raises $3 to $6
BuzovaPro: calls $3
*** FLOP *** [8h 8s Th]
BuzovaPro: checks
plofisu: bets $3
BuzovaPro: calls $3
*** TURN *** [8h 8s Th] [5s]
BuzovaPro: checks
plofisu: bets $6
BuzovaPro: calls $6
*** RIVER *** [8h 8s Th 5s] [5d]
BuzovaPro: checks
plofisu: checks
*** SHOW DOWN ***
BuzovaPro: shows [3h Ac] (two pair, Eights and Fives)
plofisu: mucks hand
BuzovaPro collected $29.50 from pot
*** SUMMARY ***
Total pot $30 | Rake $0.50
Board [8h 8s Th 5s 5d]
Seat 1: plofisu (button) (small blind) mucked
Seat 2: BuzovaPro (big blind) showed [3h Ac] and won ($29.50) with two pair, Eights and Fives


PokerStars Hand #148477766015:  Hold'em Limit ($3/$6 USD) - 2016/02/08 18:50:46 ET
Table 'Mimas II' 2-max Seat #2 is the button
Seat 1: plofisu ($52.43 in chips)
Seat 2: BuzovaPro ($115.45 in chips)
BuzovaPro: posts small blind $1
plofisu: posts big blind $3
*** HOLE CARDS ***
BuzovaPro: folds
Uncalled bet ($2) returned to plofisu
plofisu collected $2 from pot
plofisu: doesn't show hand
*** SUMMARY ***
Total pot $2 | Rake $0
Seat 1: plofisu (big blind) collected ($2)
Seat 2: BuzovaPro (button) (small blind) folded before Flop


PokerStars Hand #148477752609:  Hold'em Limit ($3/$6 USD) - 2016/02/08 18:50:28 ET
Table 'Mimas II' 2-max Seat #1 is the button
Seat 1: plofisu ($61.43 in chips)
Seat 2: BuzovaPro ($106.81 in chips)
plofisu: posts small blind $1
BuzovaPro: posts big blind $3
*** HOLE CARDS ***
plofisu: raises $3 to $6
BuzovaPro: raises $3 to $9
plofisu: calls $3
*** FLOP *** [3d 4h 2s]
BuzovaPro: bets $3
plofisu: folds
Uncalled bet ($3) returned to BuzovaPro
BuzovaPro collected $17.64 from pot
BuzovaPro: doesn't show hand
*** SUMMARY ***
Total pot $18 | Rake $0.36
Board [3d 4h 2s]
Seat 1: plofisu (button) (small blind) folded on the Flop
Seat 2: BuzovaPro (big blind) collected ($17.64)


PokerStars Hand #148477770847:  Hold'em Limit ($3/$6 USD) - 2016/02/08 18:50:52 ET
Table 'Mimas II' 2-max Seat #1 is the button
Seat 1: plofisu ($53.43 in chips)
Seat 2: BuzovaPro ($114.45 in chips)
plofisu: posts small blind $1
BuzovaPro: posts big blind $3
*** HOLE CARDS ***
plofisu: raises $3 to $6
BuzovaPro: calls $3
*** FLOP *** [Js 8c 3c]
BuzovaPro: checks
plofisu: bets $3
BuzovaPro: calls $3
*** TURN *** [Js 8c 3c] [Kc]
BuzovaPro: checks
plofisu: bets $6
BuzovaPro: calls $6
*** RIVER *** [Js 8c 3c Kc] [2c]
BuzovaPro: bets $6
plofisu: calls $6
*** SHOW DOWN ***
BuzovaPro: shows [As Qh] (high card Ace)
plofisu: shows [Tc 8d] (a flush, King high)
plofisu collected $41.50 from pot
*** SUMMARY ***
Total pot $42 | Rake $0.50
Board [Js 8c 3c Kc 2c]
Seat 1: plofisu (button) (small blind) showed [Tc 8d] and won ($41.50) with a flush, King high
Seat 2: BuzovaPro (big blind) showed [As Qh] and lost with high card Ace


PokerStars Hand #148477796522:  Hold'em Limit ($3/$6 USD) - 2016/02/08 18:51:27 ET
Table 'Mimas II' 2-max Seat #2 is the button
Seat 1: plofisu ($73.93 in chips)
Seat 2: BuzovaPro ($93.45 in chips)
BuzovaPro: posts small blind $1
plofisu: posts big blind $3
*** HOLE CARDS ***
BuzovaPro: raises $3 to $6
plofisu: calls $3
*** FLOP *** [2d 5d 9d]
plofisu: checks
BuzovaPro: bets $3
plofisu: raises $3 to $6
BuzovaPro: calls $3
*** TURN *** [2d 5d 9d] [2c]
plofisu: checks
BuzovaPro: bets $6
plofisu: folds
Uncalled bet ($6) returned to BuzovaPro
BuzovaPro collected $23.52 from pot
BuzovaPro: doesn't show hand
*** SUMMARY ***
Total pot $24 | Rake $0.48
Board [2d 5d 9d 2c]
Seat 1: plofisu (big blind) folded on the Turn
Seat 2: BuzovaPro (button) (small blind) collected ($23.52)


PokerStars Hand #148477814965:  Hold'em Limit ($3/$6 USD) - 2016/02/08 18:51:51 ET
Table 'Mimas II' 2-max Seat #1 is the button
Seat 1: plofisu ($61.93 in chips)
Seat 2: BuzovaPro ($104.97 in chips)
plofisu: posts small blind $1
BuzovaPro: posts big blind $3
*** HOLE CARDS ***
plofisu: raises $3 to $6
BuzovaPro: folds
Uncalled bet ($3) returned to plofisu
plofisu collected $6 from pot
plofisu: doesn't show hand
*** SUMMARY ***
Total pot $6 | Rake $0
Seat 1: plofisu (button) (small blind) collected ($6)
Seat 2: BuzovaPro (big blind) folded before Flop


PokerStars Hand #148477820774:  Hold'em Limit ($3/$6 USD) - 2016/02/08 18:51:59 ET
Table 'Mimas II' 2-max Seat #2 is the button
Seat 1: plofisu ($64.93 in chips)
Seat 2: BuzovaPro ($101.97 in chips)
BuzovaPro: posts small blind $1
plofisu: posts big blind $3
*** HOLE CARDS ***
BuzovaPro: raises $3 to $6
plofisu: calls $3
*** FLOP *** [5s As Kd]
plofisu: checks
BuzovaPro: bets $3
plofisu: folds
Uncalled bet ($3) returned to BuzovaPro
BuzovaPro collected $11.76 from pot
BuzovaPro: doesn't show hand
*** SUMMARY ***
Total pot $12 | Rake $0.24
Board [5s As Kd]
Seat 1: plofisu (big blind) folded on the Flop
Seat 2: BuzovaPro (button) (small blind) collected ($11.76)


PokerStars Hand #148477848290:  Hold'em Limit ($3/$6 USD) - 2016/02/08 18:52:36 ET
Table 'Mimas II' 2-max Seat #2 is the button
Seat 1: plofisu ($73.43 in chips)
Seat 2: BuzovaPro ($92.73 in chips)
BuzovaPro: posts small blind $1
plofisu: posts big blind $3
*** HOLE CARDS ***
BuzovaPro: raises $3 to $6
plofisu: folds
Uncalled bet ($3) returned to BuzovaPro
BuzovaPro collected $6 from pot
BuzovaPro: doesn't show hand
*** SUMMARY ***
Total pot $6 | Rake $0
Seat 1: plofisu (big blind) folded before Flop
Seat 2: BuzovaPro (button) (small blind) collected ($6)


PokerStars Hand #148477852474:  Hold'em Limit ($3/$6 USD) - 2016/02/08 18:52:41 ET
Table 'Mimas II' 2-max Seat #1 is the button
Seat 1: plofisu ($70.43 in chips)
Seat 2: BuzovaPro ($95.73 in chips)
plofisu: posts small blind $1
BuzovaPro: posts big blind $3
*** HOLE CARDS ***
plofisu: raises $3 to $6
BuzovaPro: calls $3
*** FLOP *** [Th Jd 3c]
BuzovaPro: checks
plofisu: checks
*** TURN *** [Th Jd 3c] [2h]
BuzovaPro: checks
plofisu: checks
*** RIVER *** [Th Jd 3c 2h] [8h]
BuzovaPro: bets $6
plofisu: calls $6
*** SHOW DOWN ***
BuzovaPro: shows [Js 8d] (two pair, Jacks and Eights)
plofisu: mucks hand
BuzovaPro collected $23.52 from pot
*** SUMMARY ***
Total pot $24 | Rake $0.48
Board [Th Jd 3c 2h 8h]
Seat 1: plofisu (button) (small blind) mucked
Seat 2: BuzovaPro (big blind) showed [Js 8d] and won ($23.52) with two pair, Jacks and Eights


PokerStars Hand #148477865781:  Hold'em Limit ($3/$6 USD) - 2016/02/08 18:52:59 ET
Table 'Mimas II' 2-max Seat #2 is the button
Seat 1: plofisu ($58.43 in chips)
Seat 2: BuzovaPro ($107.25 in chips)
BuzovaPro: posts small blind $1
plofisu: posts big blind $3
*** HOLE CARDS ***
BuzovaPro: raises $3 to $6
plofisu: raises $3 to $9
BuzovaPro: raises $3 to $12
Betting is capped
plofisu: calls $3
*** FLOP *** [2d 3c Th]
plofisu: checks
BuzovaPro: bets $3
plofisu: raises $3 to $6
BuzovaPro: calls $3
*** TURN *** [2d 3c Th] [Js]
plofisu: bets $6
BuzovaPro: folds
Uncalled bet ($6) returned to plofisu
plofisu collected $35.50 from pot
plofisu: doesn't show hand
*** SUMMARY ***
Total pot $36 | Rake $0.50
Board [2d 3c Th Js]
Seat 1: plofisu (big blind) collected ($35.50)
Seat 2: BuzovaPro (button) (small blind) folded on the Turn


PokerStars Hand #148477829369:  Hold'em Limit ($3/$6 USD) - 2016/02/08 18:52:10 ET
Table 'Mimas II' 2-max Seat #1 is the button
Seat 1: plofisu ($58.93 in chips)
Seat 2: BuzovaPro ($107.73 in chips)
plofisu: posts small blind $1
BuzovaPro: posts big blind $3
*** HOLE CARDS ***
plofisu: raises $3 to $6
BuzovaPro: calls $3
*** FLOP *** [7c 2c Tc]
BuzovaPro: checks
plofisu: bets $3
BuzovaPro: calls $3
*** TURN *** [7c 2c Tc] [Qh]
BuzovaPro: checks
plofisu: bets $6
BuzovaPro: calls $6
*** RIVER *** [7c 2c Tc Qh] [2h]
BuzovaPro: checks
plofisu: bets $6
BuzovaPro: folds
Uncalled bet ($6) returned to plofisu
plofisu collected $29.50 from pot
plofisu: doesn't show hand
*** SUMMARY ***
Total pot $30 | Rake $0.50
Board [7c 2c Tc Qh 2h]
Seat 1: plofisu (button) (small blind) collected ($29.50)
Seat 2: BuzovaPro (big blind) folded on the River


PokerStars Hand #148477883571:  Hold'em Limit ($3/$6 USD) - 2016/02/08 18:53:23 ET
Table 'Mimas II' 2-max Seat #1 is the button
Seat 1: plofisu ($75.93 in chips)
Seat 2: BuzovaPro ($89.25 in chips)
plofisu: posts small blind $1
BuzovaPro: posts big blind $3
*** HOLE CARDS ***
plofisu: raises $3 to $6
BuzovaPro: calls $3
*** FLOP *** [3s 7c 9s]
BuzovaPro: checks
plofisu: checks
*** TURN *** [3s 7c 9s] [Qh]
BuzovaPro: checks
plofisu: checks
*** RIVER *** [3s 7c 9s Qh] [Th]
BuzovaPro: bets $6
plofisu: raises $6 to $12
BuzovaPro: calls $6
*** SHOW DOWN ***
plofisu: shows [7h Tc] (two pair, Tens and Sevens)
BuzovaPro: shows [6s 8c] (a straight, Six to Ten)
BuzovaPro collected $35.50 from pot
*** SUMMARY ***
Total pot $36 | Rake $0.50
Board [3s 7c 9s Qh Th]
Seat 1: plofisu (button) (small blind) showed [7h Tc] and lost with two pair, Tens and Sevens
Seat 2: BuzovaPro (big blind) showed [6s 8c] and won ($35.50) with a straight, Six to Ten


PokerStars Hand #148477903820:  Hold'em Limit ($3/$6 USD) - 2016/02/08 18:53:51 ET
Table 'Mimas II' 2-max Seat #2 is the button
Seat 1: plofisu ($57.93 in chips)
Seat 2: BuzovaPro ($106.75 in chips)
BuzovaPro: posts small blind $1
plofisu: posts big blind $3
*** HOLE CARDS ***
BuzovaPro: raises $3 to $6
plofisu: folds
Uncalled bet ($3) returned to BuzovaPro
BuzovaPro collected $6 from pot
BuzovaPro: doesn't show hand
*** SUMMARY ***
Total pot $6 | Rake $0
Seat 1: plofisu (big blind) folded before Flop
Seat 2: BuzovaPro (button) (small blind) collected ($6)


PokerStars Hand #148477909538:  Hold'em Limit ($3/$6 USD) - 2016/02/08 18:53:58 ET
Table 'Mimas II' 2-max Seat #1 is the button
Seat 1: plofisu ($54.93 in chips)
Seat 2: BuzovaPro ($109.75 in chips)
plofisu: posts small blind $1
BuzovaPro: posts big blind $3
*** HOLE CARDS ***
plofisu: folds
Uncalled bet ($2) returned to BuzovaPro
BuzovaPro collected $2 from pot
BuzovaPro: doesn't show hand
*** SUMMARY ***
Total pot $2 | Rake $0
Seat 1: plofisu (button) (small blind) folded before Flop
Seat 2: BuzovaPro (big blind) collected ($2)


PokerStars Hand #148477918123:  Hold'em Limit ($3/$6 USD) - 2016/02/08 18:54:10 ET
Table 'Mimas II' 2-max Seat #2 is the button
Seat 1: plofisu ($53.93 in chips)
Seat 2: BuzovaPro ($110.75 in chips)
BuzovaPro: posts small blind $1
plofisu: posts big blind $3
*** HOLE CARDS ***
BuzovaPro: raises $3 to $6
plofisu: folds
Uncalled bet ($3) returned to BuzovaPro
BuzovaPro collected $6 from pot
BuzovaPro: doesn't show hand
*** SUMMARY ***
Total pot $6 | Rake $0
Seat 1: plofisu (big blind) folded before Flop
Seat 2: BuzovaPro (button) (small blind) collected ($6)


PokerStars Hand #148477926986:  Hold'em Limit ($3/$6 USD) - 2016/02/08 18:54:22 ET
Table 'Mimas II' 2-max Seat #2 is the button
Seat 1: plofisu ($53.93 in chips)
Seat 2: BuzovaPro ($110.75 in chips)
BuzovaPro: posts small blind $1
plofisu: posts big blind $3
*** HOLE CARDS ***
BuzovaPro: folds
Uncalled bet ($2) returned to plofisu
plofisu collected $2 from pot
plofisu: doesn't show hand
*** SUMMARY ***
Total pot $2 | Rake $0
Seat 1: plofisu (big blind) collected ($2)
Seat 2: BuzovaPro (button) (small blind) folded before Flop


PokerStars Hand #148477922604:  Hold'em Limit ($3/$6 USD) - 2016/02/08 18:54:16 ET
Table 'Mimas II' 2-max Seat #1 is the button
Seat 1: plofisu ($50.93 in chips)
Seat 2: BuzovaPro ($113.75 in chips)
plofisu: posts small blind $1
BuzovaPro: posts big blind $3
*** HOLE CARDS ***
plofisu: raises $3 to $6
BuzovaPro: folds
Uncalled bet ($3) returned to plofisu
plofisu collected $6 from pot
plofisu: doesn't show hand
*** SUMMARY ***
Total pot $6 | Rake $0
Seat 1: plofisu (button) (small blind) collected ($6)
Seat 2: BuzovaPro (big blind) folded before Flop


PokerStars Hand #148477939598:  Hold'em Limit ($3/$6 USD) - 2016/02/08 18:54:39 ET
Table 'Mimas II' 2-max Seat #1 is the button
Seat 1: plofisu ($50.93 in chips)
Seat 2: BuzovaPro ($113.75 in chips)
plofisu: posts small blind $1
BuzovaPro: posts big blind $3
*** HOLE CARDS ***
plofisu: raises $3 to $6
BuzovaPro: raises $3 to $9
plofisu: calls $3
*** FLOP *** [Jd Ks 5h]
BuzovaPro: bets $3
plofisu: folds
Uncalled bet ($3) returned to BuzovaPro
BuzovaPro collected $17.64 from pot
BuzovaPro: doesn't show hand
*** SUMMARY ***
Total pot $18 | Rake $0.36
Board [Jd Ks 5h]
Seat 1: plofisu (button) (small blind) folded on the Flop
Seat 2: BuzovaPro (big blind) collected ($17.64)


PokerStars Hand #148477948482:  Hold'em Limit ($3/$6 USD) - 2016/02/08 18:54:52 ET
Table 'Mimas II' 2-max Seat #2 is the button
Seat 1: plofisu ($41.93 in chips)
Seat 2: BuzovaPro ($122.39 in chips)
BuzovaPro: posts small blind $1
plofisu: posts big blind $3
*** HOLE CARDS ***
BuzovaPro: raises $3 to $6
plofisu: folds
Uncalled bet ($3) returned to BuzovaPro
BuzovaPro collected $6 from pot
BuzovaPro: doesn't show hand
*** SUMMARY ***
Total pot $6 | Rake $0
Seat 1: plofisu (big blind) folded before Flop
Seat 2: BuzovaPro (button) (small blind) collected ($6)


PokerStars Hand #148477951945:  Hold'em Limit ($3/$6 USD) - 2016/02/08 18:54:56 ET
Table 'Mimas II' 2-max Seat #1 is the button
Seat 1: plofisu ($38.93 in chips)
Seat 2: BuzovaPro ($125.39 in chips)
plofisu: posts small blind $1
BuzovaPro: posts big blind $3
*** HOLE CARDS ***
plofisu: raises $3 to $6
BuzovaPro: calls $3
*** FLOP *** [6s 7s Ah]
BuzovaPro: checks
plofisu: bets $3
BuzovaPro: calls $3
*** TURN *** [6s 7s Ah] [8s]
BuzovaPro: checks
plofisu: checks
*** RIVER *** [6s 7s Ah 8s] [3d]
BuzovaPro: bets $6
plofisu: folds
Uncalled bet ($6) returned to BuzovaPro
BuzovaPro collected $17.64 from pot
BuzovaPro: doesn't show hand
*** SUMMARY ***
Total pot $18 | Rake $0.36
Board [6s 7s Ah 8s 3d]
Seat 1: plofisu (button) (small blind) folded on the River
Seat 2: BuzovaPro (big blind) collected ($17.64)


PokerStars Hand #148477935128:  Hold'em Limit ($3/$6 USD) - 2016/02/08 18:54:33 ET
Table 'Mimas II' 2-max Seat #2 is the button
Seat 1: plofisu ($53.93 in chips)
Seat 2: BuzovaPro ($110.75 in chips)
BuzovaPro: posts small blind $1
plofisu: posts big blind $3
*** HOLE CARDS ***
BuzovaPro: raises $3 to $6
plofisu: folds
Uncalled bet ($3) returned to BuzovaPro
BuzovaPro collected $6 from pot
BuzovaPro: doesn't show hand
*** SUMMARY ***
Total pot $6 | Rake $0
Seat 1: plofisu (big blind) folded before Flop
Seat 2: BuzovaPro (button) (small blind) collected ($6)


PokerStars Hand #148477931079:  Hold'em Limit ($3/$6 USD) - 2016/02/08 18:54:28 ET
Table 'Mimas II' 2-max Seat #1 is the button
Seat 1: plofisu ($54.93 in chips)
Seat 2: BuzovaPro ($109.75 in chips)
plofisu: posts small blind $1
BuzovaPro: posts big blind $3
*** HOLE CARDS ***
plofisu: folds
Uncalled bet ($2) returned to BuzovaPro
BuzovaPro collected $2 from pot
BuzovaPro: doesn't show hand
*** SUMMARY ***
Total pot $2 | Rake $0
Seat 1: plofisu (button) (small blind) folded before Flop
Seat 2: BuzovaPro (big blind) collected ($2)


PokerStars Hand #148477979766:  Hold'em Limit ($3/$6 USD) - 2016/02/08 18:55:39 ET
Table 'Mimas II' 2-max Seat #2 is the button
Seat 1: plofisu ($44.45 in chips)
Seat 2: BuzovaPro ($119.03 in chips)
BuzovaPro: posts small blind $1
plofisu: posts big blind $3
*** HOLE CARDS ***
BuzovaPro: raises $3 to $6
plofisu: calls $3
*** FLOP *** [7d 8d 5s]
plofisu: checks
BuzovaPro: checks
*** TURN *** [7d 8d 5s] [Td]
plofisu: bets $6
BuzovaPro: calls $6
*** RIVER *** [7d 8d 5s Td] [8s]
plofisu: checks
BuzovaPro: bets $6
plofisu: calls $6
*** SHOW DOWN ***
BuzovaPro: shows [Qh Ts] (two pair, Tens and Eights)
plofisu: mucks hand
BuzovaPro collected $35.50 from pot
*** SUMMARY ***
Total pot $36 | Rake $0.50
Board [7d 8d 5s Td 8s]
Seat 1: plofisu (big blind) mucked
Seat 2: BuzovaPro (button) (small blind) showed [Qh Ts] and won ($35.50) with two pair, Tens and Eights


PokerStars Hand #148477999785:  Hold'em Limit ($3/$6 USD) - 2016/02/08 18:56:12 ET
Table 'Mimas II' 2-max Seat #1 is the button
Seat 1: plofisu ($26.45 in chips)
Seat 2: BuzovaPro ($136.53 in chips)
plofisu: posts small blind $1
BuzovaPro: posts big blind $3
*** HOLE CARDS ***
plofisu: raises $3 to $6
BuzovaPro: calls $3
*** FLOP *** [Jh 4h Jc]
BuzovaPro: checks
plofisu: bets $3
BuzovaPro: calls $3
*** TURN *** [Jh 4h Jc] [6d]
BuzovaPro: checks
plofisu: bets $6
BuzovaPro: folds
Uncalled bet ($6) returned to plofisu
plofisu collected $17.64 from pot
plofisu: doesn't show hand
*** SUMMARY ***
Total pot $18 | Rake $0.36
Board [Jh 4h Jc 6d]
Seat 1: plofisu (button) (small blind) collected ($17.64)
Seat 2: BuzovaPro (big blind) folded on the Turn


PokerStars Hand #148477976279:  Hold'em Limit ($3/$6 USD) - 2016/02/08 18:55:33 ET
Table 'Mimas II' 2-max Seat #1 is the button
Seat 1: plofisu ($41.45 in chips)
Seat 2: BuzovaPro ($122.03 in chips)
plofisu: posts small blind $1
BuzovaPro: posts big blind $3
*** HOLE CARDS ***
plofisu: raises $3 to $6
BuzovaPro: folds
Uncalled bet ($3) returned to plofisu
plofisu collected $6 from pot
plofisu: doesn't show hand
*** SUMMARY ***
Total pot $6 | Rake $0
Seat 1: plofisu (button) (small blind) collected ($6)
Seat 2: BuzovaPro (big blind) folded before Flop


PokerStars Hand #148477964057:  Hold'em Limit ($3/$6 USD) - 2016/02/08 18:55:13 ET
Table 'Mimas II' 2-max Seat #2 is the button
Seat 1: plofisu ($29.93 in chips)
Seat 2: BuzovaPro ($134.03 in chips)
BuzovaPro: posts small blind $1
plofisu: posts big blind $3
*** HOLE CARDS ***
BuzovaPro: raises $3 to $6
plofisu: raises $3 to $9
BuzovaPro: calls $3
*** FLOP *** [Jd 5s 3s]
plofisu: bets $3
BuzovaPro: calls $3
*** TURN *** [Jd 5s 3s] [Kc]
plofisu: bets $6
BuzovaPro: folds
Uncalled bet ($6) returned to plofisu
plofisu collected $23.52 from pot
plofisu: doesn't show hand
*** SUMMARY ***
Total pot $24 | Rake $0.48
Board [Jd 5s 3s Kc]
Seat 1: plofisu (big blind) collected ($23.52)
Seat 2: BuzovaPro (button) (small blind) folded on the Turn


PokerStars Hand #148478018843:  Hold'em Limit ($3/$6 USD) - 2016/02/08 18:56:44 ET
Table 'Mimas II' 2-max Seat #1 is the button
Seat 1: plofisu ($43.73 in chips)
Seat 2: BuzovaPro ($118.53 in chips)
plofisu: posts small blind $1
BuzovaPro: posts big blind $3
*** HOLE CARDS ***
plofisu: folds
Uncalled bet ($2) returned to BuzovaPro
BuzovaPro collected $2 from pot
BuzovaPro: doesn't show hand
*** SUMMARY ***
Total pot $2 | Rake $0
Seat 1: plofisu (button) (small blind) folded before Flop
Seat 2: BuzovaPro (big blind) collected ($2)


PokerStars Hand #148478009485:  Hold'em Limit ($3/$6 USD) - 2016/02/08 18:56:28 ET
Table 'Mimas II' 2-max Seat #2 is the button
Seat 1: plofisu ($35.09 in chips)
Seat 2: BuzovaPro ($127.53 in chips)
BuzovaPro: posts small blind $1
plofisu: posts big blind $3
*** HOLE CARDS ***
BuzovaPro: raises $3 to $6
plofisu: raises $3 to $9
BuzovaPro: calls $3
*** FLOP *** [Ah 9h 3c]
plofisu: bets $3
BuzovaPro: folds
Uncalled bet ($3) returned to plofisu
plofisu collected $17.64 from pot
plofisu: doesn't show hand
*** SUMMARY ***
Total pot $18 | Rake $0.36
Board [Ah 9h 3c]
Seat 1: plofisu (big blind) collected ($17.64)
Seat 2: BuzovaPro (button) (small blind) folded on the Flop


PokerStars Hand #148478021530:  Hold'em Limit ($3/$6 USD) - 2016/02/08 18:56:48 ET
Table 'Mimas II' 2-max Seat #2 is the button
Seat 1: plofisu ($42.73 in chips)
Seat 2: BuzovaPro ($119.53 in chips)
BuzovaPro: posts small blind $1
plofisu: posts big blind $3
*** HOLE CARDS ***
BuzovaPro: raises $3 to $6
plofisu: folds
Uncalled bet ($3) returned to BuzovaPro
BuzovaPro collected $6 from pot
BuzovaPro: doesn't show hand
*** SUMMARY ***
Total pot $6 | Rake $0
Seat 1: plofisu (big blind) folded before Flop
Seat 2: BuzovaPro (button) (small blind) collected ($6)


PokerStars Hand #148478025848:  Hold'em Limit ($3/$6 USD) - 2016/02/08 18:56:55 ET
Table 'Mimas II' 2-max Seat #1 is the button
Seat 1: plofisu ($39.73 in chips)
Seat 2: BuzovaPro ($122.53 in chips)
plofisu: posts small blind $1
BuzovaPro: posts big blind $3
*** HOLE CARDS ***
plofisu: raises $3 to $6
BuzovaPro: calls $3
*** FLOP *** [7c 4s Kd]
BuzovaPro: checks
plofisu: checks
*** TURN *** [7c 4s Kd] [Qs]
BuzovaPro: bets $6
plofisu: calls $6
*** RIVER *** [7c 4s Kd Qs] [3h]
BuzovaPro: checks
plofisu: checks
*** SHOW DOWN ***
BuzovaPro: shows [Jc 5d] (high card King)
plofisu: mucks hand
BuzovaPro collected $23.52 from pot
*** SUMMARY ***
Total pot $24 | Rake $0.48
Board [7c 4s Kd Qs 3h]
Seat 1: plofisu (button) (small blind) mucked
Seat 2: BuzovaPro (big blind) showed [Jc 5d] and won ($23.52) with high card King


PokerStars Hand #148478044114:  Hold'em Limit ($3/$6 USD) - 2016/02/08 18:57:26 ET
Table 'Mimas II' 2-max Seat #1 is the button
Seat 1: plofisu ($24.73 in chips)
Seat 2: BuzovaPro ($137.05 in chips)
plofisu: posts small blind $1
BuzovaPro: posts big blind $3
*** HOLE CARDS ***
plofisu: folds
Uncalled bet ($2) returned to BuzovaPro
BuzovaPro collected $2 from pot
BuzovaPro: doesn't show hand
*** SUMMARY ***
Total pot $2 | Rake $0
Seat 1: plofisu (button) (small blind) folded before Flop
Seat 2: BuzovaPro (big blind) collected ($2)


PokerStars Hand #148478040057:  Hold'em Limit ($3/$6 USD) - 2016/02/08 18:57:19 ET
Table 'Mimas II' 2-max Seat #2 is the button
Seat 1: plofisu ($27.73 in chips)
Seat 2: BuzovaPro ($134.05 in chips)
BuzovaPro: posts small blind $1
plofisu: posts big blind $3
*** HOLE CARDS ***
BuzovaPro: raises $3 to $6
plofisu: folds
Uncalled bet ($3) returned to BuzovaPro
BuzovaPro collected $6 from pot
BuzovaPro: doesn't show hand
*** SUMMARY ***
Total pot $6 | Rake $0
Seat 1: plofisu (big blind) folded before Flop
Seat 2: BuzovaPro (button) (small blind) collected ($6)


PokerStars Hand #148478047076:  Hold'em Limit ($3/$6 USD) - 2016/02/08 18:57:31 ET
Table 'Mimas II' 2-max Seat #2 is the button
Seat 1: plofisu ($23.73 in chips)
Seat 2: BuzovaPro ($138.05 in chips)
BuzovaPro: posts small blind $1
plofisu: posts big blind $3
*** HOLE CARDS ***
BuzovaPro: raises $3 to $6
plofisu: folds
Uncalled bet ($3) returned to BuzovaPro
BuzovaPro collected $6 from pot
BuzovaPro: doesn't show hand
*** SUMMARY ***
Total pot $6 | Rake $0
Seat 1: plofisu (big blind) folded before Flop
Seat 2: BuzovaPro (button) (small blind) collected ($6)


PokerStars Hand #148478055195:  Hold'em Limit ($3/$6 USD) - 2016/02/08 18:57:44 ET
Table 'Mimas II' 2-max Seat #1 is the button
Seat 1: plofisu ($20.73 in chips)
Seat 2: BuzovaPro ($141.05 in chips)
plofisu: posts small blind $1
BuzovaPro: posts big blind $3
*** HOLE CARDS ***
plofisu: folds
Uncalled bet ($2) returned to BuzovaPro
BuzovaPro collected $2 from pot
BuzovaPro: doesn't show hand
*** SUMMARY ***
Total pot $2 | Rake $0
Seat 1: plofisu (button) (small blind) folded before Flop
Seat 2: BuzovaPro (big blind) collected ($2)


PokerStars Hand #148478061814:  Hold'em Limit ($3/$6 USD) - 2016/02/08 18:57:55 ET
Table 'Mimas II' 2-max Seat #2 is the button
Seat 1: plofisu ($19.73 in chips)
Seat 2: BuzovaPro ($142.05 in chips)
BuzovaPro: posts small blind $1
plofisu: posts big blind $3
*** HOLE CARDS ***
BuzovaPro: folds
Uncalled bet ($2) returned to plofisu
plofisu collected $2 from pot
plofisu: doesn't show hand
*** SUMMARY ***
Total pot $2 | Rake $0
Seat 1: plofisu (big blind) collected ($2)
Seat 2: BuzovaPro (button) (small blind) folded before Flop


