PokerStars Hand #166906478191:  Hold'em Limit ($3/$6 USD) - 2017/02/28 12:08:24 ET
Table 'Mimas' 6-max Seat #6 is the button
Seat 4: MTails ($120 in chips)
Seat 6: nordschrott ($30.14 in chips)
nordschrott: posts small blind $1
MTails: posts big blind $3
*** HOLE CARDS ***
vestimokrec joins the table at seat #1
nordschrott: calls $2
MTails: raises $3 to $6
nordschrott: calls $3
*** FLOP *** [Ah Qh 9d]
MTails: bets $3
nordschrott: folds
Uncalled bet ($3) returned to MTails
MTails collected $11.76 from pot
*** SUMMARY ***
Total pot $12 | Rake $0.24
Board [Ah Qh 9d]
Seat 4: MTails (big blind) collected ($11.76)
Seat 6: nordschrott (button) (small blind) folded on the Flop


PokerStars Hand #166906494176:  Hold'em Limit ($3/$6 USD) - 2017/02/28 12:08:44 ET
Table 'Mimas' 6-max Seat #4 is the button
Seat 4: MTails ($125.76 in chips)
Seat 6: nordschrott ($24.14 in chips)
MTails: posts small blind $1
nordschrott: posts big blind $3
*** HOLE CARDS ***
MTails: raises $3 to $6
nordschrott: calls $3
*** FLOP *** [3d Qd 6d]
nordschrott: checks
MTails: bets $3
nordschrott: raises $3 to $6
MTails: calls $3
*** TURN *** [3d Qd 6d] [Jh]
nordschrott: bets $6
MTails: calls $6
*** RIVER *** [3d Qd 6d Jh] [3s]
nordschrott: bets $6
MTails: calls $6
*** SHOW DOWN ***
nordschrott: shows [6c 8d] (two pair, Sixes and Threes)
MTails: mucks hand
nordschrott collected $47.50 from pot
*** SUMMARY ***
Total pot $48 | Rake $0.50
Board [3d Qd 6d Jh 3s]
Seat 4: MTails (button) (small blind) mucked
Seat 6: nordschrott (big blind) showed [6c 8d] and won ($47.50) with two pair, Sixes and Threes


