PokerStars Hand #145468463525:  Hold'em Limit ($3/$6 USD) - 2015/12/17 1:41:52 ET
Table 'Mimas' 6-max Seat #4 is the button
Seat 2: häijjy77 ($72 in chips)
Seat 4: Actionni13 ($199.52 in chips)
Actionni13: posts small blind $1
häijjy77: posts big blind $3
*** HOLE CARDS ***
Actionni13: folds
Uncalled bet ($2) returned to häijjy77
häijjy77 collected $2 from pot
häijjy77: doesn't show hand
*** SUMMARY ***
Total pot $2 | Rake $0
Seat 2: häijjy77 (big blind) collected ($2)
Seat 4: Actionni13 (button) (small blind) folded before Flop


PokerStars Hand #145468462180:  Hold'em Limit ($3/$6 USD) - 2015/12/17 1:41:47 ET
Table 'Mimas' 6-max Seat #2 is the button
Seat 2: häijjy77 ($73 in chips)
Seat 4: Actionni13 ($198.52 in chips)
häijjy77: posts small blind $1
Actionni13: posts big blind $3
*** HOLE CARDS ***
häijjy77: folds
Uncalled bet ($2) returned to Actionni13
Actionni13 collected $2 from pot
Actionni13: doesn't show hand
*** SUMMARY ***
Total pot $2 | Rake $0
Seat 2: häijjy77 (button) (small blind) folded before Flop
Seat 4: Actionni13 (big blind) collected ($2)


PokerStars Hand #145468460238:  Hold'em Limit ($3/$6 USD) - 2015/12/17 1:41:39 ET
Table 'Mimas' 6-max Seat #4 is the button
Seat 2: häijjy77 ($76 in chips)
Seat 4: Actionni13 ($195.52 in chips)
Actionni13: posts small blind $1
häijjy77: posts big blind $3
*** HOLE CARDS ***
Actionni13: raises $3 to $6
häijjy77: folds
Uncalled bet ($3) returned to Actionni13
Actionni13 collected $6 from pot
Actionni13: doesn't show hand
*** SUMMARY ***
Total pot $6 | Rake $0
Seat 2: häijjy77 (big blind) folded before Flop
Seat 4: Actionni13 (button) (small blind) collected ($6)


PokerStars Hand #145468455692:  Hold'em Limit ($3/$6 USD) - 2015/12/17 1:41:22 ET
Table 'Mimas' 6-max Seat #2 is the button
Seat 2: häijjy77 ($97 in chips)
Seat 4: Actionni13 ($175.02 in chips)
häijjy77: posts small blind $1
Actionni13: posts big blind $3
*** HOLE CARDS ***
häijjy77: raises $3 to $6
Actionni13: calls $3
*** FLOP *** [6c 2c 5c]
Actionni13: bets $3
häijjy77: calls $3
*** TURN *** [6c 2c 5c] [Js]
Actionni13: bets $6
häijjy77: calls $6
*** RIVER *** [6c 2c 5c Js] [Th]
Actionni13: bets $6
häijjy77: calls $6
*** SHOW DOWN ***
Actionni13: shows [4s Jc] (a pair of Jacks)
häijjy77: mucks hand
Actionni13 collected $41.50 from pot
*** SUMMARY ***
Total pot $42 | Rake $0.50
Board [6c 2c 5c Js Th]
Seat 2: häijjy77 (button) (small blind) mucked
Seat 4: Actionni13 (big blind) showed [4s Jc] and won ($41.50) with a pair of Jacks


PokerStars Hand #145468454457:  Hold'em Limit ($3/$6 USD) - 2015/12/17 1:41:18 ET
Table 'Mimas' 6-max Seat #4 is the button
Seat 2: häijjy77 ($96 in chips)
Seat 4: Actionni13 ($176.02 in chips)
Actionni13: posts small blind $1
häijjy77: posts big blind $3
*** HOLE CARDS ***
Actionni13: folds
Uncalled bet ($2) returned to häijjy77
häijjy77 collected $2 from pot
häijjy77: doesn't show hand
*** SUMMARY ***
Total pot $2 | Rake $0
Seat 2: häijjy77 (big blind) collected ($2)
Seat 4: Actionni13 (button) (small blind) folded before Flop


PokerStars Hand #145468442136:  Hold'em Limit ($3/$6 USD) - 2015/12/17 1:40:31 ET
Table 'Mimas' 6-max Seat #4 is the button
Seat 2: häijjy77 ($123 in chips)
Seat 4: Actionni13 ($150 in chips)
Actionni13: posts small blind $1
häijjy77: posts big blind $3
*** HOLE CARDS ***
Actionni13: raises $3 to $6
häijjy77: calls $3
*** FLOP *** [Jh Ah 5h]
häijjy77: checks
Actionni13: bets $3
häijjy77: calls $3
*** TURN *** [Jh Ah 5h] [8d]
häijjy77: checks
Actionni13: bets $6
häijjy77: calls $6
*** RIVER *** [Jh Ah 5h 8d] [8c]
häijjy77: checks
Actionni13: bets $6
häijjy77: folds
Uncalled bet ($6) returned to Actionni13
Actionni13 collected $29.50 from pot
Actionni13: doesn't show hand
*** SUMMARY ***
Total pot $30 | Rake $0.50
Board [Jh Ah 5h 8d 8c]
Seat 2: häijjy77 (big blind) folded on the River
Seat 4: Actionni13 (button) (small blind) collected ($29.50)


PokerStars Hand #145468474201:  Hold'em Limit ($3/$6 USD) - 2015/12/17 1:42:33 ET
Table 'Mimas' 6-max Seat #2 is the button
Seat 2: häijjy77 ($63 in chips)
Seat 4: Actionni13 ($208.16 in chips)
häijjy77: posts small blind $1
Actionni13: posts big blind $3
*** HOLE CARDS ***
häijjy77: raises $3 to $6
Actionni13: calls $3
*** FLOP *** [4h 6d Ad]
Actionni13: checks
häijjy77: bets $3
Actionni13: folds
Uncalled bet ($3) returned to häijjy77
häijjy77 collected $11.76 from pot
häijjy77: doesn't show hand
*** SUMMARY ***
Total pot $12 | Rake $0.24
Board [4h 6d Ad]
Seat 2: häijjy77 (button) (small blind) collected ($11.76)
Seat 4: Actionni13 (big blind) folded on the Flop


PokerStars Hand #145468472717:  Hold'em Limit ($3/$6 USD) - 2015/12/17 1:42:28 ET
Table 'Mimas' 6-max Seat #4 is the button
Seat 2: häijjy77 ($62 in chips)
Seat 4: Actionni13 ($209.16 in chips)
Actionni13: posts small blind $1
häijjy77: posts big blind $3
*** HOLE CARDS ***
Actionni13: folds
Uncalled bet ($2) returned to häijjy77
häijjy77 collected $2 from pot
häijjy77: doesn't show hand
*** SUMMARY ***
Total pot $2 | Rake $0
Seat 2: häijjy77 (big blind) collected ($2)
Seat 4: Actionni13 (button) (small blind) folded before Flop


PokerStars Hand #145468471376:  Hold'em Limit ($3/$6 USD) - 2015/12/17 1:42:23 ET
Table 'Mimas' 6-max Seat #2 is the button
Seat 2: häijjy77 ($63 in chips)
Seat 4: Actionni13 ($208.16 in chips)
häijjy77: posts small blind $1
Actionni13: posts big blind $3
*** HOLE CARDS ***
häijjy77: folds
Uncalled bet ($2) returned to Actionni13
Actionni13 collected $2 from pot
Actionni13: doesn't show hand
*** SUMMARY ***
Total pot $2 | Rake $0
Seat 2: häijjy77 (button) (small blind) folded before Flop
Seat 4: Actionni13 (big blind) collected ($2)


PokerStars Hand #145468466200:  Hold'em Limit ($3/$6 USD) - 2015/12/17 1:42:02 ET
Table 'Mimas' 6-max Seat #4 is the button
Seat 2: häijjy77 ($72 in chips)
Seat 4: Actionni13 ($199.52 in chips)
Actionni13: posts small blind $1
häijjy77: posts big blind $3
*** HOLE CARDS ***
Actionni13: raises $3 to $6
häijjy77: calls $3
*** FLOP *** [2c 4h Jc]
häijjy77: checks
Actionni13: bets $3
häijjy77: calls $3
*** TURN *** [2c 4h Jc] [Ts]
häijjy77: checks
Actionni13: checks
*** RIVER *** [2c 4h Jc Ts] [7d]
häijjy77: checks
Actionni13: bets $6
häijjy77: folds
Uncalled bet ($6) returned to Actionni13
Actionni13 collected $17.64 from pot
Actionni13: doesn't show hand
*** SUMMARY ***
Total pot $18 | Rake $0.36
Board [2c 4h Jc Ts 7d]
Seat 2: häijjy77 (big blind) folded on the River
Seat 4: Actionni13 (button) (small blind) collected ($17.64)


PokerStars Hand #145468464879:  Hold'em Limit ($3/$6 USD) - 2015/12/17 1:41:57 ET
Table 'Mimas' 6-max Seat #2 is the button
Seat 2: häijjy77 ($73 in chips)
Seat 4: Actionni13 ($198.52 in chips)
häijjy77: posts small blind $1
Actionni13: posts big blind $3
*** HOLE CARDS ***
häijjy77: folds
Uncalled bet ($2) returned to Actionni13
Actionni13 collected $2 from pot
Actionni13: doesn't show hand
*** SUMMARY ***
Total pot $2 | Rake $0
Seat 2: häijjy77 (button) (small blind) folded before Flop
Seat 4: Actionni13 (big blind) collected ($2)


PokerStars Hand #145468478088:  Hold'em Limit ($3/$6 USD) - 2015/12/17 1:42:48 ET
Table 'Mimas' 6-max Seat #4 is the button
Seat 2: häijjy77 ($68.76 in chips)
Seat 4: Actionni13 ($202.16 in chips)
Actionni13: posts small blind $1
häijjy77: posts big blind $3
*** HOLE CARDS ***
Actionni13: raises $3 to $6
häijjy77: calls $3
*** FLOP *** [Td 3s 4d]
häijjy77: checks
Actionni13: bets $3
häijjy77: raises $3 to $6
Actionni13: calls $3
*** TURN *** [Td 3s 4d] [6h]
häijjy77: bets $6
Actionni13: folds
Uncalled bet ($6) returned to häijjy77
häijjy77 collected $23.52 from pot
häijjy77: doesn't show hand
*** SUMMARY ***
Total pot $24 | Rake $0.48
Board [Td 3s 4d 6h]
Seat 2: häijjy77 (big blind) collected ($23.52)
Seat 4: Actionni13 (button) (small blind) folded on the Turn


PokerStars Hand #145468486869:  Hold'em Limit ($3/$6 USD) - 2015/12/17 1:43:22 ET
Table 'Mimas' 6-max Seat #2 is the button
Seat 2: häijjy77 ($76.28 in chips)
Seat 4: Actionni13 ($194.16 in chips)
häijjy77: posts small blind $1
Actionni13: posts big blind $3
*** HOLE CARDS ***
häijjy77: raises $3 to $6
Actionni13: calls $3
*** FLOP *** [4h 4c Kh]
Actionni13: checks
häijjy77: bets $3
Actionni13: raises $3 to $6
häijjy77: calls $3
*** TURN *** [4h 4c Kh] [Jc]
Actionni13: bets $6
häijjy77: calls $6
*** RIVER *** [4h 4c Kh Jc] [Jh]
Actionni13: checks
häijjy77: bets $6
Actionni13: folds
Uncalled bet ($6) returned to häijjy77
häijjy77 collected $35.50 from pot
häijjy77: doesn't show hand
*** SUMMARY ***
Total pot $36 | Rake $0.50
Board [4h 4c Kh Jc Jh]
Seat 2: häijjy77 (button) (small blind) collected ($35.50)
Seat 4: Actionni13 (big blind) folded on the River


PokerStars Hand #145468484937:  Hold'em Limit ($3/$6 USD) - 2015/12/17 1:43:14 ET
Table 'Mimas' 6-max Seat #4 is the button
Seat 2: häijjy77 ($79.28 in chips)
Seat 4: Actionni13 ($191.16 in chips)
Actionni13: posts small blind $1
häijjy77: posts big blind $3
*** HOLE CARDS ***
Actionni13: raises $3 to $6
häijjy77: folds
Uncalled bet ($3) returned to Actionni13
Actionni13 collected $6 from pot
Actionni13: doesn't show hand
*** SUMMARY ***
Total pot $6 | Rake $0
Seat 2: häijjy77 (big blind) folded before Flop
Seat 4: Actionni13 (button) (small blind) collected ($6)


PokerStars Hand #145468483404:  Hold'em Limit ($3/$6 USD) - 2015/12/17 1:43:08 ET
Table 'Mimas' 6-max Seat #2 is the button
Seat 2: häijjy77 ($80.28 in chips)
Seat 4: Actionni13 ($190.16 in chips)
häijjy77: posts small blind $1
Actionni13: posts big blind $3
*** HOLE CARDS ***
häijjy77: folds
Uncalled bet ($2) returned to Actionni13
Actionni13 collected $2 from pot
Actionni13: doesn't show hand
*** SUMMARY ***
Total pot $2 | Rake $0
Seat 2: häijjy77 (button) (small blind) folded before Flop
Seat 4: Actionni13 (big blind) collected ($2)


PokerStars Hand #145468502648:  Hold'em Limit ($3/$6 USD) - 2015/12/17 1:44:22 ET
Table 'Mimas' 6-max Seat #4 is the button
Seat 2: häijjy77 ($134.78 in chips)
Seat 4: Actionni13 ($150 in chips)
Actionni13: posts small blind $1
häijjy77: posts big blind $3
*** HOLE CARDS ***
Actionni13: raises $3 to $6
häijjy77: folds
Uncalled bet ($3) returned to Actionni13
Actionni13 collected $6 from pot
Actionni13: doesn't show hand
*** SUMMARY ***
Total pot $6 | Rake $0
Seat 2: häijjy77 (big blind) folded before Flop
Seat 4: Actionni13 (button) (small blind) collected ($6)


PokerStars Hand #145468497318:  Hold'em Limit ($3/$6 USD) - 2015/12/17 1:44:02 ET
Table 'Mimas' 6-max Seat #2 is the button
Seat 2: häijjy77 ($111.28 in chips)
Seat 4: Actionni13 ($158.16 in chips)
häijjy77: posts small blind $1
Actionni13: posts big blind $3
*** HOLE CARDS ***
häijjy77: raises $3 to $6
Actionni13: calls $3
*** FLOP *** [2h 8d 6s]
Actionni13: checks
häijjy77: bets $3
Actionni13: raises $3 to $6
häijjy77: calls $3
*** TURN *** [2h 8d 6s] [7h]
Actionni13: bets $6
häijjy77: raises $6 to $12
Actionni13: calls $6
*** RIVER *** [2h 8d 6s 7h] [Qc]
Actionni13: checks
häijjy77: checks
*** SHOW DOWN ***
Actionni13: shows [5h 8h] (a pair of Eights)
häijjy77: shows [Jh Jd] (a pair of Jacks)
häijjy77 collected $47.50 from pot
*** SUMMARY ***
Total pot $48 | Rake $0.50
Board [2h 8d 6s 7h Qc]
Seat 2: häijjy77 (button) (small blind) showed [Jh Jd] and won ($47.50) with a pair of Jacks
Seat 4: Actionni13 (big blind) showed [5h 8h] and lost with a pair of Eights


PokerStars Hand #145468492331:  Hold'em Limit ($3/$6 USD) - 2015/12/17 1:43:43 ET
Table 'Mimas' 6-max Seat #4 is the button
Seat 2: häijjy77 ($93.78 in chips)
Seat 4: Actionni13 ($176.16 in chips)
Actionni13: posts small blind $1
häijjy77: posts big blind $3
*** HOLE CARDS ***
Actionni13: raises $3 to $6
häijjy77: calls $3
*** FLOP *** [2d 7c 6s]
häijjy77: checks
Actionni13: checks
*** TURN *** [2d 7c 6s] [8h]
häijjy77: bets $6
Actionni13: calls $6
*** RIVER *** [2d 7c 6s 8h] [Ts]
häijjy77: bets $6
Actionni13: calls $6
*** SHOW DOWN ***
häijjy77: shows [8c 6d] (two pair, Eights and Sixes)
Actionni13: mucks hand
häijjy77 collected $35.50 from pot
*** SUMMARY ***
Total pot $36 | Rake $0.50
Board [2d 7c 6s 8h Ts]
Seat 2: häijjy77 (big blind) showed [8c 6d] and won ($35.50) with two pair, Eights and Sixes
Seat 4: Actionni13 (button) (small blind) mucked


PokerStars Hand #145468520286:  Hold'em Limit ($3/$6 USD) - 2015/12/17 1:45:30 ET
Table 'Mimas' 6-max Seat #2 is the button
Seat 2: häijjy77 ($137.94 in chips)
Seat 4: Actionni13 ($150 in chips)
häijjy77: posts small blind $1
Actionni13: posts big blind $3
*** HOLE CARDS ***
häijjy77: raises $3 to $6
Actionni13: folds
Uncalled bet ($3) returned to häijjy77
häijjy77 collected $6 from pot
häijjy77: doesn't show hand
*** SUMMARY ***
Total pot $6 | Rake $0
Seat 2: häijjy77 (button) (small blind) collected ($6)
Seat 4: Actionni13 (big blind) folded before Flop


PokerStars Hand #145468518884:  Hold'em Limit ($3/$6 USD) - 2015/12/17 1:45:25 ET
Table 'Mimas' 6-max Seat #4 is the button
Seat 2: häijjy77 ($136.94 in chips)
Seat 4: Actionni13 ($150 in chips)
Actionni13: posts small blind $1
häijjy77: posts big blind $3
*** HOLE CARDS ***
Actionni13: folds
Uncalled bet ($2) returned to häijjy77
häijjy77 collected $2 from pot
häijjy77: doesn't show hand
*** SUMMARY ***
Total pot $2 | Rake $0
Seat 2: häijjy77 (big blind) collected ($2)
Seat 4: Actionni13 (button) (small blind) folded before Flop


PokerStars Hand #145468515289:  Hold'em Limit ($3/$6 USD) - 2015/12/17 1:45:11 ET
Table 'Mimas' 6-max Seat #2 is the button
Seat 2: häijjy77 ($128.30 in chips)
Seat 4: Actionni13 ($155.50 in chips)
häijjy77: posts small blind $1
Actionni13: posts big blind $3
*** HOLE CARDS ***
häijjy77: raises $3 to $6
Actionni13: calls $3
*** FLOP *** [7s 3h Ad]
Actionni13: checks
häijjy77: bets $3
Actionni13: calls $3
*** TURN *** [7s 3h Ad] [Td]
Actionni13: checks
häijjy77: bets $6
Actionni13: folds
Uncalled bet ($6) returned to häijjy77
häijjy77 collected $17.64 from pot
häijjy77: doesn't show hand
*** SUMMARY ***
Total pot $18 | Rake $0.36
Board [7s 3h Ad Td]
Seat 2: häijjy77 (button) (small blind) collected ($17.64)
Seat 4: Actionni13 (big blind) folded on the Turn


PokerStars Hand #145468510935:  Hold'em Limit ($3/$6 USD) - 2015/12/17 1:44:54 ET
Table 'Mimas' 6-max Seat #4 is the button
Seat 2: häijjy77 ($116.78 in chips)
Seat 4: Actionni13 ($167.50 in chips)
Actionni13: posts small blind $1
häijjy77: posts big blind $3
*** HOLE CARDS ***
Actionni13: raises $3 to $6
häijjy77: calls $3
*** FLOP *** [5h 4h 2d]
häijjy77: checks
Actionni13: checks
*** TURN *** [5h 4h 2d] [4s]
häijjy77: bets $6
Actionni13: calls $6
*** RIVER *** [5h 4h 2d 4s] [Td]
häijjy77: bets $6
Actionni13: folds
Uncalled bet ($6) returned to häijjy77
häijjy77 collected $23.52 from pot
häijjy77: doesn't show hand
*** SUMMARY ***
Total pot $24 | Rake $0.48
Board [5h 4h 2d 4s Td]
Seat 2: häijjy77 (big blind) collected ($23.52)
Seat 4: Actionni13 (button) (small blind) folded on the River


PokerStars Hand #145468532559:  Hold'em Limit ($3/$6 USD) - 2015/12/17 1:46:17 ET
Table 'Mimas' 6-max Seat #4 is the button
Seat 2: häijjy77 ($161.19 in chips)
Seat 4: Actionni13 ($150 in chips)
Actionni13: posts small blind $1
häijjy77: posts big blind $3
*** HOLE CARDS ***
Actionni13: raises $3 to $6
häijjy77: calls $3
*** FLOP *** [Tc 6h 7d]
häijjy77: checks
Actionni13: bets $3
häijjy77: raises $3 to $6
Actionni13: calls $3
*** TURN *** [Tc 6h 7d] [2c]
häijjy77: bets $6
Actionni13: raises $6 to $12
häijjy77: raises $6 to $18
Actionni13: calls $6
*** RIVER *** [Tc 6h 7d 2c] [6c]
häijjy77: bets $6
Actionni13: calls $6
*** SHOW DOWN ***
häijjy77: shows [8d 8s] (two pair, Eights and Sixes)
Actionni13: shows [7s Th] (two pair, Tens and Sevens)
Actionni13 collected $71.50 from pot
*** SUMMARY ***
Total pot $72 | Rake $0.50
Board [Tc 6h 7d 2c 6c]
Seat 2: häijjy77 (big blind) showed [8d 8s] and lost with two pair, Eights and Sixes
Seat 4: Actionni13 (button) (small blind) showed [7s Th] and won ($71.50) with two pair, Tens and Sevens


PokerStars Hand #145468526555:  Hold'em Limit ($3/$6 USD) - 2015/12/17 1:45:54 ET
Table 'Mimas' 6-max Seat #2 is the button
Seat 2: häijjy77 ($140.69 in chips)
Seat 4: Actionni13 ($150 in chips)
häijjy77: posts small blind $1
Actionni13: posts big blind $3
*** HOLE CARDS ***
häijjy77: raises $3 to $6
Actionni13: calls $3
*** FLOP *** [Ac Ah 4c]
Actionni13: checks
häijjy77: bets $3
Actionni13: calls $3
*** TURN *** [Ac Ah 4c] [7d]
Actionni13: checks
häijjy77: bets $6
Actionni13: calls $6
*** RIVER *** [Ac Ah 4c 7d] [Th]
Actionni13: checks
häijjy77: bets $6
Actionni13: calls $6
*** SHOW DOWN ***
häijjy77: shows [Ts Js] (two pair, Aces and Tens)
Actionni13: mucks hand
häijjy77 collected $41.50 from pot
*** SUMMARY ***
Total pot $42 | Rake $0.50
Board [Ac Ah 4c 7d Th]
Seat 2: häijjy77 (button) (small blind) showed [Ts Js] and won ($41.50) with two pair, Aces and Tens
Seat 4: Actionni13 (big blind) mucked


PokerStars Hand #145468522056:  Hold'em Limit ($3/$6 USD) - 2015/12/17 1:45:37 ET
Table 'Mimas' 6-max Seat #4 is the button
Seat 2: häijjy77 ($140.94 in chips)
Seat 4: Actionni13 ($150 in chips)
Actionni13: posts small blind $1
häijjy77: posts big blind $3
*** HOLE CARDS ***
Actionni13: raises $3 to $6
häijjy77: calls $3
*** FLOP *** [8c 8s Js]
häijjy77: checks
Actionni13: bets $3
häijjy77: calls $3
*** TURN *** [8c 8s Js] [Jd]
häijjy77: checks
Actionni13: checks
*** RIVER *** [8c 8s Js Jd] [Ac]
häijjy77: bets $6
Actionni13: calls $6
*** SHOW DOWN ***
häijjy77: shows [6h 7c] (two pair, Jacks and Eights)
Actionni13: shows [Ks Th] (two pair, Jacks and Eights)
häijjy77 collected $14.75 from pot
Actionni13 collected $14.75 from pot
*** SUMMARY ***
Total pot $30 | Rake $0.50
Board [8c 8s Js Jd Ac]
Seat 2: häijjy77 (big blind) showed [6h 7c] and won ($14.75) with two pair, Jacks and Eights
Seat 4: Actionni13 (button) (small blind) showed [Ks Th] and won ($14.75) with two pair, Jacks and Eights


PokerStars Hand #145468554860:  Hold'em Limit ($3/$6 USD) - 2015/12/17 1:47:43 ET
Table 'Mimas' 6-max Seat #4 is the button
Seat 2: häijjy77 ($115.70 in chips)
Seat 4: Actionni13 ($193.75 in chips)
Actionni13: posts small blind $1
häijjy77: posts big blind $3
*** HOLE CARDS ***
Actionni13: raises $3 to $6
häijjy77: folds
Uncalled bet ($3) returned to Actionni13
Actionni13 collected $6 from pot
Actionni13: doesn't show hand
*** SUMMARY ***
Total pot $6 | Rake $0
Seat 2: häijjy77 (big blind) folded before Flop
Seat 4: Actionni13 (button) (small blind) collected ($6)


PokerStars Hand #145468552075:  Hold'em Limit ($3/$6 USD) - 2015/12/17 1:47:32 ET
Table 'Mimas' 6-max Seat #2 is the button
Seat 2: häijjy77 ($109.94 in chips)
Seat 4: Actionni13 ($199.75 in chips)
häijjy77: posts small blind $1
Actionni13: posts big blind $3
*** HOLE CARDS ***
häijjy77: raises $3 to $6
Actionni13: calls $3
*** FLOP *** [Jc 6h Ks]
Actionni13: checks
häijjy77: bets $3
Actionni13: folds
Uncalled bet ($3) returned to häijjy77
häijjy77 collected $11.76 from pot
häijjy77: doesn't show hand
*** SUMMARY ***
Total pot $12 | Rake $0.24
Board [Jc 6h Ks]
Seat 2: häijjy77 (button) (small blind) collected ($11.76)
Seat 4: Actionni13 (big blind) folded on the Flop


PokerStars Hand #145468547715:  Hold'em Limit ($3/$6 USD) - 2015/12/17 1:47:15 ET
Table 'Mimas' 6-max Seat #4 is the button
Seat 2: häijjy77 ($124.94 in chips)
Seat 4: Actionni13 ($185.25 in chips)
Actionni13: posts small blind $1
häijjy77: posts big blind $3
*** HOLE CARDS ***
Actionni13: raises $3 to $6
häijjy77: calls $3
*** FLOP *** [9d 8d 2d]
häijjy77: checks
Actionni13: bets $3
häijjy77: calls $3
*** TURN *** [9d 8d 2d] [Qs]
häijjy77: checks
Actionni13: checks
*** RIVER *** [9d 8d 2d Qs] [7d]
häijjy77: checks
Actionni13: bets $6
häijjy77: calls $6
*** SHOW DOWN ***
Actionni13: shows [Ad 3c] (a flush, Ace high)
häijjy77: mucks hand
Actionni13 collected $29.50 from pot
*** SUMMARY ***
Total pot $30 | Rake $0.50
Board [9d 8d 2d Qs 7d]
Seat 2: häijjy77 (big blind) mucked
Seat 4: Actionni13 (button) (small blind) showed [Ad 3c] and won ($29.50) with a flush, Ace high


PokerStars Hand #145468546429:  Hold'em Limit ($3/$6 USD) - 2015/12/17 1:47:11 ET
Table 'Mimas' 6-max Seat #2 is the button
Seat 2: häijjy77 ($125.94 in chips)
Seat 4: Actionni13 ($184.25 in chips)
häijjy77: posts small blind $1
Actionni13: posts big blind $3
*** HOLE CARDS ***
häijjy77: folds
Uncalled bet ($2) returned to Actionni13
Actionni13 collected $2 from pot
Actionni13: doesn't show hand
*** SUMMARY ***
Total pot $2 | Rake $0
Seat 2: häijjy77 (button) (small blind) folded before Flop
Seat 4: Actionni13 (big blind) collected ($2)


PokerStars Hand #145468544333:  Hold'em Limit ($3/$6 USD) - 2015/12/17 1:47:02 ET
Table 'Mimas' 6-max Seat #4 is the button
Seat 2: häijjy77 ($124.94 in chips)
Seat 4: Actionni13 ($185.25 in chips)
Actionni13: posts small blind $1
häijjy77: posts big blind $3
*** HOLE CARDS ***
Actionni13: folds
Uncalled bet ($2) returned to häijjy77
häijjy77 collected $2 from pot
häijjy77: doesn't show hand
*** SUMMARY ***
Total pot $2 | Rake $0
Seat 2: häijjy77 (big blind) collected ($2)
Seat 4: Actionni13 (button) (small blind) folded before Flop


PokerStars Hand #145468538387:  Hold'em Limit ($3/$6 USD) - 2015/12/17 1:46:40 ET
Table 'Mimas' 6-max Seat #2 is the button
Seat 2: häijjy77 ($125.19 in chips)
Seat 4: Actionni13 ($185.50 in chips)
häijjy77: posts small blind $1
Actionni13: posts big blind $3
*** HOLE CARDS ***
häijjy77: raises $3 to $6
Actionni13: calls $3
*** FLOP *** [Kd 7s 2h]
Actionni13: checks
häijjy77: bets $3
Actionni13: calls $3
*** TURN *** [Kd 7s 2h] [Qd]
Actionni13: checks
häijjy77: bets $6
Actionni13: raises $6 to $12
häijjy77: calls $6
*** RIVER *** [Kd 7s 2h Qd] [2d]
Actionni13: bets $6
häijjy77: calls $6
*** SHOW DOWN ***
Actionni13: shows [Ks 3h] (two pair, Kings and Deuces)
häijjy77: shows [Kc 9s] (two pair, Kings and Deuces)
Actionni13 collected $26.75 from pot
häijjy77 collected $26.75 from pot
*** SUMMARY ***
Total pot $54 | Rake $0.50
Board [Kd 7s 2h Qd 2d]
Seat 2: häijjy77 (button) (small blind) showed [Kc 9s] and won ($26.75) with two pair, Kings and Deuces
Seat 4: Actionni13 (big blind) showed [Ks 3h] and won ($26.75) with two pair, Kings and Deuces


PokerStars Hand #145468570864:  Hold'em Limit ($3/$6 USD) - 2015/12/17 1:48:43 ET
Table 'Mimas' 6-max Seat #4 is the button
Seat 2: häijjy77 ($141.70 in chips)
Seat 4: Actionni13 ($166.51 in chips)
Actionni13: posts small blind $1
häijjy77: posts big blind $3
*** HOLE CARDS ***
Actionni13: folds
Uncalled bet ($2) returned to häijjy77
häijjy77 collected $2 from pot
häijjy77: doesn't show hand
*** SUMMARY ***
Total pot $2 | Rake $0
Seat 2: häijjy77 (big blind) collected ($2)
Seat 4: Actionni13 (button) (small blind) folded before Flop


PokerStars Hand #145468564352:  Hold'em Limit ($3/$6 USD) - 2015/12/17 1:48:19 ET
Table 'Mimas' 6-max Seat #2 is the button
Seat 2: häijjy77 ($127.20 in chips)
Seat 4: Actionni13 ($181.51 in chips)
häijjy77: posts small blind $1
Actionni13: posts big blind $3
*** HOLE CARDS ***
häijjy77: raises $3 to $6
Actionni13: calls $3
*** FLOP *** [6c 3c 3s]
Actionni13: checks
häijjy77: bets $3
Actionni13: calls $3
*** TURN *** [6c 3c 3s] [2c]
Actionni13: checks
häijjy77: bets $6
MAGER911 joins the table at seat #3
Actionni13: calls $6
*** RIVER *** [6c 3c 3s 2c] [8s]
Actionni13: checks
häijjy77: bets $6
Actionni13: folds
Uncalled bet ($6) returned to häijjy77
häijjy77 collected $29.50 from pot
häijjy77: doesn't show hand
*** SUMMARY ***
Total pot $30 | Rake $0.50
Board [6c 3c 3s 2c 8s]
Seat 2: häijjy77 (button) (small blind) collected ($29.50)
Seat 4: Actionni13 (big blind) folded on the River


PokerStars Hand #145468561776:  Hold'em Limit ($3/$6 USD) - 2015/12/17 1:48:09 ET
Table 'Mimas' 6-max Seat #4 is the button
Seat 2: häijjy77 ($133.20 in chips)
Seat 4: Actionni13 ($175.75 in chips)
Actionni13: posts small blind $1
häijjy77: posts big blind $3
*** HOLE CARDS ***
Actionni13: raises $3 to $6
häijjy77: calls $3
*** FLOP *** [Ac 9h Kh]
häijjy77: checks
Actionni13: bets $3
häijjy77: folds
Uncalled bet ($3) returned to Actionni13
Actionni13 collected $11.76 from pot
Actionni13: doesn't show hand
*** SUMMARY ***
Total pot $12 | Rake $0.24
Board [Ac 9h Kh]
Seat 2: häijjy77 (big blind) folded on the Flop
Seat 4: Actionni13 (button) (small blind) collected ($11.76)


PokerStars Hand #145468556679:  Hold'em Limit ($3/$6 USD) - 2015/12/17 1:47:50 ET
Table 'Mimas' 6-max Seat #2 is the button
Seat 2: häijjy77 ($112.70 in chips)
Seat 4: Actionni13 ($196.75 in chips)
häijjy77: posts small blind $1
Actionni13: posts big blind $3
*** HOLE CARDS ***
häijjy77: raises $3 to $6
Actionni13: calls $3
*** FLOP *** [4c 3h 5c]
Actionni13: checks
häijjy77: bets $3
Actionni13: calls $3
*** TURN *** [4c 3h 5c] [6h]
Actionni13: checks
häijjy77: bets $6
Actionni13: calls $6
*** RIVER *** [4c 3h 5c 6h] [Ah]
Actionni13: bets $6
häijjy77: calls $6
*** SHOW DOWN ***
Actionni13: shows [Jd As] (a pair of Aces)
häijjy77: shows [7c Kh] (a straight, Three to Seven)
häijjy77 collected $41.50 from pot
*** SUMMARY ***
Total pot $42 | Rake $0.50
Board [4c 3h 5c 6h Ah]
Seat 2: häijjy77 (button) (small blind) showed [7c Kh] and won ($41.50) with a straight, Three to Seven
Seat 4: Actionni13 (big blind) showed [Jd As] and lost with a pair of Aces


PokerStars Hand #145468741888:  Hold'em Limit ($3/$6 USD) - 2015/12/17 2:00:37 ET
Table 'Mimas' 6-max Seat #1 is the button
Seat 1: Evgen_591 ($149.26 in chips)
Seat 5: Loozerrr ($72 in chips)
Evgen_591: posts small blind $1
Loozerrr: posts big blind $3
*** HOLE CARDS ***
Evgen_591: raises $3 to $6
Loozerrr: folds
Uncalled bet ($3) returned to Evgen_591
Evgen_591 collected $6 from pot
Evgen_591: doesn't show hand
*** SUMMARY ***
Total pot $6 | Rake $0
Seat 1: Evgen_591 (button) (small blind) collected ($6)
Seat 5: Loozerrr (big blind) folded before Flop


PokerStars Hand #145468738665:  Hold'em Limit ($3/$6 USD) - 2015/12/17 2:00:23 ET
Table 'Mimas' 6-max Seat #5 is the button
Seat 1: Evgen_591 ($140.62 in chips)
Seat 5: Loozerrr ($72 in chips)
Loozerrr: posts small blind $1
BlazeWest: is sitting out
Evgen_591: posts big blind $3
*** HOLE CARDS ***
Loozerrr: raises $3 to $6
Evgen_591: calls $3
*** FLOP *** [Jh 4s Td]
Evgen_591: checks
Loozerrr: bets $3
Evgen_591: raises $3 to $6
Loozerrr: folds
Uncalled bet ($3) returned to Evgen_591
Evgen_591 collected $17.64 from pot
Evgen_591: doesn't show hand
*** SUMMARY ***
Total pot $18 | Rake $0.36
Board [Jh 4s Td]
Seat 1: Evgen_591 (big blind) collected ($17.64)
Seat 5: Loozerrr (button) (small blind) folded on the Flop


PokerStars Hand #145471613929:  Hold'em Limit ($3/$6 USD) - 2015/12/17 4:36:47 ET
Table 'Mimas' 6-max Seat #5 is the button
Seat 4: Actionni13 ($252.64 in chips)
Seat 5: WhatArunAA ($120 in chips)
WhatArunAA: posts small blind $1
Actionni13: posts big blind $3
*** HOLE CARDS ***
WhatArunAA: raises $3 to $6
Actionni13: calls $3
*** FLOP *** [Kd Tc Kc]
Actionni13: checks
WhatArunAA: bets $3
Actionni13: folds
Uncalled bet ($3) returned to WhatArunAA
WhatArunAA collected $11.76 from pot
WhatArunAA: doesn't show hand
*** SUMMARY ***
Total pot $12 | Rake $0.24
Board [Kd Tc Kc]
Seat 4: Actionni13 (big blind) folded on the Flop
Seat 5: WhatArunAA (button) (small blind) collected ($11.76)


PokerStars Hand #145471619517:  Hold'em Limit ($3/$6 USD) - 2015/12/17 4:37:02 ET
Table 'Mimas' 6-max Seat #4 is the button
Seat 4: Actionni13 ($246.64 in chips)
Seat 5: WhatArunAA ($125.76 in chips)
Actionni13: posts small blind $1
WhatArunAA: posts big blind $3
*** HOLE CARDS ***
Actionni13: raises $3 to $6
WhatArunAA: calls $3
*** FLOP *** [Qc 8c As]
WhatArunAA: checks
Actionni13: bets $3
WhatArunAA: raises $3 to $6
Actionni13: calls $3
*** TURN *** [Qc 8c As] [2s]
WhatArunAA: bets $6
Actionni13: calls $6
*** RIVER *** [Qc 8c As 2s] [5s]
WhatArunAA: checks
Actionni13: bets $6
WhatArunAA: raises $6 to $12
Actionni13: calls $6
*** SHOW DOWN ***
WhatArunAA: shows [8s Ad] (two pair, Aces and Eights)
Actionni13: mucks hand
WhatArunAA collected $59.50 from pot
*** SUMMARY ***
Total pot $60 | Rake $0.50
Board [Qc 8c As 2s 5s]
Seat 4: Actionni13 (button) (small blind) mucked
Seat 5: WhatArunAA (big blind) showed [8s Ad] and won ($59.50) with two pair, Aces and Eights


PokerStars Hand #145471633433:  Hold'em Limit ($3/$6 USD) - 2015/12/17 4:37:39 ET
Table 'Mimas' 6-max Seat #5 is the button
Seat 4: Actionni13 ($216.64 in chips)
Seat 5: WhatArunAA ($155.26 in chips)
WhatArunAA: posts small blind $1
Actionni13: posts big blind $3
*** HOLE CARDS ***
WhatArunAA: raises $3 to $6
Actionni13: calls $3
*** FLOP *** [9s Jd 5d]
Actionni13: checks
WhatArunAA: bets $3
Actionni13: calls $3
*** TURN *** [9s Jd 5d] [Qc]
Actionni13: checks
WhatArunAA: bets $6
Actionni13: folds
Uncalled bet ($6) returned to WhatArunAA
WhatArunAA collected $17.64 from pot
WhatArunAA: doesn't show hand
*** SUMMARY ***
Total pot $18 | Rake $0.36
Board [9s Jd 5d Qc]
Seat 4: Actionni13 (big blind) folded on the Turn
Seat 5: WhatArunAA (button) (small blind) collected ($17.64)


PokerStars Hand #145471642902:  Hold'em Limit ($3/$6 USD) - 2015/12/17 4:38:04 ET
Table 'Mimas' 6-max Seat #4 is the button
Seat 4: Actionni13 ($207.64 in chips)
Seat 5: WhatArunAA ($163.90 in chips)
Actionni13: posts small blind $1
WhatArunAA: posts big blind $3
*** HOLE CARDS ***
Actionni13: raises $3 to $6
WhatArunAA: calls $3
*** FLOP *** [8c 7c Qd]
WhatArunAA: checks
Actionni13: bets $3
WhatArunAA: folds
Uncalled bet ($3) returned to Actionni13
Actionni13 collected $11.76 from pot
Actionni13: doesn't show hand
*** SUMMARY ***
Total pot $12 | Rake $0.24
Board [8c 7c Qd]
Seat 4: Actionni13 (button) (small blind) collected ($11.76)
Seat 5: WhatArunAA (big blind) folded on the Flop


PokerStars Hand #145471646350:  Hold'em Limit ($3/$6 USD) - 2015/12/17 4:38:13 ET
Table 'Mimas' 6-max Seat #5 is the button
Seat 4: Actionni13 ($213.40 in chips)
Seat 5: WhatArunAA ($157.90 in chips)
WhatArunAA: posts small blind $1
Actionni13: posts big blind $3
*** HOLE CARDS ***
WhatArunAA: raises $3 to $6
Actionni13: raises $3 to $9
WhatArunAA: calls $3
*** FLOP *** [9d Ac 6c]
Actionni13: bets $3
WhatArunAA: calls $3
*** TURN *** [9d Ac 6c] [Jh]
Actionni13: bets $6
WhatArunAA: folds
Uncalled bet ($6) returned to Actionni13
Actionni13 collected $23.52 from pot
Actionni13: doesn't show hand
*** SUMMARY ***
Total pot $24 | Rake $0.48
Board [9d Ac 6c Jh]
Seat 4: Actionni13 (big blind) collected ($23.52)
Seat 5: WhatArunAA (button) (small blind) folded on the Turn


PokerStars Hand #145471651270:  Hold'em Limit ($3/$6 USD) - 2015/12/17 4:38:26 ET
Table 'Mimas' 6-max Seat #4 is the button
Seat 4: Actionni13 ($224.92 in chips)
Seat 5: WhatArunAA ($145.90 in chips)
Actionni13: posts small blind $1
WhatArunAA: posts big blind $3
*** HOLE CARDS ***
Actionni13: raises $3 to $6
WhatArunAA: calls $3
*** FLOP *** [6h 8c 9h]
WhatArunAA: checks
Actionni13: bets $3
WhatArunAA: calls $3
*** TURN *** [6h 8c 9h] [2c]
WhatArunAA: checks
Actionni13: bets $6
WhatArunAA: calls $6
*** RIVER *** [6h 8c 9h 2c] [Kh]
WhatArunAA: checks
Actionni13: bets $6
WhatArunAA: calls $6
*** SHOW DOWN ***
Actionni13: shows [7c Jc] (high card King)
WhatArunAA: shows [Ah 4s] (high card Ace)
WhatArunAA collected $41.50 from pot
*** SUMMARY ***
Total pot $42 | Rake $0.50
Board [6h 8c 9h 2c Kh]
Seat 4: Actionni13 (button) (small blind) showed [7c Jc] and lost with high card King
Seat 5: WhatArunAA (big blind) showed [Ah 4s] and won ($41.50) with high card Ace


PokerStars Hand #145471676697:  Hold'em Limit ($3/$6 USD) - 2015/12/17 4:39:32 ET
Table 'Mimas' 6-max Seat #4 is the button
Seat 4: Actionni13 ($194.44 in chips)
Seat 5: WhatArunAA ($174.56 in chips)
Actionni13: posts small blind $1
WhatArunAA: posts big blind $3
*** HOLE CARDS ***
Actionni13: raises $3 to $6
WhatArunAA: calls $3
*** FLOP *** [3h Kd 4d]
WhatArunAA: checks
Actionni13: bets $3
WhatArunAA: raises $3 to $6
Actionni13: calls $3
*** TURN *** [3h Kd 4d] [9d]
WhatArunAA: bets $6
Actionni13: calls $6
*** RIVER *** [3h Kd 4d 9d] [7s]
WhatArunAA: checks
Actionni13: bets $6
WhatArunAA: calls $6
*** SHOW DOWN ***
Actionni13: shows [9c Ts] (a pair of Nines)
WhatArunAA: mucks hand
Actionni13 collected $47.50 from pot
*** SUMMARY ***
Total pot $48 | Rake $0.50
Board [3h Kd 4d 9d 7s]
Seat 4: Actionni13 (button) (small blind) showed [9c Ts] and won ($47.50) with a pair of Nines
Seat 5: WhatArunAA (big blind) mucked


PokerStars Hand #145471658839:  Hold'em Limit ($3/$6 USD) - 2015/12/17 4:38:46 ET
Table 'Mimas' 6-max Seat #5 is the button
Seat 4: Actionni13 ($203.92 in chips)
Seat 5: WhatArunAA ($166.40 in chips)
WhatArunAA: posts small blind $1
Actionni13: posts big blind $3
*** HOLE CARDS ***
WhatArunAA: raises $3 to $6
Actionni13: calls $3
*** FLOP *** [Kd 4c 5h]
Actionni13: checks
WhatArunAA: bets $3
Actionni13: calls $3
*** TURN *** [Kd 4c 5h] [Qc]
Actionni13: checks
WhatArunAA: bets $6
Actionni13: folds
Uncalled bet ($6) returned to WhatArunAA
WhatArunAA collected $17.64 from pot
WhatArunAA: doesn't show hand
*** SUMMARY ***
Total pot $18 | Rake $0.36
Board [Kd 4c 5h Qc]
Seat 4: Actionni13 (big blind) folded on the Turn
Seat 5: WhatArunAA (button) (small blind) collected ($17.64)


PokerStars Hand #145471664648:  Hold'em Limit ($3/$6 USD) - 2015/12/17 4:39:01 ET
Table 'Mimas' 6-max Seat #4 is the button
Seat 4: Actionni13 ($194.92 in chips)
Seat 5: WhatArunAA ($175.04 in chips)
Actionni13: posts small blind $1
WhatArunAA: posts big blind $3
*** HOLE CARDS ***
Actionni13: raises $3 to $6
WhatArunAA: calls $3
*** FLOP *** [4s 9h 5s]
WhatArunAA: checks
Actionni13: checks
*** TURN *** [4s 9h 5s] [Qh]
WhatArunAA: checks
Actionni13: checks
*** RIVER *** [4s 9h 5s Qh] [Qd]
WhatArunAA: bets $6
Actionni13: calls $6
*** SHOW DOWN ***
WhatArunAA: shows [7d 7h] (two pair, Queens and Sevens)
Actionni13: mucks hand
WhatArunAA collected $23.52 from pot
*** SUMMARY ***
Total pot $24 | Rake $0.48
Board [4s 9h 5s Qh Qd]
Seat 4: Actionni13 (button) (small blind) mucked
Seat 5: WhatArunAA (big blind) showed [7d 7h] and won ($23.52) with two pair, Queens and Sevens


PokerStars Hand #145471670842:  Hold'em Limit ($3/$6 USD) - 2015/12/17 4:39:17 ET
Table 'Mimas' 6-max Seat #5 is the button
Seat 4: Actionni13 ($182.92 in chips)
Seat 5: WhatArunAA ($186.56 in chips)
WhatArunAA: posts small blind $1
Actionni13: posts big blind $3
*** HOLE CARDS ***
WhatArunAA: raises $3 to $6
Actionni13: raises $3 to $9
WhatArunAA: calls $3
*** FLOP *** [As 8h 9s]
Actionni13: bets $3
WhatArunAA: calls $3
*** TURN *** [As 8h 9s] [8c]
Actionni13: bets $6
WhatArunAA: folds
Uncalled bet ($6) returned to Actionni13
Actionni13 collected $23.52 from pot
Actionni13: doesn't show hand
*** SUMMARY ***
Total pot $24 | Rake $0.48
Board [As 8h 9s 8c]
Seat 4: Actionni13 (big blind) collected ($23.52)
Seat 5: WhatArunAA (button) (small blind) folded on the Turn


PokerStars Hand #145471683841:  Hold'em Limit ($3/$6 USD) - 2015/12/17 4:39:51 ET
Table 'Mimas' 6-max Seat #5 is the button
Seat 4: Actionni13 ($217.94 in chips)
Seat 5: WhatArunAA ($150.56 in chips)
WhatArunAA: posts small blind $1
Actionni13: posts big blind $3
*** HOLE CARDS ***
AKPPKA joins the table at seat #3
WhatArunAA: raises $3 to $6
Actionni13: calls $3
*** FLOP *** [2h Qd Qs]
Actionni13: checks
WhatArunAA: checks
*** TURN *** [2h Qd Qs] [9h]
Actionni13: bets $6
WhatArunAA: calls $6
*** RIVER *** [2h Qd Qs 9h] [4c]
Actionni13: bets $6
WhatArunAA: calls $6
*** SHOW DOWN ***
Actionni13: shows [4h 7h] (two pair, Queens and Fours)
WhatArunAA: mucks hand
Actionni13 collected $35.50 from pot
*** SUMMARY ***
Total pot $36 | Rake $0.50
Board [2h Qd Qs 9h 4c]
Seat 4: Actionni13 (big blind) showed [4h 7h] and won ($35.50) with two pair, Queens and Fours
Seat 5: WhatArunAA (button) (small blind) mucked


PokerStars Hand #145471692635:  Hold'em Limit ($3/$6 USD) - 2015/12/17 4:40:14 ET
Table 'Mimas' 6-max Seat #4 is the button
Seat 4: Actionni13 ($235.44 in chips)
Seat 5: WhatArunAA ($132.56 in chips)
Actionni13: posts small blind $1
WhatArunAA: posts big blind $3
*** HOLE CARDS ***
Actionni13: folds
Uncalled bet ($2) returned to WhatArunAA
WhatArunAA collected $2 from pot
WhatArunAA: doesn't show hand
*** SUMMARY ***
Total pot $2 | Rake $0
Seat 4: Actionni13 (button) (small blind) folded before Flop
Seat 5: WhatArunAA (big blind) collected ($2)


