PokerStars Hand #155622003586:  Hold'em Limit ($3/$6 USD) - 2016/07/06 1:08:14 ET
Table 'Mimas' 6-max Seat #4 is the button
Seat 4: AzureCaper ($97.66 in chips)
Seat 6: prallimall ($22.01 in chips)
AzureCaper: posts small blind $1
prallimall: posts big blind $3
*** HOLE CARDS ***
AzureCaper: raises $3 to $6
prallimall: folds
Uncalled bet ($3) returned to AzureCaper
AzureCaper collected $6 from pot
AzureCaper: doesn't show hand
*** SUMMARY ***
Total pot $6 | Rake $0
Seat 4: AzureCaper (button) (small blind) collected ($6)
Seat 6: prallimall (big blind) folded before Flop


PokerStars Hand #155622013854:  Hold'em Limit ($3/$6 USD) - 2016/07/06 1:08:55 ET
Table 'Mimas' 6-max Seat #4 is the button
Seat 4: AzureCaper ($97.29 in chips)
Seat 6: prallimall ($21.58 in chips)
AzureCaper: posts small blind $1
prallimall: posts big blind $3
*** HOLE CARDS ***
AzureCaper: raises $3 to $6
prallimall: raises $3 to $9
AzureCaper: raises $3 to $12
Betting is capped
prallimall: calls $3
*** FLOP *** [8h 9c 8c]
prallimall: bets $3
AzureCaper: calls $3
*** TURN *** [8h 9c 8c] [7c]
prallimall: bets $6
AzureCaper: raises $6 to $12
prallimall: calls $0.58 and is all-in
Uncalled bet ($5.42) returned to AzureCaper
*** RIVER *** [8h 9c 8c 7c] [Ac]
*** SHOW DOWN ***
prallimall: shows [Qh Js] (a pair of Eights)
AzureCaper: shows [7d 7s] (a full house, Sevens full of Eights)
AzureCaper collected $42.66 from pot
*** SUMMARY ***
Total pot $43.16 | Rake $0.50
Board [8h 9c 8c 7c Ac]
Seat 4: AzureCaper (button) (small blind) showed [7d 7s] and won ($42.66) with a full house, Sevens full of Eights
Seat 6: prallimall (big blind) showed [Qh Js] and lost with a pair of Eights


PokerStars Hand #155622008673:  Hold'em Limit ($3/$6 USD) - 2016/07/06 1:08:35 ET
Table 'Mimas' 6-max Seat #6 is the button
Seat 4: AzureCaper ($108.30 in chips)
Seat 6: prallimall ($11.01 in chips)
prallimall: posts small blind $1
AzureCaper: posts big blind $3
*** HOLE CARDS ***
prallimall: raises $3 to $6
AzureCaper: calls $3
*** FLOP *** [Ks Js 4h]
AzureCaper: checks
prallimall: checks
*** TURN *** [Ks Js 4h] [Jh]
AzureCaper: checks
prallimall: checks
*** RIVER *** [Ks Js 4h Jh] [6h]
AzureCaper: checks
prallimall: bets $5.01 and is all-in
AzureCaper: calls $5.01
*** SHOW DOWN ***
prallimall: shows [Jc Qc] (three of a kind, Jacks)
AzureCaper: shows [9c Qd] (a pair of Jacks)
prallimall collected $21.58 from pot
*** SUMMARY ***
Total pot $22.02 | Rake $0.44
Board [Ks Js 4h Jh 6h]
Seat 4: AzureCaper (big blind) showed [9c Qd] and lost with a pair of Jacks
Seat 6: prallimall (button) (small blind) showed [Jc Qc] and won ($21.58) with three of a kind, Jacks


PokerStars Hand #155622007590:  Hold'em Limit ($3/$6 USD) - 2016/07/06 1:08:30 ET
Table 'Mimas' 6-max Seat #4 is the button
Seat 4: AzureCaper ($109.30 in chips)
Seat 6: prallimall ($10.01 in chips)
AzureCaper: posts small blind $1
prallimall: posts big blind $3
*** HOLE CARDS ***
AzureCaper: folds
Uncalled bet ($2) returned to prallimall
prallimall collected $2 from pot
prallimall: doesn't show hand
*** SUMMARY ***
Total pot $2 | Rake $0
Seat 4: AzureCaper (button) (small blind) folded before Flop
Seat 6: prallimall (big blind) collected ($2)


PokerStars Hand #155622004631:  Hold'em Limit ($3/$6 USD) - 2016/07/06 1:08:18 ET
Table 'Mimas' 6-max Seat #6 is the button
Seat 4: AzureCaper ($100.66 in chips)
Seat 6: prallimall ($19.01 in chips)
prallimall: posts small blind $1
AzureCaper: posts big blind $3
*** HOLE CARDS ***
prallimall: raises $3 to $6
AzureCaper: calls $3
*** FLOP *** [9d 4c 6h]
AzureCaper: checks
prallimall: bets $3
AzureCaper: raises $3 to $6
prallimall: folds
Uncalled bet ($3) returned to AzureCaper
AzureCaper collected $17.64 from pot
AzureCaper: doesn't show hand
*** SUMMARY ***
Total pot $18 | Rake $0.36
Board [9d 4c 6h]
Seat 4: AzureCaper (big blind) collected ($17.64)
Seat 6: prallimall (button) (small blind) folded on the Flop


PokerStars Hand #155622043059:  Hold'em Limit ($3/$6 USD) - 2016/07/06 1:10:54 ET
Table 'Mimas' 6-max Seat #6 is the button
Seat 4: AzureCaper ($118.37 in chips)
Seat 6: prallimall ($36.46 in chips)
prallimall: posts small blind $1
AzureCaper: posts big blind $3
*** HOLE CARDS ***
prallimall: raises $3 to $6
AzureCaper: calls $3
*** FLOP *** [6d 2h Qd]
AzureCaper: checks
prallimall: bets $3
AzureCaper: folds
Uncalled bet ($3) returned to prallimall
prallimall collected $11.76 from pot
prallimall: doesn't show hand
*** SUMMARY ***
Total pot $12 | Rake $0.24
Board [6d 2h Qd]
Seat 4: AzureCaper (big blind) folded on the Flop
Seat 6: prallimall (button) (small blind) collected ($11.76)


PokerStars Hand #155622046077:  Hold'em Limit ($3/$6 USD) - 2016/07/06 1:11:06 ET
Table 'Mimas' 6-max Seat #4 is the button
Seat 4: AzureCaper ($112.37 in chips)
Seat 6: prallimall ($42.22 in chips)
AzureCaper: posts small blind $1
prallimall: posts big blind $3
*** HOLE CARDS ***
AzureCaper: raises $3 to $6
prallimall: raises $3 to $9
AzureCaper: raises $3 to $12
Betting is capped
prallimall: calls $3
*** FLOP *** [8d 4d 7d]
prallimall: checks
AzureCaper: bets $3
prallimall: raises $3 to $6
AzureCaper: calls $3
*** TURN *** [8d 4d 7d] [Tc]
prallimall: bets $6
AzureCaper: calls $6
*** RIVER *** [8d 4d 7d Tc] [6s]
prallimall: bets $6
AzureCaper: calls $6
*** SHOW DOWN ***
prallimall: shows [Th Qd] (a pair of Tens)
AzureCaper: shows [Ks Kh] (a pair of Kings)
AzureCaper collected $59.50 from pot
*** SUMMARY ***
Total pot $60 | Rake $0.50
Board [8d 4d 7d Tc 6s]
Seat 4: AzureCaper (button) (small blind) showed [Ks Kh] and won ($59.50) with a pair of Kings
Seat 6: prallimall (big blind) showed [Th Qd] and lost with a pair of Tens


PokerStars Hand #155622051027:  Hold'em Limit ($3/$6 USD) - 2016/07/06 1:11:27 ET
Table 'Mimas' 6-max Seat #6 is the button
Seat 4: AzureCaper ($141.87 in chips)
Seat 6: prallimall ($12.22 in chips)
prallimall: posts small blind $1
AzureCaper: posts big blind $3
*** HOLE CARDS ***
prallimall: raises $3 to $6
AzureCaper: calls $3
*** FLOP *** [Ad Ah 9d]
AzureCaper: checks
prallimall: bets $3
AzureCaper: calls $3
*** TURN *** [Ad Ah 9d] [Jd]
AzureCaper: checks
prallimall: bets $3.22 and is all-in
AzureCaper: calls $3.22
*** RIVER *** [Ad Ah 9d Jd] [7s]
*** SHOW DOWN ***
AzureCaper: shows [Kc 9h] (two pair, Aces and Nines)
prallimall: shows [9s Qd] (two pair, Aces and Nines - lower kicker)
AzureCaper collected $23.95 from pot
*** SUMMARY ***
Total pot $24.44 | Rake $0.49
Board [Ad Ah 9d Jd 7s]
Seat 4: AzureCaper (big blind) showed [Kc 9h] and won ($23.95) with two pair, Aces and Nines
Seat 6: prallimall (button) (small blind) showed [9s Qd] and lost with two pair, Aces and Nines


PokerStars Hand #155622202731:  Hold'em Limit ($3/$6 USD) - 2016/07/06 1:22:01 ET
Table 'Mimas' 6-max Seat #4 is the button
Seat 4: AzureCaper ($153.60 in chips)
Seat 6: K. Ichinose ($120 in chips)
AzureCaper: posts small blind $1
K. Ichinose: posts big blind $3
*** HOLE CARDS ***
AzureCaper: raises $3 to $6
K. Ichinose: raises $3 to $9
AzureCaper: calls $3
*** FLOP *** [7d Td Kh]
K. Ichinose: checks
AzureCaper: bets $3
K. Ichinose: calls $3
*** TURN *** [7d Td Kh] [Jd]
K. Ichinose: checks
AzureCaper: bets $6
K. Ichinose: calls $6
*** RIVER *** [7d Td Kh Jd] [7s]
K. Ichinose: checks
AzureCaper: bets $6
K. Ichinose: raises $6 to $12
AzureCaper: calls $6
*** SHOW DOWN ***
K. Ichinose: shows [7h 8h] (three of a kind, Sevens)
AzureCaper: mucks hand
K. Ichinose collected $59.50 from pot
*** SUMMARY ***
Total pot $60 | Rake $0.50
Board [7d Td Kh Jd 7s]
Seat 4: AzureCaper (button) (small blind) mucked
Seat 6: K. Ichinose (big blind) showed [7h 8h] and won ($59.50) with three of a kind, Sevens


PokerStars Hand #155622224910:  Hold'em Limit ($3/$6 USD) - 2016/07/06 1:23:34 ET
Table 'Mimas' 6-max Seat #6 is the button
Seat 4: AzureCaper ($117.10 in chips)
Seat 6: K. Ichinose ($154.76 in chips)
K. Ichinose: posts small blind $1
AzureCaper: posts big blind $3
*** HOLE CARDS ***
K. Ichinose: raises $3 to $6
AzureCaper: folds
Uncalled bet ($3) returned to K. Ichinose
K. Ichinose collected $6 from pot
K. Ichinose: doesn't show hand
*** SUMMARY ***
Total pot $6 | Rake $0
Seat 4: AzureCaper (big blind) folded before Flop
Seat 6: K. Ichinose (button) (small blind) collected ($6)


PokerStars Hand #155622220452:  Hold'em Limit ($3/$6 USD) - 2016/07/06 1:23:16 ET
Table 'Mimas' 6-max Seat #4 is the button
Seat 4: AzureCaper ($96.60 in chips)
Seat 6: K. Ichinose ($175.76 in chips)
AzureCaper: posts small blind $1
K. Ichinose: posts big blind $3
*** HOLE CARDS ***
AzureCaper: raises $3 to $6
K. Ichinose: calls $3
*** FLOP *** [Tc 7c Ad]
K. Ichinose: checks
AzureCaper: bets $3
K. Ichinose: calls $3
*** TURN *** [Tc 7c Ad] [6h]
K. Ichinose: checks
AzureCaper: bets $6
K. Ichinose: raises $6 to $12
AzureCaper: raises $6 to $18
K. Ichinose: folds
Uncalled bet ($6) returned to AzureCaper
AzureCaper collected $41.50 from pot
AzureCaper: doesn't show hand
*** SUMMARY ***
Total pot $42 | Rake $0.50
Board [Tc 7c Ad 6h]
Seat 4: AzureCaper (button) (small blind) collected ($41.50)
Seat 6: K. Ichinose (big blind) folded on the Turn


PokerStars Hand #155622211284:  Hold'em Limit ($3/$6 USD) - 2016/07/06 1:22:37 ET
Table 'Mimas' 6-max Seat #6 is the button
Seat 4: AzureCaper ($123.60 in chips)
Seat 6: K. Ichinose ($149.50 in chips)
K. Ichinose: posts small blind $1
AzureCaper: posts big blind $3
*** HOLE CARDS ***
K. Ichinose: raises $3 to $6
AzureCaper: calls $3
*** FLOP *** [Qh Jc 6s]
AzureCaper: checks
K. Ichinose: bets $3
AzureCaper: folds
Uncalled bet ($3) returned to K. Ichinose
K. Ichinose collected $11.76 from pot
K. Ichinose: doesn't show hand
*** SUMMARY ***
Total pot $12 | Rake $0.24
Board [Qh Jc 6s]
Seat 4: AzureCaper (big blind) folded on the Flop
Seat 6: K. Ichinose (button) (small blind) collected ($11.76)


PokerStars Hand #155622216031:  Hold'em Limit ($3/$6 USD) - 2016/07/06 1:22:57 ET
Table 'Mimas' 6-max Seat #6 is the button
Seat 4: AzureCaper ($120.60 in chips)
Seat 6: K. Ichinose ($152.26 in chips)
K. Ichinose: posts small blind $1
AzureCaper: posts big blind $3
*** HOLE CARDS ***
K. Ichinose: raises $3 to $6
AzureCaper: calls $3
*** FLOP *** [Js Th Ts]
AzureCaper: checks
K. Ichinose: bets $3
AzureCaper: raises $3 to $6
K. Ichinose: calls $3
*** TURN *** [Js Th Ts] [4d]
AzureCaper: bets $6
K. Ichinose: calls $6
*** RIVER *** [Js Th Ts 4d] [7s]
AzureCaper: bets $6
K. Ichinose: raises $6 to $12
AzureCaper: folds
Uncalled bet ($6) returned to K. Ichinose
K. Ichinose collected $47.50 from pot
K. Ichinose: doesn't show hand
*** SUMMARY ***
Total pot $48 | Rake $0.50
Board [Js Th Ts 4d 7s]
Seat 4: AzureCaper (big blind) folded on the River
Seat 6: K. Ichinose (button) (small blind) collected ($47.50)


PokerStars Hand #155622214229:  Hold'em Limit ($3/$6 USD) - 2016/07/06 1:22:50 ET
Table 'Mimas' 6-max Seat #4 is the button
Seat 4: AzureCaper ($117.60 in chips)
Seat 6: K. Ichinose ($155.26 in chips)
AzureCaper: posts small blind $1
K. Ichinose: posts big blind $3
*** HOLE CARDS ***
AzureCaper: raises $3 to $6
K. Ichinose: folds
Uncalled bet ($3) returned to AzureCaper
AzureCaper collected $6 from pot
AzureCaper: doesn't show hand
*** SUMMARY ***
Total pot $6 | Rake $0
Seat 4: AzureCaper (button) (small blind) collected ($6)
Seat 6: K. Ichinose (big blind) folded before Flop


PokerStars Hand #155622236725:  Hold'em Limit ($3/$6 USD) - 2016/07/06 1:24:24 ET
Table 'Mimas' 6-max Seat #4 is the button
Seat 4: AzureCaper ($92.10 in chips)
Seat 6: K. Ichinose ($178.92 in chips)
AzureCaper: posts small blind $1
K. Ichinose: posts big blind $3
*** HOLE CARDS ***
AzureCaper: folds
Uncalled bet ($2) returned to K. Ichinose
K. Ichinose collected $2 from pot
K. Ichinose: doesn't show hand
*** SUMMARY ***
Total pot $2 | Rake $0
Seat 4: AzureCaper (button) (small blind) folded before Flop
Seat 6: K. Ichinose (big blind) collected ($2)


PokerStars Hand #155622230861:  Hold'em Limit ($3/$6 USD) - 2016/07/06 1:23:59 ET
Table 'Mimas' 6-max Seat #4 is the button
Seat 4: AzureCaper ($99.10 in chips)
Seat 6: K. Ichinose ($172.16 in chips)
AzureCaper: posts small blind $1
K. Ichinose: posts big blind $3
*** HOLE CARDS ***
AzureCaper: raises $3 to $6
K. Ichinose: folds
Uncalled bet ($3) returned to AzureCaper
AzureCaper collected $6 from pot
AzureCaper: doesn't show hand
*** SUMMARY ***
Total pot $6 | Rake $0
Seat 4: AzureCaper (button) (small blind) collected ($6)
Seat 6: K. Ichinose (big blind) folded before Flop


PokerStars Hand #155622237949:  Hold'em Limit ($3/$6 USD) - 2016/07/06 1:24:29 ET
Table 'Mimas' 6-max Seat #6 is the button
Seat 4: AzureCaper ($91.10 in chips)
Seat 6: K. Ichinose ($179.92 in chips)
K. Ichinose: posts small blind $1
AzureCaper: posts big blind $3
*** HOLE CARDS ***
K. Ichinose: raises $3 to $6
AzureCaper: calls $3
*** FLOP *** [Qd Th 5s]
AzureCaper: checks
K. Ichinose: bets $3
AzureCaper: raises $3 to $6
K. Ichinose: calls $3
*** TURN *** [Qd Th 5s] [7c]
AzureCaper: bets $6
K. Ichinose: folds
Uncalled bet ($6) returned to AzureCaper
AzureCaper collected $23.52 from pot
AzureCaper: doesn't show hand
*** SUMMARY ***
Total pot $24 | Rake $0.48
Board [Qd Th 5s 7c]
Seat 4: AzureCaper (big blind) collected ($23.52)
Seat 6: K. Ichinose (button) (small blind) folded on the Turn


PokerStars Hand #155622235505:  Hold'em Limit ($3/$6 USD) - 2016/07/06 1:24:19 ET
Table 'Mimas' 6-max Seat #6 is the button
Seat 4: AzureCaper ($95.10 in chips)
Seat 6: K. Ichinose ($175.92 in chips)
K. Ichinose: posts small blind $1
AzureCaper: posts big blind $3
*** HOLE CARDS ***
K. Ichinose: raises $3 to $6
AzureCaper: folds
Uncalled bet ($3) returned to K. Ichinose
K. Ichinose collected $6 from pot
K. Ichinose: doesn't show hand
*** SUMMARY ***
Total pot $6 | Rake $0
Seat 4: AzureCaper (big blind) folded before Flop
Seat 6: K. Ichinose (button) (small blind) collected ($6)


PokerStars Hand #155622234383:  Hold'em Limit ($3/$6 USD) - 2016/07/06 1:24:15 ET
Table 'Mimas' 6-max Seat #4 is the button
Seat 4: AzureCaper ($96.10 in chips)
Seat 6: K. Ichinose ($174.92 in chips)
AzureCaper: posts small blind $1
K. Ichinose: posts big blind $3
*** HOLE CARDS ***
AzureCaper: folds
Uncalled bet ($2) returned to K. Ichinose
K. Ichinose collected $2 from pot
K. Ichinose: doesn't show hand
*** SUMMARY ***
Total pot $2 | Rake $0
Seat 4: AzureCaper (button) (small blind) folded before Flop
Seat 6: K. Ichinose (big blind) collected ($2)


PokerStars Hand #155622232019:  Hold'em Limit ($3/$6 USD) - 2016/07/06 1:24:04 ET
Table 'Mimas' 6-max Seat #6 is the button
Seat 4: AzureCaper ($102.10 in chips)
Seat 6: K. Ichinose ($169.16 in chips)
K. Ichinose: posts small blind $1
AzureCaper: posts big blind $3
*** HOLE CARDS ***
K. Ichinose: raises $3 to $6
AzureCaper: calls $3
*** FLOP *** [8c Jd 2c]
AzureCaper: checks
K. Ichinose: bets $3
AzureCaper: folds
Uncalled bet ($3) returned to K. Ichinose
K. Ichinose collected $11.76 from pot
K. Ichinose: doesn't show hand
*** SUMMARY ***
Total pot $12 | Rake $0.24
Board [8c Jd 2c]
Seat 4: AzureCaper (big blind) folded on the Flop
Seat 6: K. Ichinose (button) (small blind) collected ($11.76)


PokerStars Hand #155622228820:  Hold'em Limit ($3/$6 USD) - 2016/07/06 1:23:51 ET
Table 'Mimas' 6-max Seat #6 is the button
Seat 4: AzureCaper ($105.10 in chips)
Seat 6: K. Ichinose ($166.40 in chips)
K. Ichinose: posts small blind $1
AzureCaper: posts big blind $3
*** HOLE CARDS ***
K. Ichinose: raises $3 to $6
AzureCaper: calls $3
*** FLOP *** [7d 7s Ks]
AzureCaper: checks
K. Ichinose: bets $3
AzureCaper: folds
Uncalled bet ($3) returned to K. Ichinose
K. Ichinose collected $11.76 from pot
K. Ichinose: doesn't show hand
*** SUMMARY ***
Total pot $12 | Rake $0.24
Board [7d 7s Ks]
Seat 4: AzureCaper (big blind) folded on the Flop
Seat 6: K. Ichinose (button) (small blind) collected ($11.76)


PokerStars Hand #155622226722:  Hold'em Limit ($3/$6 USD) - 2016/07/06 1:23:42 ET
Table 'Mimas' 6-max Seat #4 is the button
Seat 4: AzureCaper ($114.10 in chips)
Seat 6: K. Ichinose ($157.76 in chips)
AzureCaper: posts small blind $1
K. Ichinose: posts big blind $3
*** HOLE CARDS ***
AzureCaper: raises $3 to $6
K. Ichinose: raises $3 to $9
AzureCaper: calls $3
*** FLOP *** [Ac 4c Qs]
K. Ichinose: bets $3
AzureCaper: folds
Uncalled bet ($3) returned to K. Ichinose
K. Ichinose collected $17.64 from pot
K. Ichinose: doesn't show hand
*** SUMMARY ***
Total pot $18 | Rake $0.36
Board [Ac 4c Qs]
Seat 4: AzureCaper (button) (small blind) folded on the Flop
Seat 6: K. Ichinose (big blind) collected ($17.64)


PokerStars Hand #155622252789:  Hold'em Limit ($3/$6 USD) - 2016/07/06 1:25:32 ET
Table 'Mimas' 6-max Seat #6 is the button
Seat 4: AzureCaper ($119.12 in chips)
Seat 6: K. Ichinose ($150.42 in chips)
K. Ichinose: posts small blind $1
AzureCaper: posts big blind $3
*** HOLE CARDS ***
K. Ichinose: raises $3 to $6
AzureCaper: calls $3
*** FLOP *** [Qd Kd 9c]
AzureCaper: checks
K. Ichinose: bets $3
AzureCaper: raises $3 to $6
K. Ichinose: folds
Uncalled bet ($3) returned to AzureCaper
AzureCaper collected $17.64 from pot
AzureCaper: doesn't show hand
*** SUMMARY ***
Total pot $18 | Rake $0.36
Board [Qd Kd 9c]
Seat 4: AzureCaper (big blind) collected ($17.64)
Seat 6: K. Ichinose (button) (small blind) folded on the Flop


PokerStars Hand #155622251735:  Hold'em Limit ($3/$6 USD) - 2016/07/06 1:25:27 ET
Table 'Mimas' 6-max Seat #4 is the button
Seat 4: AzureCaper ($120.12 in chips)
Seat 6: K. Ichinose ($149.42 in chips)
AzureCaper: posts small blind $1
K. Ichinose: posts big blind $3
*** HOLE CARDS ***
AzureCaper: folds
Uncalled bet ($2) returned to K. Ichinose
K. Ichinose collected $2 from pot
K. Ichinose: doesn't show hand
*** SUMMARY ***
Total pot $2 | Rake $0
Seat 4: AzureCaper (button) (small blind) folded before Flop
Seat 6: K. Ichinose (big blind) collected ($2)


PokerStars Hand #155622247816:  Hold'em Limit ($3/$6 USD) - 2016/07/06 1:25:11 ET
Table 'Mimas' 6-max Seat #6 is the button
Seat 4: AzureCaper ($90.62 in chips)
Seat 6: K. Ichinose ($179.42 in chips)
K. Ichinose: posts small blind $1
AzureCaper: posts big blind $3
*** HOLE CARDS ***
K. Ichinose: raises $3 to $6
AzureCaper: raises $3 to $9
K. Ichinose: calls $3
*** FLOP *** [2c 8d 7h]
AzureCaper: bets $3
K. Ichinose: calls $3
*** TURN *** [2c 8d 7h] [5s]
AzureCaper: checks
K. Ichinose: bets $6
AzureCaper: calls $6
*** RIVER *** [2c 8d 7h 5s] [Kh]
AzureCaper: checks
K. Ichinose: bets $6
AzureCaper: raises $6 to $12
K. Ichinose: calls $6
*** SHOW DOWN ***
AzureCaper: shows [Qs Kd] (a pair of Kings)
K. Ichinose: mucks hand
AzureCaper collected $59.50 from pot
*** SUMMARY ***
Total pot $60 | Rake $0.50
Board [2c 8d 7h 5s Kh]
Seat 4: AzureCaper (big blind) showed [Qs Kd] and won ($59.50) with a pair of Kings
Seat 6: K. Ichinose (button) (small blind) mucked


PokerStars Hand #155622246122:  Hold'em Limit ($3/$6 USD) - 2016/07/06 1:25:04 ET
Table 'Mimas' 6-max Seat #4 is the button
Seat 4: AzureCaper ($87.62 in chips)
Seat 6: K. Ichinose ($182.42 in chips)
AzureCaper: posts small blind $1
K. Ichinose: posts big blind $3
*** HOLE CARDS ***
AzureCaper: raises $3 to $6
K. Ichinose: folds
Uncalled bet ($3) returned to AzureCaper
AzureCaper collected $6 from pot
AzureCaper: doesn't show hand
*** SUMMARY ***
Total pot $6 | Rake $0
Seat 4: AzureCaper (button) (small blind) collected ($6)
Seat 6: K. Ichinose (big blind) folded before Flop


PokerStars Hand #155622242068:  Hold'em Limit ($3/$6 USD) - 2016/07/06 1:24:47 ET
Table 'Mimas' 6-max Seat #6 is the button
Seat 4: AzureCaper ($105.62 in chips)
Seat 6: K. Ichinose ($164.92 in chips)
K. Ichinose: posts small blind $1
AzureCaper: posts big blind $3
*** HOLE CARDS ***
K. Ichinose: raises $3 to $6
AzureCaper: calls $3
*** FLOP *** [Qs Ks Jh]
AzureCaper: checks
K. Ichinose: checks
*** TURN *** [Qs Ks Jh] [8d]
AzureCaper: bets $6
K. Ichinose: calls $6
*** RIVER *** [Qs Ks Jh 8d] [Td]
AzureCaper: checks
K. Ichinose: bets $6
AzureCaper: calls $6
*** SHOW DOWN ***
K. Ichinose: shows [Ah Kd] (a straight, Ten to Ace)
AzureCaper: mucks hand
K. Ichinose collected $35.50 from pot
*** SUMMARY ***
Total pot $36 | Rake $0.50
Board [Qs Ks Jh 8d Td]
Seat 4: AzureCaper (big blind) mucked
Seat 6: K. Ichinose (button) (small blind) showed [Ah Kd] and won ($35.50) with a straight, Ten to Ace


PokerStars Hand #155622240719:  Hold'em Limit ($3/$6 USD) - 2016/07/06 1:24:41 ET
Table 'Mimas' 6-max Seat #4 is the button
Seat 4: AzureCaper ($102.62 in chips)
Seat 6: K. Ichinose ($167.92 in chips)
AzureCaper: posts small blind $1
K. Ichinose: posts big blind $3
*** HOLE CARDS ***
AzureCaper: raises $3 to $6
K. Ichinose: folds
Uncalled bet ($3) returned to AzureCaper
AzureCaper collected $6 from pot
*** SUMMARY ***
Total pot $6 | Rake $0
Seat 4: AzureCaper (button) (small blind) collected ($6)
Seat 6: K. Ichinose (big blind) folded before Flop


PokerStars Hand #155622255462:  Hold'em Limit ($3/$6 USD) - 2016/07/06 1:25:43 ET
Table 'Mimas' 6-max Seat #4 is the button
Seat 4: AzureCaper ($127.76 in chips)
Seat 6: K. Ichinose ($141.42 in chips)
AzureCaper: posts small blind $1
K. Ichinose: posts big blind $3
*** HOLE CARDS ***
AzureCaper: folds
Uncalled bet ($2) returned to K. Ichinose
K. Ichinose collected $2 from pot
K. Ichinose: doesn't show hand
*** SUMMARY ***
Total pot $2 | Rake $0
Seat 4: AzureCaper (button) (small blind) folded before Flop
Seat 6: K. Ichinose (big blind) collected ($2)


PokerStars Hand #155622266494:  Hold'em Limit ($3/$6 USD) - 2016/07/06 1:26:29 ET
Table 'Mimas' 6-max Seat #4 is the button
Seat 4: AzureCaper ($122.52 in chips)
Seat 6: K. Ichinose ($146.42 in chips)
AzureCaper: posts small blind $1
K. Ichinose: posts big blind $3
*** HOLE CARDS ***
AzureCaper: raises $3 to $6
K. Ichinose: folds
Uncalled bet ($3) returned to AzureCaper
AzureCaper collected $6 from pot
AzureCaper: doesn't show hand
*** SUMMARY ***
Total pot $6 | Rake $0
Seat 4: AzureCaper (button) (small blind) collected ($6)
Seat 6: K. Ichinose (big blind) folded before Flop


PokerStars Hand #155622257103:  Hold'em Limit ($3/$6 USD) - 2016/07/06 1:25:50 ET
Table 'Mimas' 6-max Seat #6 is the button
Seat 4: AzureCaper ($126.76 in chips)
Seat 6: K. Ichinose ($142.42 in chips)
K. Ichinose: posts small blind $1
AzureCaper: posts big blind $3
*** HOLE CARDS ***
K. Ichinose: raises $3 to $6
AzureCaper: folds
Uncalled bet ($3) returned to K. Ichinose
K. Ichinose collected $6 from pot
K. Ichinose: doesn't show hand
*** SUMMARY ***
Total pot $6 | Rake $0
Seat 4: AzureCaper (big blind) folded before Flop
Seat 6: K. Ichinose (button) (small blind) collected ($6)


PokerStars Hand #155622263573:  Hold'em Limit ($3/$6 USD) - 2016/07/06 1:26:16 ET
Table 'Mimas' 6-max Seat #4 is the button
Seat 4: AzureCaper ($126.52 in chips)
Seat 6: K. Ichinose ($142.42 in chips)
AzureCaper: posts small blind $1
K. Ichinose: posts big blind $3
*** HOLE CARDS ***
AzureCaper: folds
Uncalled bet ($2) returned to K. Ichinose
K. Ichinose collected $2 from pot
K. Ichinose: doesn't show hand
*** SUMMARY ***
Total pot $2 | Rake $0
Seat 4: AzureCaper (button) (small blind) folded before Flop
Seat 6: K. Ichinose (big blind) collected ($2)


PokerStars Hand #155622262130:  Hold'em Limit ($3/$6 USD) - 2016/07/06 1:26:10 ET
Table 'Mimas' 6-max Seat #6 is the button
Seat 4: AzureCaper ($129.52 in chips)
Seat 6: K. Ichinose ($139.42 in chips)
K. Ichinose: posts small blind $1
AzureCaper: posts big blind $3
*** HOLE CARDS ***
K. Ichinose: raises $3 to $6
AzureCaper: folds
Uncalled bet ($3) returned to K. Ichinose
K. Ichinose collected $6 from pot
K. Ichinose: doesn't show hand
*** SUMMARY ***
Total pot $6 | Rake $0
Seat 4: AzureCaper (big blind) folded before Flop
Seat 6: K. Ichinose (button) (small blind) collected ($6)


PokerStars Hand #155622264613:  Hold'em Limit ($3/$6 USD) - 2016/07/06 1:26:21 ET
Table 'Mimas' 6-max Seat #6 is the button
Seat 4: AzureCaper ($125.52 in chips)
Seat 6: K. Ichinose ($143.42 in chips)
K. Ichinose: posts small blind $1
AzureCaper: posts big blind $3
*** HOLE CARDS ***
K. Ichinose: raises $3 to $6
AzureCaper: folds
Uncalled bet ($3) returned to K. Ichinose
K. Ichinose collected $6 from pot
K. Ichinose: doesn't show hand
*** SUMMARY ***
Total pot $6 | Rake $0
Seat 4: AzureCaper (big blind) folded before Flop
Seat 6: K. Ichinose (button) (small blind) collected ($6)


PokerStars Hand #155622280428:  Hold'em Limit ($3/$6 USD) - 2016/07/06 1:27:27 ET
Table 'Mimas' 6-max Seat #6 is the button
Seat 4: AzureCaper ($97.52 in chips)
Seat 6: K. Ichinose ($170.92 in chips)
K. Ichinose: posts small blind $1
AzureCaper: posts big blind $3
*** HOLE CARDS ***
K. Ichinose: folds
Uncalled bet ($2) returned to AzureCaper
AzureCaper collected $2 from pot
AzureCaper: doesn't show hand
*** SUMMARY ***
Total pot $2 | Rake $0
Seat 4: AzureCaper (big blind) collected ($2)
Seat 6: K. Ichinose (button) (small blind) folded before Flop


PokerStars Hand #155622274320:  Hold'em Limit ($3/$6 USD) - 2016/07/06 1:27:01 ET
Table 'Mimas' 6-max Seat #4 is the button
Seat 4: AzureCaper ($118.52 in chips)
Seat 6: K. Ichinose ($150.42 in chips)
AzureCaper: posts small blind $1
K. Ichinose: posts big blind $3
*** HOLE CARDS ***
AzureCaper: raises $3 to $6
K. Ichinose: calls $3
*** FLOP *** [Kh Qh Kc]
K. Ichinose: checks
AzureCaper: bets $3
K. Ichinose: raises $3 to $6
AzureCaper: raises $3 to $9
K. Ichinose: calls $3
*** TURN *** [Kh Qh Kc] [4h]
K. Ichinose: bets $6
AzureCaper: calls $6
*** RIVER *** [Kh Qh Kc 4h] [6d]
K. Ichinose: checks
AzureCaper: checks
*** SHOW DOWN ***
K. Ichinose: shows [4s Kd] (a full house, Kings full of Fours)
AzureCaper: mucks hand
K. Ichinose collected $41.50 from pot
*** SUMMARY ***
Total pot $42 | Rake $0.50
Board [Kh Qh Kc 4h 6d]
Seat 4: AzureCaper (button) (small blind) mucked
Seat 6: K. Ichinose (big blind) showed [4s Kd] and won ($41.50) with a full house, Kings full of Fours


PokerStars Hand #155622271094:  Hold'em Limit ($3/$6 USD) - 2016/07/06 1:26:48 ET
Table 'Mimas' 6-max Seat #4 is the button
Seat 4: AzureCaper ($122.52 in chips)
Seat 6: K. Ichinose ($146.42 in chips)
AzureCaper: posts small blind $1
K. Ichinose: posts big blind $3
*** HOLE CARDS ***
AzureCaper: folds
Uncalled bet ($2) returned to K. Ichinose
K. Ichinose collected $2 from pot
K. Ichinose: doesn't show hand
*** SUMMARY ***
Total pot $2 | Rake $0
Seat 4: AzureCaper (button) (small blind) folded before Flop
Seat 6: K. Ichinose (big blind) collected ($2)


PokerStars Hand #155622269231:  Hold'em Limit ($3/$6 USD) - 2016/07/06 1:26:40 ET
Table 'Mimas' 6-max Seat #6 is the button
Seat 4: AzureCaper ($125.52 in chips)
Seat 6: K. Ichinose ($143.42 in chips)
K. Ichinose: posts small blind $1
AzureCaper: posts big blind $3
*** HOLE CARDS ***
K. Ichinose: raises $3 to $6
AzureCaper: folds
Uncalled bet ($3) returned to K. Ichinose
K. Ichinose collected $6 from pot
K. Ichinose: doesn't show hand
*** SUMMARY ***
Total pot $6 | Rake $0
Seat 4: AzureCaper (big blind) folded before Flop
Seat 6: K. Ichinose (button) (small blind) collected ($6)


PokerStars Hand #155622272443:  Hold'em Limit ($3/$6 USD) - 2016/07/06 1:26:54 ET
Table 'Mimas' 6-max Seat #6 is the button
Seat 4: AzureCaper ($121.52 in chips)
Seat 6: K. Ichinose ($147.42 in chips)
K. Ichinose: posts small blind $1
AzureCaper: posts big blind $3
*** HOLE CARDS ***
K. Ichinose: raises $3 to $6
AzureCaper: folds
Uncalled bet ($3) returned to K. Ichinose
K. Ichinose collected $6 from pot
K. Ichinose: doesn't show hand
*** SUMMARY ***
Total pot $6 | Rake $0
Seat 4: AzureCaper (big blind) folded before Flop
Seat 6: K. Ichinose (button) (small blind) collected ($6)


PokerStars Hand #155622285343:  Hold'em Limit ($3/$6 USD) - 2016/07/06 1:27:48 ET
Table 'Mimas' 6-max Seat #6 is the button
Seat 4: AzureCaper ($101.52 in chips)
Seat 6: K. Ichinose ($166.92 in chips)
K. Ichinose: posts small blind $1
AzureCaper: posts big blind $3
*** HOLE CARDS ***
K. Ichinose: raises $3 to $6
AzureCaper: raises $3 to $9
K. Ichinose: raises $3 to $12
Betting is capped
AzureCaper: calls $3
*** FLOP *** [Ad Jh 5c]
AzureCaper: bets $3
K. Ichinose: calls $3
*** TURN *** [Ad Jh 5c] [8s]
AzureCaper: bets $6
K. Ichinose: calls $6
*** RIVER *** [Ad Jh 5c 8s] [Th]
AzureCaper: bets $6
K. Ichinose: calls $6
*** SHOW DOWN ***
AzureCaper: shows [Td Ah] (two pair, Aces and Tens)
K. Ichinose: mucks hand
AzureCaper collected $53.50 from pot
*** SUMMARY ***
Total pot $54 | Rake $0.50
Board [Ad Jh 5c 8s Th]
Seat 4: AzureCaper (big blind) showed [Td Ah] and won ($53.50) with two pair, Aces and Tens
Seat 6: K. Ichinose (button) (small blind) mucked


PokerStars Hand #155622297103:  Hold'em Limit ($3/$6 USD) - 2016/07/06 1:28:38 ET
Table 'Mimas' 6-max Seat #6 is the button
Seat 4: AzureCaper ($119.02 in chips)
Seat 6: K. Ichinose ($148.56 in chips)
K. Ichinose: posts small blind $1
AzureCaper: posts big blind $3
*** HOLE CARDS ***
K. Ichinose: folds
Uncalled bet ($2) returned to AzureCaper
AzureCaper collected $2 from pot
AzureCaper: doesn't show hand
*** SUMMARY ***
Total pot $2 | Rake $0
Seat 4: AzureCaper (big blind) collected ($2)
Seat 6: K. Ichinose (button) (small blind) folded before Flop


PokerStars Hand #155622291180:  Hold'em Limit ($3/$6 USD) - 2016/07/06 1:28:13 ET
Table 'Mimas' 6-max Seat #4 is the button
Seat 4: AzureCaper ($128.02 in chips)
Seat 6: K. Ichinose ($139.92 in chips)
AzureCaper: posts small blind $1
K. Ichinose: posts big blind $3
*** HOLE CARDS ***
AzureCaper: raises $3 to $6
K. Ichinose: raises $3 to $9
AzureCaper: calls $3
*** FLOP *** [Jh Kd 9s]
K. Ichinose: checks
AzureCaper: checks
*** TURN *** [Jh Kd 9s] [2c]
K. Ichinose: checks
AzureCaper: checks
*** RIVER *** [Jh Kd 9s 2c] [7d]
K. Ichinose: checks
AzureCaper: checks
*** SHOW DOWN ***
K. Ichinose: shows [Ah Td] (high card Ace)
AzureCaper: mucks hand
K. Ichinose collected $17.64 from pot
*** SUMMARY ***
Total pot $18 | Rake $0.36
Board [Jh Kd 9s 2c 7d]
Seat 4: AzureCaper (button) (small blind) mucked
Seat 6: K. Ichinose (big blind) showed [Ah Td] and won ($17.64) with high card Ace


PokerStars Hand #155622282137:  Hold'em Limit ($3/$6 USD) - 2016/07/06 1:27:35 ET
Table 'Mimas' 6-max Seat #4 is the button
Seat 4: AzureCaper ($98.52 in chips)
Seat 6: K. Ichinose ($169.92 in chips)
AzureCaper: posts small blind $1
K. Ichinose: posts big blind $3
*** HOLE CARDS ***
AzureCaper: raises $3 to $6
K. Ichinose: folds
Uncalled bet ($3) returned to AzureCaper
AzureCaper collected $6 from pot
AzureCaper: doesn't show hand
*** SUMMARY ***
Total pot $6 | Rake $0
Seat 4: AzureCaper (button) (small blind) collected ($6)
Seat 6: K. Ichinose (big blind) folded before Flop


PokerStars Hand #155622298862:  Hold'em Limit ($3/$6 USD) - 2016/07/06 1:28:46 ET
Table 'Mimas' 6-max Seat #4 is the button
Seat 4: AzureCaper ($120.02 in chips)
Seat 6: K. Ichinose ($147.56 in chips)
AzureCaper: posts small blind $1
K. Ichinose: posts big blind $3
*** HOLE CARDS ***
AzureCaper: raises $3 to $6
K. Ichinose: calls $3
*** FLOP *** [7s 3c 9h]
K. Ichinose: checks
AzureCaper: bets $3
K. Ichinose: raises $3 to $6
AzureCaper: calls $3
*** TURN *** [7s 3c 9h] [6s]
K. Ichinose: bets $6
AzureCaper: raises $6 to $12
K. Ichinose: calls $6
*** RIVER *** [7s 3c 9h 6s] [Jh]
K. Ichinose: checks
AzureCaper: bets $6
K. Ichinose: folds
Uncalled bet ($6) returned to AzureCaper
AzureCaper collected $47.50 from pot
AzureCaper: doesn't show hand
*** SUMMARY ***
Total pot $48 | Rake $0.50
Board [7s 3c 9h 6s Jh]
Seat 4: AzureCaper (button) (small blind) collected ($47.50)
Seat 6: K. Ichinose (big blind) folded on the River


PokerStars Hand #155622308904:  Hold'em Limit ($3/$6 USD) - 2016/07/06 1:29:28 ET
Table 'Mimas' 6-max Seat #4 is the button
Seat 4: AzureCaper ($137.52 in chips)
Seat 6: K. Ichinose ($129.32 in chips)
AzureCaper: posts small blind $1
K. Ichinose: posts big blind $3
*** HOLE CARDS ***
AzureCaper: folds
Uncalled bet ($2) returned to K. Ichinose
K. Ichinose collected $2 from pot
K. Ichinose: doesn't show hand
*** SUMMARY ***
Total pot $2 | Rake $0
Seat 4: AzureCaper (button) (small blind) folded before Flop
Seat 6: K. Ichinose (big blind) collected ($2)


PokerStars Hand #155622303772:  Hold'em Limit ($3/$6 USD) - 2016/07/06 1:29:06 ET
Table 'Mimas' 6-max Seat #6 is the button
Seat 4: AzureCaper ($143.52 in chips)
Seat 6: K. Ichinose ($123.56 in chips)
K. Ichinose: posts small blind $1
AzureCaper: posts big blind $3
*** HOLE CARDS ***
K. Ichinose: raises $3 to $6
AzureCaper: calls $3
*** FLOP *** [Ad 2s 7h]
AzureCaper: checks
K. Ichinose: bets $3
AzureCaper: folds
Uncalled bet ($3) returned to K. Ichinose
K. Ichinose collected $11.76 from pot
K. Ichinose: doesn't show hand
*** SUMMARY ***
Total pot $12 | Rake $0.24
Board [Ad 2s 7h]
Seat 4: AzureCaper (big blind) folded on the Flop
Seat 6: K. Ichinose (button) (small blind) collected ($11.76)


PokerStars Hand #155622318865:  Hold'em Limit ($3/$6 USD) - 2016/07/06 1:30:10 ET
Table 'Mimas' 6-max Seat #6 is the button
Seat 4: AzureCaper ($148.16 in chips)
Seat 6: K. Ichinose ($118.32 in chips)
K. Ichinose: posts small blind $1
AzureCaper: posts big blind $3
*** HOLE CARDS ***
K. Ichinose: folds
Uncalled bet ($2) returned to AzureCaper
AzureCaper collected $2 from pot
AzureCaper: doesn't show hand
*** SUMMARY ***
Total pot $2 | Rake $0
Seat 4: AzureCaper (big blind) collected ($2)
Seat 6: K. Ichinose (button) (small blind) folded before Flop


PokerStars Hand #155622316608:  Hold'em Limit ($3/$6 USD) - 2016/07/06 1:30:01 ET
Table 'Mimas' 6-max Seat #4 is the button
Seat 4: AzureCaper ($145.16 in chips)
Seat 6: K. Ichinose ($121.32 in chips)
AzureCaper: posts small blind $1
K. Ichinose: posts big blind $3
*** HOLE CARDS ***
AzureCaper: raises $3 to $6
K. Ichinose: folds
Uncalled bet ($3) returned to AzureCaper
AzureCaper collected $6 from pot
AzureCaper: doesn't show hand
*** SUMMARY ***
Total pot $6 | Rake $0
Seat 4: AzureCaper (button) (small blind) collected ($6)
Seat 6: K. Ichinose (big blind) folded before Flop


PokerStars Hand #155622321187:  Hold'em Limit ($3/$6 USD) - 2016/07/06 1:30:20 ET
Table 'Mimas' 6-max Seat #6 is the button
Seat 4: AzureCaper ($148.16 in chips)
Seat 6: K. Ichinose ($118.32 in chips)
K. Ichinose: posts small blind $1
AzureCaper: posts big blind $3
*** HOLE CARDS ***
K. Ichinose: folds
Uncalled bet ($2) returned to AzureCaper
AzureCaper collected $2 from pot
AzureCaper: doesn't show hand
*** SUMMARY ***
Total pot $2 | Rake $0
Seat 4: AzureCaper (big blind) collected ($2)
Seat 6: K. Ichinose (button) (small blind) folded before Flop


PokerStars Hand #155622320063:  Hold'em Limit ($3/$6 USD) - 2016/07/06 1:30:15 ET
Table 'Mimas' 6-max Seat #4 is the button
Seat 4: AzureCaper ($149.16 in chips)
Seat 6: K. Ichinose ($117.32 in chips)
AzureCaper: posts small blind $1
K. Ichinose: posts big blind $3
*** HOLE CARDS ***
AzureCaper: folds
Uncalled bet ($2) returned to K. Ichinose
K. Ichinose collected $2 from pot
K. Ichinose: doesn't show hand
*** SUMMARY ***
Total pot $2 | Rake $0
Seat 4: AzureCaper (button) (small blind) folded before Flop
Seat 6: K. Ichinose (big blind) collected ($2)


PokerStars Hand #155622310041:  Hold'em Limit ($3/$6 USD) - 2016/07/06 1:29:33 ET
Table 'Mimas' 6-max Seat #6 is the button
Seat 4: AzureCaper ($136.52 in chips)
Seat 6: K. Ichinose ($130.32 in chips)
K. Ichinose: posts small blind $1
AzureCaper: posts big blind $3
*** HOLE CARDS ***
K. Ichinose: raises $3 to $6
AzureCaper: calls $3
*** FLOP *** [Ks 6s 5d]
AzureCaper: checks
K. Ichinose: bets $3
AzureCaper: raises $3 to $6
K. Ichinose: folds
Uncalled bet ($3) returned to AzureCaper
AzureCaper collected $17.64 from pot
AzureCaper: doesn't show hand
*** SUMMARY ***
Total pot $18 | Rake $0.36
Board [Ks 6s 5d]
Seat 4: AzureCaper (big blind) collected ($17.64)
Seat 6: K. Ichinose (button) (small blind) folded on the Flop


PokerStars Hand #155622322321:  Hold'em Limit ($3/$6 USD) - 2016/07/06 1:30:24 ET
Table 'Mimas' 6-max Seat #4 is the button
Seat 4: AzureCaper ($149.16 in chips)
Seat 6: K. Ichinose ($117.32 in chips)
AzureCaper: posts small blind $1
K. Ichinose: posts big blind $3
*** HOLE CARDS ***
AzureCaper: raises $3 to $6
K. Ichinose: folds
Uncalled bet ($3) returned to AzureCaper
AzureCaper collected $6 from pot
AzureCaper: doesn't show hand
*** SUMMARY ***
Total pot $6 | Rake $0
Seat 4: AzureCaper (button) (small blind) collected ($6)
Seat 6: K. Ichinose (big blind) folded before Flop


PokerStars Hand #155622336872:  Hold'em Limit ($3/$6 USD) - 2016/07/06 1:31:25 ET
Table 'Mimas' 6-max Seat #4 is the button
Seat 4: AzureCaper ($160.66 in chips)
Seat 6: K. Ichinose ($104.82 in chips)
AzureCaper: posts small blind $1
K. Ichinose: posts big blind $3
*** HOLE CARDS ***
AzureCaper: raises $3 to $6
K. Ichinose: raises $3 to $9
AzureCaper: calls $3
*** FLOP *** [8s 8c 6s]
K. Ichinose: bets $3
AzureCaper: calls $3
*** TURN *** [8s 8c 6s] [Td]
K. Ichinose: bets $6
AzureCaper: raises $6 to $12
K. Ichinose: calls $6
*** RIVER *** [8s 8c 6s Td] [As]
K. Ichinose: checks
AzureCaper: bets $6
K. Ichinose: calls $6
*** SHOW DOWN ***
AzureCaper: shows [8d Kc] (three of a kind, Eights)
K. Ichinose: mucks hand
AzureCaper collected $59.50 from pot
*** SUMMARY ***
Total pot $60 | Rake $0.50
Board [8s 8c 6s Td As]
Seat 4: AzureCaper (button) (small blind) showed [8d Kc] and won ($59.50) with three of a kind, Eights
Seat 6: K. Ichinose (big blind) mucked


PokerStars Hand #155622329775:  Hold'em Limit ($3/$6 USD) - 2016/07/06 1:30:56 ET
Table 'Mimas' 6-max Seat #6 is the button
Seat 4: AzureCaper ($175.66 in chips)
Seat 6: K. Ichinose ($90.32 in chips)
K. Ichinose: posts small blind $1
AzureCaper: posts big blind $3
*** HOLE CARDS ***
K. Ichinose: raises $3 to $6
AzureCaper: calls $3
*** FLOP *** [4d Qh 4c]
AzureCaper: checks
K. Ichinose: bets $3
AzureCaper: calls $3
*** TURN *** [4d Qh 4c] [2d]
AzureCaper: checks
K. Ichinose: bets $6
AzureCaper: calls $6
*** RIVER *** [4d Qh 4c 2d] [6h]
AzureCaper: checks
K. Ichinose: bets $6
AzureCaper: folds
Uncalled bet ($6) returned to K. Ichinose
K. Ichinose collected $29.50 from pot
K. Ichinose: doesn't show hand
*** SUMMARY ***
Total pot $30 | Rake $0.50
Board [4d Qh 4c 2d 6h]
Seat 4: AzureCaper (big blind) folded on the River
Seat 6: K. Ichinose (button) (small blind) collected ($29.50)


PokerStars Hand #155622328422:  Hold'em Limit ($3/$6 USD) - 2016/07/06 1:30:50 ET
Table 'Mimas' 6-max Seat #4 is the button
Seat 4: AzureCaper ($172.66 in chips)
Seat 6: K. Ichinose ($93.32 in chips)
AzureCaper: posts small blind $1
K. Ichinose: posts big blind $3
*** HOLE CARDS ***
AzureCaper: raises $3 to $6
K. Ichinose: folds
Uncalled bet ($3) returned to AzureCaper
AzureCaper collected $6 from pot
AzureCaper: doesn't show hand
*** SUMMARY ***
Total pot $6 | Rake $0
Seat 4: AzureCaper (button) (small blind) collected ($6)
Seat 6: K. Ichinose (big blind) folded before Flop


PokerStars Hand #155622323730:  Hold'em Limit ($3/$6 USD) - 2016/07/06 1:30:30 ET
Table 'Mimas' 6-max Seat #6 is the button
Seat 4: AzureCaper ($152.16 in chips)
Seat 6: K. Ichinose ($114.32 in chips)
K. Ichinose: posts small blind $1
AzureCaper: posts big blind $3
*** HOLE CARDS ***
K. Ichinose: raises $3 to $6
AzureCaper: calls $3
*** FLOP *** [8c 9h 8d]
AzureCaper: bets $3
K. Ichinose: calls $3
*** TURN *** [8c 9h 8d] [Qs]
AzureCaper: bets $6
K. Ichinose: calls $6
*** RIVER *** [8c 9h 8d Qs] [5d]
AzureCaper: bets $6
K. Ichinose: calls $6
*** SHOW DOWN ***
AzureCaper: shows [Qc Qh] (a full house, Queens full of Eights)
K. Ichinose: mucks hand
AzureCaper collected $41.50 from pot
*** SUMMARY ***
Total pot $42 | Rake $0.50
Board [8c 9h 8d Qs 5d]
Seat 4: AzureCaper (big blind) showed [Qc Qh] and won ($41.50) with a full house, Queens full of Eights
Seat 6: K. Ichinose (button) (small blind) mucked


PokerStars Hand #155622346455:  Hold'em Limit ($3/$6 USD) - 2016/07/06 1:32:06 ET
Table 'Mimas' 6-max Seat #4 is the button
Seat 4: AzureCaper ($163.16 in chips)
Seat 6: K. Ichinose ($101.32 in chips)
AzureCaper: posts small blind $1
K. Ichinose: posts big blind $3
*** HOLE CARDS ***
AzureCaper: raises $3 to $6
K. Ichinose: calls $3
*** FLOP *** [4h 5c 3c]
K. Ichinose: checks
AzureCaper: bets $3
K. Ichinose: raises $3 to $6
AzureCaper: calls $3
*** TURN *** [4h 5c 3c] [2s]
K. Ichinose: checks
AzureCaper: checks
*** RIVER *** [4h 5c 3c 2s] [4c]
K. Ichinose: checks
AzureCaper: bets $6
K. Ichinose: calls $6
*** SHOW DOWN ***
AzureCaper: shows [Kc Ad] (a straight, Ace to Five)
K. Ichinose: mucks hand
AzureCaper collected $35.50 from pot
*** SUMMARY ***
Total pot $36 | Rake $0.50
Board [4h 5c 3c 2s 4c]
Seat 4: AzureCaper (button) (small blind) showed [Kc Ad] and won ($35.50) with a straight, Ace to Five
Seat 6: K. Ichinose (big blind) mucked


PokerStars Hand #155622341032:  Hold'em Limit ($3/$6 USD) - 2016/07/06 1:31:43 ET
Table 'Mimas' 6-max Seat #6 is the button
Seat 4: AzureCaper ($190.16 in chips)
Seat 6: K. Ichinose ($74.82 in chips)
K. Ichinose: posts small blind $1
AzureCaper: posts big blind $3
*** HOLE CARDS ***
K. Ichinose: raises $3 to $6
AzureCaper: calls $3
*** FLOP *** [2c 7d 3h]
AzureCaper: checks
K. Ichinose: bets $3
AzureCaper: raises $3 to $6
K. Ichinose: raises $3 to $9
AzureCaper: calls $3
*** TURN *** [2c 7d 3h] [Ac]
AzureCaper: checks
K. Ichinose: bets $6
AzureCaper: calls $6
*** RIVER *** [2c 7d 3h Ac] [9h]
AzureCaper: checks
K. Ichinose: bets $6
AzureCaper: calls $6
*** SHOW DOWN ***
K. Ichinose: shows [Ad 4s] (a pair of Aces)
AzureCaper: mucks hand
K. Ichinose collected $53.50 from pot
*** SUMMARY ***
Total pot $54 | Rake $0.50
Board [2c 7d 3h Ac 9h]
Seat 4: AzureCaper (big blind) mucked
Seat 6: K. Ichinose (button) (small blind) showed [Ad 4s] and won ($53.50) with a pair of Aces


PokerStars Hand #155622351123:  Hold'em Limit ($3/$6 USD) - 2016/07/06 1:32:26 ET
Table 'Mimas' 6-max Seat #6 is the button
Seat 4: AzureCaper ($180.66 in chips)
Seat 6: K. Ichinose ($83.32 in chips)
K. Ichinose: posts small blind $1
AzureCaper: posts big blind $3
*** HOLE CARDS ***
K. Ichinose: raises $3 to $6
AzureCaper: folds
Uncalled bet ($3) returned to K. Ichinose
K. Ichinose collected $6 from pot
K. Ichinose: doesn't show hand
*** SUMMARY ***
Total pot $6 | Rake $0
Seat 4: AzureCaper (big blind) folded before Flop
Seat 6: K. Ichinose (button) (small blind) collected ($6)


PokerStars Hand #155622357978:  Hold'em Limit ($3/$6 USD) - 2016/07/06 1:32:56 ET
Table 'Mimas' 6-max Seat #4 is the button
Seat 4: AzureCaper ($166.66 in chips)
Seat 6: K. Ichinose ($96.84 in chips)
AzureCaper: posts small blind $1
K. Ichinose: posts big blind $3
*** HOLE CARDS ***
AzureCaper: raises $3 to $6
K. Ichinose: folds
Uncalled bet ($3) returned to AzureCaper
AzureCaper collected $6 from pot
AzureCaper: doesn't show hand
*** SUMMARY ***
Total pot $6 | Rake $0
Seat 4: AzureCaper (button) (small blind) collected ($6)
Seat 6: K. Ichinose (big blind) folded before Flop


PokerStars Hand #155622362594:  Hold'em Limit ($3/$6 USD) - 2016/07/06 1:33:15 ET
Table 'Mimas' 6-max Seat #4 is the button
Seat 4: AzureCaper ($170.66 in chips)
Seat 6: K. Ichinose ($92.84 in chips)
AzureCaper: posts small blind $1
K. Ichinose: posts big blind $3
*** HOLE CARDS ***
AzureCaper: raises $3 to $6
yayaya joins the table at seat #5
K. Ichinose: folds
Uncalled bet ($3) returned to AzureCaper
AzureCaper collected $6 from pot
AzureCaper: doesn't show hand
*** SUMMARY ***
Total pot $6 | Rake $0
Seat 4: AzureCaper (button) (small blind) collected ($6)
Seat 6: K. Ichinose (big blind) folded before Flop


PokerStars Hand #155622359747:  Hold'em Limit ($3/$6 USD) - 2016/07/06 1:33:03 ET
Table 'Mimas' 6-max Seat #6 is the button
Seat 4: AzureCaper ($169.66 in chips)
Seat 6: K. Ichinose ($93.84 in chips)
K. Ichinose: posts small blind $1
AzureCaper: posts big blind $3
*** HOLE CARDS ***
K. Ichinose: folds
Uncalled bet ($2) returned to AzureCaper
AzureCaper collected $2 from pot
AzureCaper: doesn't show hand
*** SUMMARY ***
Total pot $2 | Rake $0
Seat 4: AzureCaper (big blind) collected ($2)
Seat 6: K. Ichinose (button) (small blind) folded before Flop


PokerStars Hand #155622356810:  Hold'em Limit ($3/$6 USD) - 2016/07/06 1:32:50 ET
Table 'Mimas' 6-max Seat #6 is the button
Seat 4: AzureCaper ($165.66 in chips)
Seat 6: K. Ichinose ($97.84 in chips)
K. Ichinose: posts small blind $1
AzureCaper: posts big blind $3
*** HOLE CARDS ***
K. Ichinose: folds
Uncalled bet ($2) returned to AzureCaper
AzureCaper collected $2 from pot
AzureCaper: doesn't show hand
*** SUMMARY ***
Total pot $2 | Rake $0
Seat 4: AzureCaper (big blind) collected ($2)
Seat 6: K. Ichinose (button) (small blind) folded before Flop


PokerStars Hand #155622352607:  Hold'em Limit ($3/$6 USD) - 2016/07/06 1:32:32 ET
Table 'Mimas' 6-max Seat #4 is the button
Seat 4: AzureCaper ($177.66 in chips)
Seat 6: K. Ichinose ($86.32 in chips)
AzureCaper: posts small blind $1
K. Ichinose: posts big blind $3
*** HOLE CARDS ***
AzureCaper: raises $3 to $6
K. Ichinose: raises $3 to $9
AzureCaper: calls $3
*** FLOP *** [6s Jh Ks]
K. Ichinose: bets $3
AzureCaper: calls $3
*** TURN *** [6s Jh Ks] [Jd]
K. Ichinose: checks
AzureCaper: checks
*** RIVER *** [6s Jh Ks Jd] [5h]
K. Ichinose: bets $6
AzureCaper: folds
Uncalled bet ($6) returned to K. Ichinose
K. Ichinose collected $23.52 from pot
K. Ichinose: doesn't show hand
*** SUMMARY ***
Total pot $24 | Rake $0.48
Board [6s Jh Ks Jd 5h]
Seat 4: AzureCaper (button) (small blind) folded on the River
Seat 6: K. Ichinose (big blind) collected ($23.52)


PokerStars Hand #155622364857:  Hold'em Limit ($3/$6 USD) - 2016/07/06 1:33:25 ET
Table 'Mimas' 6-max Seat #6 is the button
Seat 4: AzureCaper ($173.66 in chips)
Seat 6: K. Ichinose ($89.84 in chips)
K. Ichinose: posts small blind $1
AzureCaper: posts big blind $3
*** HOLE CARDS ***
K. Ichinose: folds
Uncalled bet ($2) returned to AzureCaper
AzureCaper collected $2 from pot
AzureCaper: doesn't show hand
*** SUMMARY ***
Total pot $2 | Rake $0
Seat 4: AzureCaper (big blind) collected ($2)
Seat 6: K. Ichinose (button) (small blind) folded before Flop


PokerStars Hand #155622611592:  Hold'em Limit ($3/$6 USD) - 2016/07/06 1:50:27 ET
Table 'Mimas' 6-max Seat #4 is the button
Seat 4: AzureCaper ($104.96 in chips)
Seat 6: K. Ichinose ($141.04 in chips)
AzureCaper: posts small blind $1
yayaya: is sitting out
K. Ichinose: posts big blind $3
*** HOLE CARDS ***
yayaya leaves the table
AzureCaper: folds
Uncalled bet ($2) returned to K. Ichinose
K. Ichinose collected $2 from pot
K. Ichinose: doesn't show hand
*** SUMMARY ***
Total pot $2 | Rake $0
Seat 4: AzureCaper (button) (small blind) folded before Flop
Seat 6: K. Ichinose (big blind) collected ($2)


PokerStars Hand #155622621364:  Hold'em Limit ($3/$6 USD) - 2016/07/06 1:51:08 ET
Table 'Mimas' 6-max Seat #6 is the button
Seat 4: AzureCaper ($90.96 in chips)
Seat 6: K. Ichinose ($154.56 in chips)
K. Ichinose: posts small blind $1
AzureCaper: posts big blind $3
*** HOLE CARDS ***
K. Ichinose: raises $3 to $6
AzureCaper: folds
Uncalled bet ($3) returned to K. Ichinose
K. Ichinose collected $6 from pot
K. Ichinose: doesn't show hand
*** SUMMARY ***
Total pot $6 | Rake $0
Seat 4: AzureCaper (big blind) folded before Flop
Seat 6: K. Ichinose (button) (small blind) collected ($6)


PokerStars Hand #155622620137:  Hold'em Limit ($3/$6 USD) - 2016/07/06 1:51:03 ET
Table 'Mimas' 6-max Seat #4 is the button
Seat 4: AzureCaper ($91.96 in chips)
Seat 6: K. Ichinose ($153.56 in chips)
AzureCaper: posts small blind $1
K. Ichinose: posts big blind $3
*** HOLE CARDS ***
AzureCaper: folds
Uncalled bet ($2) returned to K. Ichinose
K. Ichinose collected $2 from pot
K. Ichinose: doesn't show hand
*** SUMMARY ***
Total pot $2 | Rake $0
Seat 4: AzureCaper (button) (small blind) folded before Flop
Seat 6: K. Ichinose (big blind) collected ($2)


PokerStars Hand #155622613238:  Hold'em Limit ($3/$6 USD) - 2016/07/06 1:50:34 ET
Table 'Mimas' 6-max Seat #6 is the button
Seat 4: AzureCaper ($103.96 in chips)
Seat 6: K. Ichinose ($142.04 in chips)
K. Ichinose: posts small blind $1
AzureCaper: posts big blind $3
*** HOLE CARDS ***
K. Ichinose: raises $3 to $6
AzureCaper: calls $3
*** FLOP *** [5d 7c Kd]
AzureCaper: bets $3
K. Ichinose: raises $3 to $6
AzureCaper: calls $3
*** TURN *** [5d 7c Kd] [6d]
AzureCaper: checks
K. Ichinose: bets $6
AzureCaper: folds
Uncalled bet ($6) returned to K. Ichinose
K. Ichinose collected $23.52 from pot
K. Ichinose: doesn't show hand
*** SUMMARY ***
Total pot $24 | Rake $0.48
Board [5d 7c Kd 6d]
Seat 4: AzureCaper (big blind) folded on the Turn
Seat 6: K. Ichinose (button) (small blind) collected ($23.52)


PokerStars Hand #155622622720:  Hold'em Limit ($3/$6 USD) - 2016/07/06 1:51:14 ET
Table 'Mimas' 6-max Seat #4 is the button
Seat 4: AzureCaper ($87.96 in chips)
Seat 6: K. Ichinose ($157.56 in chips)
AzureCaper: posts small blind $1
K. Ichinose: posts big blind $3
*** HOLE CARDS ***
AzureCaper: raises $3 to $6
K. Ichinose: calls $3
*** FLOP *** [Tc Kd 3s]
K. Ichinose: checks
AzureCaper: bets $3
K. Ichinose: raises $3 to $6
AzureCaper: raises $3 to $9
K. Ichinose: folds
Uncalled bet ($3) returned to AzureCaper
AzureCaper collected $23.52 from pot
AzureCaper: doesn't show hand
*** SUMMARY ***
Total pot $24 | Rake $0.48
Board [Tc Kd 3s]
Seat 4: AzureCaper (button) (small blind) collected ($23.52)
Seat 6: K. Ichinose (big blind) folded on the Flop


PokerStars Hand #155622625709:  Hold'em Limit ($3/$6 USD) - 2016/07/06 1:51:26 ET
Table 'Mimas' 6-max Seat #6 is the button
Seat 4: AzureCaper ($99.48 in chips)
Seat 6: K. Ichinose ($145.56 in chips)
K. Ichinose: posts small blind $1
AzureCaper: posts big blind $3
*** HOLE CARDS ***
K. Ichinose: raises $3 to $6
AzureCaper: calls $3
*** FLOP *** [Kh 4d Jd]
AzureCaper: checks
K. Ichinose: checks
*** TURN *** [Kh 4d Jd] [Ks]
AzureCaper: checks
K. Ichinose: bets $6
AzureCaper: folds
Uncalled bet ($6) returned to K. Ichinose
K. Ichinose collected $11.76 from pot
K. Ichinose: doesn't show hand
*** SUMMARY ***
Total pot $12 | Rake $0.24
Board [Kh 4d Jd Ks]
Seat 4: AzureCaper (big blind) folded on the Turn
Seat 6: K. Ichinose (button) (small blind) collected ($11.76)


