PokerStars Hand #160557108776:  Hold'em Limit ($3/$6 USD) - 2016/10/28 14:06:01 ET
Table 'Mimosa' 6-max Seat #4 is the button
Seat 4: Dok2920 ($184.58 in chips)
Seat 6: Chessnok ($106.60 in chips)
Dok2920: posts small blind $1
Chessnok: posts big blind $3
*** HOLE CARDS ***
Dok2920: raises $3 to $6
Chessnok: folds
Uncalled bet ($3) returned to Dok2920
Dok2920 collected $6 from pot
*** SUMMARY ***
Total pot $6 | Rake $0
Seat 4: Dok2920 (button) (small blind) collected ($6)
Seat 6: Chessnok (big blind) folded before Flop


PokerStars Hand #160557089750:  Hold'em Limit ($3/$6 USD) - 2016/10/28 14:05:38 ET
Table 'Mimosa' 6-max Seat #6 is the button
Seat 4: Dok2920 ($217.58 in chips)
Seat 6: Chessnok ($74.10 in chips)
Chessnok: posts small blind $1
Dok2920: posts big blind $3
*** HOLE CARDS ***
Chessnok: raises $3 to $6
Dok2920: calls $3
*** FLOP *** [Js 2d 6s]
Dok2920: bets $3
Chessnok: calls $3
*** TURN *** [Js 2d 6s] [5c]
Dok2920: checks
Chessnok: bets $6
Dok2920: raises $6 to $12
Chessnok: raises $6 to $18
Dok2920: calls $6
*** RIVER *** [Js 2d 6s 5c] [Kd]
Dok2920: checks
Chessnok: bets $6
Dok2920: calls $6
*** SHOW DOWN ***
Chessnok: shows [Ah Jc] (a pair of Jacks)
Dok2920: mucks hand
Chessnok collected $65.50 from pot
*** SUMMARY ***
Total pot $66 | Rake $0.50
Board [Js 2d 6s 5c Kd]
Seat 4: Dok2920 (big blind) mucked
Seat 6: Chessnok (button) (small blind) showed [Ah Jc] and won ($65.50) with a pair of Jacks


PokerStars Hand #160557151899:  Hold'em Limit ($3/$6 USD) - 2016/10/28 14:06:54 ET
Table 'Mimosa' 6-max Seat #4 is the button
Seat 4: Dok2920 ($221.72 in chips)
Seat 6: Chessnok ($68.60 in chips)
Dok2920: posts small blind $1
Chessnok: posts big blind $3
*** HOLE CARDS ***
Dok2920: raises $3 to $6
Chessnok: calls $3
*** FLOP *** [3s 3d Jc]
Chessnok: checks
Dok2920: checks
*** TURN *** [3s 3d Jc] [Ks]
Chessnok: bets $6
Dok2920: folds
Uncalled bet ($6) returned to Chessnok
Chessnok collected $11.76 from pot
Chessnok: doesn't show hand
*** SUMMARY ***
Total pot $12 | Rake $0.24
Board [3s 3d Jc Ks]
Seat 4: Dok2920 (button) (small blind) folded on the Turn
Seat 6: Chessnok (big blind) collected ($11.76)


PokerStars Hand #160557132535:  Hold'em Limit ($3/$6 USD) - 2016/10/28 14:06:30 ET
Table 'Mimosa' 6-max Seat #6 is the button
Seat 4: Dok2920 ($213.08 in chips)
Seat 6: Chessnok ($77.60 in chips)
Chessnok: posts small blind $1
Dok2920: posts big blind $3
*** HOLE CARDS ***
Chessnok: raises $3 to $6
Dok2920: calls $3
*** FLOP *** [7d 9c Qd]
Dok2920: checks
Chessnok: bets $3
Dok2920: calls $3
*** TURN *** [7d 9c Qd] [Ks]
Dok2920: checks
Chessnok: checks
*** RIVER *** [7d 9c Qd Ks] [Qc]
Dok2920: bets $6
Chessnok: folds
Uncalled bet ($6) returned to Dok2920
Dok2920 collected $17.64 from pot
*** SUMMARY ***
Total pot $18 | Rake $0.36
Board [7d 9c Qd Ks Qc]
Seat 4: Dok2920 (big blind) collected ($17.64)
Seat 6: Chessnok (button) (small blind) folded on the River


PokerStars Hand #160557128233:  Hold'em Limit ($3/$6 USD) - 2016/10/28 14:06:25 ET
Table 'Mimosa' 6-max Seat #4 is the button
Seat 4: Dok2920 ($214.08 in chips)
Seat 6: Chessnok ($76.60 in chips)
Dok2920: posts small blind $1
Chessnok: posts big blind $3
*** HOLE CARDS ***
Dok2920: folds
Uncalled bet ($2) returned to Chessnok
Chessnok collected $2 from pot
Chessnok: doesn't show hand
*** SUMMARY ***
Total pot $2 | Rake $0
Seat 4: Dok2920 (button) (small blind) folded before Flop
Seat 6: Chessnok (big blind) collected ($2)


PokerStars Hand #160557114340:  Hold'em Limit ($3/$6 USD) - 2016/10/28 14:06:08 ET
Table 'Mimosa' 6-max Seat #6 is the button
Seat 4: Dok2920 ($187.58 in chips)
Seat 6: Chessnok ($103.60 in chips)
Chessnok: posts small blind $1
Dok2920: posts big blind $3
*** HOLE CARDS ***
Chessnok: raises $3 to $6
Dok2920: calls $3
*** FLOP *** [Js Qh 6d]
Dok2920: checks
Chessnok: bets $3
Dok2920: calls $3
*** TURN *** [Js Qh 6d] [7s]
Dok2920: checks
Chessnok: bets $6
Dok2920: raises $6 to $12
Chessnok: calls $6
*** RIVER *** [Js Qh 6d 7s] [5s]
Dok2920: bets $6
Chessnok: calls $6
*** SHOW DOWN ***
Dok2920: shows [Jc 8h] (a pair of Jacks)
Chessnok: mucks hand
Dok2920 collected $53.50 from pot
*** SUMMARY ***
Total pot $54 | Rake $0.50
Board [Js Qh 6d 7s 5s]
Seat 4: Dok2920 (big blind) showed [Jc 8h] and won ($53.50) with a pair of Jacks
Seat 6: Chessnok (button) (small blind) mucked


PokerStars Hand #160557201957:  Hold'em Limit ($3/$6 USD) - 2016/10/28 14:07:54 ET
Table 'Mimosa' 6-max Seat #6 is the button
Seat 4: Dok2920 ($219.86 in chips)
Seat 6: Chessnok ($68.86 in chips)
Chessnok: posts small blind $1
Dok2920: posts big blind $3
*** HOLE CARDS ***
Chessnok: folds
Uncalled bet ($2) returned to Dok2920
Dok2920 collected $2 from pot
*** SUMMARY ***
Total pot $2 | Rake $0
Seat 4: Dok2920 (big blind) collected ($2)
Seat 6: Chessnok (button) (small blind) folded before Flop


PokerStars Hand #160557197875:  Hold'em Limit ($3/$6 USD) - 2016/10/28 14:07:49 ET
Table 'Mimosa' 6-max Seat #4 is the button
Seat 4: Dok2920 ($220.86 in chips)
Seat 6: Chessnok ($67.86 in chips)
Dok2920: posts small blind $1
Chessnok: posts big blind $3
*** HOLE CARDS ***
Dok2920: folds
Uncalled bet ($2) returned to Chessnok
Chessnok collected $2 from pot
Chessnok: doesn't show hand
*** SUMMARY ***
Total pot $2 | Rake $0
Seat 4: Dok2920 (button) (small blind) folded before Flop
Seat 6: Chessnok (big blind) collected ($2)


PokerStars Hand #160557189982:  Hold'em Limit ($3/$6 USD) - 2016/10/28 14:07:40 ET
Table 'Mimosa' 6-max Seat #6 is the button
Seat 4: Dok2920 ($212.22 in chips)
Seat 6: Chessnok ($76.86 in chips)
Chessnok: posts small blind $1
Dok2920: posts big blind $3
*** HOLE CARDS ***
Chessnok: raises $3 to $6
Dok2920: raises $3 to $9
Chessnok: calls $3
*** FLOP *** [9s Ad 2d]
Dok2920: bets $3
Chessnok: folds
Uncalled bet ($3) returned to Dok2920
Dok2920 collected $17.64 from pot
*** SUMMARY ***
Total pot $18 | Rake $0.36
Board [9s Ad 2d]
Seat 4: Dok2920 (big blind) collected ($17.64)
Seat 6: Chessnok (button) (small blind) folded on the Flop


PokerStars Hand #160557177959:  Hold'em Limit ($3/$6 USD) - 2016/10/28 14:07:25 ET
Table 'Mimosa' 6-max Seat #4 is the button
Seat 4: Dok2920 ($188.72 in chips)
Seat 6: Chessnok ($100.86 in chips)
Dok2920: posts small blind $1
Chessnok: posts big blind $3
*** HOLE CARDS ***
Dok2920: raises $3 to $6
Chessnok: calls $3
*** FLOP *** [Jh 7s 2h]
Chessnok: checks
Dok2920: bets $3
Chessnok: raises $3 to $6
Dok2920: calls $3
*** TURN *** [Jh 7s 2h] [4c]
Chessnok: bets $6
Dok2920: calls $6
*** RIVER *** [Jh 7s 2h 4c] [Qs]
Chessnok: bets $6
Dok2920: calls $6
*** SHOW DOWN ***
Chessnok: shows [7c Td] (a pair of Sevens)
Dok2920: shows [Kc 7h] (a pair of Sevens - King kicker)
Dok2920 collected $47.50 from pot
*** SUMMARY ***
Total pot $48 | Rake $0.50
Board [Jh 7s 2h 4c Qs]
Seat 4: Dok2920 (button) (small blind) showed [Kc 7h] and won ($47.50) with a pair of Sevens
Seat 6: Chessnok (big blind) showed [7c Td] and lost with a pair of Sevens


PokerStars Hand #160557162718:  Hold'em Limit ($3/$6 USD) - 2016/10/28 14:07:07 ET
Table 'Mimosa' 6-max Seat #6 is the button
Seat 4: Dok2920 ($215.72 in chips)
Seat 6: Chessnok ($74.36 in chips)
Chessnok: posts small blind $1
Dok2920: posts big blind $3
*** HOLE CARDS ***
Chessnok: raises $3 to $6
Dok2920: calls $3
*** FLOP *** [Tc 4d Kd]
Dok2920: checks
Chessnok: bets $3
Dok2920: calls $3
*** TURN *** [Tc 4d Kd] [Ad]
Dok2920: checks
Chessnok: bets $6
Dok2920: raises $6 to $12
Chessnok: calls $6
*** RIVER *** [Tc 4d Kd Ad] [Kc]
Dok2920: bets $6
Chessnok: calls $6
*** SHOW DOWN ***
Dok2920: shows [Jd 9c] (a pair of Kings)
Chessnok: shows [3s As] (two pair, Aces and Kings)
Chessnok collected $53.50 from pot
*** SUMMARY ***
Total pot $54 | Rake $0.50
Board [Tc 4d Kd Ad Kc]
Seat 4: Dok2920 (big blind) showed [Jd 9c] and lost with a pair of Kings
Seat 6: Chessnok (button) (small blind) showed [3s As] and won ($53.50) with two pair, Aces and Kings


PokerStars Hand #160557259558:  Hold'em Limit ($3/$6 USD) - 2016/10/28 14:09:04 ET
Table 'Mimosa' 6-max Seat #6 is the button
Seat 4: Dok2920 ($223.12 in chips)
Seat 6: Chessnok ($64.36 in chips)
Chessnok: posts small blind $1
Dok2920: posts big blind $3
*** HOLE CARDS ***
Chessnok: raises $3 to $6
Dok2920: folds
Uncalled bet ($3) returned to Chessnok
Chessnok collected $6 from pot
Chessnok: doesn't show hand
*** SUMMARY ***
Total pot $6 | Rake $0
Seat 4: Dok2920 (big blind) folded before Flop
Seat 6: Chessnok (button) (small blind) collected ($6)


PokerStars Hand #160557249472:  Hold'em Limit ($3/$6 USD) - 2016/10/28 14:08:52 ET
Table 'Mimosa' 6-max Seat #4 is the button
Seat 4: Dok2920 ($217.36 in chips)
Seat 6: Chessnok ($70.36 in chips)
Dok2920: posts small blind $1
Chessnok: posts big blind $3
*** HOLE CARDS ***
Dok2920: raises $3 to $6
Chessnok: calls $3
*** FLOP *** [Jd 4d 2d]
Chessnok: checks
Dok2920: bets $3
Chessnok: folds
Uncalled bet ($3) returned to Dok2920
Dok2920 collected $11.76 from pot
*** SUMMARY ***
Total pot $12 | Rake $0.24
Board [Jd 4d 2d]
Seat 4: Dok2920 (button) (small blind) collected ($11.76)
Seat 6: Chessnok (big blind) folded on the Flop


PokerStars Hand #160557234150:  Hold'em Limit ($3/$6 USD) - 2016/10/28 14:08:33 ET
Table 'Mimosa' 6-max Seat #6 is the button
Seat 4: Dok2920 ($202.86 in chips)
Seat 6: Chessnok ($85.36 in chips)
Chessnok: posts small blind $1
Dok2920: posts big blind $3
*** HOLE CARDS ***
Chessnok: raises $3 to $6
Dok2920: calls $3
*** FLOP *** [Th 9s Kd]
Dok2920: checks
Chessnok: bets $3
Dok2920: calls $3
*** TURN *** [Th 9s Kd] [2h]
Dok2920: checks
Chessnok: checks
*** RIVER *** [Th 9s Kd 2h] [Ks]
Dok2920: bets $6
Chessnok: calls $6
*** SHOW DOWN ***
Dok2920: shows [9c Ts] (two pair, Kings and Tens)
Chessnok: mucks hand
Dok2920 collected $29.50 from pot
*** SUMMARY ***
Total pot $30 | Rake $0.50
Board [Th 9s Kd 2h Ks]
Seat 4: Dok2920 (big blind) showed [9c Ts] and won ($29.50) with two pair, Kings and Tens
Seat 6: Chessnok (button) (small blind) mucked


PokerStars Hand #160557230070:  Hold'em Limit ($3/$6 USD) - 2016/10/28 14:08:28 ET
Table 'Mimosa' 6-max Seat #4 is the button
Seat 4: Dok2920 ($203.86 in chips)
Seat 6: Chessnok ($84.36 in chips)
Dok2920: posts small blind $1
Chessnok: posts big blind $3
*** HOLE CARDS ***
Dok2920: folds
Uncalled bet ($2) returned to Chessnok
Chessnok collected $2 from pot
Chessnok: doesn't show hand
*** SUMMARY ***
Total pot $2 | Rake $0
Seat 4: Dok2920 (button) (small blind) folded before Flop
Seat 6: Chessnok (big blind) collected ($2)


PokerStars Hand #160557225351:  Hold'em Limit ($3/$6 USD) - 2016/10/28 14:08:23 ET
Table 'Mimosa' 6-max Seat #6 is the button
Seat 4: Dok2920 ($202.86 in chips)
Seat 6: Chessnok ($85.36 in chips)
Chessnok: posts small blind $1
Dok2920: posts big blind $3
*** HOLE CARDS ***
Chessnok: folds
Uncalled bet ($2) returned to Dok2920
Dok2920 collected $2 from pot
*** SUMMARY ***
Total pot $2 | Rake $0
Seat 4: Dok2920 (big blind) collected ($2)
Seat 6: Chessnok (button) (small blind) folded before Flop


PokerStars Hand #160557206038:  Hold'em Limit ($3/$6 USD) - 2016/10/28 14:07:59 ET
Table 'Mimosa' 6-max Seat #4 is the button
Seat 4: Dok2920 ($220.86 in chips)
Seat 6: Chessnok ($67.86 in chips)
Dok2920: posts small blind $1
Chessnok: posts big blind $3
*** HOLE CARDS ***
Dok2920: raises $3 to $6
Chessnok: calls $3
*** FLOP *** [Jh 2c Js]
Chessnok: checks
Dok2920: bets $3
Chessnok: raises $3 to $6
Dok2920: raises $3 to $9
Chessnok: raises $3 to $12
Betting is capped
Dok2920: calls $3
*** TURN *** [Jh 2c Js] [9d]
Chessnok: bets $6
Dok2920: folds
Uncalled bet ($6) returned to Chessnok
Chessnok collected $35.50 from pot
Chessnok: doesn't show hand
*** SUMMARY ***
Total pot $36 | Rake $0.50
Board [Jh 2c Js 9d]
Seat 4: Dok2920 (button) (small blind) folded on the Turn
Seat 6: Chessnok (big blind) collected ($35.50)


PokerStars Hand #160557291235:  Hold'em Limit ($3/$6 USD) - 2016/10/28 14:09:43 ET
Table 'Mimosa' 6-max Seat #6 is the button
Seat 4: Dok2920 ($249.62 in chips)
Seat 6: Chessnok ($60 in chips)
Chessnok: posts small blind $1
Dok2920: posts big blind $3
*** HOLE CARDS ***
Chessnok: raises $3 to $6
Dok2920: raises $3 to $9
Chessnok: calls $3
*** FLOP *** [9d 5d 7s]
Dok2920: bets $3
Chessnok: raises $3 to $6
Dok2920: calls $3
*** TURN *** [9d 5d 7s] [Kd]
Dok2920: checks
Chessnok: bets $6
Dok2920: calls $6
*** RIVER *** [9d 5d 7s Kd] [2s]
Dok2920: checks
Chessnok: bets $6
Dok2920: folds
Uncalled bet ($6) returned to Chessnok
Chessnok collected $41.50 from pot
Chessnok: doesn't show hand
*** SUMMARY ***
Total pot $42 | Rake $0.50
Board [9d 5d 7s Kd 2s]
Seat 4: Dok2920 (big blind) folded on the River
Seat 6: Chessnok (button) (small blind) collected ($41.50)


PokerStars Hand #160557264134:  Hold'em Limit ($3/$6 USD) - 2016/10/28 14:09:09 ET
Table 'Mimosa' 6-max Seat #4 is the button
Seat 4: Dok2920 ($220.12 in chips)
Seat 6: Chessnok ($67.36 in chips)
Dok2920: posts small blind $1
Chessnok: posts big blind $3
*** HOLE CARDS ***
Dok2920: raises $3 to $6
Chessnok: raises $3 to $9
Dok2920: calls $3
*** FLOP *** [7h Qc 8c]
Chessnok: bets $3
Dok2920: calls $3
*** TURN *** [7h Qc 8c] [5c]
Chessnok: bets $6
Dok2920: calls $6
*** RIVER *** [7h Qc 8c 5c] [Ts]
Chessnok: bets $6
Dok2920: raises $6 to $12
Chessnok: calls $6
*** SHOW DOWN ***
Dok2920: shows [Th 7c] (two pair, Tens and Sevens)
Chessnok: mucks hand
Dok2920 collected $59.50 from pot
*** SUMMARY ***
Total pot $60 | Rake $0.50
Board [7h Qc 8c 5c Ts]
Seat 4: Dok2920 (button) (small blind) showed [Th 7c] and won ($59.50) with two pair, Tens and Sevens
Seat 6: Chessnok (big blind) mucked


PokerStars Hand #160557313119:  Hold'em Limit ($3/$6 USD) - 2016/10/28 14:10:09 ET
Table 'Mimosa' 6-max Seat #4 is the button
Seat 4: Dok2920 ($228.62 in chips)
Seat 6: Chessnok ($80.50 in chips)
Dok2920: posts small blind $1
Chessnok: posts big blind $3
*** HOLE CARDS ***
Dok2920: raises $3 to $6
Chessnok: calls $3
*** FLOP *** [8s As 9c]
Chessnok: checks
Dok2920: checks
*** TURN *** [8s As 9c] [7s]
Chessnok: checks
Dok2920: checks
*** RIVER *** [8s As 9c 7s] [Qs]
Chessnok: checks
Dok2920: checks
*** SHOW DOWN ***
Chessnok: shows [Td 7c] (a pair of Sevens)
Dok2920: mucks hand
Chessnok collected $11.76 from pot
*** SUMMARY ***
Total pot $12 | Rake $0.24
Board [8s As 9c 7s Qs]
Seat 4: Dok2920 (button) (small blind) mucked
Seat 6: Chessnok (big blind) showed [Td 7c] and won ($11.76) with a pair of Sevens


PokerStars Hand #160557331503:  Hold'em Limit ($3/$6 USD) - 2016/10/28 14:10:32 ET
Table 'Mimosa' 6-max Seat #6 is the button
Seat 4: Dok2920 ($222.62 in chips)
Seat 6: Chessnok ($86.26 in chips)
Chessnok: posts small blind $1
Dok2920: posts big blind $3
*** HOLE CARDS ***
Chessnok: raises $3 to $6
Dok2920: raises $3 to $9
Chessnok: calls $3
*** FLOP *** [Ac 5c 3h]
Dok2920: bets $3
birmancat44 joins the table at seat #3
Chessnok: folds
Uncalled bet ($3) returned to Dok2920
Dok2920 collected $17.64 from pot
*** SUMMARY ***
Total pot $18 | Rake $0.36
Board [Ac 5c 3h]
Seat 4: Dok2920 (big blind) collected ($17.64)
Seat 6: Chessnok (button) (small blind) folded on the Flop


PokerStars Hand #160557342240:  Hold'em Limit ($3/$6 USD) - 2016/10/28 14:10:44 ET
Table 'Mimosa' 6-max Seat #4 is the button
Seat 4: Dok2920 ($231.26 in chips)
Seat 6: Chessnok ($77.26 in chips)
Dok2920: posts small blind $1
Chessnok: posts big blind $3
*** HOLE CARDS ***
Dok2920: raises $3 to $6
Chessnok: calls $3
*** FLOP *** [Ts Jh 7s]
Chessnok: checks
Dok2920: bets $3
Ag3r0n joins the table at seat #5
Chessnok: folds
Uncalled bet ($3) returned to Dok2920
Dok2920 collected $11.76 from pot
Dok2920: shows [Ks Kh] (a pair of Kings)
*** SUMMARY ***
Total pot $12 | Rake $0.24
Board [Ts Jh 7s]
Seat 4: Dok2920 (button) (small blind) collected ($11.76)
Seat 6: Chessnok (big blind) folded on the Flop


