PokerStars Hand #144892188909:  Hold'em Limit ($3/$6 USD) - 2015/12/05 22:16:20 ET
Table 'Mimosa' 2-max Seat #2 is the button
Seat 1: Truelove13 ($120 in chips)
Seat 2: Bellars10 ($120 in chips)
Bellars10: posts small blind $1
Truelove13: posts big blind $3
*** HOLE CARDS ***
Bellars10: raises $3 to $6
Truelove13: calls $3
*** FLOP *** [3h 7h Js]
Truelove13: checks
Bellars10: bets $3
Truelove13: raises $3 to $6
Bellars10: folds
Uncalled bet ($3) returned to Truelove13
Truelove13 collected $17.64 from pot
*** SUMMARY ***
Total pot $18 | Rake $0.36
Board [3h 7h Js]
Seat 1: Truelove13 (big blind) collected ($17.64)
Seat 2: Bellars10 (button) (small blind) folded on the Flop


PokerStars Hand #144892200132:  Hold'em Limit ($3/$6 USD) - 2015/12/05 22:16:48 ET
Table 'Mimosa' 2-max Seat #1 is the button
Seat 1: Truelove13 ($128.64 in chips)
Seat 2: Bellars10 ($111 in chips)
Truelove13: posts small blind $1
Bellars10: posts big blind $3
*** HOLE CARDS ***
Truelove13: raises $3 to $6
Bellars10: calls $3
*** FLOP *** [Tc 7d 6h]
Bellars10: checks
Truelove13: checks
*** TURN *** [Tc 7d 6h] [Ad]
Bellars10: bets $6
Truelove13: calls $6
*** RIVER *** [Tc 7d 6h Ad] [8d]
Bellars10: bets $6
Truelove13: calls $6
*** SHOW DOWN ***
Bellars10: shows [3s 9h] (a straight, Six to Ten)
Truelove13: mucks hand
Bellars10 collected $35.50 from pot
*** SUMMARY ***
Total pot $36 | Rake $0.50
Board [Tc 7d 6h Ad 8d]
Seat 1: Truelove13 (button) (small blind) mucked
Seat 2: Bellars10 (big blind) showed [3s 9h] and won ($35.50) with a straight, Six to Ten


PokerStars Hand #144892209591:  Hold'em Limit ($3/$6 USD) - 2015/12/05 22:17:12 ET
Table 'Mimosa' 2-max Seat #2 is the button
Seat 1: Truelove13 ($120 in chips)
Seat 2: Bellars10 ($128.50 in chips)
Bellars10: posts small blind $1
Truelove13: posts big blind $3
*** HOLE CARDS ***
Bellars10: raises $3 to $6
Truelove13: calls $3
*** FLOP *** [5s Tc 4d]
Truelove13: checks
Bellars10: bets $3
Truelove13: raises $3 to $6
Bellars10: calls $3
*** TURN *** [5s Tc 4d] [Td]
Truelove13: bets $6
Bellars10: folds
Uncalled bet ($6) returned to Truelove13
Truelove13 collected $23.52 from pot
*** SUMMARY ***
Total pot $24 | Rake $0.48
Board [5s Tc 4d Td]
Seat 1: Truelove13 (big blind) collected ($23.52)
Seat 2: Bellars10 (button) (small blind) folded on the Turn


PokerStars Hand #144892235564:  Hold'em Limit ($3/$6 USD) - 2015/12/05 22:18:16 ET
Table 'Mimosa' 2-max Seat #1 is the button
Seat 1: Truelove13 ($124.52 in chips)
Seat 2: Bellars10 ($123.26 in chips)
Truelove13: posts small blind $1
Bellars10: posts big blind $3
*** HOLE CARDS ***
Truelove13: folds
Uncalled bet ($2) returned to Bellars10
Bellars10 collected $2 from pot
Bellars10: doesn't show hand
*** SUMMARY ***
Total pot $2 | Rake $0
Seat 1: Truelove13 (button) (small blind) folded before Flop
Seat 2: Bellars10 (big blind) collected ($2)


PokerStars Hand #144892219329:  Hold'em Limit ($3/$6 USD) - 2015/12/05 22:17:36 ET
Table 'Mimosa' 2-max Seat #1 is the button
Seat 1: Truelove13 ($131.52 in chips)
Seat 2: Bellars10 ($116.50 in chips)
Truelove13: posts small blind $1
Bellars10: posts big blind $3
*** HOLE CARDS ***
Truelove13: folds
Uncalled bet ($2) returned to Bellars10
Bellars10 collected $2 from pot
Bellars10: doesn't show hand
*** SUMMARY ***
Total pot $2 | Rake $0
Seat 1: Truelove13 (button) (small blind) folded before Flop
Seat 2: Bellars10 (big blind) collected ($2)


PokerStars Hand #144892224477:  Hold'em Limit ($3/$6 USD) - 2015/12/05 22:17:48 ET
Table 'Mimosa' 2-max Seat #1 is the button
Seat 1: Truelove13 ($131.52 in chips)
Seat 2: Bellars10 ($116.50 in chips)
Truelove13: posts small blind $1
Bellars10: posts big blind $3
*** HOLE CARDS ***
Truelove13: folds
Uncalled bet ($2) returned to Bellars10
Bellars10 collected $2 from pot
Bellars10: doesn't show hand
*** SUMMARY ***
Total pot $2 | Rake $0
Seat 1: Truelove13 (button) (small blind) folded before Flop
Seat 2: Bellars10 (big blind) collected ($2)


PokerStars Hand #144892222183:  Hold'em Limit ($3/$6 USD) - 2015/12/05 22:17:43 ET
Table 'Mimosa' 2-max Seat #2 is the button
Seat 1: Truelove13 ($130.52 in chips)
Seat 2: Bellars10 ($117.50 in chips)
Bellars10: posts small blind $1
Truelove13: posts big blind $3
*** HOLE CARDS ***
Bellars10: folds
Uncalled bet ($2) returned to Truelove13
Truelove13 collected $2 from pot
*** SUMMARY ***
Total pot $2 | Rake $0
Seat 1: Truelove13 (big blind) collected ($2)
Seat 2: Bellars10 (button) (small blind) folded before Flop


PokerStars Hand #144892226712:  Hold'em Limit ($3/$6 USD) - 2015/12/05 22:17:54 ET
Table 'Mimosa' 2-max Seat #2 is the button
Seat 1: Truelove13 ($130.52 in chips)
Seat 2: Bellars10 ($117.50 in chips)
Bellars10: posts small blind $1
Truelove13: posts big blind $3
*** HOLE CARDS ***
Bellars10: raises $3 to $6
Truelove13: calls $3
*** FLOP *** [5s 9s 3s]
Truelove13: checks
Bellars10: bets $3
Truelove13: folds
Uncalled bet ($3) returned to Bellars10
Bellars10 collected $11.76 from pot
Bellars10: doesn't show hand
*** SUMMARY ***
Total pot $12 | Rake $0.24
Board [5s 9s 3s]
Seat 1: Truelove13 (big blind) folded on the Flop
Seat 2: Bellars10 (button) (small blind) collected ($11.76)


PokerStars Hand #144892265315:  Hold'em Limit ($3/$6 USD) - 2015/12/05 22:19:30 ET
Table 'Mimosa' 2-max Seat #2 is the button
Seat 1: Truelove13 ($159.52 in chips)
Seat 2: Bellars10 ($86.90 in chips)
Bellars10: posts small blind $1
Truelove13: posts big blind $3
*** HOLE CARDS ***
Bellars10: folds
Uncalled bet ($2) returned to Truelove13
Truelove13 collected $2 from pot
*** SUMMARY ***
Total pot $2 | Rake $0
Seat 1: Truelove13 (big blind) collected ($2)
Seat 2: Bellars10 (button) (small blind) folded before Flop


PokerStars Hand #144892254578:  Hold'em Limit ($3/$6 USD) - 2015/12/05 22:19:03 ET
Table 'Mimosa' 2-max Seat #1 is the button
Seat 1: Truelove13 ($139.02 in chips)
Seat 2: Bellars10 ($107.90 in chips)
Truelove13: posts small blind $1
Bellars10: posts big blind $3
*** HOLE CARDS ***
Truelove13: raises $3 to $6
Bellars10: calls $3
*** FLOP *** [Qh Jh 7h]
Bellars10: checks
Truelove13: bets $3
Bellars10: calls $3
*** TURN *** [Qh Jh 7h] [8h]
Bellars10: checks
Truelove13: bets $6
Bellars10: calls $6
*** RIVER *** [Qh Jh 7h 8h] [Js]
Bellars10: checks
Truelove13: bets $6
Bellars10: calls $6
*** SHOW DOWN ***
Truelove13: shows [Ac Ah] (a flush, Ace high)
Bellars10: mucks hand
Truelove13 collected $41.50 from pot
*** SUMMARY ***
Total pot $42 | Rake $0.50
Board [Qh Jh 7h 8h Js]
Seat 1: Truelove13 (button) (small blind) showed [Ac Ah] and won ($41.50) with a flush, Ace high
Seat 2: Bellars10 (big blind) mucked


PokerStars Hand #144892237772:  Hold'em Limit ($3/$6 USD) - 2015/12/05 22:18:22 ET
Table 'Mimosa' 2-max Seat #2 is the button
Seat 1: Truelove13 ($123.52 in chips)
Seat 2: Bellars10 ($124.26 in chips)
Bellars10: posts small blind $1
Truelove13: posts big blind $3
*** HOLE CARDS ***
Bellars10: raises $3 to $6
Truelove13: raises $3 to $9
Bellars10: calls $3
*** FLOP *** [5c Ah 3s]
Truelove13: bets $3
Bellars10: calls $3
*** TURN *** [5c Ah 3s] [7d]
Truelove13: bets $6
Bellars10: calls $6
*** RIVER *** [5c Ah 3s 7d] [Ad]
Truelove13: bets $6
Bellars10: calls $6
*** SHOW DOWN ***
Truelove13: shows [7h 7c] (a full house, Sevens full of Aces)
Bellars10: mucks hand
Truelove13 collected $47.50 from pot
*** SUMMARY ***
Total pot $48 | Rake $0.50
Board [5c Ah 3s 7d Ad]
Seat 1: Truelove13 (big blind) showed [7h 7c] and won ($47.50) with a full house, Sevens full of Aces
Seat 2: Bellars10 (button) (small blind) mucked


PokerStars Hand #144892246863:  Hold'em Limit ($3/$6 USD) - 2015/12/05 22:18:44 ET
Table 'Mimosa' 2-max Seat #1 is the button
Seat 1: Truelove13 ($147.02 in chips)
Seat 2: Bellars10 ($100.26 in chips)
Truelove13: posts small blind $1
Bellars10: posts big blind $3
*** HOLE CARDS ***
Truelove13: raises $3 to $6
Bellars10: raises $3 to $9
Truelove13: calls $3
*** FLOP *** [Jh 5d Js]
Bellars10: bets $3
Truelove13: folds
Uncalled bet ($3) returned to Bellars10
Bellars10 collected $17.64 from pot
Bellars10: doesn't show hand
*** SUMMARY ***
Total pot $18 | Rake $0.36
Board [Jh 5d Js]
Seat 1: Truelove13 (button) (small blind) folded on the Flop
Seat 2: Bellars10 (big blind) collected ($17.64)


PokerStars Hand #144892252313:  Hold'em Limit ($3/$6 USD) - 2015/12/05 22:18:58 ET
Table 'Mimosa' 2-max Seat #2 is the button
Seat 1: Truelove13 ($138.02 in chips)
Seat 2: Bellars10 ($108.90 in chips)
Bellars10: posts small blind $1
Truelove13: posts big blind $3
*** HOLE CARDS ***
Bellars10: folds
Uncalled bet ($2) returned to Truelove13
Truelove13 collected $2 from pot
*** SUMMARY ***
Total pot $2 | Rake $0
Seat 1: Truelove13 (big blind) collected ($2)
Seat 2: Bellars10 (button) (small blind) folded before Flop


PokerStars Hand #144892282105:  Hold'em Limit ($3/$6 USD) - 2015/12/05 22:20:13 ET
Table 'Mimosa' 2-max Seat #2 is the button
Seat 1: Truelove13 ($151.52 in chips)
Seat 2: Bellars10 ($94.54 in chips)
Bellars10: posts small blind $1
Truelove13: posts big blind $3
*** HOLE CARDS ***
Bellars10: raises $3 to $6
Truelove13: calls $3
*** FLOP *** [Kh Ad 2c]
Truelove13: checks
Bellars10: bets $3
Truelove13: folds
Uncalled bet ($3) returned to Bellars10
Bellars10 collected $11.76 from pot
Bellars10: doesn't show hand
*** SUMMARY ***
Total pot $12 | Rake $0.24
Board [Kh Ad 2c]
Seat 1: Truelove13 (big blind) folded on the Flop
Seat 2: Bellars10 (button) (small blind) collected ($11.76)


PokerStars Hand #144892267487:  Hold'em Limit ($3/$6 USD) - 2015/12/05 22:19:36 ET
Table 'Mimosa' 2-max Seat #1 is the button
Seat 1: Truelove13 ($160.52 in chips)
Seat 2: Bellars10 ($85.90 in chips)
Truelove13: posts small blind $1
Bellars10: posts big blind $3
*** HOLE CARDS ***
Truelove13: raises $3 to $6
Bellars10: calls $3
*** FLOP *** [Ac Ah 8d]
Bellars10: checks
Truelove13: bets $3
Bellars10: calls $3
*** TURN *** [Ac Ah 8d] [Qd]
Bellars10: checks
Truelove13: checks
*** RIVER *** [Ac Ah 8d Qd] [9d]
Bellars10: bets $6
Truelove13: folds
Uncalled bet ($6) returned to Bellars10
Bellars10 collected $17.64 from pot
Bellars10: doesn't show hand
*** SUMMARY ***
Total pot $18 | Rake $0.36
Board [Ac Ah 8d Qd 9d]
Seat 1: Truelove13 (button) (small blind) folded on the River
Seat 2: Bellars10 (big blind) collected ($17.64)


PokerStars Hand #144892298235:  Hold'em Limit ($3/$6 USD) - 2015/12/05 22:20:54 ET
Table 'Mimosa' 2-max Seat #1 is the button
Seat 1: Truelove13 ($133.52 in chips)
Seat 2: Bellars10 ($111.94 in chips)
Truelove13: posts small blind $1
Bellars10: posts big blind $3
*** HOLE CARDS ***
Truelove13: raises $3 to $6
Bellars10: raises $3 to $9
Truelove13: calls $3
*** FLOP *** [8s 6s 9d]
Bellars10: bets $3
Truelove13: calls $3
*** TURN *** [8s 6s 9d] [4d]
Bellars10: bets $6
Truelove13: calls $6
*** RIVER *** [8s 6s 9d 4d] [8d]
Bellars10: checks
Truelove13: bets $6
Bellars10: calls $6
*** SHOW DOWN ***
Truelove13: shows [7c 8h] (three of a kind, Eights)
Bellars10: mucks hand
Truelove13 collected $47.50 from pot
*** SUMMARY ***
Total pot $48 | Rake $0.50
Board [8s 6s 9d 4d 8d]
Seat 1: Truelove13 (button) (small blind) showed [7c 8h] and won ($47.50) with three of a kind, Eights
Seat 2: Bellars10 (big blind) mucked


PokerStars Hand #144892295367:  Hold'em Limit ($3/$6 USD) - 2015/12/05 22:20:46 ET
Table 'Mimosa' 2-max Seat #2 is the button
Seat 1: Truelove13 ($136.52 in chips)
Seat 2: Bellars10 ($108.94 in chips)
Bellars10: posts small blind $1
Truelove13: posts big blind $3
*** HOLE CARDS ***
Bellars10: raises $3 to $6
Truelove13: folds
Uncalled bet ($3) returned to Bellars10
Bellars10 collected $6 from pot
Bellars10: doesn't show hand
*** SUMMARY ***
Total pot $6 | Rake $0
Seat 1: Truelove13 (big blind) folded before Flop
Seat 2: Bellars10 (button) (small blind) collected ($6)


PokerStars Hand #144892288712:  Hold'em Limit ($3/$6 USD) - 2015/12/05 22:20:29 ET
Table 'Mimosa' 2-max Seat #1 is the button
Seat 1: Truelove13 ($145.52 in chips)
Seat 2: Bellars10 ($100.30 in chips)
Truelove13: posts small blind $1
Bellars10: posts big blind $3
*** HOLE CARDS ***
Truelove13: raises $3 to $6
Bellars10: calls $3
*** FLOP *** [8c 5s Td]
Bellars10: checks
Truelove13: bets $3
Bellars10: raises $3 to $6
Truelove13: folds
Uncalled bet ($3) returned to Bellars10
Bellars10 collected $17.64 from pot
Bellars10: doesn't show hand
*** SUMMARY ***
Total pot $18 | Rake $0.36
Board [8c 5s Td]
Seat 1: Truelove13 (button) (small blind) folded on the Flop
Seat 2: Bellars10 (big blind) collected ($17.64)


