PokerStars Hand #161212699009:  Hold'em Limit ($3/$6 USD) - 2016/11/10 18:25:38 ET
Table 'Mimosa' 6-max Seat #3 is the button
Seat 3: Champion1302 ($86.64 in chips)
Seat 4: Actionni13 ($162.50 in chips)
Champion1302: posts small blind $1
Actionni13: posts big blind $3
*** HOLE CARDS ***
Champion1302: folds
Uncalled bet ($2) returned to Actionni13
Actionni13 collected $2 from pot
Actionni13: doesn't show hand
*** SUMMARY ***
Total pot $2 | Rake $0
Seat 3: Champion1302 (button) (small blind) folded before Flop
Seat 4: Actionni13 (big blind) collected ($2)


PokerStars Hand #161212689679:  Hold'em Limit ($3/$6 USD) - 2016/11/10 18:25:25 ET
Table 'Mimosa' 6-max Seat #4 is the button
Seat 3: Champion1302 ($78 in chips)
Seat 4: Actionni13 ($171.50 in chips)
Actionni13: posts small blind $1
Champion1302: posts big blind $3
*** HOLE CARDS ***
Actionni13: raises $3 to $6
Champion1302: raises $3 to $9
Actionni13: calls $3
*** FLOP *** [As 3h 6h]
Champion1302: bets $3
Actionni13: folds
Uncalled bet ($3) returned to Champion1302
Champion1302 collected $17.64 from pot
*** SUMMARY ***
Total pot $18 | Rake $0.36
Board [As 3h 6h]
Seat 3: Champion1302 (big blind) collected ($17.64)
Seat 4: Actionni13 (button) (small blind) folded on the Flop


PokerStars Hand #161212671187:  Hold'em Limit ($3/$6 USD) - 2016/11/10 18:25:00 ET
Table 'Mimosa' 6-max Seat #4 is the button
Seat 3: Champion1302 ($99 in chips)
Seat 4: Actionni13 ($151 in chips)
Actionni13: posts small blind $1
Champion1302: posts big blind $3
*** HOLE CARDS ***
Actionni13: raises $3 to $6
Champion1302: folds
Uncalled bet ($3) returned to Actionni13
Actionni13 collected $6 from pot
Actionni13: doesn't show hand
*** SUMMARY ***
Total pot $6 | Rake $0
Seat 3: Champion1302 (big blind) folded before Flop
Seat 4: Actionni13 (button) (small blind) collected ($6)


PokerStars Hand #161212754993:  Hold'em Limit ($3/$6 USD) - 2016/11/10 18:26:56 ET
Table 'Mimosa' 6-max Seat #4 is the button
Seat 3: Champion1302 ($82.40 in chips)
Seat 4: Actionni13 ($166.02 in chips)
Actionni13: posts small blind $1
Champion1302: posts big blind $3
*** HOLE CARDS ***
Actionni13: folds
Uncalled bet ($2) returned to Champion1302
Champion1302 collected $2 from pot
*** SUMMARY ***
Total pot $2 | Rake $0
Seat 3: Champion1302 (big blind) collected ($2)
Seat 4: Actionni13 (button) (small blind) folded before Flop


PokerStars Hand #161212740605:  Hold'em Limit ($3/$6 USD) - 2016/11/10 18:26:36 ET
Table 'Mimosa' 6-max Seat #4 is the button
Seat 3: Champion1302 ($85.40 in chips)
Seat 4: Actionni13 ($163.26 in chips)
Actionni13: posts small blind $1
Champion1302: posts big blind $3
*** HOLE CARDS ***
Actionni13: raises $3 to $6
Champion1302: calls $3
*** FLOP *** [Qh Ac 2d]
Champion1302: checks
Actionni13: bets $3
Champion1302: folds
Uncalled bet ($3) returned to Actionni13
Actionni13 collected $11.76 from pot
Actionni13: doesn't show hand
*** SUMMARY ***
Total pot $12 | Rake $0.24
Board [Qh Ac 2d]
Seat 3: Champion1302 (big blind) folded on the Flop
Seat 4: Actionni13 (button) (small blind) collected ($11.76)


PokerStars Hand #161212718663:  Hold'em Limit ($3/$6 USD) - 2016/11/10 18:26:05 ET
Table 'Mimosa' 6-max Seat #3 is the button
Seat 3: Champion1302 ($79.64 in chips)
Seat 4: Actionni13 ($169.26 in chips)
Champion1302: posts small blind $1
Actionni13: posts big blind $3
*** HOLE CARDS ***
Champion1302: calls $2
Actionni13: checks
*** FLOP *** [Kh Jd 5h]
Actionni13: checks
Champion1302: bets $3
Actionni13: calls $3
*** TURN *** [Kh Jd 5h] [4d]
Actionni13: checks
Champion1302: bets $6
Actionni13: folds
Uncalled bet ($6) returned to Champion1302
Champion1302 collected $11.76 from pot
*** SUMMARY ***
Total pot $12 | Rake $0.24
Board [Kh Jd 5h 4d]
Seat 3: Champion1302 (button) (small blind) collected ($11.76)
Seat 4: Actionni13 (big blind) folded on the Turn


PokerStars Hand #161212703649:  Hold'em Limit ($3/$6 USD) - 2016/11/10 18:25:45 ET
Table 'Mimosa' 6-max Seat #4 is the button
Seat 3: Champion1302 ($85.64 in chips)
Seat 4: Actionni13 ($163.50 in chips)
Actionni13: posts small blind $1
Champion1302: posts big blind $3
*** HOLE CARDS ***
Actionni13: raises $3 to $6
Champion1302: calls $3
*** FLOP *** [5d Qc Tc]
Champion1302: checks
Actionni13: checks
*** TURN *** [5d Qc Tc] [Ad]
Champion1302: checks
Actionni13: bets $6
Champion1302: folds
Uncalled bet ($6) returned to Actionni13
Actionni13 collected $11.76 from pot
Actionni13: doesn't show hand
*** SUMMARY ***
Total pot $12 | Rake $0.24
Board [5d Qc Tc Ad]
Seat 3: Champion1302 (big blind) folded on the Turn
Seat 4: Actionni13 (button) (small blind) collected ($11.76)


PokerStars Hand #161212777213:  Hold'em Limit ($3/$6 USD) - 2016/11/10 18:27:27 ET
Table 'Mimosa' 6-max Seat #4 is the button
Seat 3: Champion1302 ($97.90 in chips)
Seat 4: Actionni13 ($150.02 in chips)
Actionni13: posts small blind $1
Champion1302: posts big blind $3
*** HOLE CARDS ***
Actionni13: raises $3 to $6
Champion1302: calls $3
*** FLOP *** [Kd Ad As]
Champion1302: checks
Actionni13: bets $3
Champion1302: calls $3
*** TURN *** [Kd Ad As] [7s]
Champion1302: checks
Actionni13: checks
*** RIVER *** [Kd Ad As 7s] [Kh]
Champion1302: bets $6
Actionni13: calls $6
*** SHOW DOWN ***
Champion1302: shows [9h 5h] (two pair, Aces and Kings)
Actionni13: shows [Jd Js] (two pair, Aces and Kings - Jack kicker)
Actionni13 collected $29.50 from pot
*** SUMMARY ***
Total pot $30 | Rake $0.50
Board [Kd Ad As 7s Kh]
Seat 3: Champion1302 (big blind) showed [9h 5h] and lost with two pair, Aces and Kings
Seat 4: Actionni13 (button) (small blind) showed [Jd Js] and won ($29.50) with two pair, Aces and Kings


PokerStars Hand #161212758391:  Hold'em Limit ($3/$6 USD) - 2016/11/10 18:27:00 ET
Table 'Mimosa' 6-max Seat #3 is the button
Seat 3: Champion1302 ($83.40 in chips)
Seat 4: Actionni13 ($165.02 in chips)
Champion1302: posts small blind $1
Actionni13: posts big blind $3
*** HOLE CARDS ***
Champion1302: raises $3 to $6
Actionni13: calls $3
*** FLOP *** [Th 6h 9s]
Actionni13: bets $3
Champion1302: raises $3 to $6
Actionni13: raises $3 to $9
Champion1302: calls $3
*** TURN *** [Th 6h 9s] [Ad]
Actionni13: checks
Champion1302: checks
*** RIVER *** [Th 6h 9s Ad] [7c]
Actionni13: checks
Champion1302: checks
*** SHOW DOWN ***
Actionni13: shows [7h 5h] (a pair of Sevens)
Champion1302: shows [Td Jc] (a pair of Tens)
Champion1302 collected $29.50 from pot
*** SUMMARY ***
Total pot $30 | Rake $0.50
Board [Th 6h 9s Ad 7c]
Seat 3: Champion1302 (button) (small blind) showed [Td Jc] and won ($29.50) with a pair of Tens
Seat 4: Actionni13 (big blind) showed [7h 5h] and lost with a pair of Sevens


PokerStars Hand #161212787415:  Hold'em Limit ($3/$6 USD) - 2016/11/10 18:27:41 ET
Table 'Mimosa' 6-max Seat #3 is the button
Seat 3: Champion1302 ($82.90 in chips)
Seat 4: Actionni13 ($164.52 in chips)
Champion1302: posts small blind $1
Actionni13: posts big blind $3
*** HOLE CARDS ***
Champion1302: raises $3 to $6
Actionni13: calls $3
*** FLOP *** [6s Ac 2h]
Actionni13: checks
Champion1302: bets $3
Actionni13: calls $3
*** TURN *** [6s Ac 2h] [Jd]
Actionni13: checks
Champion1302: checks
*** RIVER *** [6s Ac 2h Jd] [3s]
Actionni13: bets $6
LolDnkaments joins the table at seat #5
Champion1302: calls $6
*** SHOW DOWN ***
Actionni13: shows [6d 9h] (a pair of Sixes)
Champion1302: mucks hand
Actionni13 collected $29.50 from pot
*** SUMMARY ***
Total pot $30 | Rake $0.50
Board [6s Ac 2h Jd 3s]
Seat 3: Champion1302 (button) (small blind) mucked
Seat 4: Actionni13 (big blind) showed [6d 9h] and won ($29.50) with a pair of Sixes


