PokerStars Hand #167089825884:  Hold'em Limit ($3/$6 USD) - 2017/03/04 6:22:16 ET
Table 'Mimosa' 6-max Seat #4 is the button
Seat 1: gorcea_vs ($68.28 in chips)
Seat 4: Agrotait ($63.50 in chips)
Agrotait: posts small blind $1
gorcea_vs: posts big blind $3
*** HOLE CARDS ***
Agrotait: raises $3 to $6
gorcea_vs: calls $3
*** FLOP *** [Tc 6d Ad]
gorcea_vs: checks
Agrotait: bets $3
gorcea_vs: folds
Uncalled bet ($3) returned to Agrotait
Agrotait collected $11.76 from pot
Agrotait: doesn't show hand
*** SUMMARY ***
Total pot $12 | Rake $0.24
Board [Tc 6d Ad]
Seat 1: gorcea_vs (big blind) folded on the Flop
Seat 4: Agrotait (button) (small blind) collected ($11.76)


PokerStars Hand #167089808644:  Hold'em Limit ($3/$6 USD) - 2017/03/04 6:21:39 ET
Table 'Mimosa' 6-max Seat #1 is the button
Seat 1: gorcea_vs ($56.76 in chips)
Seat 4: Agrotait ($75.50 in chips)
gorcea_vs: posts small blind $1
Agrotait: posts big blind $3
*** HOLE CARDS ***
gorcea_vs: raises $3 to $6
Agrotait: raises $3 to $9
gorcea_vs: calls $3
*** FLOP *** [Th 8d As]
Chessnok joins the table at seat #2
Agrotait: bets $3
gorcea_vs: calls $3
*** TURN *** [Th 8d As] [9s]
Agrotait: checks
gorcea_vs: bets $6
Agrotait: folds
Uncalled bet ($6) returned to gorcea_vs
gorcea_vs collected $23.52 from pot
gorcea_vs: doesn't show hand
*** SUMMARY ***
Total pot $24 | Rake $0.48
Board [Th 8d As 9s]
Seat 1: gorcea_vs (button) (small blind) collected ($23.52)
Seat 4: Agrotait (big blind) folded on the Turn


PokerStars Hand #167091645242:  Hold'em Limit ($3/$6 USD) - 2017/03/04 7:23:41 ET
Table 'Mimosa' 6-max Seat #3 is the button
Seat 1: tilion22 ($114.99 in chips)
Seat 3: KIT426 ($358.03 in chips)
KIT426: posts small blind $1
tilion22: posts big blind $3
*** HOLE CARDS ***
KIT426: raises $3 to $6
tilion22: calls $3
*** FLOP *** [6h Kh 5h]
tilion22: checks
KIT426: bets $3
tilion22: folds
Uncalled bet ($3) returned to KIT426
KIT426 collected $11.76 from pot
*** SUMMARY ***
Total pot $12 | Rake $0.24
Board [6h Kh 5h]
Seat 1: tilion22 (big blind) folded on the Flop
Seat 3: KIT426 (button) (small blind) collected ($11.76)


PokerStars Hand #167091636523:  Hold'em Limit ($3/$6 USD) - 2017/03/04 7:23:24 ET
Table 'Mimosa' 6-max Seat #3 is the button
Seat 1: tilion22 ($108.23 in chips)
Seat 3: KIT426 ($365.03 in chips)
KIT426: posts small blind $1
tilion22: posts big blind $3
*** HOLE CARDS ***
KIT426: folds
Uncalled bet ($2) returned to tilion22
tilion22 collected $2 from pot
tilion22: doesn't show hand
*** SUMMARY ***
Total pot $2 | Rake $0
Seat 1: tilion22 (big blind) collected ($2)
Seat 3: KIT426 (button) (small blind) folded before Flop


PokerStars Hand #167091633589:  Hold'em Limit ($3/$6 USD) - 2017/03/04 7:23:18 ET
Table 'Mimosa' 6-max Seat #1 is the button
Seat 1: tilion22 ($105.23 in chips)
Seat 3: KIT426 ($368.03 in chips)
tilion22: posts small blind $1
KIT426: posts big blind $3
*** HOLE CARDS ***
tilion22: raises $3 to $6
KIT426: folds
Uncalled bet ($3) returned to tilion22
tilion22 collected $6 from pot
tilion22: doesn't show hand
*** SUMMARY ***
Total pot $6 | Rake $0
Seat 1: tilion22 (button) (small blind) collected ($6)
Seat 3: KIT426 (big blind) folded before Flop


PokerStars Hand #167091639036:  Hold'em Limit ($3/$6 USD) - 2017/03/04 7:23:29 ET
Table 'Mimosa' 6-max Seat #1 is the button
Seat 1: tilion22 ($109.23 in chips)
Seat 3: KIT426 ($364.03 in chips)
tilion22: posts small blind $1
KIT426: posts big blind $3
*** HOLE CARDS ***
tilion22: raises $3 to $6
KIT426: calls $3
*** FLOP *** [7d Ah 9d]
KIT426: checks
tilion22: bets $3
KIT426: folds
Uncalled bet ($3) returned to tilion22
tilion22 collected $11.76 from pot
tilion22: doesn't show hand
*** SUMMARY ***
Total pot $12 | Rake $0.24
Board [7d Ah 9d]
Seat 1: tilion22 (button) (small blind) collected ($11.76)
Seat 3: KIT426 (big blind) folded on the Flop


PokerStars Hand #167091629408:  Hold'em Limit ($3/$6 USD) - 2017/03/04 7:23:11 ET
Table 'Mimosa' 6-max Seat #3 is the button
Seat 1: tilion22 ($108.23 in chips)
Seat 3: KIT426 ($365.03 in chips)
KIT426: posts small blind $1
tilion22: posts big blind $3
*** HOLE CARDS ***
KIT426: raises $3 to $6
tilion22: folds
Uncalled bet ($3) returned to KIT426
KIT426 collected $6 from pot
*** SUMMARY ***
Total pot $6 | Rake $0
Seat 1: tilion22 (big blind) folded before Flop
Seat 3: KIT426 (button) (small blind) collected ($6)


PokerStars Hand #167091670754:  Hold'em Limit ($3/$6 USD) - 2017/03/04 7:24:29 ET
Table 'Mimosa' 6-max Seat #3 is the button
Seat 1: tilion22 ($116.38 in chips)
Seat 3: KIT426 ($355.54 in chips)
KIT426: posts small blind $1
tilion22: posts big blind $3
*** HOLE CARDS ***
KIT426: calls $2
tilion22: checks
*** FLOP *** [Ah 5s 2d]
tilion22: checks
KIT426: checks
*** TURN *** [Ah 5s 2d] [7c]
tilion22: bets $6
KIT426: raises $6 to $12
tilion22: calls $6
*** RIVER *** [Ah 5s 2d 7c] [3h]
tilion22: bets $6
KIT426: calls $6
*** SHOW DOWN ***
tilion22: shows [Qs 4c] (a straight, Ace to Five)
KIT426: mucks hand
tilion22 collected $41.50 from pot
*** SUMMARY ***
Total pot $42 | Rake $0.50
Board [Ah 5s 2d 7c 3h]
Seat 1: tilion22 (big blind) showed [Qs 4c] and won ($41.50) with a straight, Ace to Five
Seat 3: KIT426 (button) (small blind) mucked


PokerStars Hand #167091650553:  Hold'em Limit ($3/$6 USD) - 2017/03/04 7:23:51 ET
Table 'Mimosa' 6-max Seat #1 is the button
Seat 1: tilion22 ($108.99 in chips)
Seat 3: KIT426 ($363.79 in chips)
tilion22: posts small blind $1
KIT426: posts big blind $3
*** HOLE CARDS ***
tilion22: raises $3 to $6
KIT426: calls $3
*** FLOP *** [3h 9h Ad]
KIT426: checks
tilion22: bets $3
KIT426: calls $3
*** TURN *** [3h 9h Ad] [Qc]
KIT426: checks
tilion22: bets $6
KIT426: folds
Uncalled bet ($6) returned to tilion22
tilion22 collected $17.64 from pot
tilion22: doesn't show hand
*** SUMMARY ***
Total pot $18 | Rake $0.36
Board [3h 9h Ad Qc]
Seat 1: tilion22 (button) (small blind) collected ($17.64)
Seat 3: KIT426 (big blind) folded on the Turn


PokerStars Hand #167091667962:  Hold'em Limit ($3/$6 USD) - 2017/03/04 7:24:24 ET
Table 'Mimosa' 6-max Seat #1 is the button
Seat 1: tilion22 ($117.38 in chips)
Seat 3: KIT426 ($354.54 in chips)
tilion22: posts small blind $1
KIT426: posts big blind $3
*** HOLE CARDS ***
tilion22: folds
Uncalled bet ($2) returned to KIT426
KIT426 collected $2 from pot
*** SUMMARY ***
Total pot $2 | Rake $0
Seat 1: tilion22 (button) (small blind) folded before Flop
Seat 3: KIT426 (big blind) collected ($2)


PokerStars Hand #167091657630:  Hold'em Limit ($3/$6 USD) - 2017/03/04 7:24:04 ET
Table 'Mimosa' 6-max Seat #3 is the button
Seat 1: tilion22 ($117.63 in chips)
Seat 3: KIT426 ($354.79 in chips)
KIT426: posts small blind $1
tilion22: posts big blind $3
*** HOLE CARDS ***
KIT426: calls $2
tilion22: checks
*** FLOP *** [Ks 6c 4c]
tilion22: bets $3
KIT426: raises $3 to $6
tilion22: raises $3 to $9
KIT426: raises $3 to $12
Betting is capped
tilion22: calls $3
*** TURN *** [Ks 6c 4c] [7s]
tilion22: bets $6
KIT426: calls $6
*** RIVER *** [Ks 6c 4c 7s] [8s]
tilion22: bets $6
KIT426: raises $6 to $12
tilion22: calls $6
*** SHOW DOWN ***
KIT426: shows [5c 7h] (a straight, Four to Eight)
tilion22: shows [5h 7d] (a straight, Four to Eight)
tilion22 collected $32.75 from pot
KIT426 collected $32.75 from pot
*** SUMMARY ***
Total pot $66 | Rake $0.50
Board [Ks 6c 4c 7s 8s]
Seat 1: tilion22 (big blind) showed [5h 7d] and won ($32.75) with a straight, Four to Eight
Seat 3: KIT426 (button) (small blind) showed [5c 7h] and won ($32.75) with a straight, Four to Eight


PokerStars Hand #167091680242:  Hold'em Limit ($3/$6 USD) - 2017/03/04 7:24:47 ET
Table 'Mimosa' 6-max Seat #1 is the button
Seat 1: tilion22 ($136.88 in chips)
Seat 3: KIT426 ($334.54 in chips)
tilion22: posts small blind $1
KIT426: posts big blind $3
*** HOLE CARDS ***
tilion22: raises $3 to $6
KIT426: calls $3
*** FLOP *** [2h Ts 4s]
KIT426: checks
tilion22: bets $3
KIT426: calls $3
*** TURN *** [2h Ts 4s] [8d]
KIT426: checks
tilion22: bets $6
KIT426: folds
Uncalled bet ($6) returned to tilion22
tilion22 collected $17.64 from pot
tilion22: doesn't show hand
*** SUMMARY ***
Total pot $18 | Rake $0.36
Board [2h Ts 4s 8d]
Seat 1: tilion22 (button) (small blind) collected ($17.64)
Seat 3: KIT426 (big blind) folded on the Turn


PokerStars Hand #167091687258:  Hold'em Limit ($3/$6 USD) - 2017/03/04 7:25:01 ET
Table 'Mimosa' 6-max Seat #3 is the button
Seat 1: tilion22 ($145.52 in chips)
Seat 3: KIT426 ($325.54 in chips)
KIT426: posts small blind $1
tilion22: posts big blind $3
*** HOLE CARDS ***
KIT426: raises $3 to $6
tilion22: raises $3 to $9
KIT426: raises $3 to $12
Betting is capped
tilion22: calls $3
*** FLOP *** [7d Qc 4d]
tilion22: checks
KIT426: bets $3
Great_Kang joins the table at seat #4
tilion22: calls $3
*** TURN *** [7d Qc 4d] [8c]
tilion22: checks
KIT426: bets $6
tilion22: raises $6 to $12
KIT426: calls $6
*** RIVER *** [7d Qc 4d 8c] [9s]
tilion22: checks
KIT426: checks
*** SHOW DOWN ***
tilion22: shows [8s Ah] (a pair of Eights)
KIT426: mucks hand
tilion22 collected $53.50 from pot
*** SUMMARY ***
Total pot $54 | Rake $0.50
Board [7d Qc 4d 8c 9s]
Seat 1: tilion22 (big blind) showed [8s Ah] and won ($53.50) with a pair of Eights
Seat 3: KIT426 (button) (small blind) mucked


PokerStars Hand #167091700830:  Hold'em Limit ($3/$6 USD) - 2017/03/04 7:25:26 ET
Table 'Mimosa' 6-max Seat #1 is the button
Seat 1: tilion22 ($172.02 in chips)
Seat 3: KIT426 ($298.54 in chips)
tilion22: posts small blind $1
KIT426: posts big blind $3
*** HOLE CARDS ***
tilion22: folds
Uncalled bet ($2) returned to KIT426
KIT426 collected $2 from pot
*** SUMMARY ***
Total pot $2 | Rake $0
Seat 1: tilion22 (button) (small blind) folded before Flop
Seat 3: KIT426 (big blind) collected ($2)


PokerStars Hand #167091811676:  Hold'em Limit ($3/$6 USD) - 2017/03/04 7:28:57 ET
Table 'Mimosa' 6-max Seat #3 is the button
Seat 3: KIT426 ($224.18 in chips)
Seat 4: Great_Kang ($150.11 in chips)
KIT426: posts small blind $1
Great_Kang: posts big blind $3
*** HOLE CARDS ***
KIT426: raises $3 to $6
Great_Kang: calls $3
*** FLOP *** [3d Qh 5c]
Great_Kang: checks
KIT426: bets $3
Great_Kang: folds
Uncalled bet ($3) returned to KIT426
KIT426 collected $11.76 from pot
*** SUMMARY ***
Total pot $12 | Rake $0.24
Board [3d Qh 5c]
Seat 3: KIT426 (button) (small blind) collected ($11.76)
Seat 4: Great_Kang (big blind) folded on the Flop


PokerStars Hand #167091831483:  Hold'em Limit ($3/$6 USD) - 2017/03/04 7:29:34 ET
Table 'Mimosa' 6-max Seat #4 is the button
Seat 3: KIT426 ($237.58 in chips)
Seat 4: Great_Kang ($136.11 in chips)
Great_Kang: posts small blind $1
KIT426: posts big blind $3
*** HOLE CARDS ***
Great_Kang: raises $3 to $6
KIT426: folds
Uncalled bet ($3) returned to Great_Kang
Great_Kang collected $6 from pot
Great_Kang: doesn't show hand
*** SUMMARY ***
Total pot $6 | Rake $0
Seat 3: KIT426 (big blind) folded before Flop
Seat 4: Great_Kang (button) (small blind) collected ($6)


PokerStars Hand #167091828941:  Hold'em Limit ($3/$6 USD) - 2017/03/04 7:29:29 ET
Table 'Mimosa' 6-max Seat #3 is the button
Seat 3: KIT426 ($238.58 in chips)
Seat 4: Great_Kang ($135.11 in chips)
KIT426: posts small blind $1
Great_Kang: posts big blind $3
*** HOLE CARDS ***
KIT426: folds
Uncalled bet ($2) returned to Great_Kang
Great_Kang collected $2 from pot
Great_Kang: doesn't show hand
*** SUMMARY ***
Total pot $2 | Rake $0
Seat 3: KIT426 (button) (small blind) folded before Flop
Seat 4: Great_Kang (big blind) collected ($2)


PokerStars Hand #167091821216:  Hold'em Limit ($3/$6 USD) - 2017/03/04 7:29:15 ET
Table 'Mimosa' 6-max Seat #4 is the button
Seat 3: KIT426 ($229.94 in chips)
Seat 4: Great_Kang ($144.11 in chips)
Great_Kang: posts small blind $1
KIT426: posts big blind $3
*** HOLE CARDS ***
Great_Kang: raises $3 to $6
KIT426: raises $3 to $9
Great_Kang: calls $3
*** FLOP *** [5h 5s Kh]
KIT426: bets $3
Great_Kang: folds
Uncalled bet ($3) returned to KIT426
KIT426 collected $17.64 from pot
*** SUMMARY ***
Total pot $18 | Rake $0.36
Board [5h 5s Kh]
Seat 3: KIT426 (big blind) collected ($17.64)
Seat 4: Great_Kang (button) (small blind) folded on the Flop


PokerStars Hand #167091805818:  Hold'em Limit ($3/$6 USD) - 2017/03/04 7:28:46 ET
Table 'Mimosa' 6-max Seat #4 is the button
Seat 3: KIT426 ($223.18 in chips)
Seat 4: Great_Kang ($151.11 in chips)
Great_Kang: posts small blind $1
KIT426: posts big blind $3
*** HOLE CARDS ***
Great_Kang: folds
Uncalled bet ($2) returned to KIT426
KIT426 collected $2 from pot
*** SUMMARY ***
Total pot $2 | Rake $0
Seat 3: KIT426 (big blind) collected ($2)
Seat 4: Great_Kang (button) (small blind) folded before Flop


PokerStars Hand #167091835408:  Hold'em Limit ($3/$6 USD) - 2017/03/04 7:29:41 ET
Table 'Mimosa' 6-max Seat #3 is the button
Seat 3: KIT426 ($234.58 in chips)
Seat 4: Great_Kang ($139.11 in chips)
KIT426: posts small blind $1
Great_Kang: posts big blind $3
*** HOLE CARDS ***
KIT426: calls $2
Great_Kang: checks
*** FLOP *** [Ad 6h 2h]
Great_Kang: checks
KIT426: checks
*** TURN *** [Ad 6h 2h] [9c]
Great_Kang: checks
KIT426: checks
*** RIVER *** [Ad 6h 2h 9c] [Kc]
Great_Kang: checks
KIT426: checks
*** SHOW DOWN ***
Great_Kang: shows [5d Jc] (high card Ace)
KIT426: shows [Jh 5c] (high card Ace)
Great_Kang collected $2.94 from pot
KIT426 collected $2.94 from pot
*** SUMMARY ***
Total pot $6 | Rake $0.12
Board [Ad 6h 2h 9c Kc]
Seat 3: KIT426 (button) (small blind) showed [Jh 5c] and won ($2.94) with high card Ace
Seat 4: Great_Kang (big blind) showed [5d Jc] and won ($2.94) with high card Ace


PokerStars Hand #167091849644:  Hold'em Limit ($3/$6 USD) - 2017/03/04 7:30:08 ET
Table 'Mimosa' 6-max Seat #4 is the button
Seat 3: KIT426 ($234.52 in chips)
Seat 4: Great_Kang ($139.05 in chips)
Great_Kang: posts small blind $1
KIT426: posts big blind $3
*** HOLE CARDS ***
Great_Kang: raises $3 to $6
KIT426: calls $3
*** FLOP *** [Kc 3h Ts]
KIT426: checks
Great_Kang: bets $3
KIT426: folds
Uncalled bet ($3) returned to Great_Kang
Great_Kang collected $11.76 from pot
Great_Kang: doesn't show hand
*** SUMMARY ***
Total pot $12 | Rake $0.24
Board [Kc 3h Ts]
Seat 3: KIT426 (big blind) folded on the Flop
Seat 4: Great_Kang (button) (small blind) collected ($11.76)


PokerStars Hand #167091860398:  Hold'em Limit ($3/$6 USD) - 2017/03/04 7:30:28 ET
Table 'Mimosa' 6-max Seat #3 is the button
Seat 3: KIT426 ($228.52 in chips)
Seat 4: Great_Kang ($144.81 in chips)
KIT426: posts small blind $1
Great_Kang: posts big blind $3
*** HOLE CARDS ***
KIT426: raises $3 to $6
Great_Kang: folds
Uncalled bet ($3) returned to KIT426
KIT426 collected $6 from pot
*** SUMMARY ***
Total pot $6 | Rake $0
Seat 3: KIT426 (button) (small blind) collected ($6)
Seat 4: Great_Kang (big blind) folded before Flop


PokerStars Hand #167091864170:  Hold'em Limit ($3/$6 USD) - 2017/03/04 7:30:35 ET
Table 'Mimosa' 6-max Seat #4 is the button
Seat 3: KIT426 ($231.52 in chips)
Seat 4: Great_Kang ($141.81 in chips)
Great_Kang: posts small blind $1
KIT426: posts big blind $3
*** HOLE CARDS ***
Great_Kang: raises $3 to $6
KIT426: calls $3
*** FLOP *** [Ts 5d 4c]
KIT426: checks
Great_Kang: bets $3
KIT426: calls $3
*** TURN *** [Ts 5d 4c] [Ah]
KIT426: checks
Great_Kang: bets $6
KIT426: calls $6
*** RIVER *** [Ts 5d 4c Ah] [4s]
KIT426: checks
Great_Kang: checks
*** SHOW DOWN ***
KIT426: shows [7c 6h] (a pair of Fours)
Great_Kang: shows [Jc Qs] (a pair of Fours - Ace+Queen kicker)
Great_Kang collected $29.50 from pot
*** SUMMARY ***
Total pot $30 | Rake $0.50
Board [Ts 5d 4c Ah 4s]
Seat 3: KIT426 (big blind) showed [7c 6h] and lost with a pair of Fours
Seat 4: Great_Kang (button) (small blind) showed [Jc Qs] and won ($29.50) with a pair of Fours


PokerStars Hand #167091891196:  Hold'em Limit ($3/$6 USD) - 2017/03/04 7:31:25 ET
Table 'Mimosa' 6-max Seat #4 is the button
Seat 3: KIT426 ($212.52 in chips)
Seat 4: Great_Kang ($160.07 in chips)
Great_Kang: posts small blind $1
KIT426: posts big blind $3
*** HOLE CARDS ***
Great_Kang: raises $3 to $6
KIT426: calls $3
*** FLOP *** [8c 6s 8h]
KIT426: checks
Great_Kang: bets $3
KIT426: calls $3
*** TURN *** [8c 6s 8h] [4h]
KIT426: checks
Great_Kang: bets $6
KIT426: folds
Uncalled bet ($6) returned to Great_Kang
Great_Kang collected $17.64 from pot
Great_Kang: doesn't show hand
*** SUMMARY ***
Total pot $18 | Rake $0.36
Board [8c 6s 8h 4h]
Seat 3: KIT426 (big blind) folded on the Turn
Seat 4: Great_Kang (button) (small blind) collected ($17.64)


PokerStars Hand #167091874221:  Hold'em Limit ($3/$6 USD) - 2017/03/04 7:30:54 ET
Table 'Mimosa' 6-max Seat #3 is the button
Seat 3: KIT426 ($216.52 in chips)
Seat 4: Great_Kang ($156.31 in chips)
KIT426: posts small blind $1
Great_Kang: posts big blind $3
*** HOLE CARDS ***
KIT426: raises $3 to $6
Rus29APX joins the table at seat #1
Great_Kang: folds
Uncalled bet ($3) returned to KIT426
KIT426 collected $6 from pot
*** SUMMARY ***
Total pot $6 | Rake $0
Seat 3: KIT426 (button) (small blind) collected ($6)
Seat 4: Great_Kang (big blind) folded before Flop


PokerStars Hand #167091888618:  Hold'em Limit ($3/$6 USD) - 2017/03/04 7:31:21 ET
Table 'Mimosa' 6-max Seat #3 is the button
Seat 3: KIT426 ($213.52 in chips)
Seat 4: Great_Kang ($159.07 in chips)
KIT426: posts small blind $1
Great_Kang: posts big blind $3
*** HOLE CARDS ***
KIT426: folds
Uncalled bet ($2) returned to Great_Kang
Great_Kang collected $2 from pot
Great_Kang: doesn't show hand
*** SUMMARY ***
Total pot $2 | Rake $0
Seat 3: KIT426 (button) (small blind) folded before Flop
Seat 4: Great_Kang (big blind) collected ($2)


PokerStars Hand #167091882034:  Hold'em Limit ($3/$6 USD) - 2017/03/04 7:31:09 ET
Table 'Mimosa' 6-max Seat #4 is the button
Seat 3: KIT426 ($219.52 in chips)
Seat 4: Great_Kang ($153.31 in chips)
Great_Kang: posts small blind $1
KIT426: posts big blind $3
*** HOLE CARDS ***
Great_Kang: raises $3 to $6
KIT426: calls $3
*** FLOP *** [9h 4d Ac]
KIT426: checks
Great_Kang: bets $3
KIT426: folds
Uncalled bet ($3) returned to Great_Kang
Great_Kang collected $11.76 from pot
Great_Kang: doesn't show hand
*** SUMMARY ***
Total pot $12 | Rake $0.24
Board [9h 4d Ac]
Seat 3: KIT426 (big blind) folded on the Flop
Seat 4: Great_Kang (button) (small blind) collected ($11.76)


PokerStars Hand #167091905031:  Hold'em Limit ($3/$6 USD) - 2017/03/04 7:31:51 ET
Table 'Mimosa' 6-max Seat #3 is the button
Seat 3: KIT426 ($203.52 in chips)
Seat 4: Great_Kang ($168.71 in chips)
KIT426: posts small blind $1
Great_Kang: posts big blind $3
*** HOLE CARDS ***
KIT426: raises $3 to $6
Great_Kang: raises $3 to $9
KIT426: raises $3 to $12
Betting is capped
Great_Kang: calls $3
*** FLOP *** [4h Th 5d]
Great_Kang: checks
KIT426: bets $3
Great_Kang: raises $3 to $6
KIT426: raises $3 to $9
Great_Kang: calls $3
*** TURN *** [4h Th 5d] [2h]
Great_Kang: checks
KIT426: bets $6
Great_Kang: calls $6
*** RIVER *** [4h Th 5d 2h] [Ks]
Great_Kang: checks
KIT426: bets $6
Great_Kang: calls $6
*** SHOW DOWN ***
KIT426: shows [Ah 3c] (a straight, Ace to Five)
Great_Kang: mucks hand
KIT426 collected $65.50 from pot
*** SUMMARY ***
Total pot $66 | Rake $0.50
Board [4h Th 5d 2h Ks]
Seat 3: KIT426 (button) (small blind) showed [Ah 3c] and won ($65.50) with a straight, Ace to Five
Seat 4: Great_Kang (big blind) mucked


PokerStars Hand #167095466961:  Hold'em Limit ($3/$6 USD) - 2017/03/04 9:14:36 ET
Table 'Mimosa' 6-max Seat #6 is the button
Seat 5: GRAF DAG ($196.68 in chips)
Seat 6: Chessnok ($158.71 in chips)
Chessnok: posts small blind $1
GRAF DAG: posts big blind $3
*** HOLE CARDS ***
Chessnok: raises $3 to $6
GRAF DAG: calls $3
*** FLOP *** [Js 9d 9c]
GRAF DAG: checks
Chessnok: bets $3
GRAF DAG: folds
Uncalled bet ($3) returned to Chessnok
Chessnok collected $11.76 from pot
Chessnok: doesn't show hand
*** SUMMARY ***
Total pot $12 | Rake $0.24
Board [Js 9d 9c]
Seat 5: GRAF DAG (big blind) folded on the Flop
Seat 6: Chessnok (button) (small blind) collected ($11.76)


PokerStars Hand #167095443542:  Hold'em Limit ($3/$6 USD) - 2017/03/04 9:14:00 ET
Table 'Mimosa' 6-max Seat #6 is the button
Seat 5: GRAF DAG ($223.68 in chips)
Seat 6: Chessnok ($132.57 in chips)
Chessnok: posts small blind $1
Velbor107: is sitting out
ABATAPP: is sitting out
GRAF DAG: posts big blind $3
*** HOLE CARDS ***
Chessnok: raises $3 to $6
Velbor107 leaves the table
GRAF DAG: calls $3
*** FLOP *** [As 7s 5d]
GRAF DAG: checks
Chessnok: bets $3
GRAF DAG: calls $3
*** TURN *** [As 7s 5d] [7h]
GRAF DAG: checks
Chessnok: bets $6
GRAF DAG: folds
Uncalled bet ($6) returned to Chessnok
Chessnok collected $17.64 from pot
Chessnok: doesn't show hand
*** SUMMARY ***
Total pot $18 | Rake $0.36
Board [As 7s 5d 7h]
Seat 5: GRAF DAG (big blind) folded on the Turn
Seat 6: Chessnok (button) (small blind) collected ($17.64)


PokerStars Hand #167095454065:  Hold'em Limit ($3/$6 USD) - 2017/03/04 9:14:16 ET
Table 'Mimosa' 6-max Seat #5 is the button
Seat 5: GRAF DAG ($214.68 in chips)
Seat 6: Chessnok ($141.21 in chips)
GRAF DAG: posts small blind $1
Chessnok: posts big blind $3
*** HOLE CARDS ***
ABATAPP leaves the table
GRAF DAG: raises $3 to $6
Chessnok: calls $3
*** FLOP *** [7s Tc 8d]
Chessnok: checks
GRAF DAG: checks
*** TURN *** [7s Tc 8d] [Ac]
Chessnok: bets $6
GRAF DAG: calls $6
*** RIVER *** [7s Tc 8d Ac] [6c]
Chessnok: bets $6
GRAF DAG: calls $6
*** SHOW DOWN ***
Chessnok: shows [Kc 3c] (a flush, Ace high)
StoneFace007 leaves the table
GRAF DAG: mucks hand
Chessnok collected $35.50 from pot
*** SUMMARY ***
Total pot $36 | Rake $0.50
Board [7s Tc 8d Ac 6c]
Seat 5: GRAF DAG (button) (small blind) mucked
Seat 6: Chessnok (big blind) showed [Kc 3c] and won ($35.50) with a flush, Ace high


PokerStars Hand #167095472996:  Hold'em Limit ($3/$6 USD) - 2017/03/04 9:14:46 ET
Table 'Mimosa' 6-max Seat #5 is the button
Seat 5: GRAF DAG ($190.68 in chips)
Seat 6: Chessnok ($164.47 in chips)
GRAF DAG: posts small blind $1
Chessnok: posts big blind $3
*** HOLE CARDS ***
GRAF DAG: raises $3 to $6
Chessnok: calls $3
*** FLOP *** [2d 6h 2s]
Chessnok: checks
GRAF DAG: bets $3
Chessnok: raises $3 to $6
Krillbjörn leaves the table
GRAF DAG: raises $3 to $9
Chessnok: raises $3 to $12
Betting is capped
GRAF DAG: calls $3
*** TURN *** [2d 6h 2s] [Ac]
Chessnok: bets $6
GRAF DAG: folds
Uncalled bet ($6) returned to Chessnok
Chessnok collected $35.50 from pot
Chessnok: doesn't show hand
*** SUMMARY ***
Total pot $36 | Rake $0.50
Board [2d 6h 2s Ac]
Seat 5: GRAF DAG (button) (small blind) folded on the Turn
Seat 6: Chessnok (big blind) collected ($35.50)


PokerStars Hand #167095487720:  Hold'em Limit ($3/$6 USD) - 2017/03/04 9:15:08 ET
Table 'Mimosa' 6-max Seat #6 is the button
Seat 5: GRAF DAG ($172.68 in chips)
Seat 6: Chessnok ($181.97 in chips)
Chessnok: posts small blind $1
GRAF DAG: posts big blind $3
*** HOLE CARDS ***
Chessnok: raises $3 to $6
GRAF DAG: calls $3
*** FLOP *** [6c Ts 2c]
GRAF DAG: checks
Chessnok: bets $3
GRAF DAG: folds
Uncalled bet ($3) returned to Chessnok
Chessnok collected $11.76 from pot
Chessnok: doesn't show hand
*** SUMMARY ***
Total pot $12 | Rake $0.24
Board [6c Ts 2c]
Seat 5: GRAF DAG (big blind) folded on the Flop
Seat 6: Chessnok (button) (small blind) collected ($11.76)


PokerStars Hand #167095505987:  Hold'em Limit ($3/$6 USD) - 2017/03/04 9:15:37 ET
Table 'Mimosa' 6-max Seat #6 is the button
Seat 5: GRAF DAG ($187.18 in chips)
Seat 6: Chessnok ($166.73 in chips)
Chessnok: posts small blind $1
GRAF DAG: posts big blind $3
*** HOLE CARDS ***
Chessnok: raises $3 to $6
GRAF DAG: folds
Uncalled bet ($3) returned to Chessnok
Chessnok collected $6 from pot
Chessnok: doesn't show hand
*** SUMMARY ***
Total pot $6 | Rake $0
Seat 5: GRAF DAG (big blind) folded before Flop
Seat 6: Chessnok (button) (small blind) collected ($6)


PokerStars Hand #167095494339:  Hold'em Limit ($3/$6 USD) - 2017/03/04 9:15:19 ET
Table 'Mimosa' 6-max Seat #5 is the button
Seat 5: GRAF DAG ($166.68 in chips)
Seat 6: Chessnok ($187.73 in chips)
GRAF DAG: posts small blind $1
Chessnok: posts big blind $3
*** HOLE CARDS ***
GRAF DAG: raises $3 to $6
Chessnok: calls $3
*** FLOP *** [3c Td Kd]
Chessnok: checks
GRAF DAG: bets $3
Chessnok: calls $3
*** TURN *** [3c Td Kd] [Jc]
Chessnok: checks
GRAF DAG: bets $6
Chessnok: calls $6
*** RIVER *** [3c Td Kd Jc] [8s]
Chessnok: checks
GRAF DAG: bets $6
Chessnok: calls $6
*** SHOW DOWN ***
GRAF DAG: shows [Js 7s] (a pair of Jacks)
Chessnok: mucks hand
GRAF DAG collected $41.50 from pot
*** SUMMARY ***
Total pot $42 | Rake $0.50
Board [3c Td Kd Jc 8s]
Seat 5: GRAF DAG (button) (small blind) showed [Js 7s] and won ($41.50) with a pair of Jacks
Seat 6: Chessnok (big blind) mucked


PokerStars Hand #167095509934:  Hold'em Limit ($3/$6 USD) - 2017/03/04 9:15:43 ET
Table 'Mimosa' 6-max Seat #5 is the button
Seat 5: GRAF DAG ($184.18 in chips)
Seat 6: Chessnok ($169.73 in chips)
GRAF DAG: posts small blind $1
Chessnok: posts big blind $3
*** HOLE CARDS ***
GRAF DAG: raises $3 to $6
Chessnok: raises $3 to $9
Boxer-Carlo joins the table at seat #3
GRAF DAG: calls $3
*** FLOP *** [Kd 3c 6c]
Chessnok: bets $3
GRAF DAG: calls $3
*** TURN *** [Kd 3c 6c] [Kh]
Chessnok: bets $6
GRAF DAG: raises $6 to $12
Chessnok: calls $6
*** RIVER *** [Kd 3c 6c Kh] [9d]
Chessnok: checks
GRAF DAG: bets $6
Chessnok: calls $6
*** SHOW DOWN ***
GRAF DAG: shows [Th Ks] (three of a kind, Kings)
Chessnok: mucks hand
GRAF DAG collected $59.50 from pot
*** SUMMARY ***
Total pot $60 | Rake $0.50
Board [Kd 3c 6c Kh 9d]
Seat 5: GRAF DAG (button) (small blind) showed [Th Ks] and won ($59.50) with three of a kind, Kings
Seat 6: Chessnok (big blind) mucked


PokerStars Hand #167103292963:  Hold'em Limit ($3/$6 USD) - 2017/03/04 12:19:57 ET
Table 'Mimosa' 6-max Seat #2 is the button
Seat 2: sokol-max-PS ($111.74 in chips)
Seat 5: GRAF DAG ($287.34 in chips)
sokol-max-PS: posts small blind $1
GRAF DAG: posts big blind $3
*** HOLE CARDS ***
sokol-max-PS: folds
Uncalled bet ($2) returned to GRAF DAG
GRAF DAG collected $2 from pot
GRAF DAG: doesn't show hand
*** SUMMARY ***
Total pot $2 | Rake $0
Seat 2: sokol-max-PS (button) (small blind) folded before Flop
Seat 5: GRAF DAG (big blind) collected ($2)


PokerStars Hand #167103281879:  Hold'em Limit ($3/$6 USD) - 2017/03/04 12:19:44 ET
Table 'Mimosa' 6-max Seat #5 is the button
Seat 2: sokol-max-PS ($117.74 in chips)
Seat 5: GRAF DAG ($281.58 in chips)
GRAF DAG: posts small blind $1
HAL9QQQ: is sitting out
sokol-max-PS: posts big blind $3
*** HOLE CARDS ***
GRAF DAG: raises $3 to $6
sokol-max-PS: calls $3
*** FLOP *** [Ad 2d Kh]
sokol-max-PS: checks
GRAF DAG: bets $3
sokol-max-PS: folds
Uncalled bet ($3) returned to GRAF DAG
GRAF DAG collected $11.76 from pot
GRAF DAG: doesn't show hand
*** SUMMARY ***
Total pot $12 | Rake $0.24
Board [Ad 2d Kh]
Seat 2: sokol-max-PS (big blind) folded on the Flop
Seat 5: GRAF DAG (button) (small blind) collected ($11.76)


PokerStars Hand #167103346313:  Hold'em Limit ($3/$6 USD) - 2017/03/04 12:21:03 ET
Table 'Mimosa' 6-max Seat #5 is the button
Seat 2: sokol-max-PS ($92.24 in chips)
Seat 5: GRAF DAG ($305.84 in chips)
GRAF DAG: posts small blind $1
sokol-max-PS: posts big blind $3
*** HOLE CARDS ***
GRAF DAG: raises $3 to $6
sokol-max-PS: raises $3 to $9
GRAF DAG: raises $3 to $12
Betting is capped
sokol-max-PS: calls $3
*** FLOP *** [7h Qd Ac]
sokol-max-PS: checks
GRAF DAG: bets $3
sokol-max-PS: calls $3
*** TURN *** [7h Qd Ac] [Kd]
sokol-max-PS: checks
GRAF DAG: checks
*** RIVER *** [7h Qd Ac Kd] [9s]
sokol-max-PS: checks
GRAF DAG: checks
*** SHOW DOWN ***
sokol-max-PS: shows [8h Js] (high card Ace)
GRAF DAG: shows [Jc 8c] (high card Ace)
sokol-max-PS collected $14.75 from pot
GRAF DAG collected $14.75 from pot
*** SUMMARY ***
Total pot $30 | Rake $0.50
Board [7h Qd Ac Kd 9s]
Seat 2: sokol-max-PS (big blind) showed [8h Js] and won ($14.75) with high card Ace
Seat 5: GRAF DAG (button) (small blind) showed [Jc 8c] and won ($14.75) with high card Ace


PokerStars Hand #167103297625:  Hold'em Limit ($3/$6 USD) - 2017/03/04 12:20:03 ET
Table 'Mimosa' 6-max Seat #5 is the button
Seat 2: sokol-max-PS ($110.74 in chips)
Seat 5: GRAF DAG ($288.34 in chips)
GRAF DAG: posts small blind $1
sokol-max-PS: posts big blind $3
*** HOLE CARDS ***
GRAF DAG: raises $3 to $6
sokol-max-PS: raises $3 to $9
GRAF DAG: raises $3 to $12
Betting is capped
sokol-max-PS: calls $3
*** FLOP *** [3c 4d 8h]
sokol-max-PS: checks
GRAF DAG: bets $3
sokol-max-PS: raises $3 to $6
GRAF DAG: raises $3 to $9
sokol-max-PS: calls $3
*** TURN *** [3c 4d 8h] [4c]
sokol-max-PS: checks
GRAF DAG: bets $6
sokol-max-PS: calls $6
*** RIVER *** [3c 4d 8h 4c] [7c]
sokol-max-PS: checks
GRAF DAG: bets $6
sokol-max-PS: calls $6
*** SHOW DOWN ***
GRAF DAG: shows [Td Ts] (two pair, Tens and Fours)
sokol-max-PS: mucks hand
GRAF DAG collected $65.50 from pot
*** SUMMARY ***
Total pot $66 | Rake $0.50
Board [3c 4d 8h 4c 7c]
Seat 2: sokol-max-PS (big blind) mucked
Seat 5: GRAF DAG (button) (small blind) showed [Td Ts] and won ($65.50) with two pair, Tens and Fours


PokerStars Hand #167103326685:  Hold'em Limit ($3/$6 USD) - 2017/03/04 12:20:39 ET
Table 'Mimosa' 6-max Seat #2 is the button
Seat 2: sokol-max-PS ($77.74 in chips)
Seat 5: GRAF DAG ($320.84 in chips)
sokol-max-PS: posts small blind $1
GRAF DAG: posts big blind $3
*** HOLE CARDS ***
sokol-max-PS: raises $3 to $6
GRAF DAG: calls $3
*** FLOP *** [8c 9c 7s]
GRAF DAG: checks
sokol-max-PS: bets $3
GRAF DAG: raises $3 to $6
sokol-max-PS: raises $3 to $9
GRAF DAG: calls $3
*** TURN *** [8c 9c 7s] [2d]
GRAF DAG: checks
sokol-max-PS: bets $6
GRAF DAG: folds
Uncalled bet ($6) returned to sokol-max-PS
sokol-max-PS collected $29.50 from pot
sokol-max-PS: doesn't show hand
*** SUMMARY ***
Total pot $30 | Rake $0.50
Board [8c 9c 7s 2d]
Seat 2: sokol-max-PS (button) (small blind) collected ($29.50)
Seat 5: GRAF DAG (big blind) folded on the Turn


PokerStars Hand #167103366483:  Hold'em Limit ($3/$6 USD) - 2017/03/04 12:21:27 ET
Table 'Mimosa' 6-max Seat #5 is the button
Seat 2: sokol-max-PS ($90.99 in chips)
Seat 5: GRAF DAG ($306.59 in chips)
GRAF DAG: posts small blind $1
sokol-max-PS: posts big blind $3
*** HOLE CARDS ***
GRAF DAG: folds
Uncalled bet ($2) returned to sokol-max-PS
sokol-max-PS collected $2 from pot
*** SUMMARY ***
Total pot $2 | Rake $0
Seat 2: sokol-max-PS (big blind) collected ($2)
Seat 5: GRAF DAG (button) (small blind) folded before Flop


PokerStars Hand #167103362759:  Hold'em Limit ($3/$6 USD) - 2017/03/04 12:21:23 ET
Table 'Mimosa' 6-max Seat #2 is the button
Seat 2: sokol-max-PS ($91.99 in chips)
Seat 5: GRAF DAG ($305.59 in chips)
sokol-max-PS: posts small blind $1
GRAF DAG: posts big blind $3
*** HOLE CARDS ***
sokol-max-PS: folds
Uncalled bet ($2) returned to GRAF DAG
GRAF DAG collected $2 from pot
GRAF DAG: doesn't show hand
*** SUMMARY ***
Total pot $2 | Rake $0
Seat 2: sokol-max-PS (button) (small blind) folded before Flop
Seat 5: GRAF DAG (big blind) collected ($2)


PokerStars Hand #167103370250:  Hold'em Limit ($3/$6 USD) - 2017/03/04 12:21:32 ET
Table 'Mimosa' 6-max Seat #2 is the button
Seat 2: sokol-max-PS ($91.99 in chips)
Seat 5: GRAF DAG ($305.59 in chips)
sokol-max-PS: posts small blind $1
GRAF DAG: posts big blind $3
*** HOLE CARDS ***
sokol-max-PS: raises $3 to $6
GRAF DAG: calls $3
*** FLOP *** [Kh Qc Qd]
GRAF DAG: checks
sokol-max-PS: bets $3
GRAF DAG: calls $3
*** TURN *** [Kh Qc Qd] [6d]
GRAF DAG: checks
sokol-max-PS: checks
*** RIVER *** [Kh Qc Qd 6d] [3h]
GRAF DAG: bets $6
sokol-max-PS: folds
Uncalled bet ($6) returned to GRAF DAG
GRAF DAG collected $17.64 from pot
GRAF DAG: doesn't show hand
*** SUMMARY ***
Total pot $18 | Rake $0.36
Board [Kh Qc Qd 6d 3h]
Seat 2: sokol-max-PS (button) (small blind) folded on the River
Seat 5: GRAF DAG (big blind) collected ($17.64)


PokerStars Hand #167103384206:  Hold'em Limit ($3/$6 USD) - 2017/03/04 12:21:49 ET
Table 'Mimosa' 6-max Seat #5 is the button
Seat 2: sokol-max-PS ($82.99 in chips)
Seat 5: GRAF DAG ($314.23 in chips)
GRAF DAG: posts small blind $1
sokol-max-PS: posts big blind $3
*** HOLE CARDS ***
GRAF DAG: raises $3 to $6
sokol-max-PS: raises $3 to $9
GRAF DAG: calls $3
*** FLOP *** [Qh 3d 9c]
sokol-max-PS: bets $3
GRAF DAG: calls $3
*** TURN *** [Qh 3d 9c] [Kh]
sokol-max-PS: bets $6
GRAF DAG: folds
Uncalled bet ($6) returned to sokol-max-PS
sokol-max-PS collected $23.52 from pot
sokol-max-PS: doesn't show hand
*** SUMMARY ***
Total pot $24 | Rake $0.48
Board [Qh 3d 9c Kh]
Seat 2: sokol-max-PS (big blind) collected ($23.52)
Seat 5: GRAF DAG (button) (small blind) folded on the Turn


PokerStars Hand #167103421483:  Hold'em Limit ($3/$6 USD) - 2017/03/04 12:22:26 ET
Table 'Mimosa' 6-max Seat #5 is the button
Seat 2: sokol-max-PS ($67.51 in chips)
Seat 5: GRAF DAG ($328.73 in chips)
GRAF DAG: posts small blind $1
sokol-max-PS: posts big blind $3
*** HOLE CARDS ***
GRAF DAG: folds
Uncalled bet ($2) returned to sokol-max-PS
sokol-max-PS collected $2 from pot
*** SUMMARY ***
Total pot $2 | Rake $0
Seat 2: sokol-max-PS (big blind) collected ($2)
Seat 5: GRAF DAG (button) (small blind) folded before Flop


PokerStars Hand #167103398316:  Hold'em Limit ($3/$6 USD) - 2017/03/04 12:22:06 ET
Table 'Mimosa' 6-max Seat #2 is the button
Seat 2: sokol-max-PS ($94.51 in chips)
Seat 5: GRAF DAG ($302.23 in chips)
sokol-max-PS: posts small blind $1
GRAF DAG: posts big blind $3
*** HOLE CARDS ***
sokol-max-PS: raises $3 to $6
GRAF DAG: raises $3 to $9
sokol-max-PS: raises $3 to $12
Betting is capped
GRAF DAG: calls $3
*** FLOP *** [Ks Js 3s]
GRAF DAG: checks
sokol-max-PS: bets $3
GRAF DAG: calls $3
*** TURN *** [Ks Js 3s] [6h]
GRAF DAG: checks
sokol-max-PS: bets $6
GRAF DAG: calls $6
*** RIVER *** [Ks Js 3s 6h] [Th]
GRAF DAG: checks
sokol-max-PS: bets $6
GRAF DAG: calls $6
*** SHOW DOWN ***
sokol-max-PS: shows [5c Jc] (a pair of Jacks)
GRAF DAG: shows [Ah Jd] (a pair of Jacks - Ace kicker)
GRAF DAG collected $53.50 from pot
*** SUMMARY ***
Total pot $54 | Rake $0.50
Board [Ks Js 3s 6h Th]
Seat 2: sokol-max-PS (button) (small blind) showed [5c Jc] and lost with a pair of Jacks
Seat 5: GRAF DAG (big blind) showed [Ah Jd] and won ($53.50) with a pair of Jacks


PokerStars Hand #167103462484:  Hold'em Limit ($3/$6 USD) - 2017/03/04 12:23:16 ET
Table 'Mimosa' 6-max Seat #2 is the button
Seat 2: sokol-max-PS ($56.01 in chips)
Seat 5: GRAF DAG ($339.23 in chips)
sokol-max-PS: posts small blind $1
GRAF DAG: posts big blind $3
*** HOLE CARDS ***
sokol-max-PS: folds
Uncalled bet ($2) returned to GRAF DAG
GRAF DAG collected $2 from pot
GRAF DAG: doesn't show hand
*** SUMMARY ***
Total pot $2 | Rake $0
Seat 2: sokol-max-PS (button) (small blind) folded before Flop
Seat 5: GRAF DAG (big blind) collected ($2)


PokerStars Hand #167103446000:  Hold'em Limit ($3/$6 USD) - 2017/03/04 12:22:56 ET
Table 'Mimosa' 6-max Seat #5 is the button
Seat 2: sokol-max-PS ($35.51 in chips)
Seat 5: GRAF DAG ($360.23 in chips)
GRAF DAG: posts small blind $1
sokol-max-PS: posts big blind $3
*** HOLE CARDS ***
GRAF DAG: raises $3 to $6
sokol-max-PS: raises $3 to $9
GRAF DAG: raises $3 to $12
Betting is capped
sokol-max-PS: calls $3
*** FLOP *** [Qc 3h 3c]
sokol-max-PS: checks
GRAF DAG: bets $3
sokol-max-PS: calls $3
*** TURN *** [Qc 3h 3c] [Jh]
sokol-max-PS: checks
GRAF DAG: checks
*** RIVER *** [Qc 3h 3c Jh] [9h]
sokol-max-PS: bets $6
GRAF DAG: calls $6
*** SHOW DOWN ***
sokol-max-PS: shows [Ks Tc] (a straight, Nine to King)
GRAF DAG: mucks hand
sokol-max-PS collected $41.50 from pot
*** SUMMARY ***
Total pot $42 | Rake $0.50
Board [Qc 3h 3c Jh 9h]
Seat 2: sokol-max-PS (big blind) showed [Ks Tc] and won ($41.50) with a straight, Nine to King
Seat 5: GRAF DAG (button) (small blind) mucked


PokerStars Hand #167103427602:  Hold'em Limit ($3/$6 USD) - 2017/03/04 12:22:33 ET
Table 'Mimosa' 6-max Seat #2 is the button
Seat 2: sokol-max-PS ($68.51 in chips)
Seat 5: GRAF DAG ($327.73 in chips)
sokol-max-PS: posts small blind $1
GRAF DAG: posts big blind $3
*** HOLE CARDS ***
sokol-max-PS: raises $3 to $6
GRAF DAG: raises $3 to $9
sokol-max-PS: raises $3 to $12
Betting is capped
GRAF DAG: calls $3
*** FLOP *** [3c Ks 9d]
GRAF DAG: checks
sokol-max-PS: bets $3
GRAF DAG: calls $3
*** TURN *** [3c Ks 9d] [4s]
GRAF DAG: checks
sokol-max-PS: bets $6
GRAF DAG: raises $6 to $12
sokol-max-PS: calls $6
*** RIVER *** [3c Ks 9d 4s] [Th]
GRAF DAG: bets $6
sokol-max-PS: calls $6
*** SHOW DOWN ***
GRAF DAG: shows [9h 9s] (three of a kind, Nines)
sokol-max-PS: mucks hand
GRAF DAG collected $65.50 from pot
*** SUMMARY ***
Total pot $66 | Rake $0.50
Board [3c Ks 9d 4s Th]
Seat 2: sokol-max-PS (button) (small blind) mucked
Seat 5: GRAF DAG (big blind) showed [9h 9s] and won ($65.50) with three of a kind, Nines


PokerStars Hand #167103491408:  Hold'em Limit ($3/$6 USD) - 2017/03/04 12:23:51 ET
Table 'Mimosa' 6-max Seat #5 is the button
Seat 2: sokol-max-PS ($31.01 in chips)
Seat 5: GRAF DAG ($363.73 in chips)
GRAF DAG: posts small blind $1
sokol-max-PS: posts big blind $3
*** HOLE CARDS ***
GRAF DAG: raises $3 to $6
sokol-max-PS: calls $3
*** FLOP *** [6d 5c Ad]
sokol-max-PS: checks
GRAF DAG: bets $3
sokol-max-PS: raises $3 to $6
GRAF DAG: calls $3
*** TURN *** [6d 5c Ad] [Jh]
sokol-max-PS: bets $6
GRAF DAG: calls $6
*** RIVER *** [6d 5c Ad Jh] [Qd]
sokol-max-PS: checks
GRAF DAG: bets $6
sokol-max-PS: folds
Uncalled bet ($6) returned to GRAF DAG
GRAF DAG collected $35.50 from pot
*** SUMMARY ***
Total pot $36 | Rake $0.50
Board [6d 5c Ad Jh Qd]
Seat 2: sokol-max-PS (big blind) folded on the River
Seat 5: GRAF DAG (button) (small blind) collected ($35.50)


PokerStars Hand #167103485673:  Hold'em Limit ($3/$6 USD) - 2017/03/04 12:23:44 ET
Table 'Mimosa' 6-max Seat #2 is the button
Seat 2: sokol-max-PS ($28.01 in chips)
Seat 5: GRAF DAG ($366.73 in chips)
sokol-max-PS: posts small blind $1
GRAF DAG: posts big blind $3
*** HOLE CARDS ***
sokol-max-PS: raises $3 to $6
GRAF DAG: folds
Uncalled bet ($3) returned to sokol-max-PS
sokol-max-PS collected $6 from pot
*** SUMMARY ***
Total pot $6 | Rake $0
Seat 2: sokol-max-PS (button) (small blind) collected ($6)
Seat 5: GRAF DAG (big blind) folded before Flop


PokerStars Hand #167103466429:  Hold'em Limit ($3/$6 USD) - 2017/03/04 12:23:20 ET
Table 'Mimosa' 6-max Seat #5 is the button
Seat 2: sokol-max-PS ($55.01 in chips)
Seat 5: GRAF DAG ($340.23 in chips)
GRAF DAG: posts small blind $1
sokol-max-PS: posts big blind $3
*** HOLE CARDS ***
HAL9QQQ leaves the table
GRAF DAG: raises $3 to $6
sokol-max-PS: raises $3 to $9
GRAF DAG: calls $3
*** FLOP *** [3s 8s 5d]
sokol-max-PS: bets $3
GRAF DAG: raises $3 to $6
sokol-max-PS: calls $3
*** TURN *** [3s 8s 5d] [6s]
sokol-max-PS: checks
GRAF DAG: bets $6
sokol-max-PS: calls $6
*** RIVER *** [3s 8s 5d 6s] [Qc]
sokol-max-PS: checks
GRAF DAG: bets $6
sokol-max-PS: calls $6
*** SHOW DOWN ***
GRAF DAG: shows [8c 5s] (two pair, Eights and Fives)
sokol-max-PS: mucks hand
GRAF DAG collected $53.50 from pot
*** SUMMARY ***
Total pot $54 | Rake $0.50
Board [3s 8s 5d 6s Qc]
Seat 2: sokol-max-PS (big blind) mucked
Seat 5: GRAF DAG (button) (small blind) showed [8c 5s] and won ($53.50) with two pair, Eights and Fives


