PokerStars Hand #170930312047:  Hold'em Limit ($3/$6 USD) - 2017/05/26 5:15:11 ET
Table 'Mimosa' 6-max Seat #4 is the button
Seat 1: parnishka11 ($50.24 in chips)
Seat 4: MTails ($121 in chips)
MTails: posts small blind $1
parnishka11: posts big blind $3
*** HOLE CARDS ***
MTails: raises $3 to $6
parnishka11: raises $3 to $9
MTails: calls $3
*** FLOP *** [Th Kd 3h]
parnishka11: bets $3
MTails: calls $3
*** TURN *** [Th Kd 3h] [9h]
parnishka11: checks
MTails: bets $6
parnishka11: calls $6
*** RIVER *** [Th Kd 3h 9h] [4d]
parnishka11: checks
MTails: bets $6
parnishka11: calls $6
*** SHOW DOWN ***
MTails: shows [9c Qc] (a pair of Nines)
parnishka11: mucks hand
MTails collected $47.50 from pot
*** SUMMARY ***
Total pot $48 | Rake $0.50
Board [Th Kd 3h 9h 4d]
Seat 1: parnishka11 (big blind) mucked
Seat 4: MTails (button) (small blind) showed [9c Qc] and won ($47.50) with a pair of Nines


PokerStars Hand #170930308229:  Hold'em Limit ($3/$6 USD) - 2017/05/26 5:15:00 ET
Table 'Mimosa' 6-max Seat #1 is the button
Seat 1: parnishka11 ($51.24 in chips)
Seat 4: MTails ($120 in chips)
parnishka11: posts small blind $1
MTails: posts big blind $3
*** HOLE CARDS ***
parnishka11: folds
Uncalled bet ($2) returned to MTails
MTails collected $2 from pot
*** SUMMARY ***
Total pot $2 | Rake $0
Seat 1: parnishka11 (button) (small blind) folded before Flop
Seat 4: MTails (big blind) collected ($2)


PokerStars Hand #170930319236:  Hold'em Limit ($3/$6 USD) - 2017/05/26 5:15:31 ET
Table 'Mimosa' 6-max Seat #1 is the button
Seat 1: parnishka11 ($26.24 in chips)
Seat 4: MTails ($144.50 in chips)
parnishka11: posts small blind $1
MTails: posts big blind $3
*** HOLE CARDS ***
parnishka11: raises $3 to $6
MTails: raises $3 to $9
parnishka11: calls $3
*** FLOP *** [Kd 7c Jc]
MTails: bets $3
parnishka11: calls $3
*** TURN *** [Kd 7c Jc] [4d]
MTails: checks
parnishka11: bets $6
MTails: raises $6 to $12
parnishka11: calls $6
*** RIVER *** [Kd 7c Jc 4d] [Tc]
MTails: bets $6
parnishka11: calls $2.24 and is all-in
Uncalled bet ($3.76) returned to MTails
*** SHOW DOWN ***
MTails: shows [Ks Ah] (a pair of Kings)
parnishka11: shows [Qs 9h] (a straight, Nine to King)
parnishka11 collected $51.98 from pot
*** SUMMARY ***
Total pot $52.48 | Rake $0.50
Board [Kd 7c Jc 4d Tc]
Seat 1: parnishka11 (button) (small blind) showed [Qs 9h] and won ($51.98) with a straight, Nine to King
Seat 4: MTails (big blind) showed [Ks Ah] and lost with a pair of Kings


PokerStars Hand #170930335290:  Hold'em Limit ($3/$6 USD) - 2017/05/26 5:16:16 ET
Table 'Mimosa' 6-max Seat #4 is the button
Seat 1: parnishka11 ($35.98 in chips)
Seat 4: MTails ($133.76 in chips)
MTails: posts small blind $1
parnishka11: posts big blind $3
*** HOLE CARDS ***
MTails: raises $3 to $6
parnishka11: calls $3
*** FLOP *** [Jc Qs 6d]
parnishka11: checks
MTails: bets $3
parnishka11: folds
Uncalled bet ($3) returned to MTails
MTails collected $11.76 from pot
*** SUMMARY ***
Total pot $12 | Rake $0.24
Board [Jc Qs 6d]
Seat 1: parnishka11 (big blind) folded on the Flop
Seat 4: MTails (button) (small blind) collected ($11.76)


PokerStars Hand #170930333489:  Hold'em Limit ($3/$6 USD) - 2017/05/26 5:16:11 ET
Table 'Mimosa' 6-max Seat #1 is the button
Seat 1: parnishka11 ($36.98 in chips)
Seat 4: MTails ($132.76 in chips)
parnishka11: posts small blind $1
MTails: posts big blind $3
*** HOLE CARDS ***
parnishka11: folds
Uncalled bet ($2) returned to MTails
MTails collected $2 from pot
*** SUMMARY ***
Total pot $2 | Rake $0
Seat 1: parnishka11 (button) (small blind) folded before Flop
Seat 4: MTails (big blind) collected ($2)


PokerStars Hand #170930326124:  Hold'em Limit ($3/$6 USD) - 2017/05/26 5:15:50 ET
Table 'Mimosa' 6-max Seat #4 is the button
Seat 1: parnishka11 ($51.98 in chips)
Seat 4: MTails ($118.26 in chips)
MTails: posts small blind $1
parnishka11: posts big blind $3
*** HOLE CARDS ***
MTails: raises $3 to $6
parnishka11: calls $3
*** FLOP *** [Th 7d Ah]
parnishka11: checks
MTails: bets $3
parnishka11: calls $3
*** TURN *** [Th 7d Ah] [Qh]
parnishka11: checks
MTails: bets $6
parnishka11: calls $6
*** RIVER *** [Th 7d Ah Qh] [Td]
parnishka11: checks
MTails: checks
*** SHOW DOWN ***
parnishka11: shows [Jd 9d] (a pair of Tens)
MTails: shows [Kd 4s] (a pair of Tens - Ace+King kicker)
MTails collected $29.50 from pot
*** SUMMARY ***
Total pot $30 | Rake $0.50
Board [Th 7d Ah Qh Td]
Seat 1: parnishka11 (big blind) showed [Jd 9d] and lost with a pair of Tens
Seat 4: MTails (button) (small blind) showed [Kd 4s] and won ($29.50) with a pair of Tens


PokerStars Hand #170930339927:  Hold'em Limit ($3/$6 USD) - 2017/05/26 5:16:28 ET
Table 'Mimosa' 6-max Seat #1 is the button
Seat 1: parnishka11 ($29.98 in chips)
Seat 4: MTails ($139.52 in chips)
parnishka11: posts small blind $1
MTails: posts big blind $3
*** HOLE CARDS ***
parnishka11: raises $3 to $6
MTails: calls $3
*** FLOP *** [8d 9h 4d]
MTails: checks
parnishka11: bets $3
MTails: calls $3
*** TURN *** [8d 9h 4d] [8h]
MTails: checks
parnishka11: bets $6
MTails: folds
Uncalled bet ($6) returned to parnishka11
parnishka11 collected $17.64 from pot
parnishka11: doesn't show hand
*** SUMMARY ***
Total pot $18 | Rake $0.36
Board [8d 9h 4d 8h]
Seat 1: parnishka11 (button) (small blind) collected ($17.64)
Seat 4: MTails (big blind) folded on the Turn


PokerStars Hand #170930345970:  Hold'em Limit ($3/$6 USD) - 2017/05/26 5:16:45 ET
Table 'Mimosa' 6-max Seat #4 is the button
Seat 1: parnishka11 ($38.62 in chips)
Seat 4: MTails ($130.52 in chips)
MTails: posts small blind $1
parnishka11: posts big blind $3
*** HOLE CARDS ***
MTails: raises $3 to $6
parnishka11: calls $3
*** FLOP *** [2c 4s Td]
parnishka11: checks
MTails: checks
*** TURN *** [2c 4s Td] [Ks]
parnishka11: bets $6
MTails: raises $6 to $12
parnishka11: calls $6
*** RIVER *** [2c 4s Td Ks] [6c]
parnishka11: checks
aremom4e joins the table at seat #3
MTails: bets $6
parnishka11: folds
Uncalled bet ($6) returned to MTails
MTails collected $35.50 from pot
*** SUMMARY ***
Total pot $36 | Rake $0.50
Board [2c 4s Td Ks 6c]
Seat 1: parnishka11 (big blind) folded on the River
Seat 4: MTails (button) (small blind) collected ($35.50)


PokerStars Hand #170930364906:  Hold'em Limit ($3/$6 USD) - 2017/05/26 5:17:37 ET
Table 'Mimosa' 6-max Seat #4 is the button
Seat 3: aremom4e ($62 in chips)
Seat 4: MTails ($177.13 in chips)
MTails: posts small blind $1
aremom4e: posts big blind $3
*** HOLE CARDS ***
MTails: raises $3 to $6
aremom4e: calls $3
*** FLOP *** [8d 7c Tc]
aremom4e: checks
MTails: bets $3
aremom4e: raises $3 to $6
MTails: raises $3 to $9
aremom4e: calls $3
*** TURN *** [8d 7c Tc] [5s]
aremom4e: checks
MTails: bets $6
aremom4e: raises $6 to $12
MTails: calls $6
*** RIVER *** [8d 7c Tc 5s] [Kc]
aremom4e: bets $6
MTails: folds
Uncalled bet ($6) returned to aremom4e
aremom4e collected $53.50 from pot
aremom4e: doesn't show hand
*** SUMMARY ***
Total pot $54 | Rake $0.50
Board [8d 7c Tc 5s Kc]
Seat 3: aremom4e (big blind) collected ($53.50)
Seat 4: MTails (button) (small blind) folded on the River


PokerStars Hand #170930362051:  Hold'em Limit ($3/$6 USD) - 2017/05/26 5:17:30 ET
Table 'Mimosa' 6-max Seat #3 is the button
Seat 3: aremom4e ($63 in chips)
Seat 4: MTails ($176.13 in chips)
aremom4e: posts small blind $1
MTails: posts big blind $3
*** HOLE CARDS ***
parnishka11 leaves the table
aremom4e: folds
Uncalled bet ($2) returned to MTails
MTails collected $2 from pot
*** SUMMARY ***
Total pot $2 | Rake $0
Seat 3: aremom4e (button) (small blind) folded before Flop
Seat 4: MTails (big blind) collected ($2)


PokerStars Hand #170930393712:  Hold'em Limit ($3/$6 USD) - 2017/05/26 5:18:57 ET
Table 'Mimosa' 6-max Seat #4 is the button
Seat 3: aremom4e ($97 in chips)
Seat 4: MTails ($140.53 in chips)
MTails: posts small blind $1
aremom4e: posts big blind $3
*** HOLE CARDS ***
MTails: raises $3 to $6
aremom4e: folds
Uncalled bet ($3) returned to MTails
MTails collected $6 from pot
*** SUMMARY ***
Total pot $6 | Rake $0
Seat 3: aremom4e (big blind) folded before Flop
Seat 4: MTails (button) (small blind) collected ($6)


PokerStars Hand #170930385988:  Hold'em Limit ($3/$6 USD) - 2017/05/26 5:18:35 ET
Table 'Mimosa' 6-max Seat #3 is the button
Seat 3: aremom4e ($73.50 in chips)
Seat 4: MTails ($164.53 in chips)
aremom4e: posts small blind $1
MTails: posts big blind $3
*** HOLE CARDS ***
aremom4e: raises $3 to $6
MTails: raises $3 to $9
aremom4e: calls $3
*** FLOP *** [5s Jh 4d]
MTails: bets $3
aremom4e: calls $3
*** TURN *** [5s Jh 4d] [5d]
MTails: bets $6
aremom4e: calls $6
*** RIVER *** [5s Jh 4d 5d] [Kd]
MTails: bets $6
aremom4e: calls $6
*** SHOW DOWN ***
MTails: shows [7c Jd] (two pair, Jacks and Fives)
aremom4e: shows [Kh Qd] (two pair, Kings and Fives)
aremom4e collected $47.50 from pot
*** SUMMARY ***
Total pot $48 | Rake $0.50
Board [5s Jh 4d 5d Kd]
Seat 3: aremom4e (button) (small blind) showed [Kh Qd] and won ($47.50) with two pair, Kings and Fives
Seat 4: MTails (big blind) showed [7c Jd] and lost with two pair, Jacks and Fives


PokerStars Hand #170930382248:  Hold'em Limit ($3/$6 USD) - 2017/05/26 5:18:25 ET
Table 'Mimosa' 6-max Seat #4 is the button
Seat 3: aremom4e ($79.50 in chips)
Seat 4: MTails ($158.77 in chips)
MTails: posts small blind $1
aremom4e: posts big blind $3
*** HOLE CARDS ***
MTails: raises $3 to $6
aremom4e: calls $3
*** FLOP *** [3c Kc Ts]
aremom4e: checks
MTails: bets $3
aremom4e: folds
Uncalled bet ($3) returned to MTails
MTails collected $11.76 from pot
*** SUMMARY ***
Total pot $12 | Rake $0.24
Board [3c Kc Ts]
Seat 3: aremom4e (big blind) folded on the Flop
Seat 4: MTails (button) (small blind) collected ($11.76)


PokerStars Hand #170930375231:  Hold'em Limit ($3/$6 USD) - 2017/05/26 5:18:06 ET
Table 'Mimosa' 6-max Seat #3 is the button
Seat 3: aremom4e ($88.50 in chips)
Seat 4: MTails ($150.13 in chips)
aremom4e: posts small blind $1
MTails: posts big blind $3
*** HOLE CARDS ***
aremom4e: raises $3 to $6
MTails: calls $3
*** FLOP *** [Ad 5s 8c]
MTails: checks
aremom4e: bets $3
MTails: raises $3 to $6
aremom4e: folds
Uncalled bet ($3) returned to MTails
MTails collected $17.64 from pot
*** SUMMARY ***
Total pot $18 | Rake $0.36
Board [Ad 5s 8c]
Seat 3: aremom4e (button) (small blind) folded on the Flop
Seat 4: MTails (big blind) collected ($17.64)


PokerStars Hand #170930398024:  Hold'em Limit ($3/$6 USD) - 2017/05/26 5:19:08 ET
Table 'Mimosa' 6-max Seat #3 is the button
Seat 3: aremom4e ($94 in chips)
Seat 4: MTails ($143.53 in chips)
aremom4e: posts small blind $1
MTails: posts big blind $3
*** HOLE CARDS ***
aremom4e: raises $3 to $6
MTails: folds
Uncalled bet ($3) returned to aremom4e
aremom4e collected $6 from pot
aremom4e: doesn't show hand
*** SUMMARY ***
Total pot $6 | Rake $0
Seat 3: aremom4e (button) (small blind) collected ($6)
Seat 4: MTails (big blind) folded before Flop


PokerStars Hand #170930400524:  Hold'em Limit ($3/$6 USD) - 2017/05/26 5:19:15 ET
Table 'Mimosa' 6-max Seat #4 is the button
Seat 3: aremom4e ($97 in chips)
Seat 4: MTails ($140.53 in chips)
MTails: posts small blind $1
aremom4e: posts big blind $3
*** HOLE CARDS ***
MTails: raises $3 to $6
aremom4e: raises $3 to $9
MTails: calls $3
*** FLOP *** [3d Js 2h]
aremom4e: bets $3
MTails: raises $3 to $6
aremom4e: calls $3
*** TURN *** [3d Js 2h] [7h]
aremom4e: checks
MTails: bets $6
aremom4e: raises $6 to $12
MTails: calls $6
*** RIVER *** [3d Js 2h 7h] [3c]
aremom4e: bets $6
MTails: raises $6 to $12
aremom4e: raises $6 to $18
MTails: calls $6
*** SHOW DOWN ***
aremom4e: shows [2c 2d] (a full house, Deuces full of Threes)
MTails: mucks hand
aremom4e collected $89.50 from pot
*** SUMMARY ***
Total pot $90 | Rake $0.50
Board [3d Js 2h 7h 3c]
Seat 3: aremom4e (big blind) showed [2c 2d] and won ($89.50) with a full house, Deuces full of Threes
Seat 4: MTails (button) (small blind) mucked


PokerStars Hand #170930433953:  Hold'em Limit ($3/$6 USD) - 2017/05/26 5:20:47 ET
Table 'Mimosa' 6-max Seat #4 is the button
Seat 3: aremom4e ($101.50 in chips)
Seat 4: MTails ($134.53 in chips)
MTails: posts small blind $1
aremom4e: posts big blind $3
*** HOLE CARDS ***
MTails: raises $3 to $6
aremom4e: folds
Uncalled bet ($3) returned to MTails
MTails collected $6 from pot
*** SUMMARY ***
Total pot $6 | Rake $0
Seat 3: aremom4e (big blind) folded before Flop
Seat 4: MTails (button) (small blind) collected ($6)


PokerStars Hand #170930431216:  Hold'em Limit ($3/$6 USD) - 2017/05/26 5:20:40 ET
Table 'Mimosa' 6-max Seat #3 is the button
Seat 3: aremom4e ($102.50 in chips)
Seat 4: MTails ($133.53 in chips)
aremom4e: posts small blind $1
MTails: posts big blind $3
*** HOLE CARDS ***
aremom4e: folds
Uncalled bet ($2) returned to MTails
MTails collected $2 from pot
*** SUMMARY ***
Total pot $2 | Rake $0
Seat 3: aremom4e (button) (small blind) folded before Flop
Seat 4: MTails (big blind) collected ($2)


PokerStars Hand #170930421487:  Hold'em Limit ($3/$6 USD) - 2017/05/26 5:20:13 ET
Table 'Mimosa' 6-max Seat #4 is the button
Seat 3: aremom4e ($126.50 in chips)
Seat 4: MTails ($110.03 in chips)
MTails: posts small blind $1
aremom4e: posts big blind $3
*** HOLE CARDS ***
MTails: raises $3 to $6
aremom4e: calls $3
*** FLOP *** [Ts Kh 2d]
aremom4e: checks
MTails: bets $3
aremom4e: raises $3 to $6
MTails: calls $3
*** TURN *** [Ts Kh 2d] [Jh]
aremom4e: bets $6
MTails: raises $6 to $12
aremom4e: calls $6
*** RIVER *** [Ts Kh 2d Jh] [Qc]
aremom4e: checks
MTails: bets $6
aremom4e: folds
Uncalled bet ($6) returned to MTails
MTails collected $47.50 from pot
*** SUMMARY ***
Total pot $48 | Rake $0.50
Board [Ts Kh 2d Jh Qc]
Seat 3: aremom4e (big blind) folded on the River
Seat 4: MTails (button) (small blind) collected ($47.50)


PokerStars Hand #170930412340:  Hold'em Limit ($3/$6 USD) - 2017/05/26 5:19:48 ET
Table 'Mimosa' 6-max Seat #3 is the button
Seat 3: aremom4e ($141.50 in chips)
Seat 4: MTails ($95.53 in chips)
aremom4e: posts small blind $1
MTails: posts big blind $3
*** HOLE CARDS ***
aremom4e: raises $3 to $6
MTails: calls $3
*** FLOP *** [3h Jh 5s]
MTails: checks
aremom4e: bets $3
MTails: calls $3
*** TURN *** [3h Jh 5s] [4h]
MTails: checks
aremom4e: checks
*** RIVER *** [3h Jh 5s 4h] [Qd]
MTails: bets $6
aremom4e: calls $6
*** SHOW DOWN ***
MTails: shows [7d Qh] (a pair of Queens)
aremom4e: mucks hand
MTails collected $29.50 from pot
*** SUMMARY ***
Total pot $30 | Rake $0.50
Board [3h Jh 5s 4h Qd]
Seat 3: aremom4e (button) (small blind) mucked
Seat 4: MTails (big blind) showed [7d Qh] and won ($29.50) with a pair of Queens


PokerStars Hand #170930437792:  Hold'em Limit ($3/$6 USD) - 2017/05/26 5:20:57 ET
Table 'Mimosa' 6-max Seat #3 is the button
Seat 3: aremom4e ($98.50 in chips)
Seat 4: MTails ($137.53 in chips)
aremom4e: posts small blind $1
MTails: posts big blind $3
*** HOLE CARDS ***
aremom4e: raises $3 to $6
MTails: calls $3
*** FLOP *** [4s Tc Jh]
MTails: checks
aremom4e: bets $3
MTails: raises $3 to $6
aremom4e: calls $3
*** TURN *** [4s Tc Jh] [Kd]
MTails: bets $6
aremom4e: calls $6
*** RIVER *** [4s Tc Jh Kd] [4d]
MTails: checks
aremom4e: checks
*** SHOW DOWN ***
MTails: shows [Qs 6h] (a pair of Fours)
aremom4e: shows [Ts Ac] (two pair, Tens and Fours)
aremom4e collected $35.50 from pot
*** SUMMARY ***
Total pot $36 | Rake $0.50
Board [4s Tc Jh Kd 4d]
Seat 3: aremom4e (button) (small blind) showed [Ts Ac] and won ($35.50) with two pair, Tens and Fours
Seat 4: MTails (big blind) showed [Qs 6h] and lost with a pair of Fours


PokerStars Hand #170930452207:  Hold'em Limit ($3/$6 USD) - 2017/05/26 5:21:36 ET
Table 'Mimosa' 6-max Seat #3 is the button
Seat 3: aremom4e ($124.64 in chips)
Seat 4: MTails ($110.53 in chips)
aremom4e: posts small blind $1
MTails: posts big blind $3
*** HOLE CARDS ***
aremom4e: folds
Uncalled bet ($2) returned to MTails
MTails collected $2 from pot
*** SUMMARY ***
Total pot $2 | Rake $0
Seat 3: aremom4e (button) (small blind) folded before Flop
Seat 4: MTails (big blind) collected ($2)


PokerStars Hand #170930446517:  Hold'em Limit ($3/$6 USD) - 2017/05/26 5:21:21 ET
Table 'Mimosa' 6-max Seat #4 is the button
Seat 3: aremom4e ($116 in chips)
Seat 4: MTails ($119.53 in chips)
MTails: posts small blind $1
aremom4e: posts big blind $3
*** HOLE CARDS ***
MTails: raises $3 to $6
aremom4e: calls $3
*** FLOP *** [Td Ah 9h]
aremom4e: checks
MTails: bets $3
aremom4e: raises $3 to $6
MTails: folds
Uncalled bet ($3) returned to aremom4e
aremom4e collected $17.64 from pot
aremom4e: doesn't show hand
*** SUMMARY ***
Total pot $18 | Rake $0.36
Board [Td Ah 9h]
Seat 3: aremom4e (big blind) collected ($17.64)
Seat 4: MTails (button) (small blind) folded on the Flop


PokerStars Hand #170930455273:  Hold'em Limit ($3/$6 USD) - 2017/05/26 5:21:44 ET
Table 'Mimosa' 6-max Seat #4 is the button
Seat 3: aremom4e ($123.64 in chips)
Seat 4: MTails ($111.53 in chips)
MTails: posts small blind $1
aremom4e: posts big blind $3
*** HOLE CARDS ***
MTails: raises $3 to $6
aremom4e: calls $3
*** FLOP *** [5s Th 9c]
aremom4e: checks
MTails: bets $3
aremom4e: raises $3 to $6
MTails: calls $3
*** TURN *** [5s Th 9c] [2h]
aremom4e: bets $6
MTails: calls $6
*** RIVER *** [5s Th 9c 2h] [8c]
aremom4e: bets $6
MTails: calls $6
*** SHOW DOWN ***
aremom4e: shows [Td 7c] (a pair of Tens)
MTails: mucks hand
aremom4e collected $47.50 from pot
*** SUMMARY ***
Total pot $48 | Rake $0.50
Board [5s Th 9c 2h 8c]
Seat 3: aremom4e (big blind) showed [Td 7c] and won ($47.50) with a pair of Tens
Seat 4: MTails (button) (small blind) mucked


PokerStars Hand #170930475144:  Hold'em Limit ($3/$6 USD) - 2017/05/26 5:22:38 ET
Table 'Mimosa' 6-max Seat #3 is the button
Seat 3: aremom4e ($144.14 in chips)
Seat 4: MTails ($90.29 in chips)
aremom4e: posts small blind $1
MTails: posts big blind $3
*** HOLE CARDS ***
aremom4e: raises $3 to $6
MTails: raises $3 to $9
aremom4e: calls $3
*** FLOP *** [Qc Ad 4s]
MTails: bets $3
aremom4e: calls $3
*** TURN *** [Qc Ad 4s] [Td]
MTails: checks
aremom4e: bets $6
MTails: calls $6
*** RIVER *** [Qc Ad 4s Td] [3d]
MTails: checks
aremom4e: bets $6
MTails: folds
Uncalled bet ($6) returned to aremom4e
aremom4e collected $35.50 from pot
aremom4e: doesn't show hand
*** SUMMARY ***
Total pot $36 | Rake $0.50
Board [Qc Ad 4s Td 3d]
Seat 3: aremom4e (button) (small blind) collected ($35.50)
Seat 4: MTails (big blind) folded on the River


PokerStars Hand #170930466160:  Hold'em Limit ($3/$6 USD) - 2017/05/26 5:22:14 ET
Table 'Mimosa' 6-max Seat #3 is the button
Seat 3: aremom4e ($147.14 in chips)
Seat 4: MTails ($87.53 in chips)
aremom4e: posts small blind $1
MTails: posts big blind $3
*** HOLE CARDS ***
aremom4e: raises $3 to $6
MTails: folds
Uncalled bet ($3) returned to aremom4e
aremom4e collected $6 from pot
aremom4e: doesn't show hand
*** SUMMARY ***
Total pot $6 | Rake $0
Seat 3: aremom4e (button) (small blind) collected ($6)
Seat 4: MTails (big blind) folded before Flop


PokerStars Hand #170930470601:  Hold'em Limit ($3/$6 USD) - 2017/05/26 5:22:26 ET
Table 'Mimosa' 6-max Seat #4 is the button
Seat 3: aremom4e ($150.14 in chips)
Seat 4: MTails ($84.53 in chips)
MTails: posts small blind $1
aremom4e: posts big blind $3
*** HOLE CARDS ***
MTails: raises $3 to $6
aremom4e: calls $3
*** FLOP *** [9d 3c 9h]
aremom4e: checks
MTails: bets $3
aremom4e: folds
Uncalled bet ($3) returned to MTails
MTails collected $11.76 from pot
*** SUMMARY ***
Total pot $12 | Rake $0.24
Board [9d 3c 9h]
Seat 3: aremom4e (big blind) folded on the Flop
Seat 4: MTails (button) (small blind) collected ($11.76)


PokerStars Hand #170930502163:  Hold'em Limit ($3/$6 USD) - 2017/05/26 5:23:51 ET
Table 'Mimosa' 6-max Seat #3 is the button
Seat 3: aremom4e ($155.40 in chips)
Seat 4: MTails ($137.81 in chips)
aremom4e: posts small blind $1
MTails: posts big blind $3
*** HOLE CARDS ***
aremom4e: folds
Uncalled bet ($2) returned to MTails
MTails collected $2 from pot
*** SUMMARY ***
Total pot $2 | Rake $0
Seat 3: aremom4e (button) (small blind) folded before Flop
Seat 4: MTails (big blind) collected ($2)


PokerStars Hand #170930497358:  Hold'em Limit ($3/$6 USD) - 2017/05/26 5:23:38 ET
Table 'Mimosa' 6-max Seat #4 is the button
Seat 3: aremom4e ($161.40 in chips)
Seat 4: MTails ($72.05 in chips)
MTails: posts small blind $1
aremom4e: posts big blind $3
*** HOLE CARDS ***
MTails: raises $3 to $6
aremom4e: calls $3
*** FLOP *** [Ac Jd Kh]
aremom4e: checks
MTails: bets $3
aremom4e: folds
Uncalled bet ($3) returned to MTails
MTails collected $11.76 from pot
*** SUMMARY ***
Total pot $12 | Rake $0.24
Board [Ac Jd Kh]
Seat 3: aremom4e (big blind) folded on the Flop
Seat 4: MTails (button) (small blind) collected ($11.76)


PokerStars Hand #170930491669:  Hold'em Limit ($3/$6 USD) - 2017/05/26 5:23:22 ET
Table 'Mimosa' 6-max Seat #3 is the button
Seat 3: aremom4e ($155.64 in chips)
Seat 4: MTails ($78.05 in chips)
aremom4e: posts small blind $1
MTails: posts big blind $3
*** HOLE CARDS ***
aremom4e: raises $3 to $6
MTails: calls $3
*** FLOP *** [8c 3d 3s]
MTails: checks
aremom4e: bets $3
MTails: folds
Uncalled bet ($3) returned to aremom4e
aremom4e collected $11.76 from pot
aremom4e: doesn't show hand
*** SUMMARY ***
Total pot $12 | Rake $0.24
Board [8c 3d 3s]
Seat 3: aremom4e (button) (small blind) collected ($11.76)
Seat 4: MTails (big blind) folded on the Flop


PokerStars Hand #170930484249:  Hold'em Limit ($3/$6 USD) - 2017/05/26 5:23:03 ET
Table 'Mimosa' 6-max Seat #4 is the button
Seat 3: aremom4e ($161.64 in chips)
Seat 4: MTails ($72.29 in chips)
MTails: posts small blind $1
aremom4e: posts big blind $3
*** HOLE CARDS ***
MTails: raises $3 to $6
aremom4e: calls $3
*** FLOP *** [7d 4d Tc]
aremom4e: checks
MTails: bets $3
aremom4e: folds
Uncalled bet ($3) returned to MTails
MTails collected $11.76 from pot
*** SUMMARY ***
Total pot $12 | Rake $0.24
Board [7d 4d Tc]
Seat 3: aremom4e (big blind) folded on the Flop
Seat 4: MTails (button) (small blind) collected ($11.76)


PokerStars Hand #170930524671:  Hold'em Limit ($3/$6 USD) - 2017/05/26 5:24:53 ET
Table 'Mimosa' 6-max Seat #3 is the button
Seat 3: aremom4e ($161.90 in chips)
Seat 4: MTails ($130.57 in chips)
aremom4e: posts small blind $1
MTails: posts big blind $3
*** HOLE CARDS ***
aremom4e: raises $3 to $6
MTails: raises $3 to $9
aremom4e: calls $3
*** FLOP *** [Th Ks 9d]
MTails: bets $3
aremom4e: folds
Uncalled bet ($3) returned to MTails
MTails collected $17.64 from pot
krossguard joins the table at seat #5
*** SUMMARY ***
Total pot $18 | Rake $0.36
Board [Th Ks 9d]
Seat 3: aremom4e (button) (small blind) folded on the Flop
Seat 4: MTails (big blind) collected ($17.64)


PokerStars Hand #170930504997:  Hold'em Limit ($3/$6 USD) - 2017/05/26 5:23:59 ET
Table 'Mimosa' 6-max Seat #4 is the button
Seat 3: aremom4e ($154.40 in chips)
Seat 4: MTails ($138.81 in chips)
MTails: posts small blind $1
aremom4e: posts big blind $3
*** HOLE CARDS ***
MTails: raises $3 to $6
aremom4e: calls $3
*** FLOP *** [Js Kh 4s]
aremom4e: checks
MTails: bets $3
aremom4e: folds
Uncalled bet ($3) returned to MTails
MTails collected $11.76 from pot
*** SUMMARY ***
Total pot $12 | Rake $0.24
Board [Js Kh 4s]
Seat 3: aremom4e (big blind) folded on the Flop
Seat 4: MTails (button) (small blind) collected ($11.76)


PokerStars Hand #170930515935:  Hold'em Limit ($3/$6 USD) - 2017/05/26 5:24:28 ET
Table 'Mimosa' 6-max Seat #3 is the button
Seat 3: aremom4e ($148.40 in chips)
Seat 4: MTails ($144.57 in chips)
aremom4e: posts small blind $1
MTails: posts big blind $3
*** HOLE CARDS ***
aremom4e: folds
Uncalled bet ($2) returned to MTails
MTails collected $2 from pot
*** SUMMARY ***
Total pot $2 | Rake $0
Seat 3: aremom4e (button) (small blind) folded before Flop
Seat 4: MTails (big blind) collected ($2)


PokerStars Hand #170930518086:  Hold'em Limit ($3/$6 USD) - 2017/05/26 5:24:34 ET
Table 'Mimosa' 6-max Seat #4 is the button
Seat 3: aremom4e ($147.40 in chips)
Seat 4: MTails ($145.57 in chips)
MTails: posts small blind $1
aremom4e: posts big blind $3
*** HOLE CARDS ***
MTails: raises $3 to $6
aremom4e: calls $3
*** FLOP *** [Ad 7s 2h]
aremom4e: checks
MTails: bets $3
aremom4e: calls $3
*** TURN *** [Ad 7s 2h] [3s]
aremom4e: checks
MTails: bets $6
aremom4e: raises $6 to $12
MTails: folds
Uncalled bet ($6) returned to aremom4e
aremom4e collected $29.50 from pot
aremom4e: doesn't show hand
*** SUMMARY ***
Total pot $30 | Rake $0.50
Board [Ad 7s 2h 3s]
Seat 3: aremom4e (big blind) collected ($29.50)
Seat 4: MTails (button) (small blind) folded on the Turn


PokerStars Hand #170931846611:  Hold'em Limit ($3/$6 USD) - 2017/05/26 6:24:11 ET
Table 'Mimosa' 6-max Seat #2 is the button
Seat 1: kikiriki ($89.50 in chips)
Seat 2: scorpio04 ($161.97 in chips)
scorpio04: posts small blind $1
krossguard: is sitting out
kikiriki: posts big blind $3
*** HOLE CARDS ***
scorpio04: raises $3 to $6
kikiriki: calls $3
*** FLOP *** [4h Jh 4s]
kikiriki: checks
scorpio04: bets $3
kikiriki: raises $3 to $6
scorpio04: calls $3
*** TURN *** [4h Jh 4s] [2c]
kikiriki: checks
scorpio04: checks
*** RIVER *** [4h Jh 4s 2c] [8d]
kikiriki: checks
scorpio04: bets $6
kikiriki: folds
Uncalled bet ($6) returned to scorpio04
scorpio04 collected $23.52 from pot
scorpio04: doesn't show hand
*** SUMMARY ***
Total pot $24 | Rake $0.48
Board [4h Jh 4s 2c 8d]
Seat 1: kikiriki (big blind) folded on the River
Seat 2: scorpio04 (button) (small blind) collected ($23.52)


