PokerStars Hand #163335530916:  Hold'em Limit ($3/$6 USD) - 2016/12/22 6:51:45 ET
Table 'Minchir' 6-max Seat #4 is the button
Seat 2: T.Peterss ($41.92 in chips)
Seat 4: AzureCaper ($80.52 in chips)
AzureCaper: posts small blind $1
T.Peterss: posts big blind $3
*** HOLE CARDS ***
AzureCaper: raises $3 to $6
T.Peterss: folds
Uncalled bet ($3) returned to AzureCaper
AzureCaper collected $6 from pot
AzureCaper: doesn't show hand
*** SUMMARY ***
Total pot $6 | Rake $0
Seat 2: T.Peterss (big blind) folded before Flop
Seat 4: AzureCaper (button) (small blind) collected ($6)


PokerStars Hand #163335526487:  Hold'em Limit ($3/$6 USD) - 2016/12/22 6:51:21 ET
Table 'Minchir' 6-max Seat #2 is the button
Seat 2: T.Peterss ($39.04 in chips)
Seat 4: AzureCaper ($83.52 in chips)
T.Peterss: posts small blind $1
AzureCaper: posts big blind $3
*** HOLE CARDS ***
T.Peterss: calls $2
AzureCaper: checks
*** FLOP *** [Kd Tc 4h]
AzureCaper: checks
T.Peterss: checks
*** TURN *** [Kd Tc 4h] [4s]
AzureCaper: checks
T.Peterss: bets $6
AzureCaper: folds
Uncalled bet ($6) returned to T.Peterss
T.Peterss collected $5.88 from pot
T.Peterss: doesn't show hand
*** SUMMARY ***
Total pot $6 | Rake $0.12
Board [Kd Tc 4h 4s]
Seat 2: T.Peterss (button) (small blind) collected ($5.88)
Seat 4: AzureCaper (big blind) folded on the Turn


PokerStars Hand #163335522108:  Hold'em Limit ($3/$6 USD) - 2016/12/22 6:50:57 ET
Table 'Minchir' 6-max Seat #4 is the button
Seat 2: T.Peterss ($45.04 in chips)
Seat 4: AzureCaper ($77.76 in chips)
AzureCaper: posts small blind $1
T.Peterss: posts big blind $3
*** HOLE CARDS ***
AzureCaper: raises $3 to $6
T.Peterss: calls $3
*** FLOP *** [2c Jc 4d]
T.Peterss: checks
AzureCaper: bets $3
T.Peterss: folds
Uncalled bet ($3) returned to AzureCaper
AzureCaper collected $11.76 from pot
AzureCaper: doesn't show hand
*** SUMMARY ***
Total pot $12 | Rake $0.24
Board [2c Jc 4d]
Seat 2: T.Peterss (big blind) folded on the Flop
Seat 4: AzureCaper (button) (small blind) collected ($11.76)


PokerStars Hand #163335517262:  Hold'em Limit ($3/$6 USD) - 2016/12/22 6:50:31 ET
Table 'Minchir' 6-max Seat #2 is the button
Seat 2: T.Peterss ($51.04 in chips)
Seat 4: AzureCaper ($72 in chips)
LifeisagameX: is sitting out
LifeisagameX leaves the table
T.Peterss: posts small blind $1
AzureCaper: posts big blind $3
*** HOLE CARDS ***
T.Peterss: raises $3 to $6
AzureCaper: calls $3
*** FLOP *** [3h Ad 3c]
AzureCaper: bets $3
T.Peterss: folds
Uncalled bet ($3) returned to AzureCaper
AzureCaper collected $11.76 from pot
AzureCaper: doesn't show hand
*** SUMMARY ***
Total pot $12 | Rake $0.24
Board [3h Ad 3c]
Seat 2: T.Peterss (button) (small blind) folded on the Flop
Seat 4: AzureCaper (big blind) collected ($11.76)


PokerStars Hand #163335542538:  Hold'em Limit ($3/$6 USD) - 2016/12/22 6:52:50 ET
Table 'Minchir' 6-max Seat #2 is the button
Seat 2: T.Peterss ($42.56 in chips)
Seat 4: AzureCaper ($80.64 in chips)
T.Peterss: posts small blind $1
AzureCaper: posts big blind $3
*** HOLE CARDS ***
T.Peterss: folds
Uncalled bet ($2) returned to AzureCaper
AzureCaper collected $2 from pot
AzureCaper: doesn't show hand
*** SUMMARY ***
Total pot $2 | Rake $0
Seat 2: T.Peterss (button) (small blind) folded before Flop
Seat 4: AzureCaper (big blind) collected ($2)


PokerStars Hand #163335538578:  Hold'em Limit ($3/$6 USD) - 2016/12/22 6:52:28 ET
Table 'Minchir' 6-max Seat #4 is the button
Seat 2: T.Peterss ($51.56 in chips)
Seat 4: AzureCaper ($72 in chips)
AzureCaper: posts small blind $1
T.Peterss: posts big blind $3
*** HOLE CARDS ***
AzureCaper: raises $3 to $6
T.Peterss: calls $3
*** FLOP *** [3s 9c 3h]
T.Peterss: checks
AzureCaper: bets $3
Cigarete94 joins the table at seat #6
T.Peterss: calls $3
*** TURN *** [3s 9c 3h] [9s]
T.Peterss: checks
AzureCaper: bets $6
T.Peterss: folds
Uncalled bet ($6) returned to AzureCaper
AzureCaper collected $17.64 from pot
AzureCaper: doesn't show hand
*** SUMMARY ***
Total pot $18 | Rake $0.36
Board [3s 9c 3h 9s]
Seat 2: T.Peterss (big blind) folded on the Turn
Seat 4: AzureCaper (button) (small blind) collected ($17.64)


PokerStars Hand #163335537544:  Hold'em Limit ($3/$6 USD) - 2016/12/22 6:52:22 ET
Table 'Minchir' 6-max Seat #2 is the button
Seat 2: T.Peterss ($48.56 in chips)
Seat 4: AzureCaper ($73.52 in chips)
T.Peterss: posts small blind $1
AzureCaper: posts big blind $3
*** HOLE CARDS ***
T.Peterss: raises $3 to $6
AzureCaper: folds
Uncalled bet ($3) returned to T.Peterss
T.Peterss collected $6 from pot
T.Peterss: doesn't show hand
*** SUMMARY ***
Total pot $6 | Rake $0
Seat 2: T.Peterss (button) (small blind) collected ($6)
Seat 4: AzureCaper (big blind) folded before Flop


PokerStars Hand #163335532130:  Hold'em Limit ($3/$6 USD) - 2016/12/22 6:51:52 ET
Table 'Minchir' 6-max Seat #2 is the button
Seat 2: T.Peterss ($38.92 in chips)
Seat 4: AzureCaper ($83.52 in chips)
T.Peterss: posts small blind $1
AzureCaper: posts big blind $3
*** HOLE CARDS ***
T.Peterss: calls $2
AzureCaper: raises $3 to $6
T.Peterss: calls $3
*** FLOP *** [5d 4d 9d]
AzureCaper: bets $3
T.Peterss: calls $3
*** TURN *** [5d 4d 9d] [4s]
AzureCaper: checks
T.Peterss: checks
*** RIVER *** [5d 4d 9d 4s] [7s]
AzureCaper: checks
T.Peterss: checks
*** SHOW DOWN ***
AzureCaper: shows [Kd Tc] (a pair of Fours)
T.Peterss: shows [6d 7c] (two pair, Sevens and Fours)
T.Peterss collected $17.64 from pot
*** SUMMARY ***
Total pot $18 | Rake $0.36
Board [5d 4d 9d 4s 7s]
Seat 2: T.Peterss (button) (small blind) showed [6d 7c] and won ($17.64) with two pair, Sevens and Fours
Seat 4: AzureCaper (big blind) showed [Kd Tc] and lost with a pair of Fours


