PokerStars Hand #153859844462:  Hold'em Limit ($3/$6 USD) - 2016/05/26 7:11:25 ET
Table 'Minerva II' 6-max Seat #4 is the button
Seat 3: Hats007 ($125.76 in chips)
Seat 4: Agrotait ($66 in chips)
Agrotait: posts small blind $1
Hats007: posts big blind $3
*** HOLE CARDS ***
Agrotait: folds
Uncalled bet ($2) returned to Hats007
Hats007 collected $2 from pot
Hats007: doesn't show hand
*** SUMMARY ***
Total pot $2 | Rake $0
Seat 3: Hats007 (big blind) collected ($2)
Seat 4: Agrotait (button) (small blind) folded before Flop


PokerStars Hand #153859830775:  Hold'em Limit ($3/$6 USD) - 2016/05/26 7:10:54 ET
Table 'Minerva II' 6-max Seat #3 is the button
Seat 3: Hats007 ($120 in chips)
Seat 4: Agrotait ($72 in chips)
Hats007: posts small blind $1
Agrotait: posts big blind $3
*** HOLE CARDS ***
Hats007: raises $3 to $6
Agrotait: calls $3
*** FLOP *** [Js Ad 4h]
Agrotait: checks
Hats007: bets $3
Agrotait: folds
Uncalled bet ($3) returned to Hats007
Hats007 collected $11.76 from pot
Hats007: doesn't show hand
*** SUMMARY ***
Total pot $12 | Rake $0.24
Board [Js Ad 4h]
Seat 3: Hats007 (button) (small blind) collected ($11.76)
Seat 4: Agrotait (big blind) folded on the Flop


PokerStars Hand #153859847784:  Hold'em Limit ($3/$6 USD) - 2016/05/26 7:11:32 ET
Table 'Minerva II' 6-max Seat #3 is the button
Seat 3: Hats007 ($126.76 in chips)
Seat 4: Agrotait ($65 in chips)
Hats007: posts small blind $1
Agrotait: posts big blind $3
*** HOLE CARDS ***
Hats007: folds
Uncalled bet ($2) returned to Agrotait
Tryptamean joins the table at seat #1
Agrotait collected $2 from pot
Agrotait: doesn't show hand
*** SUMMARY ***
Total pot $2 | Rake $0
Seat 3: Hats007 (button) (small blind) folded before Flop
Seat 4: Agrotait (big blind) collected ($2)


PokerStars Hand #153861525917:  Hold'em Limit ($3/$6 USD) - 2016/05/26 8:11:56 ET
Table 'Minerva II' 6-max Seat #1 is the button
Seat 1: SALZHERZ ($153.78 in chips)
Seat 3: Velbor107 ($299.64 in chips)
SALZHERZ: posts small blind $1
Velbor107: posts big blind $3
*** HOLE CARDS ***
SALZHERZ: raises $3 to $6
Velbor107: calls $3
*** FLOP *** [8c Ah As]
Velbor107: checks
SALZHERZ: checks
*** TURN *** [8c Ah As] [Th]
Velbor107: bets $6
SALZHERZ: folds
Uncalled bet ($6) returned to Velbor107
Velbor107 collected $11.76 from pot
*** SUMMARY ***
Total pot $12 | Rake $0.24
Board [8c Ah As Th]
Seat 1: SALZHERZ (button) (small blind) folded on the Turn
Seat 3: Velbor107 (big blind) collected ($11.76)


PokerStars Hand #153861536236:  Hold'em Limit ($3/$6 USD) - 2016/05/26 8:12:17 ET
Table 'Minerva II' 6-max Seat #3 is the button
Seat 1: SALZHERZ ($147.78 in chips)
Seat 3: Velbor107 ($305.40 in chips)
Velbor107: posts small blind $1
SALZHERZ: posts big blind $3
*** HOLE CARDS ***
VolkovDmitri joins the table at seat #2
Velbor107: raises $3 to $6
SALZHERZ: raises $3 to $9
Velbor107: calls $3
*** FLOP *** [Kc 5d 6d]
SALZHERZ: bets $3
Velbor107: folds
Uncalled bet ($3) returned to SALZHERZ
SALZHERZ collected $17.64 from pot
SALZHERZ: doesn't show hand
*** SUMMARY ***
Total pot $18 | Rake $0.36
Board [Kc 5d 6d]
Seat 1: SALZHERZ (big blind) collected ($17.64)
Seat 3: Velbor107 (button) (small blind) folded on the Flop


PokerStars Hand #153862282330:  Hold'em Limit ($3/$6 USD) - 2016/05/26 8:37:02 ET
Table 'Minerva II' 6-max Seat #3 is the button
Seat 2: VolkovDmitri ($184.80 in chips)
Seat 3: Velbor107 ($335.24 in chips)
Velbor107: posts small blind $1
SALZHERZ: is sitting out
VolkovDmitri: posts big blind $3
*** HOLE CARDS ***
SALZHERZ leaves the table
Velbor107: folds
Uncalled bet ($2) returned to VolkovDmitri
VolkovDmitri collected $2 from pot
VolkovDmitri: doesn't show hand
*** SUMMARY ***
Total pot $2 | Rake $0
Seat 2: VolkovDmitri (big blind) collected ($2)
Seat 3: Velbor107 (button) (small blind) folded before Flop


