PokerStars Hand #145049600244:  Hold'em Limit ($3/$6 USD) - 2015/12/08 19:01:15 ET
Table 'Minerva II' 6-max Seat #6 is the button
Seat 3: chrispy12345 ($50.25 in chips)
Seat 6: Lillafisen ($149.51 in chips)
Lillafisen: posts small blind $1
chrispy12345: posts big blind $3
*** HOLE CARDS ***
Lillafisen: raises $3 to $6
chrispy12345: calls $3
*** FLOP *** [2c 3h As]
chrispy12345: checks
Lillafisen: bets $3
GoliafUa joins the table at seat #4
chrispy12345: calls $3
*** TURN *** [2c 3h As] [3c]
chrispy12345: checks
Lillafisen: checks
*** RIVER *** [2c 3h As 3c] [Ad]
chrispy12345: bets $6
Lillafisen: calls $6
*** SHOW DOWN ***
chrispy12345: shows [4s Kh] (two pair, Aces and Threes)
Lillafisen: mucks hand
chrispy12345 collected $29.50 from pot
*** SUMMARY ***
Total pot $30 | Rake $0.50
Board [2c 3h As 3c Ad]
Seat 3: chrispy12345 (big blind) showed [4s Kh] and won ($29.50) with two pair, Aces and Threes
Seat 6: Lillafisen (button) (small blind) mucked


PokerStars Hand #145049617747:  Hold'em Limit ($3/$6 USD) - 2015/12/08 19:01:42 ET
Table 'Minerva II' 6-max Seat #3 is the button
Seat 3: chrispy12345 ($64.75 in chips)
Seat 6: Lillafisen ($134.51 in chips)
chrispy12345: posts small blind $1
Lillafisen: posts big blind $3
*** HOLE CARDS ***
chrispy12345: raises $3 to $6
Lillafisen: calls $3
*** FLOP *** [8h 5h 6d]
Lillafisen: checks
chrispy12345: bets $3
Lillafisen: calls $3
*** TURN *** [8h 5h 6d] [3s]
Lillafisen: checks
chrispy12345: bets $6
Lillafisen: calls $6
*** RIVER *** [8h 5h 6d 3s] [2d]
Lillafisen: bets $6
chrispy12345: raises $6 to $12
Lillafisen: calls $6
*** SHOW DOWN ***
chrispy12345: shows [6h 6s] (three of a kind, Sixes)
Lillafisen: shows [4d 4s] (a straight, Deuce to Six)
Lillafisen collected $53.50 from pot
*** SUMMARY ***
Total pot $54 | Rake $0.50
Board [8h 5h 6d 3s 2d]
Seat 3: chrispy12345 (button) (small blind) showed [6h 6s] and lost with three of a kind, Sixes
Seat 6: Lillafisen (big blind) showed [4d 4s] and won ($53.50) with a straight, Deuce to Six


PokerStars Hand #145049632054:  Hold'em Limit ($3/$6 USD) - 2015/12/08 19:02:03 ET
Table 'Minerva II' 6-max Seat #6 is the button
Seat 3: chrispy12345 ($37.75 in chips)
Seat 6: Lillafisen ($161.01 in chips)
Lillafisen: posts small blind $1
chrispy12345: posts big blind $3
*** HOLE CARDS ***
Lillafisen: raises $3 to $6
chrispy12345: calls $3
*** FLOP *** [2s Ts 3s]
chrispy12345: checks
Lillafisen: bets $3
chrispy12345: calls $3
*** TURN *** [2s Ts 3s] [Ah]
chrispy12345: checks
Lillafisen: checks
*** RIVER *** [2s Ts 3s Ah] [Qh]
chrispy12345: checks
Lillafisen: checks
*** SHOW DOWN ***
chrispy12345: shows [7s 8h] (high card Ace)
Lillafisen: shows [5d 9s] (high card Ace - Queen+Ten+Nine kicker)
Lillafisen collected $17.64 from pot
*** SUMMARY ***
Total pot $18 | Rake $0.36
Board [2s Ts 3s Ah Qh]
Seat 3: chrispy12345 (big blind) showed [7s 8h] and lost with high card Ace
Seat 6: Lillafisen (button) (small blind) showed [5d 9s] and won ($17.64) with high card Ace


PokerStars Hand #145049645581:  Hold'em Limit ($3/$6 USD) - 2015/12/08 19:02:22 ET
Table 'Minerva II' 6-max Seat #3 is the button
Seat 3: chrispy12345 ($28.75 in chips)
Seat 6: Lillafisen ($169.65 in chips)
chrispy12345: posts small blind $1
Lillafisen: posts big blind $3
*** HOLE CARDS ***
chrispy12345: raises $3 to $6
Lillafisen: raises $3 to $9
chrispy12345: calls $3
*** FLOP *** [8d Td 9d]
Lillafisen: bets $3
chrispy12345: folds
Uncalled bet ($3) returned to Lillafisen
Lillafisen collected $17.64 from pot
Lillafisen: doesn't show hand
*** SUMMARY ***
Total pot $18 | Rake $0.36
Board [8d Td 9d]
Seat 3: chrispy12345 (button) (small blind) folded on the Flop
Seat 6: Lillafisen (big blind) collected ($17.64)


PokerStars Hand #145049654207:  Hold'em Limit ($3/$6 USD) - 2015/12/08 19:02:35 ET
Table 'Minerva II' 6-max Seat #6 is the button
Seat 3: chrispy12345 ($19.75 in chips)
Seat 6: Lillafisen ($178.29 in chips)
Lillafisen: posts small blind $1
chrispy12345: posts big blind $3
*** HOLE CARDS ***
Lillafisen: raises $3 to $6
chrispy12345: calls $3
*** FLOP *** [9c Qc 6h]
chrispy12345: checks
Lillafisen: bets $3
chrispy12345: folds
Uncalled bet ($3) returned to Lillafisen
Lillafisen collected $11.76 from pot
Lillafisen: doesn't show hand
*** SUMMARY ***
Total pot $12 | Rake $0.24
Board [9c Qc 6h]
Seat 3: chrispy12345 (big blind) folded on the Flop
Seat 6: Lillafisen (button) (small blind) collected ($11.76)


PokerStars Hand #145049664809:  Hold'em Limit ($3/$6 USD) - 2015/12/08 19:02:50 ET
Table 'Minerva II' 6-max Seat #3 is the button
Seat 3: chrispy12345 ($13.75 in chips)
Seat 6: Lillafisen ($184.05 in chips)
chrispy12345: posts small blind $1
Lillafisen: posts big blind $3
*** HOLE CARDS ***
chrispy12345: raises $3 to $6
Lillafisen: calls $3
*** FLOP *** [Qs Jd 7d]
Lillafisen: checks
chrispy12345: bets $3
Lillafisen: raises $3 to $6
chrispy12345: raises $1.75 to $7.75 and is all-in
Lillafisen: calls $1.75
*** TURN *** [Qs Jd 7d] [6c]
*** RIVER *** [Qs Jd 7d 6c] [2d]
*** SHOW DOWN ***
Lillafisen: shows [Jh 6d] (two pair, Jacks and Sixes)
chrispy12345: shows [8s 9d] (high card Queen)
Lillafisen collected $27 from pot
*** SUMMARY ***
Total pot $27.50 | Rake $0.50
Board [Qs Jd 7d 6c 2d]
Seat 3: chrispy12345 (button) (small blind) showed [8s 9d] and lost with high card Queen
Seat 6: Lillafisen (big blind) showed [Jh 6d] and won ($27) with two pair, Jacks and Sixes


PokerStars Hand #145050091003:  Hold'em Limit ($3/$6 USD) - 2015/12/08 19:13:25 ET
Table 'Minerva II' 6-max Seat #6 is the button
Seat 4: golgoaza ($120 in chips)
Seat 6: Lillafisen ($197.30 in chips)
Lillafisen: posts small blind $1
golgoaza: posts big blind $3
*** HOLE CARDS ***
Lillafisen: raises $3 to $6
golgoaza: raises $3 to $9
Lillafisen: calls $3
*** FLOP *** [Ts Ad 4c]
golgoaza: checks
Lillafisen: checks
*** TURN *** [Ts Ad 4c] [2c]
golgoaza: bets $6
Lillafisen: folds
Uncalled bet ($6) returned to golgoaza
golgoaza collected $17.64 from pot
golgoaza: doesn't show hand
*** SUMMARY ***
Total pot $18 | Rake $0.36
Board [Ts Ad 4c 2c]
Seat 4: golgoaza (big blind) collected ($17.64)
Seat 6: Lillafisen (button) (small blind) folded on the Turn


PokerStars Hand #145050108681:  Hold'em Limit ($3/$6 USD) - 2015/12/08 19:13:51 ET
Table 'Minerva II' 6-max Seat #4 is the button
Seat 4: golgoaza ($128.64 in chips)
Seat 6: Lillafisen ($188.30 in chips)
golgoaza: posts small blind $1
Lillafisen: posts big blind $3
*** HOLE CARDS ***
golgoaza: raises $3 to $6
Lillafisen: calls $3
*** FLOP *** [9s 3c Js]
Lillafisen: checks
golgoaza: bets $3
Lillafisen: calls $3
*** TURN *** [9s 3c Js] [3d]
Lillafisen: checks
golgoaza: bets $6
Lillafisen: calls $6
*** RIVER *** [9s 3c Js 3d] [7c]
Lillafisen: checks
golgoaza: bets $6
Lillafisen: folds
Uncalled bet ($6) returned to golgoaza
golgoaza collected $29.50 from pot
golgoaza: doesn't show hand
*** SUMMARY ***
Total pot $30 | Rake $0.50
Board [9s 3c Js 3d 7c]
Seat 4: golgoaza (button) (small blind) collected ($29.50)
Seat 6: Lillafisen (big blind) folded on the River


PokerStars Hand #145050153887:  Hold'em Limit ($3/$6 USD) - 2015/12/08 19:14:59 ET
Table 'Minerva II' 6-max Seat #4 is the button
Seat 4: golgoaza ($111.14 in chips)
Seat 6: Lillafisen ($204.32 in chips)
golgoaza: posts small blind $1
Lillafisen: posts big blind $3
*** HOLE CARDS ***
golgoaza: folds
Uncalled bet ($2) returned to Lillafisen
Lillafisen collected $2 from pot
Lillafisen: doesn't show hand
*** SUMMARY ***
Total pot $2 | Rake $0
Seat 4: golgoaza (button) (small blind) folded before Flop
Seat 6: Lillafisen (big blind) collected ($2)


PokerStars Hand #145050142711:  Hold'em Limit ($3/$6 USD) - 2015/12/08 19:14:43 ET
Table 'Minerva II' 6-max Seat #6 is the button
Seat 4: golgoaza ($126.14 in chips)
Seat 6: Lillafisen ($189.82 in chips)
Lillafisen: posts small blind $1
golgoaza: posts big blind $3
*** HOLE CARDS ***
Lillafisen: raises $3 to $6
golgoaza: calls $3
*** FLOP *** [6d 7d 3c]
golgoaza: checks
Lillafisen: bets $3
golgoaza: raises $3 to $6
Lillafisen: raises $3 to $9
golgoaza: calls $3
*** TURN *** [6d 7d 3c] [Td]
golgoaza: checks
Lillafisen: bets $6
golgoaza: folds
Uncalled bet ($6) returned to Lillafisen
Lillafisen collected $29.50 from pot
Lillafisen: doesn't show hand
*** SUMMARY ***
Total pot $30 | Rake $0.50
Board [6d 7d 3c Td]
Seat 4: golgoaza (big blind) folded on the Turn
Seat 6: Lillafisen (button) (small blind) collected ($29.50)


PokerStars Hand #145050139150:  Hold'em Limit ($3/$6 USD) - 2015/12/08 19:14:37 ET
Table 'Minerva II' 6-max Seat #4 is the button
Seat 4: golgoaza ($127.14 in chips)
Seat 6: Lillafisen ($188.82 in chips)
golgoaza: posts small blind $1
Lillafisen: posts big blind $3
*** HOLE CARDS ***
golgoaza: folds
Uncalled bet ($2) returned to Lillafisen
Lillafisen collected $2 from pot
Lillafisen: doesn't show hand
*** SUMMARY ***
Total pot $2 | Rake $0
Seat 4: golgoaza (button) (small blind) folded before Flop
Seat 6: Lillafisen (big blind) collected ($2)


PokerStars Hand #145050135440:  Hold'em Limit ($3/$6 USD) - 2015/12/08 19:14:32 ET
Table 'Minerva II' 6-max Seat #6 is the button
Seat 4: golgoaza ($130.14 in chips)
Seat 6: Lillafisen ($185.82 in chips)
Lillafisen: posts small blind $1
golgoaza: posts big blind $3
*** HOLE CARDS ***
Lillafisen: raises $3 to $6
golgoaza: folds
Uncalled bet ($3) returned to Lillafisen
Lillafisen collected $6 from pot
Lillafisen: doesn't show hand
*** SUMMARY ***
Total pot $6 | Rake $0
Seat 4: golgoaza (big blind) folded before Flop
Seat 6: Lillafisen (button) (small blind) collected ($6)


PokerStars Hand #145050131788:  Hold'em Limit ($3/$6 USD) - 2015/12/08 19:14:26 ET
Table 'Minerva II' 6-max Seat #4 is the button
Seat 4: golgoaza ($131.14 in chips)
Seat 6: Lillafisen ($184.82 in chips)
golgoaza: posts small blind $1
Lillafisen: posts big blind $3
*** HOLE CARDS ***
golgoaza: folds
Uncalled bet ($2) returned to Lillafisen
Lillafisen collected $2 from pot
Lillafisen: doesn't show hand
*** SUMMARY ***
Total pot $2 | Rake $0
Seat 4: golgoaza (button) (small blind) folded before Flop
Seat 6: Lillafisen (big blind) collected ($2)


PokerStars Hand #145050120859:  Hold'em Limit ($3/$6 USD) - 2015/12/08 19:14:10 ET
Table 'Minerva II' 6-max Seat #6 is the button
Seat 4: golgoaza ($143.14 in chips)
Seat 6: Lillafisen ($173.30 in chips)
Lillafisen: posts small blind $1
golgoaza: posts big blind $3
*** HOLE CARDS ***
Lillafisen: raises $3 to $6
golgoaza: calls $3
*** FLOP *** [9c Ks 4d]
golgoaza: bets $3
Lillafisen: raises $3 to $6
golgoaza: calls $3
*** TURN *** [9c Ks 4d] [Th]
golgoaza: checks
Lillafisen: bets $6
golgoaza: folds
Uncalled bet ($6) returned to Lillafisen
Lillafisen collected $23.52 from pot
Lillafisen: doesn't show hand
*** SUMMARY ***
Total pot $24 | Rake $0.48
Board [9c Ks 4d Th]
Seat 4: golgoaza (big blind) folded on the Turn
Seat 6: Lillafisen (button) (small blind) collected ($23.52)


PokerStars Hand #145050157505:  Hold'em Limit ($3/$6 USD) - 2015/12/08 19:15:05 ET
Table 'Minerva II' 6-max Seat #6 is the button
Seat 4: golgoaza ($110.14 in chips)
Seat 6: Lillafisen ($205.32 in chips)
Lillafisen: posts small blind $1
golgoaza: posts big blind $3
*** HOLE CARDS ***
Lillafisen: raises $3 to $6
golgoaza: folds
Uncalled bet ($3) returned to Lillafisen
Lillafisen collected $6 from pot
Lillafisen: doesn't show hand
*** SUMMARY ***
Total pot $6 | Rake $0
Seat 4: golgoaza (big blind) folded before Flop
Seat 6: Lillafisen (button) (small blind) collected ($6)


PokerStars Hand #145050186664:  Hold'em Limit ($3/$6 USD) - 2015/12/08 19:15:49 ET
Table 'Minerva II' 6-max Seat #4 is the button
Seat 4: golgoaza ($82.90 in chips)
Seat 6: Lillafisen ($231.82 in chips)
golgoaza: posts small blind $1
Lillafisen: posts big blind $3
*** HOLE CARDS ***
golgoaza: folds
Uncalled bet ($2) returned to Lillafisen
Lillafisen collected $2 from pot
Lillafisen: doesn't show hand
*** SUMMARY ***
Total pot $2 | Rake $0
Seat 4: golgoaza (button) (small blind) folded before Flop
Seat 6: Lillafisen (big blind) collected ($2)


PokerStars Hand #145050170835:  Hold'em Limit ($3/$6 USD) - 2015/12/08 19:15:25 ET
Table 'Minerva II' 6-max Seat #6 is the button
Seat 4: golgoaza ($112.90 in chips)
Seat 6: Lillafisen ($202.32 in chips)
Lillafisen: posts small blind $1
golgoaza: posts big blind $3
*** HOLE CARDS ***
Lillafisen: raises $3 to $6
golgoaza: raises $3 to $9
Lillafisen: calls $3
*** FLOP *** [3c 4s 3d]
golgoaza: bets $3
Lillafisen: raises $3 to $6
golgoaza: raises $3 to $9
Lillafisen: calls $3
*** TURN *** [3c 4s 3d] [9h]
golgoaza: bets $6
Lillafisen: calls $6
*** RIVER *** [3c 4s 3d 9h] [Qh]
golgoaza: bets $6
Lillafisen: calls $6
*** SHOW DOWN ***
golgoaza: shows [5c 5d] (two pair, Fives and Threes)
Lillafisen: shows [9d 4h] (two pair, Nines and Fours)
Lillafisen collected $59.50 from pot
*** SUMMARY ***
Total pot $60 | Rake $0.50
Board [3c 4s 3d 9h Qh]
Seat 4: golgoaza (big blind) showed [5c 5d] and lost with two pair, Fives and Threes
Seat 6: Lillafisen (button) (small blind) showed [9d 4h] and won ($59.50) with two pair, Nines and Fours


PokerStars Hand #145050161117:  Hold'em Limit ($3/$6 USD) - 2015/12/08 19:15:10 ET
Table 'Minerva II' 6-max Seat #4 is the button
Seat 4: golgoaza ($107.14 in chips)
Seat 6: Lillafisen ($208.32 in chips)
golgoaza: posts small blind $1
Lillafisen: posts big blind $3
*** HOLE CARDS ***
golgoaza: raises $3 to $6
Lillafisen: calls $3
*** FLOP *** [Kh 2d 9d]
Lillafisen: checks
golgoaza: bets $3
Lillafisen: folds
Uncalled bet ($3) returned to golgoaza
golgoaza collected $11.76 from pot
golgoaza: doesn't show hand
*** SUMMARY ***
Total pot $12 | Rake $0.24
Board [Kh 2d 9d]
Seat 4: golgoaza (button) (small blind) collected ($11.76)
Seat 6: Lillafisen (big blind) folded on the Flop


PokerStars Hand #145050201146:  Hold'em Limit ($3/$6 USD) - 2015/12/08 19:16:11 ET
Table 'Minerva II' 6-max Seat #4 is the button
Seat 4: golgoaza ($66.90 in chips)
Seat 6: Lillafisen ($247.32 in chips)
golgoaza: posts small blind $1
Lillafisen: posts big blind $3
*** HOLE CARDS ***
golgoaza: raises $3 to $6
Lillafisen: folds
Uncalled bet ($3) returned to golgoaza
golgoaza collected $6 from pot
golgoaza: doesn't show hand
*** SUMMARY ***
Total pot $6 | Rake $0
Seat 4: golgoaza (button) (small blind) collected ($6)
Seat 6: Lillafisen (big blind) folded before Flop


PokerStars Hand #145050190432:  Hold'em Limit ($3/$6 USD) - 2015/12/08 19:15:55 ET
Table 'Minerva II' 6-max Seat #6 is the button
Seat 4: golgoaza ($81.90 in chips)
Seat 6: Lillafisen ($232.82 in chips)
Lillafisen: posts small blind $1
golgoaza: posts big blind $3
*** HOLE CARDS ***
Lillafisen: raises $3 to $6
golgoaza: calls $3
*** FLOP *** [5s 6s 3s]
golgoaza: checks
Lillafisen: bets $3
golgoaza: raises $3 to $6
Lillafisen: raises $3 to $9
golgoaza: calls $3
*** TURN *** [5s 6s 3s] [9c]
golgoaza: checks
Lillafisen: bets $6
golgoaza: folds
Uncalled bet ($6) returned to Lillafisen
Lillafisen collected $29.50 from pot
Lillafisen: doesn't show hand
*** SUMMARY ***
Total pot $30 | Rake $0.50
Board [5s 6s 3s 9c]
Seat 4: golgoaza (big blind) folded on the Turn
Seat 6: Lillafisen (button) (small blind) collected ($29.50)


PokerStars Hand #145050217161:  Hold'em Limit ($3/$6 USD) - 2015/12/08 19:16:36 ET
Table 'Minerva II' 6-max Seat #4 is the button
Seat 4: golgoaza ($54.90 in chips)
Seat 6: Lillafisen ($258.82 in chips)
golgoaza: posts small blind $1
Lillafisen: posts big blind $3
*** HOLE CARDS ***
golgoaza: raises $3 to $6
Lillafisen: calls $3
*** FLOP *** [Th Jh 5s]
Lillafisen: checks
golgoaza: bets $3
Lillafisen: calls $3
*** TURN *** [Th Jh 5s] [Js]
Lillafisen: checks
golgoaza: bets $6
Lillafisen: calls $6
*** RIVER *** [Th Jh 5s Js] [2d]
Lillafisen: checks
golgoaza: bets $6
Lillafisen: calls $6
*** SHOW DOWN ***
golgoaza: shows [2h Ad] (two pair, Jacks and Deuces)
Lillafisen: shows [6d 6s] (two pair, Jacks and Sixes)
Lillafisen collected $41.50 from pot
*** SUMMARY ***
Total pot $42 | Rake $0.50
Board [Th Jh 5s Js 2d]
Seat 4: golgoaza (button) (small blind) showed [2h Ad] and lost with two pair, Jacks and Deuces
Seat 6: Lillafisen (big blind) showed [6d 6s] and won ($41.50) with two pair, Jacks and Sixes


PokerStars Hand #145050204437:  Hold'em Limit ($3/$6 USD) - 2015/12/08 19:16:16 ET
Table 'Minerva II' 6-max Seat #6 is the button
Seat 4: golgoaza ($69.90 in chips)
Seat 6: Lillafisen ($244.32 in chips)
Lillafisen: posts small blind $1
golgoaza: posts big blind $3
*** HOLE CARDS ***
Lillafisen: raises $3 to $6
golgoaza: calls $3
*** FLOP *** [2c 7h 6h]
golgoaza: checks
Lillafisen: bets $3
golgoaza: calls $3
*** TURN *** [2c 7h 6h] [2s]
golgoaza: checks
Lillafisen: bets $6
golgoaza: calls $6
*** RIVER *** [2c 7h 6h 2s] [6s]
golgoaza: checks
Lillafisen: bets $6
golgoaza: folds
Uncalled bet ($6) returned to Lillafisen
Lillafisen collected $29.50 from pot
Lillafisen: doesn't show hand
*** SUMMARY ***
Total pot $30 | Rake $0.50
Board [2c 7h 6h 2s 6s]
Seat 4: golgoaza (big blind) folded on the River
Seat 6: Lillafisen (button) (small blind) collected ($29.50)


PokerStars Hand #145050239522:  Hold'em Limit ($3/$6 USD) - 2015/12/08 19:17:10 ET
Table 'Minerva II' 6-max Seat #4 is the button
Seat 4: golgoaza ($42.54 in chips)
Seat 6: Lillafisen ($270.32 in chips)
golgoaza: posts small blind $1
Lillafisen: posts big blind $3
*** HOLE CARDS ***
golgoaza: folds
Uncalled bet ($2) returned to Lillafisen
Lillafisen collected $2 from pot
Lillafisen: doesn't show hand
*** SUMMARY ***
Total pot $2 | Rake $0
Seat 4: golgoaza (button) (small blind) folded before Flop
Seat 6: Lillafisen (big blind) collected ($2)


PokerStars Hand #145050226450:  Hold'em Limit ($3/$6 USD) - 2015/12/08 19:16:50 ET
Table 'Minerva II' 6-max Seat #6 is the button
Seat 4: golgoaza ($33.90 in chips)
Seat 6: Lillafisen ($279.32 in chips)
Lillafisen: posts small blind $1
golgoaza: posts big blind $3
*** HOLE CARDS ***
Lillafisen: raises $3 to $6
golgoaza: calls $3
*** FLOP *** [Th Jd Jc]
golgoaza: checks
Lillafisen: bets $3
golgoaza: raises $3 to $6
Lillafisen: folds
Uncalled bet ($3) returned to golgoaza
golgoaza collected $17.64 from pot
golgoaza: doesn't show hand
*** SUMMARY ***
Total pot $18 | Rake $0.36
Board [Th Jd Jc]
Seat 4: golgoaza (big blind) collected ($17.64)
Seat 6: Lillafisen (button) (small blind) folded on the Flop


PokerStars Hand #145050242967:  Hold'em Limit ($3/$6 USD) - 2015/12/08 19:17:15 ET
Table 'Minerva II' 6-max Seat #6 is the button
Seat 4: golgoaza ($41.54 in chips)
Seat 6: Lillafisen ($271.32 in chips)
Lillafisen: posts small blind $1
golgoaza: posts big blind $3
*** HOLE CARDS ***
Lillafisen: raises $3 to $6
golgoaza: folds
Uncalled bet ($3) returned to Lillafisen
Lillafisen collected $6 from pot
Lillafisen: doesn't show hand
*** SUMMARY ***
Total pot $6 | Rake $0
Seat 4: golgoaza (big blind) folded before Flop
Seat 6: Lillafisen (button) (small blind) collected ($6)


PokerStars Hand #145050261045:  Hold'em Limit ($3/$6 USD) - 2015/12/08 19:17:43 ET
Table 'Minerva II' 6-max Seat #6 is the button
Seat 4: golgoaza ($59.04 in chips)
Seat 6: Lillafisen ($253.32 in chips)
Lillafisen: posts small blind $1
golgoaza: posts big blind $3
*** HOLE CARDS ***
Lillafisen: raises $3 to $6
golgoaza: calls $3
*** FLOP *** [6h 5h 7c]
golgoaza: checks
Lillafisen: bets $3
golgoaza: raises $3 to $6
Lillafisen: calls $3
*** TURN *** [6h 5h 7c] [8c]
golgoaza: bets $6
Lillafisen: raises $6 to $12
golgoaza: folds
Uncalled bet ($6) returned to Lillafisen
Lillafisen collected $35.50 from pot
Lillafisen: doesn't show hand
*** SUMMARY ***
Total pot $36 | Rake $0.50
Board [6h 5h 7c 8c]
Seat 4: golgoaza (big blind) folded on the Turn
Seat 6: Lillafisen (button) (small blind) collected ($35.50)


PokerStars Hand #145050247932:  Hold'em Limit ($3/$6 USD) - 2015/12/08 19:17:23 ET
Table 'Minerva II' 6-max Seat #4 is the button
Seat 4: golgoaza ($38.54 in chips)
Seat 6: Lillafisen ($274.32 in chips)
golgoaza: posts small blind $1
Lillafisen: posts big blind $3
*** HOLE CARDS ***
golgoaza: raises $3 to $6
Lillafisen: calls $3
*** FLOP *** [5c Th 8c]
Lillafisen: checks
golgoaza: bets $3
Lillafisen: calls $3
*** TURN *** [5c Th 8c] [3s]
Lillafisen: checks
golgoaza: bets $6
Lillafisen: calls $6
*** RIVER *** [5c Th 8c 3s] [Tc]
Lillafisen: checks
golgoaza: bets $6
Lillafisen: calls $6
*** SHOW DOWN ***
golgoaza: shows [Ts As] (three of a kind, Tens)
Lillafisen: mucks hand
golgoaza collected $41.50 from pot
*** SUMMARY ***
Total pot $42 | Rake $0.50
Board [5c Th 8c 3s Tc]
Seat 4: golgoaza (button) (small blind) showed [Ts As] and won ($41.50) with three of a kind, Tens
Seat 6: Lillafisen (big blind) mucked


PokerStars Hand #145050305836:  Hold'em Limit ($3/$6 USD) - 2015/12/08 19:18:53 ET
Table 'Minerva II' 6-max Seat #6 is the button
Seat 4: golgoaza ($89.88 in chips)
Seat 6: Lillafisen ($301.08 in chips)
Lillafisen: posts small blind $1
golgoaza: posts big blind $3
*** HOLE CARDS ***
Lillafisen: raises $3 to $6
golgoaza: calls $3
*** FLOP *** [Qh 4c 6s]
golgoaza: checks
Lillafisen: bets $3
golgoaza: folds
Uncalled bet ($3) returned to Lillafisen
Lillafisen collected $11.76 from pot
Lillafisen: doesn't show hand
*** SUMMARY ***
Total pot $12 | Rake $0.24
Board [Qh 4c 6s]
Seat 4: golgoaza (big blind) folded on the Flop
Seat 6: Lillafisen (button) (small blind) collected ($11.76)


PokerStars Hand #145050302290:  Hold'em Limit ($3/$6 USD) - 2015/12/08 19:18:47 ET
Table 'Minerva II' 6-max Seat #4 is the button
Seat 4: golgoaza ($90.88 in chips)
Seat 6: Lillafisen ($300.08 in chips)
golgoaza: posts small blind $1
Lillafisen: posts big blind $3
*** HOLE CARDS ***
golgoaza: folds
Uncalled bet ($2) returned to Lillafisen
Lillafisen collected $2 from pot
Lillafisen: doesn't show hand
*** SUMMARY ***
Total pot $2 | Rake $0
Seat 4: golgoaza (button) (small blind) folded before Flop
Seat 6: Lillafisen (big blind) collected ($2)


PokerStars Hand #145050299056:  Hold'em Limit ($3/$6 USD) - 2015/12/08 19:18:42 ET
Table 'Minerva II' 6-max Seat #6 is the button
Seat 4: golgoaza ($10.04 in chips)
Seat 6: Lillafisen ($301.08 in chips)
Lillafisen: posts small blind $1
golgoaza: posts big blind $3
*** HOLE CARDS ***
Lillafisen: folds
Uncalled bet ($2) returned to golgoaza
golgoaza collected $2 from pot
golgoaza: doesn't show hand
*** SUMMARY ***
Total pot $2 | Rake $0
Seat 4: golgoaza (big blind) collected ($2)
Seat 6: Lillafisen (button) (small blind) folded before Flop


PokerStars Hand #145050295319:  Hold'em Limit ($3/$6 USD) - 2015/12/08 19:18:36 ET
Table 'Minerva II' 6-max Seat #4 is the button
Seat 4: golgoaza ($11.04 in chips)
Seat 6: Lillafisen ($300.08 in chips)
golgoaza: posts small blind $1
Lillafisen: posts big blind $3
*** HOLE CARDS ***
golgoaza: folds
Uncalled bet ($2) returned to Lillafisen
Lillafisen collected $2 from pot
Lillafisen: doesn't show hand
*** SUMMARY ***
Total pot $2 | Rake $0
Seat 4: golgoaza (button) (small blind) folded before Flop
Seat 6: Lillafisen (big blind) collected ($2)


PokerStars Hand #145050283299:  Hold'em Limit ($3/$6 USD) - 2015/12/08 19:18:17 ET
Table 'Minerva II' 6-max Seat #6 is the button
Seat 4: golgoaza ($35.04 in chips)
Seat 6: Lillafisen ($276.58 in chips)
Lillafisen: posts small blind $1
golgoaza: posts big blind $3
*** HOLE CARDS ***
Lillafisen: raises $3 to $6
golgoaza: raises $3 to $9
Lillafisen: calls $3
*** FLOP *** [Th 2s 7c]
golgoaza: bets $3
Lillafisen: calls $3
*** TURN *** [Th 2s 7c] [Ad]
golgoaza: bets $6
Lillafisen: calls $6
*** RIVER *** [Th 2s 7c Ad] [4s]
golgoaza: bets $6
Lillafisen: calls $6
*** SHOW DOWN ***
golgoaza: shows [9s 8c] (high card Ace)
Lillafisen: shows [5s 7d] (a pair of Sevens)
Lillafisen collected $47.50 from pot
*** SUMMARY ***
Total pot $48 | Rake $0.50
Board [Th 2s 7c Ad 4s]
Seat 4: golgoaza (big blind) showed [9s 8c] and lost with high card Ace
Seat 6: Lillafisen (button) (small blind) showed [5s 7d] and won ($47.50) with a pair of Sevens


PokerStars Hand #145050274078:  Hold'em Limit ($3/$6 USD) - 2015/12/08 19:18:03 ET
Table 'Minerva II' 6-max Seat #4 is the button
Seat 4: golgoaza ($41.04 in chips)
Seat 6: Lillafisen ($270.82 in chips)
golgoaza: posts small blind $1
Lillafisen: posts big blind $3
*** HOLE CARDS ***
golgoaza: raises $3 to $6
Lillafisen: calls $3
*** FLOP *** [Kh 9d Jh]
Lillafisen: checks
golgoaza: checks
*** TURN *** [Kh 9d Jh] [8s]
Lillafisen: bets $6
golgoaza: folds
Uncalled bet ($6) returned to Lillafisen
Lillafisen collected $11.76 from pot
Lillafisen: doesn't show hand
*** SUMMARY ***
Total pot $12 | Rake $0.24
Board [Kh 9d Jh 8s]
Seat 4: golgoaza (button) (small blind) folded on the Turn
Seat 6: Lillafisen (big blind) collected ($11.76)


PokerStars Hand #145050313726:  Hold'em Limit ($3/$6 USD) - 2015/12/08 19:19:05 ET
Table 'Minerva II' 6-max Seat #4 is the button
Seat 4: golgoaza ($83.88 in chips)
Seat 6: Lillafisen ($306.84 in chips)
golgoaza: posts small blind $1
Lillafisen: posts big blind $3
*** HOLE CARDS ***
golgoaza: raises $3 to $6
Lillafisen: calls $3
*** FLOP *** [7d Kc 2s]
Lillafisen: checks
golgoaza: bets $3
Lillafisen: raises $3 to $6
golgoaza: raises $3 to $9
Lillafisen: folds
Uncalled bet ($3) returned to golgoaza
golgoaza collected $23.52 from pot
golgoaza: doesn't show hand
*** SUMMARY ***
Total pot $24 | Rake $0.48
Board [7d Kc 2s]
Seat 4: golgoaza (button) (small blind) collected ($23.52)
Seat 6: Lillafisen (big blind) folded on the Flop


PokerStars Hand #145050321657:  Hold'em Limit ($3/$6 USD) - 2015/12/08 19:19:17 ET
Table 'Minerva II' 6-max Seat #6 is the button
Seat 4: golgoaza ($95.40 in chips)
Seat 6: Lillafisen ($294.84 in chips)
Lillafisen: posts small blind $1
golgoaza: posts big blind $3
*** HOLE CARDS ***
Lillafisen: raises $3 to $6
golgoaza: folds
Uncalled bet ($3) returned to Lillafisen
Lillafisen collected $6 from pot
Lillafisen: doesn't show hand
*** SUMMARY ***
Total pot $6 | Rake $0
Seat 4: golgoaza (big blind) folded before Flop
Seat 6: Lillafisen (button) (small blind) collected ($6)


PokerStars Hand #145050340738:  Hold'em Limit ($3/$6 USD) - 2015/12/08 19:19:47 ET
Table 'Minerva II' 6-max Seat #6 is the button
Seat 4: golgoaza ($79.40 in chips)
Seat 6: Lillafisen ($310.48 in chips)
Lillafisen: posts small blind $1
golgoaza: posts big blind $3
*** HOLE CARDS ***
Lillafisen: raises $3 to $6
golgoaza: folds
Uncalled bet ($3) returned to Lillafisen
Lillafisen collected $6 from pot
Lillafisen: doesn't show hand
*** SUMMARY ***
Total pot $6 | Rake $0
Seat 4: golgoaza (big blind) folded before Flop
Seat 6: Lillafisen (button) (small blind) collected ($6)


PokerStars Hand #145050337697:  Hold'em Limit ($3/$6 USD) - 2015/12/08 19:19:42 ET
Table 'Minerva II' 6-max Seat #4 is the button
Seat 4: golgoaza ($80.40 in chips)
Seat 6: Lillafisen ($309.48 in chips)
golgoaza: posts small blind $1
Lillafisen: posts big blind $3
*** HOLE CARDS ***
golgoaza: folds
Uncalled bet ($2) returned to Lillafisen
Lillafisen collected $2 from pot
Lillafisen: doesn't show hand
*** SUMMARY ***
Total pot $2 | Rake $0
Seat 4: golgoaza (button) (small blind) folded before Flop
Seat 6: Lillafisen (big blind) collected ($2)


PokerStars Hand #145050333664:  Hold'em Limit ($3/$6 USD) - 2015/12/08 19:19:36 ET
Table 'Minerva II' 6-max Seat #6 is the button
Seat 4: golgoaza ($83.40 in chips)
Seat 6: Lillafisen ($306.48 in chips)
Lillafisen: posts small blind $1
golgoaza: posts big blind $3
*** HOLE CARDS ***
Lillafisen: raises $3 to $6
golgoaza: folds
Uncalled bet ($3) returned to Lillafisen
Lillafisen collected $6 from pot
Lillafisen: doesn't show hand
*** SUMMARY ***
Total pot $6 | Rake $0
Seat 4: golgoaza (big blind) folded before Flop
Seat 6: Lillafisen (button) (small blind) collected ($6)


PokerStars Hand #145050325209:  Hold'em Limit ($3/$6 USD) - 2015/12/08 19:19:23 ET
Table 'Minerva II' 6-max Seat #4 is the button
Seat 4: golgoaza ($92.40 in chips)
Seat 6: Lillafisen ($297.84 in chips)
golgoaza: posts small blind $1
Lillafisen: posts big blind $3
*** HOLE CARDS ***
golgoaza: raises $3 to $6
Lillafisen: raises $3 to $9
golgoaza: calls $3
*** FLOP *** [Kh 6s 9d]
Lillafisen: bets $3
golgoaza: folds
Uncalled bet ($3) returned to Lillafisen
Lillafisen collected $17.64 from pot
Lillafisen: doesn't show hand
*** SUMMARY ***
Total pot $18 | Rake $0.36
Board [Kh 6s 9d]
Seat 4: golgoaza (button) (small blind) folded on the Flop
Seat 6: Lillafisen (big blind) collected ($17.64)


PokerStars Hand #145050377094:  Hold'em Limit ($3/$6 USD) - 2015/12/08 19:20:44 ET
Table 'Minerva II' 6-max Seat #4 is the button
Seat 4: golgoaza ($46.40 in chips)
Seat 6: Lillafisen ($342.62 in chips)
golgoaza: posts small blind $1
Lillafisen: posts big blind $3
*** HOLE CARDS ***
golgoaza: folds
Uncalled bet ($2) returned to Lillafisen
Lillafisen collected $2 from pot
Lillafisen: doesn't show hand
*** SUMMARY ***
Total pot $2 | Rake $0
Seat 4: golgoaza (button) (small blind) folded before Flop
Seat 6: Lillafisen (big blind) collected ($2)


PokerStars Hand #145050363178:  Hold'em Limit ($3/$6 USD) - 2015/12/08 19:20:22 ET
Table 'Minerva II' 6-max Seat #6 is the button
Seat 4: golgoaza ($55.40 in chips)
Seat 6: Lillafisen ($333.98 in chips)
Lillafisen: posts small blind $1
golgoaza: posts big blind $3
*** HOLE CARDS ***
Lillafisen: raises $3 to $6
golgoaza: calls $3
*** FLOP *** [3d 8h 6d]
golgoaza: checks
Lillafisen: bets $3
golgoaza: calls $3
*** TURN *** [3d 8h 6d] [Kc]
golgoaza: checks
Lillafisen: checks
*** RIVER *** [3d 8h 6d Kc] [9d]
golgoaza: checks
Lillafisen: checks
*** SHOW DOWN ***
golgoaza: shows [4s 7d] (high card King)
Lillafisen: shows [3s 7s] (a pair of Threes)
Lillafisen collected $17.64 from pot
sasha-petras joins the table at seat #3
*** SUMMARY ***
Total pot $18 | Rake $0.36
Board [3d 8h 6d Kc 9d]
Seat 4: golgoaza (big blind) showed [4s 7d] and lost with high card King
Seat 6: Lillafisen (button) (small blind) showed [3s 7s] and won ($17.64) with a pair of Threes


PokerStars Hand #145050344974:  Hold'em Limit ($3/$6 USD) - 2015/12/08 19:19:54 ET
Table 'Minerva II' 6-max Seat #4 is the button
Seat 4: golgoaza ($76.40 in chips)
Seat 6: Lillafisen ($313.48 in chips)
golgoaza: posts small blind $1
Lillafisen: posts big blind $3
*** HOLE CARDS ***
golgoaza: raises $3 to $6
Lillafisen: raises $3 to $9
golgoaza: calls $3
*** FLOP *** [4c 7h Kd]
Lillafisen: checks
golgoaza: checks
*** TURN *** [4c 7h Kd] [2s]
Lillafisen: checks
golgoaza: bets $6
Lillafisen: calls $6
*** RIVER *** [4c 7h Kd 2s] [6c]
Lillafisen: checks
golgoaza: bets $6
Lillafisen: calls $6
*** SHOW DOWN ***
golgoaza: shows [5h 2h] (a pair of Deuces)
Lillafisen: shows [2d Jd] (a pair of Deuces - King+Jack kicker)
Lillafisen collected $41.50 from pot
*** SUMMARY ***
Total pot $42 | Rake $0.50
Board [4c 7h Kd 2s 6c]
Seat 4: golgoaza (button) (small blind) showed [5h 2h] and lost with a pair of Deuces
Seat 6: Lillafisen (big blind) showed [2d Jd] and won ($41.50) with a pair of Deuces


PokerStars Hand #145055261797:  Hold'em Limit ($3/$6 USD) - 2015/12/08 22:04:50 ET
Table 'Minerva II' 6-max Seat #6 is the button
Seat 2: tabfpolis ($117.45 in chips)
Seat 6: karambakilla ($247.27 in chips)
pogi74 will be allowed to play after the button
karambakilla: posts small blind $1
tabfpolis: posts big blind $3
*** HOLE CARDS ***
karambakilla: raises $3 to $6
tabfpolis: calls $3
*** FLOP *** [Td Ah 6s]
tabfpolis: checks
karambakilla: bets $3
tabfpolis: calls $3
*** TURN *** [Td Ah 6s] [6h]
tabfpolis: checks
karambakilla: checks
*** RIVER *** [Td Ah 6s 6h] [Qc]
tabfpolis: bets $6
karambakilla: folds
Uncalled bet ($6) returned to tabfpolis
tabfpolis collected $17.64 from pot
tabfpolis: doesn't show hand
*** SUMMARY ***
Total pot $18 | Rake $0.36
Board [Td Ah 6s 6h Qc]
Seat 2: tabfpolis (big blind) collected ($17.64)
Seat 6: karambakilla (button) (small blind) folded on the River


PokerStars Hand #145058674688:  Hold'em Limit ($3/$6 USD) - 2015/12/09 1:18:43 ET
Table 'Minerva II' 6-max Seat #3 is the button
Seat 2: assitoni ($123.41 in chips)
Seat 3: scorpio04 ($105.93 in chips)
scorpio04: posts small blind $1
assitoni: posts big blind $3
*** HOLE CARDS ***
scorpio04: raises $3 to $6
assitoni: calls $3
*** FLOP *** [Ad 2c 2d]
assitoni: checks
scorpio04: bets $3
assitoni: folds
Uncalled bet ($3) returned to scorpio04
scorpio04 collected $11.76 from pot
scorpio04: doesn't show hand
*** SUMMARY ***
Total pot $12 | Rake $0.24
Board [Ad 2c 2d]
Seat 2: assitoni (big blind) folded on the Flop
Seat 3: scorpio04 (button) (small blind) collected ($11.76)


