PokerStars Hand #154423688529:  Hold'em Limit ($3/$6 USD) - 2016/06/07 14:02:15 ET
Table 'Minelava' 10-max Seat #1 is the button
Seat 1: Ale4o ($113 in chips)
Seat 10: ManuelSikora ($126.76 in chips)
Ale4o: posts small blind $1
ManuelSikora: posts big blind $3
*** HOLE CARDS ***
Ale4o: calls $2
ManuelSikora: raises $3 to $6
Ale4o: calls $3
*** FLOP *** [2h Ac 5s]
ManuelSikora: bets $3
Ale4o: calls $3
*** TURN *** [2h Ac 5s] [Ad]
ManuelSikora: bets $6
Ale4o: calls $6
*** RIVER *** [2h Ac 5s Ad] [9c]
ManuelSikora: bets $6
Ale4o: calls $6
*** SHOW DOWN ***
ManuelSikora: shows [Qs Ah] (three of a kind, Aces)
Ale4o: mucks hand
ManuelSikora collected $41.50 from pot
*** SUMMARY ***
Total pot $42 | Rake $0.50
Board [2h Ac 5s Ad 9c]
Seat 1: Ale4o (button) (small blind) mucked
Seat 10: ManuelSikora (big blind) showed [Qs Ah] and won ($41.50) with three of a kind, Aces


PokerStars Hand #154423678225:  Hold'em Limit ($3/$6 USD) - 2016/06/07 14:02:02 ET
Table 'Minelava' 10-max Seat #10 is the button
Seat 1: Ale4o ($119 in chips)
Seat 10: ManuelSikora ($121 in chips)
ManuelSikora: posts small blind $1
Ale4o: posts big blind $3
*** HOLE CARDS ***
ManuelSikora: raises $3 to $6
Ale4o: calls $3
*** FLOP *** [Ac 5d Th]
Ale4o: checks
ManuelSikora: bets $3
Ale4o: folds
Uncalled bet ($3) returned to ManuelSikora
ManuelSikora collected $11.76 from pot
ManuelSikora: doesn't show hand
*** SUMMARY ***
Total pot $12 | Rake $0.24
Board [Ac 5d Th]
Seat 1: Ale4o (big blind) folded on the Flop
Seat 10: ManuelSikora (button) (small blind) collected ($11.76)


PokerStars Hand #154423661696:  Hold'em Limit ($3/$6 USD) - 2016/06/07 14:01:41 ET
Table 'Minelava' 10-max Seat #1 is the button
Seat 1: Ale4o ($120 in chips)
Seat 10: ManuelSikora ($120 in chips)
GoliafUa has timed out
GoliafUa: is sitting out
Ale4o: posts small blind $1
ManuelSikora: posts big blind $3
*** HOLE CARDS ***
Ale4o: folds
Uncalled bet ($2) returned to ManuelSikora
ManuelSikora collected $2 from pot
ManuelSikora: doesn't show hand
*** SUMMARY ***
Total pot $2 | Rake $0
Seat 1: Ale4o (button) (small blind) folded before Flop
Seat 10: ManuelSikora (big blind) collected ($2)


PokerStars Hand #154423747437:  Hold'em Limit ($3/$6 USD) - 2016/06/07 14:03:18 ET
Table 'Minelava' 10-max Seat #1 is the button
Seat 1: Ale4o ($65 in chips)
Seat 10: ManuelSikora ($173.52 in chips)
Ale4o: posts small blind $1
ManuelSikora: posts big blind $3
*** HOLE CARDS ***
Ale4o: raises $3 to $6
ManuelSikora: calls $3
*** FLOP *** [Qd Ac Tc]
ManuelSikora: bets $3
Ale4o: raises $3 to $6
ManuelSikora: folds
Uncalled bet ($3) returned to Ale4o
Ale4o collected $17.64 from pot
Ale4o: doesn't show hand
*** SUMMARY ***
Total pot $18 | Rake $0.36
Board [Qd Ac Tc]
Seat 1: Ale4o (button) (small blind) collected ($17.64)
Seat 10: ManuelSikora (big blind) folded on the Flop


PokerStars Hand #154423731110:  Hold'em Limit ($3/$6 USD) - 2016/06/07 14:02:57 ET
Table 'Minelava' 10-max Seat #10 is the button
Seat 1: Ale4o ($89 in chips)
Seat 10: ManuelSikora ($150.02 in chips)
ManuelSikora: posts small blind $1
Ale4o: posts big blind $3
*** HOLE CARDS ***
ManuelSikora: raises $3 to $6
Ale4o: raises $3 to $9
ManuelSikora: calls $3
*** FLOP *** [6s 5s 2d]
Ale4o: bets $3
ManuelSikora: calls $3
*** TURN *** [6s 5s 2d] [Ts]
Ale4o: bets $6
ManuelSikora: calls $6
*** RIVER *** [6s 5s 2d Ts] [As]
Ale4o: checks
ManuelSikora: bets $6
Ale4o: calls $6
*** SHOW DOWN ***
ManuelSikora: shows [9s Ad] (a flush, Ace high)
Ale4o: mucks hand
ManuelSikora collected $47.50 from pot
*** SUMMARY ***
Total pot $48 | Rake $0.50
Board [6s 5s 2d Ts As]
Seat 1: Ale4o (big blind) mucked
Seat 10: ManuelSikora (button) (small blind) showed [9s Ad] and won ($47.50) with a flush, Ace high


PokerStars Hand #154423714332:  Hold'em Limit ($3/$6 USD) - 2016/06/07 14:02:48 ET
Table 'Minelava' 10-max Seat #1 is the button
Seat 1: Ale4o ($86 in chips)
Seat 10: ManuelSikora ($153.02 in chips)
Ale4o: posts small blind $1
ManuelSikora: posts big blind $3
*** HOLE CARDS ***
Ale4o: raises $3 to $6
ManuelSikora: folds
Uncalled bet ($3) returned to Ale4o
Ale4o collected $6 from pot
Ale4o: doesn't show hand
*** SUMMARY ***
Total pot $6 | Rake $0
Seat 1: Ale4o (button) (small blind) collected ($6)
Seat 10: ManuelSikora (big blind) folded before Flop


PokerStars Hand #154423704491:  Hold'em Limit ($3/$6 USD) - 2016/06/07 14:02:36 ET
Table 'Minelava' 10-max Seat #10 is the button
Seat 1: Ale4o ($92 in chips)
Seat 10: ManuelSikora ($147.26 in chips)
ManuelSikora: posts small blind $1
Ale4o: posts big blind $3
*** HOLE CARDS ***
ManuelSikora: raises $3 to $6
Ale4o: calls $3
*** FLOP *** [3c Kd Tc]
Ale4o: checks
ManuelSikora: bets $3
Ale4o: folds
Uncalled bet ($3) returned to ManuelSikora
ManuelSikora collected $11.76 from pot
ManuelSikora: doesn't show hand
*** SUMMARY ***
Total pot $12 | Rake $0.24
Board [3c Kd Tc]
Seat 1: Ale4o (big blind) folded on the Flop
Seat 10: ManuelSikora (button) (small blind) collected ($11.76)


PokerStars Hand #154423789488:  Hold'em Limit ($3/$6 USD) - 2016/06/07 14:04:11 ET
Table 'Minelava' 10-max Seat #10 is the button
Seat 1: Ale4o ($75.40 in chips)
Seat 10: ManuelSikora ($162.28 in chips)
ManuelSikora: posts small blind $1
Ale4o: posts big blind $3
*** HOLE CARDS ***
ManuelSikora: raises $3 to $6
Ale4o: raises $3 to $9
ManuelSikora: calls $3
*** FLOP *** [5d 7s Tc]
Ale4o: bets $3
ManuelSikora: raises $3 to $6
Ale4o: calls $3
*** TURN *** [5d 7s Tc] [7h]
Ale4o: checks
ManuelSikora: bets $6
Ale4o: calls $6
*** RIVER *** [5d 7s Tc 7h] [7c]
Ale4o: checks
ManuelSikora: bets $6
Ale4o: folds
Uncalled bet ($6) returned to ManuelSikora
ManuelSikora collected $41.50 from pot
ManuelSikora: doesn't show hand
*** SUMMARY ***
Total pot $42 | Rake $0.50
Board [5d 7s Tc 7h 7c]
Seat 1: Ale4o (big blind) folded on the River
Seat 10: ManuelSikora (button) (small blind) collected ($41.50)


PokerStars Hand #154423784631:  Hold'em Limit ($3/$6 USD) - 2016/06/07 14:04:05 ET
Table 'Minelava' 10-max Seat #1 is the button
Seat 1: Ale4o ($72.40 in chips)
Seat 10: ManuelSikora ($165.28 in chips)
Ale4o: posts small blind $1
ManuelSikora: posts big blind $3
*** HOLE CARDS ***
Ale4o: raises $3 to $6
ManuelSikora: folds
Uncalled bet ($3) returned to Ale4o
Ale4o collected $6 from pot
Ale4o: doesn't show hand
*** SUMMARY ***
Total pot $6 | Rake $0
Seat 1: Ale4o (button) (small blind) collected ($6)
Seat 10: ManuelSikora (big blind) folded before Flop


PokerStars Hand #154423774147:  Hold'em Limit ($3/$6 USD) - 2016/06/07 14:03:51 ET
Table 'Minelava' 10-max Seat #10 is the button
Seat 1: Ale4o ($78.40 in chips)
Seat 10: ManuelSikora ($159.52 in chips)
ManuelSikora: posts small blind $1
Ale4o: posts big blind $3
*** HOLE CARDS ***
ManuelSikora: raises $3 to $6
Ale4o: calls $3
*** FLOP *** [Ad Kc 6c]
Ale4o: checks
ManuelSikora: checks
*** TURN *** [Ad Kc 6c] [Th]
Ale4o: checks
ManuelSikora: checks
*** RIVER *** [Ad Kc 6c Th] [2h]
Ale4o: checks
ManuelSikora: checks
*** SHOW DOWN ***
Ale4o: shows [4d Qs] (high card Ace)
ManuelSikora: shows [Qd 9s] (high card Ace - King+Queen+Ten+Nine kicker)
ManuelSikora collected $11.76 from pot
*** SUMMARY ***
Total pot $12 | Rake $0.24
Board [Ad Kc 6c Th 2h]
Seat 1: Ale4o (big blind) showed [4d Qs] and lost with high card Ace
Seat 10: ManuelSikora (button) (small blind) showed [Qd 9s] and won ($11.76) with high card Ace


PokerStars Hand #154423770700:  Hold'em Limit ($3/$6 USD) - 2016/06/07 14:03:47 ET
Table 'Minelava' 10-max Seat #1 is the button
Seat 1: Ale4o ($79.40 in chips)
Seat 10: ManuelSikora ($158.52 in chips)
Ale4o: posts small blind $1
ManuelSikora: posts big blind $3
*** HOLE CARDS ***
Ale4o: folds
Uncalled bet ($2) returned to ManuelSikora
ManuelSikora collected $2 from pot
ManuelSikora: doesn't show hand
*** SUMMARY ***
Total pot $2 | Rake $0
Seat 1: Ale4o (button) (small blind) folded before Flop
Seat 10: ManuelSikora (big blind) collected ($2)


PokerStars Hand #154423760022:  Hold'em Limit ($3/$6 USD) - 2016/06/07 14:03:34 ET
Table 'Minelava' 10-max Seat #10 is the button
Seat 1: Ale4o ($73.64 in chips)
Seat 10: ManuelSikora ($164.52 in chips)
ManuelSikora: posts small blind $1
Ale4o: posts big blind $3
*** HOLE CARDS ***
ManuelSikora: raises $3 to $6
Ale4o: calls $3
*** FLOP *** [9d 3h 6d]
Ale4o: checks
ManuelSikora: checks
*** TURN *** [9d 3h 6d] [Tc]
Ale4o: bets $6
ManuelSikora: folds
Uncalled bet ($6) returned to Ale4o
Ale4o collected $11.76 from pot
Ale4o: doesn't show hand
*** SUMMARY ***
Total pot $12 | Rake $0.24
Board [9d 3h 6d Tc]
Seat 1: Ale4o (big blind) collected ($11.76)
Seat 10: ManuelSikora (button) (small blind) folded on the Turn


PokerStars Hand #154423803373:  Hold'em Limit ($3/$6 USD) - 2016/06/07 14:04:28 ET
Table 'Minelava' 10-max Seat #1 is the button
Seat 1: Ale4o ($162 in chips)
Seat 10: ManuelSikora ($182.78 in chips)
Ale4o: posts small blind $1
ManuelSikora: posts big blind $3
*** HOLE CARDS ***
Ale4o: raises $3 to $6
ManuelSikora: folds
Uncalled bet ($3) returned to Ale4o
Ale4o collected $6 from pot
Ale4o: doesn't show hand
*** SUMMARY ***
Total pot $6 | Rake $0
Seat 1: Ale4o (button) (small blind) collected ($6)
Seat 10: ManuelSikora (big blind) folded before Flop


