PokerStars Hand #167710456711:  Hold'em Limit ($3/$6 USD) - 2017/03/17 11:40:00 ET
Table 'Mineura' 6-max Seat #3 is the button
Seat 3: majekk ($125.64 in chips)
Seat 4: Actionni13 ($150 in chips)
majekk: posts small blind $1
Actionni13: posts big blind $3
*** HOLE CARDS ***
majekk: calls $2
Actionni13: raises $3 to $6
majekk: calls $3
*** FLOP *** [6h 2s Jc]
Actionni13: bets $3
majekk: calls $3
*** TURN *** [6h 2s Jc] [Qh]
Actionni13: bets $6
majekk: folds
Uncalled bet ($6) returned to Actionni13
Actionni13 collected $17.64 from pot
Actionni13: doesn't show hand
*** SUMMARY ***
Total pot $18 | Rake $0.36
Board [6h 2s Jc Qh]
Seat 3: majekk (button) (small blind) folded on the Turn
Seat 4: Actionni13 (big blind) collected ($17.64)


PokerStars Hand #167710442163:  Hold'em Limit ($3/$6 USD) - 2017/03/17 11:39:37 ET
Table 'Mineura' 6-max Seat #4 is the button
Seat 3: majekk ($117 in chips)
Seat 4: Actionni13 ($152.88 in chips)
Actionni13: posts small blind $1
majekk: posts big blind $3
*** HOLE CARDS ***
Actionni13: raises $3 to $6
majekk: calls $3
*** FLOP *** [Kh 9h Th]
majekk: checks
Actionni13: bets $3
majekk: calls $3
*** TURN *** [Kh 9h Th] [9s]
majekk: checks
Actionni13: checks
*** RIVER *** [Kh 9h Th 9s] [3c]
majekk: bets $6
Actionni13: folds
Uncalled bet ($6) returned to majekk
majekk collected $17.64 from pot
majekk: doesn't show hand
*** SUMMARY ***
Total pot $18 | Rake $0.36
Board [Kh 9h Th 9s 3c]
Seat 3: majekk (big blind) collected ($17.64)
Seat 4: Actionni13 (button) (small blind) folded on the River


PokerStars Hand #167710493295:  Hold'em Limit ($3/$6 USD) - 2017/03/17 11:40:55 ET
Table 'Mineura' 6-max Seat #3 is the button
Seat 3: majekk ($83.64 in chips)
Seat 4: Actionni13 ($191.14 in chips)
majekk: posts small blind $1
Actionni13: posts big blind $3
*** HOLE CARDS ***
majekk: raises $3 to $6
Actionni13: calls $3
*** FLOP *** [Kd 6s 5d]
Actionni13: checks
majekk: bets $3
Actionni13: raises $3 to $6
majekk: calls $3
*** TURN *** [Kd 6s 5d] [9c]
Actionni13: bets $6
majekk: folds
Uncalled bet ($6) returned to Actionni13
Actionni13 collected $23.52 from pot
Actionni13: doesn't show hand
*** SUMMARY ***
Total pot $24 | Rake $0.48
Board [Kd 6s 5d 9c]
Seat 3: majekk (button) (small blind) folded on the Turn
Seat 4: Actionni13 (big blind) collected ($23.52)


PokerStars Hand #167710469474:  Hold'em Limit ($3/$6 USD) - 2017/03/17 11:40:21 ET
Table 'Mineura' 6-max Seat #4 is the button
Seat 3: majekk ($116.64 in chips)
Seat 4: Actionni13 ($158.64 in chips)
Actionni13: posts small blind $1
majekk: posts big blind $3
*** HOLE CARDS ***
Actionni13: raises $3 to $6
majekk: calls $3
*** FLOP *** [2h 9d Kh]
majekk: checks
Actionni13: bets $3
majekk: calls $3
*** TURN *** [2h 9d Kh] [Td]
majekk: checks
Actionni13: bets $6
majekk: raises $6 to $12
Actionni13: calls $6
*** RIVER *** [2h 9d Kh Td] [Th]
majekk: bets $6
Actionni13: raises $6 to $12
majekk: calls $6
*** SHOW DOWN ***
Actionni13: shows [Ts 8d] (three of a kind, Tens)
majekk: mucks hand
Actionni13 collected $65.50 from pot
*** SUMMARY ***
Total pot $66 | Rake $0.50
Board [2h 9d Kh Td Th]
Seat 3: majekk (big blind) mucked
Seat 4: Actionni13 (button) (small blind) showed [Ts 8d] and won ($65.50) with three of a kind, Tens


PokerStars Hand #167710466552:  Hold'em Limit ($3/$6 USD) - 2017/03/17 11:40:16 ET
Table 'Mineura' 6-max Seat #3 is the button
Seat 3: majekk ($117.64 in chips)
Seat 4: Actionni13 ($157.64 in chips)
majekk: posts small blind $1
Actionni13: posts big blind $3
*** HOLE CARDS ***
majekk: folds
Uncalled bet ($2) returned to Actionni13
Actionni13 collected $2 from pot
Actionni13: doesn't show hand
*** SUMMARY ***
Total pot $2 | Rake $0
Seat 3: majekk (button) (small blind) folded before Flop
Seat 4: Actionni13 (big blind) collected ($2)


PokerStars Hand #167710463754:  Hold'em Limit ($3/$6 USD) - 2017/03/17 11:40:12 ET
Table 'Mineura' 6-max Seat #4 is the button
Seat 3: majekk ($116.64 in chips)
Seat 4: Actionni13 ($158.64 in chips)
Actionni13: posts small blind $1
majekk: posts big blind $3
*** HOLE CARDS ***
Actionni13: folds
Uncalled bet ($2) returned to majekk
majekk collected $2 from pot
majekk: doesn't show hand
*** SUMMARY ***
Total pot $2 | Rake $0
Seat 3: majekk (big blind) collected ($2)
Seat 4: Actionni13 (button) (small blind) folded before Flop


PokerStars Hand #167710535897:  Hold'em Limit ($3/$6 USD) - 2017/03/17 11:42:02 ET
Table 'Mineura' 6-max Seat #4 is the button
Seat 3: majekk ($115.90 in chips)
Seat 4: Actionni13 ($157.66 in chips)
Actionni13: posts small blind $1
majekk: posts big blind $3
*** HOLE CARDS ***
Actionni13: folds
Uncalled bet ($2) returned to majekk
majekk collected $2 from pot
majekk: doesn't show hand
*** SUMMARY ***
Total pot $2 | Rake $0
Seat 3: majekk (big blind) collected ($2)
Seat 4: Actionni13 (button) (small blind) folded before Flop


PokerStars Hand #167710523371:  Hold'em Limit ($3/$6 USD) - 2017/03/17 11:41:42 ET
Table 'Mineura' 6-max Seat #3 is the button
Seat 3: majekk ($110.14 in chips)
Seat 4: Actionni13 ($163.66 in chips)
majekk: posts small blind $1
Actionni13: posts big blind $3
*** HOLE CARDS ***
majekk: raises $3 to $6
Actionni13: calls $3
*** FLOP *** [Tc 3h Jc]
Actionni13: checks
majekk: bets $3
Actionni13: folds
Uncalled bet ($3) returned to majekk
majekk collected $11.76 from pot
majekk: doesn't show hand
*** SUMMARY ***
Total pot $12 | Rake $0.24
Board [Tc 3h Jc]
Seat 3: majekk (button) (small blind) collected ($11.76)
Seat 4: Actionni13 (big blind) folded on the Flop


PokerStars Hand #167710501768:  Hold'em Limit ($3/$6 USD) - 2017/03/17 11:41:08 ET
Table 'Mineura' 6-max Seat #4 is the button
Seat 3: majekk ($71.64 in chips)
Seat 4: Actionni13 ($202.66 in chips)
Actionni13: posts small blind $1
majekk: posts big blind $3
*** HOLE CARDS ***
Actionni13: raises $3 to $6
majekk: calls $3
*** FLOP *** [Qh 2c 2s]
majekk: checks
Actionni13: bets $3
majekk: calls $3
*** TURN *** [Qh 2c 2s] [Th]
majekk: checks
Actionni13: bets $6
majekk: raises $6 to $12
Actionni13: raises $6 to $18
majekk: raises $6 to $24
Betting is capped
Actionni13: calls $6
*** RIVER *** [Qh 2c 2s Th] [9d]
majekk: bets $6
Actionni13: calls $6
*** SHOW DOWN ***
majekk: shows [2d 7d] (three of a kind, Deuces)
Actionni13: mucks hand
majekk collected $77.50 from pot
*** SUMMARY ***
Total pot $78 | Rake $0.50
Board [Qh 2c 2s Th 9d]
Seat 3: majekk (big blind) showed [2d 7d] and won ($77.50) with three of a kind, Deuces
Seat 4: Actionni13 (button) (small blind) mucked


PokerStars Hand #167710563895:  Hold'em Limit ($3/$6 USD) - 2017/03/17 11:42:46 ET
Table 'Mineura' 6-max Seat #3 is the button
Seat 3: majekk ($125.40 in chips)
Seat 4: Actionni13 ($150 in chips)
majekk: posts small blind $1
Actionni13: posts big blind $3
*** HOLE CARDS ***
majekk: raises $3 to $6
Actionni13: calls $3
*** FLOP *** [8s Td 9d]
Actionni13: checks
majekk: checks
*** TURN *** [8s Td 9d] [4d]
Actionni13: checks
majekk: bets $6
Actionni13: folds
Uncalled bet ($6) returned to majekk
majekk collected $11.76 from pot
majekk: doesn't show hand
*** SUMMARY ***
Total pot $12 | Rake $0.24
Board [8s Td 9d 4d]
Seat 3: majekk (button) (small blind) collected ($11.76)
Seat 4: Actionni13 (big blind) folded on the Turn


PokerStars Hand #167710551263:  Hold'em Limit ($3/$6 USD) - 2017/03/17 11:42:26 ET
Table 'Mineura' 6-max Seat #4 is the button
Seat 3: majekk ($98.90 in chips)
Seat 4: Actionni13 ($174.16 in chips)
Actionni13: posts small blind $1
majekk: posts big blind $3
*** HOLE CARDS ***
Actionni13: raises $3 to $6
majekk: calls $3
*** FLOP *** [4h 9h Ks]
majekk: checks
Actionni13: bets $3
majekk: calls $3
*** TURN *** [4h 9h Ks] [2h]
majekk: checks
Actionni13: bets $6
majekk: raises $6 to $12
Actionni13: raises $6 to $18
majekk: calls $6
*** RIVER *** [4h 9h Ks 2h] [6d]
majekk: checks
Actionni13: checks
*** SHOW DOWN ***
majekk: shows [Qc 9c] (a pair of Nines)
Actionni13: mucks hand
majekk collected $53.50 from pot
*** SUMMARY ***
Total pot $54 | Rake $0.50
Board [4h 9h Ks 2h 6d]
Seat 3: majekk (big blind) showed [Qc 9c] and won ($53.50) with a pair of Nines
Seat 4: Actionni13 (button) (small blind) mucked


PokerStars Hand #167710539126:  Hold'em Limit ($3/$6 USD) - 2017/03/17 11:42:07 ET
Table 'Mineura' 6-max Seat #3 is the button
Seat 3: majekk ($116.90 in chips)
Seat 4: Actionni13 ($156.66 in chips)
majekk: posts small blind $1
Actionni13: posts big blind $3
*** HOLE CARDS ***
majekk: raises $3 to $6
Actionni13: calls $3
*** FLOP *** [2s Jc 4c]
Actionni13: checks
majekk: checks
*** TURN *** [2s Jc 4c] [3h]
Actionni13: bets $6
majekk: calls $6
*** RIVER *** [2s Jc 4c 3h] [Ac]
Actionni13: bets $6
majekk: calls $6
*** SHOW DOWN ***
Actionni13: shows [Ad 2c] (two pair, Aces and Deuces)
majekk: mucks hand
Actionni13 collected $35.50 from pot
*** SUMMARY ***
Total pot $36 | Rake $0.50
Board [2s Jc 4c 3h Ac]
Seat 3: majekk (button) (small blind) mucked
Seat 4: Actionni13 (big blind) showed [Ad 2c] and won ($35.50) with two pair, Aces and Deuces


PokerStars Hand #167710608560:  Hold'em Limit ($3/$6 USD) - 2017/03/17 11:43:56 ET
Table 'Mineura' 6-max Seat #3 is the button
Seat 3: majekk ($114.80 in chips)
Seat 4: Actionni13 ($165.04 in chips)
majekk: posts small blind $1
Actionni13: posts big blind $3
*** HOLE CARDS ***
majekk: raises $3 to $6
Actionni13: folds
Uncalled bet ($3) returned to majekk
majekk collected $6 from pot
majekk: doesn't show hand
*** SUMMARY ***
Total pot $6 | Rake $0
Seat 3: majekk (button) (small blind) collected ($6)
Seat 4: Actionni13 (big blind) folded before Flop


PokerStars Hand #167710601216:  Hold'em Limit ($3/$6 USD) - 2017/03/17 11:43:45 ET
Table 'Mineura' 6-max Seat #4 is the button
Seat 3: majekk ($120.80 in chips)
Seat 4: Actionni13 ($159.28 in chips)
Actionni13: posts small blind $1
majekk: posts big blind $3
*** HOLE CARDS ***
Actionni13: raises $3 to $6
majekk: calls $3
*** FLOP *** [As Qs Qd]
majekk: checks
Actionni13: bets $3
majekk: folds
Uncalled bet ($3) returned to Actionni13
Actionni13 collected $11.76 from pot
Actionni13: doesn't show hand
*** SUMMARY ***
Total pot $12 | Rake $0.24
Board [As Qs Qd]
Seat 3: majekk (big blind) folded on the Flop
Seat 4: Actionni13 (button) (small blind) collected ($11.76)


PokerStars Hand #167710598168:  Hold'em Limit ($3/$6 USD) - 2017/03/17 11:43:40 ET
Table 'Mineura' 6-max Seat #3 is the button
Seat 3: majekk ($121.80 in chips)
Seat 4: Actionni13 ($158.28 in chips)
majekk: posts small blind $1
Actionni13: posts big blind $3
*** HOLE CARDS ***
majekk: folds
Uncalled bet ($2) returned to Actionni13
Actionni13 collected $2 from pot
Actionni13: doesn't show hand
*** SUMMARY ***
Total pot $2 | Rake $0
Seat 3: majekk (button) (small blind) folded before Flop
Seat 4: Actionni13 (big blind) collected ($2)


PokerStars Hand #167710592312:  Hold'em Limit ($3/$6 USD) - 2017/03/17 11:43:31 ET
Table 'Mineura' 6-max Seat #4 is the button
Seat 3: majekk ($113.16 in chips)
Seat 4: Actionni13 ($167.28 in chips)
Actionni13: posts small blind $1
majekk: posts big blind $3
*** HOLE CARDS ***
Actionni13: raises $3 to $6
majekk: raises $3 to $9
Actionni13: calls $3
*** FLOP *** [Qh 2s Tc]
majekk: bets $3
Actionni13: folds
Uncalled bet ($3) returned to majekk
majekk collected $17.64 from pot
majekk: doesn't show hand
*** SUMMARY ***
Total pot $18 | Rake $0.36
Board [Qh 2s Tc]
Seat 3: majekk (big blind) collected ($17.64)
Seat 4: Actionni13 (button) (small blind) folded on the Flop


PokerStars Hand #167710583655:  Hold'em Limit ($3/$6 USD) - 2017/03/17 11:43:17 ET
Table 'Mineura' 6-max Seat #3 is the button
Seat 3: majekk ($122.16 in chips)
Seat 4: Actionni13 ($158.64 in chips)
majekk: posts small blind $1
Actionni13: posts big blind $3
*** HOLE CARDS ***
majekk: raises $3 to $6
Actionni13: calls $3
*** FLOP *** [Th 5c 6h]
Actionni13: bets $3
majekk: calls $3
*** TURN *** [Th 5c 6h] [Kh]
Actionni13: bets $6
majekk: folds
Uncalled bet ($6) returned to Actionni13
Actionni13 collected $17.64 from pot
Actionni13: doesn't show hand
*** SUMMARY ***
Total pot $18 | Rake $0.36
Board [Th 5c 6h Kh]
Seat 3: majekk (button) (small blind) folded on the Turn
Seat 4: Actionni13 (big blind) collected ($17.64)


PokerStars Hand #167710572165:  Hold'em Limit ($3/$6 USD) - 2017/03/17 11:42:59 ET
Table 'Mineura' 6-max Seat #4 is the button
Seat 3: majekk ($131.16 in chips)
Seat 4: Actionni13 ($150 in chips)
Actionni13: posts small blind $1
majekk: posts big blind $3
*** HOLE CARDS ***
Actionni13: raises $3 to $6
majekk: calls $3
*** FLOP *** [2c Ks Kc]
majekk: checks
Actionni13: bets $3
majekk: calls $3
*** TURN *** [2c Ks Kc] [8h]
majekk: checks
Actionni13: checks
*** RIVER *** [2c Ks Kc 8h] [5d]
majekk: checks
Actionni13: checks
*** SHOW DOWN ***
majekk: shows [Qd 7d] (a pair of Kings)
Actionni13: shows [Th Qc] (a pair of Kings - Queen+Ten kicker)
Actionni13 collected $17.64 from pot
*** SUMMARY ***
Total pot $18 | Rake $0.36
Board [2c Ks Kc 8h 5d]
Seat 3: majekk (big blind) showed [Qd 7d] and lost with a pair of Kings
Seat 4: Actionni13 (button) (small blind) showed [Th Qc] and won ($17.64) with a pair of Kings


PokerStars Hand #167710639440:  Hold'em Limit ($3/$6 USD) - 2017/03/17 11:44:44 ET
Table 'Mineura' 6-max Seat #3 is the button
Seat 3: majekk ($68.80 in chips)
Seat 4: Actionni13 ($210.04 in chips)
majekk: posts small blind $1
Actionni13: posts big blind $3
*** HOLE CARDS ***
majekk: raises $3 to $6
Actionni13: calls $3
*** FLOP *** [3s 3d 9s]
Actionni13: checks
majekk: bets $3
Actionni13: calls $3
*** TURN *** [3s 3d 9s] [7s]
Actionni13: checks
majekk: bets $6
Actionni13: calls $6
*** RIVER *** [3s 3d 9s 7s] [2c]
Actionni13: checks
majekk: bets $6
Actionni13: folds
Uncalled bet ($6) returned to majekk
majekk collected $29.50 from pot
majekk: doesn't show hand
*** SUMMARY ***
Total pot $30 | Rake $0.50
Board [3s 3d 9s 7s 2c]
Seat 3: majekk (button) (small blind) collected ($29.50)
Seat 4: Actionni13 (big blind) folded on the River


PokerStars Hand #167710628905:  Hold'em Limit ($3/$6 USD) - 2017/03/17 11:44:28 ET
Table 'Mineura' 6-max Seat #4 is the button
Seat 3: majekk ($98.80 in chips)
Seat 4: Actionni13 ($180.54 in chips)
Actionni13: posts small blind $1
majekk: posts big blind $3
*** HOLE CARDS ***
Actionni13: raises $3 to $6
majekk: raises $3 to $9
Actionni13: calls $3
*** FLOP *** [Kh Qh 2s]
majekk: bets $3
Actionni13: calls $3
*** TURN *** [Kh Qh 2s] [2d]
majekk: bets $6
Actionni13: raises $6 to $12
majekk: calls $6
*** RIVER *** [Kh Qh 2s 2d] [Ts]
majekk: checks
Actionni13: bets $6
majekk: calls $6
*** SHOW DOWN ***
Actionni13: shows [Kd 7h] (two pair, Kings and Deuces)
majekk: mucks hand
Actionni13 collected $59.50 from pot
*** SUMMARY ***
Total pot $60 | Rake $0.50
Board [Kh Qh 2s 2d Ts]
Seat 3: majekk (big blind) mucked
Seat 4: Actionni13 (button) (small blind) showed [Kd 7h] and won ($59.50) with two pair, Kings and Deuces


PokerStars Hand #167710626000:  Hold'em Limit ($3/$6 USD) - 2017/03/17 11:44:23 ET
Table 'Mineura' 6-max Seat #3 is the button
Seat 3: majekk ($99.80 in chips)
Seat 4: Actionni13 ($179.54 in chips)
majekk: posts small blind $1
Actionni13: posts big blind $3
*** HOLE CARDS ***
majekk: folds
Uncalled bet ($2) returned to Actionni13
Actionni13 collected $2 from pot
Actionni13: doesn't show hand
*** SUMMARY ***
Total pot $2 | Rake $0
Seat 3: majekk (button) (small blind) folded before Flop
Seat 4: Actionni13 (big blind) collected ($2)


PokerStars Hand #167710612201:  Hold'em Limit ($3/$6 USD) - 2017/03/17 11:44:02 ET
Table 'Mineura' 6-max Seat #4 is the button
Seat 3: majekk ($117.80 in chips)
Seat 4: Actionni13 ($162.04 in chips)
Actionni13: posts small blind $1
majekk: posts big blind $3
*** HOLE CARDS ***
Actionni13: raises $3 to $6
majekk: raises $3 to $9
Actionni13: calls $3
*** FLOP *** [8d Qc Qd]
majekk: bets $3
Actionni13: calls $3
*** TURN *** [8d Qc Qd] [3h]
majekk: bets $6
Actionni13: raises $6 to $12
majekk: folds
Uncalled bet ($6) returned to Actionni13
Actionni13 collected $35.50 from pot
Actionni13: doesn't show hand
*** SUMMARY ***
Total pot $36 | Rake $0.50
Board [8d Qc Qd 3h]
Seat 3: majekk (big blind) folded on the Turn
Seat 4: Actionni13 (button) (small blind) collected ($35.50)


PokerStars Hand #167710691256:  Hold'em Limit ($3/$6 USD) - 2017/03/17 11:46:06 ET
Table 'Mineura' 6-max Seat #3 is the button
Seat 3: majekk ($140.94 in chips)
Seat 4: Actionni13 ($150 in chips)
majekk: posts small blind $1
Actionni13: posts big blind $3
*** HOLE CARDS ***
majekk: folds
Uncalled bet ($2) returned to Actionni13
Actionni13 collected $2 from pot
Actionni13: doesn't show hand
*** SUMMARY ***
Total pot $2 | Rake $0
Seat 3: majekk (button) (small blind) folded before Flop
Seat 4: Actionni13 (big blind) collected ($2)


PokerStars Hand #167710678830:  Hold'em Limit ($3/$6 USD) - 2017/03/17 11:45:46 ET
Table 'Mineura' 6-max Seat #4 is the button
Seat 3: majekk ($120.44 in chips)
Seat 4: Actionni13 ($157.04 in chips)
Actionni13: posts small blind $1
majekk: posts big blind $3
*** HOLE CARDS ***
Actionni13: raises $3 to $6
majekk: calls $3
*** FLOP *** [Qc 6h Qs]
majekk: checks
Actionni13: bets $3
majekk: calls $3
*** TURN *** [Qc 6h Qs] [8d]
majekk: checks
Actionni13: bets $6
majekk: raises $6 to $12
Actionni13: calls $6
*** RIVER *** [Qc 6h Qs 8d] [9c]
majekk: checks
Actionni13: checks
*** SHOW DOWN ***
majekk: shows [6s 8s] (two pair, Queens and Eights)
Actionni13: mucks hand
majekk collected $41.50 from pot
*** SUMMARY ***
Total pot $42 | Rake $0.50
Board [Qc 6h Qs 8d 9c]
Seat 3: majekk (big blind) showed [6s 8s] and won ($41.50) with two pair, Queens and Eights
Seat 4: Actionni13 (button) (small blind) mucked


PokerStars Hand #167710676070:  Hold'em Limit ($3/$6 USD) - 2017/03/17 11:45:42 ET
Table 'Mineura' 6-max Seat #3 is the button
Seat 3: majekk ($121.44 in chips)
Seat 4: Actionni13 ($156.04 in chips)
majekk: posts small blind $1
Actionni13: posts big blind $3
*** HOLE CARDS ***
majekk: folds
Uncalled bet ($2) returned to Actionni13
Actionni13 collected $2 from pot
Actionni13: doesn't show hand
*** SUMMARY ***
Total pot $2 | Rake $0
Seat 3: majekk (button) (small blind) folded before Flop
Seat 4: Actionni13 (big blind) collected ($2)


PokerStars Hand #167710663049:  Hold'em Limit ($3/$6 USD) - 2017/03/17 11:45:21 ET
Table 'Mineura' 6-max Seat #4 is the button
Seat 3: majekk ($94.94 in chips)
Seat 4: Actionni13 ($183.04 in chips)
Actionni13: posts small blind $1
majekk: posts big blind $3
*** HOLE CARDS ***
Actionni13: raises $3 to $6
majekk: calls $3
*** FLOP *** [Qc 3c Ts]
majekk: checks
Actionni13: bets $3
majekk: calls $3
*** TURN *** [Qc 3c Ts] [6c]
majekk: checks
Actionni13: bets $6
majekk: raises $6 to $12
Actionni13: raises $6 to $18
majekk: calls $6
*** RIVER *** [Qc 3c Ts 6c] [Ks]
majekk: checks
Actionni13: checks
*** SHOW DOWN ***
majekk: shows [2h Qs] (a pair of Queens)
Actionni13: mucks hand
majekk collected $53.50 from pot
*** SUMMARY ***
Total pot $54 | Rake $0.50
Board [Qc 3c Ts 6c Ks]
Seat 3: majekk (big blind) showed [2h Qs] and won ($53.50) with a pair of Queens
Seat 4: Actionni13 (button) (small blind) mucked


PokerStars Hand #167710659666:  Hold'em Limit ($3/$6 USD) - 2017/03/17 11:45:16 ET
Table 'Mineura' 6-max Seat #3 is the button
Seat 3: majekk ($91.94 in chips)
Seat 4: Actionni13 ($186.04 in chips)
majekk: posts small blind $1
Actionni13: posts big blind $3
*** HOLE CARDS ***
majekk: raises $3 to $6
Actionni13: folds
Uncalled bet ($3) returned to majekk
majekk collected $6 from pot
majekk: doesn't show hand
*** SUMMARY ***
Total pot $6 | Rake $0
Seat 3: majekk (button) (small blind) collected ($6)
Seat 4: Actionni13 (big blind) folded before Flop


PokerStars Hand #167710650374:  Hold'em Limit ($3/$6 USD) - 2017/03/17 11:45:02 ET
Table 'Mineura' 6-max Seat #4 is the button
Seat 3: majekk ($83.30 in chips)
Seat 4: Actionni13 ($195.04 in chips)
Actionni13: posts small blind $1
majekk: posts big blind $3
*** HOLE CARDS ***
Actionni13: raises $3 to $6
majekk: calls $3
*** FLOP *** [5d 6c 7s]
majekk: checks
Actionni13: bets $3
majekk: calls $3
*** TURN *** [5d 6c 7s] [Qc]
majekk: checks
Actionni13: checks
*** RIVER *** [5d 6c 7s Qc] [Td]
majekk: bets $6
Actionni13: folds
Uncalled bet ($6) returned to majekk
majekk collected $17.64 from pot
majekk: doesn't show hand
*** SUMMARY ***
Total pot $18 | Rake $0.36
Board [5d 6c 7s Qc Td]
Seat 3: majekk (big blind) collected ($17.64)
Seat 4: Actionni13 (button) (small blind) folded on the River


PokerStars Hand #167710716815:  Hold'em Limit ($3/$6 USD) - 2017/03/17 11:46:46 ET
Table 'Mineura' 6-max Seat #4 is the button
Seat 3: majekk ($124.70 in chips)
Seat 4: Actionni13 ($171.50 in chips)
Actionni13: posts small blind $1
majekk: posts big blind $3
*** HOLE CARDS ***
Actionni13: raises $3 to $6
majekk: calls $3
*** FLOP *** [6d Kc 4s]
majekk: checks
Actionni13: bets $3
majekk: calls $3
*** TURN *** [6d Kc 4s] [Jh]
majekk: checks
Actionni13: checks
*** RIVER *** [6d Kc 4s Jh] [7h]
majekk: checks
Actionni13: checks
*** SHOW DOWN ***
majekk: shows [8d 4d] (a pair of Fours)
Actionni13: mucks hand
majekk collected $17.64 from pot
*** SUMMARY ***
Total pot $18 | Rake $0.36
Board [6d Kc 4s Jh 7h]
Seat 3: majekk (big blind) showed [8d 4d] and won ($17.64) with a pair of Fours
Seat 4: Actionni13 (button) (small blind) mucked


PokerStars Hand #167710714157:  Hold'em Limit ($3/$6 USD) - 2017/03/17 11:46:41 ET
Table 'Mineura' 6-max Seat #3 is the button
Seat 3: majekk ($125.70 in chips)
Seat 4: Actionni13 ($170.50 in chips)
majekk: posts small blind $1
Actionni13: posts big blind $3
*** HOLE CARDS ***
majekk: folds
Uncalled bet ($2) returned to Actionni13
Actionni13 collected $2 from pot
Actionni13: doesn't show hand
*** SUMMARY ***
Total pot $2 | Rake $0
Seat 3: majekk (button) (small blind) folded before Flop
Seat 4: Actionni13 (big blind) collected ($2)


PokerStars Hand #167710705014:  Hold'em Limit ($3/$6 USD) - 2017/03/17 11:46:27 ET
Table 'Mineura' 6-max Seat #4 is the button
Seat 3: majekk ($146.70 in chips)
Seat 4: Actionni13 ($150 in chips)
Actionni13: posts small blind $1
majekk: posts big blind $3
*** HOLE CARDS ***
Actionni13: raises $3 to $6
majekk: calls $3
*** FLOP *** [Qd Qs 4c]
majekk: checks
Actionni13: bets $3
majekk: calls $3
*** TURN *** [Qd Qs 4c] [Ac]
majekk: checks
Actionni13: bets $6
majekk: raises $6 to $12
Actionni13: raises $6 to $18
majekk: folds
Uncalled bet ($6) returned to Actionni13
Actionni13 collected $41.50 from pot
Actionni13: doesn't show hand
*** SUMMARY ***
Total pot $42 | Rake $0.50
Board [Qd Qs 4c Ac]
Seat 3: majekk (big blind) folded on the Turn
Seat 4: Actionni13 (button) (small blind) collected ($41.50)


PokerStars Hand #167710698291:  Hold'em Limit ($3/$6 USD) - 2017/03/17 11:46:17 ET
Table 'Mineura' 6-max Seat #3 is the button
Seat 3: majekk ($140.94 in chips)
Seat 4: Actionni13 ($150 in chips)
majekk: posts small blind $1
Actionni13: posts big blind $3
*** HOLE CARDS ***
majekk: raises $3 to $6
Actionni13: calls $3
*** FLOP *** [4c 8h Tc]
Actionni13: checks
majekk: bets $3
Actionni13: folds
Uncalled bet ($3) returned to majekk
majekk collected $11.76 from pot
majekk: doesn't show hand
*** SUMMARY ***
Total pot $12 | Rake $0.24
Board [4c 8h Tc]
Seat 3: majekk (button) (small blind) collected ($11.76)
Seat 4: Actionni13 (big blind) folded on the Flop


PokerStars Hand #167710694012:  Hold'em Limit ($3/$6 USD) - 2017/03/17 11:46:10 ET
Table 'Mineura' 6-max Seat #4 is the button
Seat 3: majekk ($139.94 in chips)
Seat 4: Actionni13 ($151 in chips)
Actionni13: posts small blind $1
majekk: posts big blind $3
*** HOLE CARDS ***
Actionni13: folds
Uncalled bet ($2) returned to majekk
majekk collected $2 from pot
majekk: doesn't show hand
*** SUMMARY ***
Total pot $2 | Rake $0
Seat 3: majekk (big blind) collected ($2)
Seat 4: Actionni13 (button) (small blind) folded before Flop


PokerStars Hand #167710745542:  Hold'em Limit ($3/$6 USD) - 2017/03/17 11:47:31 ET
Table 'Mineura' 6-max Seat #3 is the button
Seat 3: majekk ($144.86 in chips)
Seat 4: Actionni13 ($150.50 in chips)
majekk: posts small blind $1
Actionni13: posts big blind $3
*** HOLE CARDS ***
majekk: calls $2
Actionni13: checks
*** FLOP *** [6d 9d 9s]
Actionni13: bets $3
majekk: raises $3 to $6
Actionni13: raises $3 to $9
majekk: calls $3
*** TURN *** [6d 9d 9s] [Kh]
Actionni13: bets $6
majekk: calls $6
*** RIVER *** [6d 9d 9s Kh] [6h]
Actionni13: bets $6
majekk: folds
Uncalled bet ($6) returned to Actionni13
Actionni13 collected $35.50 from pot
Actionni13: doesn't show hand
*** SUMMARY ***
Total pot $36 | Rake $0.50
Board [6d 9d 9s Kh 6h]
Seat 3: majekk (button) (small blind) folded on the River
Seat 4: Actionni13 (big blind) collected ($35.50)


PokerStars Hand #167710734452:  Hold'em Limit ($3/$6 USD) - 2017/03/17 11:47:13 ET
Table 'Mineura' 6-max Seat #4 is the button
Seat 3: majekk ($136.22 in chips)
Seat 4: Actionni13 ($159.50 in chips)
Actionni13: posts small blind $1
majekk: posts big blind $3
*** HOLE CARDS ***
Actionni13: raises $3 to $6
majekk: calls $3
*** FLOP *** [5d 9s Jh]
majekk: checks
Actionni13: bets $3
majekk: calls $3
*** TURN *** [5d 9s Jh] [6c]
majekk: checks
Actionni13: checks
*** RIVER *** [5d 9s Jh 6c] [4h]
majekk: checks
Actionni13: checks
*** SHOW DOWN ***
majekk: shows [As 2s] (high card Ace)
Actionni13: mucks hand
majekk collected $17.64 from pot
*** SUMMARY ***
Total pot $18 | Rake $0.36
Board [5d 9s Jh 6c 4h]
Seat 3: majekk (big blind) showed [As 2s] and won ($17.64) with high card Ace
Seat 4: Actionni13 (button) (small blind) mucked


PokerStars Hand #167710725403:  Hold'em Limit ($3/$6 USD) - 2017/03/17 11:46:59 ET
Table 'Mineura' 6-max Seat #3 is the button
Seat 3: majekk ($133.34 in chips)
Seat 4: Actionni13 ($162.50 in chips)
majekk: posts small blind $1
Actionni13: posts big blind $3
*** HOLE CARDS ***
majekk: calls $2
Actionni13: checks
*** FLOP *** [2s 4h 3h]
Actionni13: checks
majekk: checks
*** TURN *** [2s 4h 3h] [2h]
Actionni13: checks
majekk: checks
*** RIVER *** [2s 4h 3h 2h] [5c]
Actionni13: checks
majekk: checks
*** SHOW DOWN ***
Actionni13: shows [7c Qh] (a pair of Deuces)
majekk: shows [As Td] (a straight, Ace to Five)
majekk collected $5.88 from pot
*** SUMMARY ***
Total pot $6 | Rake $0.12
Board [2s 4h 3h 2h 5c]
Seat 3: majekk (button) (small blind) showed [As Td] and won ($5.88) with a straight, Ace to Five
Seat 4: Actionni13 (big blind) showed [7c Qh] and lost with a pair of Deuces


PokerStars Hand #167713674310:  Hold'em Limit ($3/$6 USD) - 2017/03/17 13:01:54 ET
Table 'Mineura' 6-max Seat #6 is the button
Seat 2: vestimokrec ($84 in chips)
Seat 6: kudongo ($135.65 in chips)
uglyghost101 will be allowed to play after the button
kudongo: posts small blind $1
vestimokrec: posts big blind $3
*** HOLE CARDS ***
kudongo: calls $2
vestimokrec: raises $3 to $6
kudongo: calls $3
*** FLOP *** [Kd 9s 3h]
vestimokrec: bets $3
kudongo: folds
Uncalled bet ($3) returned to vestimokrec
vestimokrec collected $11.76 from pot
vestimokrec: doesn't show hand
*** SUMMARY ***
Total pot $12 | Rake $0.24
Board [Kd 9s 3h]
Seat 2: vestimokrec (big blind) collected ($11.76)
Seat 6: kudongo (button) (small blind) folded on the Flop


