PokerStars Hand #155923417667:  Hold'em Limit ($3/$6 USD) - 2016/07/13 12:51:43 ET
Table 'Mineura' 6-max Seat #3 is the button
Seat 3: misss12 ($111.09 in chips)
Seat 4: VolkovDmitri ($120 in chips)
misss12: posts small blind $1
VolkovDmitri: posts big blind $3
*** HOLE CARDS ***
misss12: raises $3 to $6
VolkovDmitri: folds
Uncalled bet ($3) returned to misss12
misss12 collected $6 from pot
*** SUMMARY ***
Total pot $6 | Rake $0
Seat 3: misss12 (button) (small blind) collected ($6)
Seat 4: VolkovDmitri (big blind) folded before Flop


PokerStars Hand #155923487641:  Hold'em Limit ($3/$6 USD) - 2016/07/13 12:53:26 ET
Table 'Mineura' 6-max Seat #3 is the button
Seat 3: misss12 ($87.09 in chips)
Seat 4: VolkovDmitri ($146.50 in chips)
misss12: posts small blind $1
VolkovDmitri: posts big blind $3
*** HOLE CARDS ***
misss12: raises $3 to $6
VolkovDmitri: calls $3
*** FLOP *** [Js 4d 6c]
VolkovDmitri: checks
misss12: checks
*** TURN *** [Js 4d 6c] [6h]
VolkovDmitri: bets $6
misss12: folds
Uncalled bet ($6) returned to VolkovDmitri
VolkovDmitri collected $11.76 from pot
VolkovDmitri: doesn't show hand
*** SUMMARY ***
Total pot $12 | Rake $0.24
Board [Js 4d 6c 6h]
Seat 3: misss12 (button) (small blind) folded on the Turn
Seat 4: VolkovDmitri (big blind) collected ($11.76)


PokerStars Hand #155923527747:  Hold'em Limit ($3/$6 USD) - 2016/07/13 12:54:25 ET
Table 'Mineura' 6-max Seat #4 is the button
Seat 3: misss12 ($95.61 in chips)
Seat 4: VolkovDmitri ($137.26 in chips)
VolkovDmitri: posts small blind $1
misss12: posts big blind $3
*** HOLE CARDS ***
VolkovDmitri: raises $3 to $6
misss12: calls $3
*** FLOP *** [8c 6h 9s]
misss12: checks
VolkovDmitri: checks
*** TURN *** [8c 6h 9s] [9d]
misss12: bets $6
VolkovDmitri: calls $6
*** RIVER *** [8c 6h 9s 9d] [Qc]
misss12: checks
VolkovDmitri: checks
*** SHOW DOWN ***
misss12: shows [8h Kd] (two pair, Nines and Eights)
VolkovDmitri: mucks hand
misss12 collected $23.52 from pot
*** SUMMARY ***
Total pot $24 | Rake $0.48
Board [8c 6h 9s 9d Qc]
Seat 3: misss12 (big blind) showed [8h Kd] and won ($23.52) with two pair, Nines and Eights
Seat 4: VolkovDmitri (button) (small blind) mucked


PokerStars Hand #155923523724:  Hold'em Limit ($3/$6 USD) - 2016/07/13 12:54:19 ET
Table 'Mineura' 6-max Seat #3 is the button
Seat 3: misss12 ($92.61 in chips)
Seat 4: VolkovDmitri ($140.26 in chips)
misss12: posts small blind $1
VolkovDmitri: posts big blind $3
*** HOLE CARDS ***
misss12: raises $3 to $6
VolkovDmitri: folds
Uncalled bet ($3) returned to misss12
misss12 collected $6 from pot
*** SUMMARY ***
Total pot $6 | Rake $0
Seat 3: misss12 (button) (small blind) collected ($6)
Seat 4: VolkovDmitri (big blind) folded before Flop


PokerStars Hand #155923500387:  Hold'em Limit ($3/$6 USD) - 2016/07/13 12:53:45 ET
Table 'Mineura' 6-max Seat #4 is the button
Seat 3: misss12 ($81.09 in chips)
Seat 4: VolkovDmitri ($152.26 in chips)
VolkovDmitri: posts small blind $1
misss12: posts big blind $3
*** HOLE CARDS ***
VolkovDmitri: raises $3 to $6
misss12: raises $3 to $9
VolkovDmitri: calls $3
*** FLOP *** [6c Ks 4d]
misss12: bets $3
VolkovDmitri: calls $3
*** TURN *** [6c Ks 4d] [Jh]
misss12: checks
VolkovDmitri: checks
*** RIVER *** [6c Ks 4d Jh] [Th]
misss12: bets $6
VolkovDmitri: folds
Uncalled bet ($6) returned to misss12
misss12 collected $23.52 from pot
*** SUMMARY ***
Total pot $24 | Rake $0.48
Board [6c Ks 4d Jh Th]
Seat 3: misss12 (big blind) collected ($23.52)
Seat 4: VolkovDmitri (button) (small blind) folded on the River


PokerStars Hand #155923477740:  Hold'em Limit ($3/$6 USD) - 2016/07/13 12:53:11 ET
Table 'Mineura' 6-max Seat #3 is the button
Seat 3: misss12 ($87.09 in chips)
Seat 4: VolkovDmitri ($146.50 in chips)
misss12: posts small blind $1
VolkovDmitri: posts big blind $3
*** HOLE CARDS ***
misss12: raises $3 to $6
VolkovDmitri: folds
Uncalled bet ($3) returned to misss12
misss12 collected $6 from pot
*** SUMMARY ***
Total pot $6 | Rake $0
Seat 3: misss12 (button) (small blind) collected ($6)
Seat 4: VolkovDmitri (big blind) folded before Flop


PokerStars Hand #155923446961:  Hold'em Limit ($3/$6 USD) - 2016/07/13 12:52:26 ET
Table 'Mineura' 6-max Seat #4 is the button
Seat 3: misss12 ($114.09 in chips)
Seat 4: VolkovDmitri ($120 in chips)
VolkovDmitri: posts small blind $1
misss12: posts big blind $3
*** HOLE CARDS ***
VolkovDmitri: raises $3 to $6
misss12: calls $3
*** FLOP *** [4s 6h Qd]
misss12: checks
VolkovDmitri: bets $3
misss12: calls $3
*** TURN *** [4s 6h Qd] [4c]
misss12: checks
VolkovDmitri: bets $6
misss12: raises $6 to $12
VolkovDmitri: calls $6
*** RIVER *** [4s 6h Qd 4c] [9h]
misss12: bets $6
VolkovDmitri: calls $6
*** SHOW DOWN ***
misss12: shows [Td Qs] (two pair, Queens and Fours)
VolkovDmitri: shows [Kd Ks] (two pair, Kings and Fours)
VolkovDmitri collected $53.50 from pot
*** SUMMARY ***
Total pot $54 | Rake $0.50
Board [4s 6h Qd 4c 9h]
Seat 3: misss12 (big blind) showed [Td Qs] and lost with two pair, Queens and Fours
Seat 4: VolkovDmitri (button) (small blind) showed [Kd Ks] and won ($53.50) with two pair, Kings and Fours


PokerStars Hand #155923561987:  Hold'em Limit ($3/$6 USD) - 2016/07/13 12:55:20 ET
Table 'Mineura' 6-max Seat #4 is the button
Seat 3: misss12 ($123.63 in chips)
Seat 4: VolkovDmitri ($124 in chips)
VolkovDmitri: posts small blind $1
misss12: posts big blind $3
*** HOLE CARDS ***
VolkovDmitri: raises $3 to $6
misss12: raises $3 to $9
VolkovDmitri: calls $3
*** FLOP *** [8c 6s 5d]
misss12: checks
VolkovDmitri: bets $3
misss12: calls $3
*** TURN *** [8c 6s 5d] [Jh]
misss12: checks
VolkovDmitri: checks
*** RIVER *** [8c 6s 5d Jh] [Kd]
misss12: bets $6
VolkovDmitri: calls $6
*** SHOW DOWN ***
misss12: shows [Ah Jc] (a pair of Jacks)
VolkovDmitri: mucks hand
misss12 collected $35.50 from pot
*** SUMMARY ***
Total pot $36 | Rake $0.50
Board [8c 6s 5d Jh Kd]
Seat 3: misss12 (big blind) showed [Ah Jc] and won ($35.50) with a pair of Jacks
Seat 4: VolkovDmitri (button) (small blind) mucked


PokerStars Hand #155923559607:  Hold'em Limit ($3/$6 USD) - 2016/07/13 12:55:15 ET
Table 'Mineura' 6-max Seat #3 is the button
Seat 3: misss12 ($124.63 in chips)
Seat 4: VolkovDmitri ($123 in chips)
misss12: posts small blind $1
VolkovDmitri: posts big blind $3
*** HOLE CARDS ***
misss12: folds
Uncalled bet ($2) returned to VolkovDmitri
VolkovDmitri collected $2 from pot
VolkovDmitri: doesn't show hand
*** SUMMARY ***
Total pot $2 | Rake $0
Seat 3: misss12 (button) (small blind) folded before Flop
Seat 4: VolkovDmitri (big blind) collected ($2)


PokerStars Hand #155923556649:  Hold'em Limit ($3/$6 USD) - 2016/07/13 12:55:09 ET
Table 'Mineura' 6-max Seat #4 is the button
Seat 3: misss12 ($127.63 in chips)
Seat 4: VolkovDmitri ($120 in chips)
VolkovDmitri: posts small blind $1
misss12: posts big blind $3
*** HOLE CARDS ***
VolkovDmitri: raises $3 to $6
misss12: folds
Uncalled bet ($3) returned to VolkovDmitri
VolkovDmitri collected $6 from pot
VolkovDmitri: doesn't show hand
*** SUMMARY ***
Total pot $6 | Rake $0
Seat 3: misss12 (big blind) folded before Flop
Seat 4: VolkovDmitri (button) (small blind) collected ($6)


PokerStars Hand #155923542039:  Hold'em Limit ($3/$6 USD) - 2016/07/13 12:54:47 ET
Table 'Mineura' 6-max Seat #3 is the button
Seat 3: misss12 ($107.13 in chips)
Seat 4: VolkovDmitri ($125.26 in chips)
misss12: posts small blind $1
VolkovDmitri: posts big blind $3
*** HOLE CARDS ***
misss12: calls $2
VolkovDmitri: raises $3 to $6
misss12: calls $3
*** FLOP *** [5d 8h Qc]
VolkovDmitri: bets $3
misss12: calls $3
*** TURN *** [5d 8h Qc] [2d]
VolkovDmitri: bets $6
misss12: raises $6 to $12
VolkovDmitri: calls $6
*** RIVER *** [5d 8h Qc 2d] [6d]
VolkovDmitri: checks
misss12: bets $6
VolkovDmitri: folds
Uncalled bet ($6) returned to misss12
misss12 collected $41.50 from pot
*** SUMMARY ***
Total pot $42 | Rake $0.50
Board [5d 8h Qc 2d 6d]
Seat 3: misss12 (button) (small blind) collected ($41.50)
Seat 4: VolkovDmitri (big blind) folded on the River


PokerStars Hand #155923612071:  Hold'em Limit ($3/$6 USD) - 2016/07/13 12:56:56 ET
Table 'Mineura' 6-max Seat #3 is the button
Seat 3: misss12 ($134.77 in chips)
Seat 4: VolkovDmitri ($134.50 in chips)
misss12: posts small blind $1
VolkovDmitri: posts big blind $3
*** HOLE CARDS ***
misss12: folds
Uncalled bet ($2) returned to VolkovDmitri
VolkovDmitri collected $2 from pot
VolkovDmitri: doesn't show hand
*** SUMMARY ***
Total pot $2 | Rake $0
Seat 3: misss12 (button) (small blind) folded before Flop
Seat 4: VolkovDmitri (big blind) collected ($2)


PokerStars Hand #155923594376:  Hold'em Limit ($3/$6 USD) - 2016/07/13 12:56:22 ET
Table 'Mineura' 6-max Seat #4 is the button
Seat 3: misss12 ($149.77 in chips)
Seat 4: VolkovDmitri ($120 in chips)
VolkovDmitri: posts small blind $1
misss12: posts big blind $3
*** HOLE CARDS ***
VolkovDmitri: raises $3 to $6
misss12: calls $3
*** FLOP *** [Qh 9c 5d]
misss12: checks
VolkovDmitri: bets $3
misss12: calls $3
*** TURN *** [Qh 9c 5d] [4d]
misss12: checks
VolkovDmitri: bets $6
misss12: calls $6
*** RIVER *** [Qh 9c 5d 4d] [6s]
misss12: checks
VolkovDmitri: bets $6
misss12: folds
Uncalled bet ($6) returned to VolkovDmitri
VolkovDmitri collected $29.50 from pot
VolkovDmitri: doesn't show hand
*** SUMMARY ***
Total pot $30 | Rake $0.50
Board [Qh 9c 5d 4d 6s]
Seat 3: misss12 (big blind) folded on the River
Seat 4: VolkovDmitri (button) (small blind) collected ($29.50)


PokerStars Hand #155923579895:  Hold'em Limit ($3/$6 USD) - 2016/07/13 12:55:54 ET
Table 'Mineura' 6-max Seat #3 is the button
Seat 3: misss12 ($141.13 in chips)
Seat 4: VolkovDmitri ($120 in chips)
misss12: posts small blind $1
VolkovDmitri: posts big blind $3
*** HOLE CARDS ***
misss12: calls $2
VolkovDmitri: checks
*** FLOP *** [4d Qc 6h]
VolkovDmitri: checks
misss12: checks
*** TURN *** [4d Qc 6h] [Ks]
VolkovDmitri: bets $6
misss12: calls $6
*** RIVER *** [4d Qc 6h Ks] [As]
VolkovDmitri: checks
misss12: bets $6
VolkovDmitri: folds
Uncalled bet ($6) returned to misss12
misss12 collected $17.64 from pot
*** SUMMARY ***
Total pot $18 | Rake $0.36
Board [4d Qc 6h Ks As]
Seat 3: misss12 (button) (small blind) collected ($17.64)
Seat 4: VolkovDmitri (big blind) folded on the River


PokerStars Hand #155923633569:  Hold'em Limit ($3/$6 USD) - 2016/07/13 12:57:36 ET
Table 'Mineura' 6-max Seat #3 is the button
Seat 3: misss12 ($144.27 in chips)
Seat 4: VolkovDmitri ($124.50 in chips)
misss12: posts small blind $1
VolkovDmitri: posts big blind $3
*** HOLE CARDS ***
misss12: calls $2
VolkovDmitri: checks
*** FLOP *** [Th 6d 7c]
VolkovDmitri: checks
misss12: bets $3
VolkovDmitri: folds
Uncalled bet ($3) returned to misss12
misss12 collected $5.88 from pot
*** SUMMARY ***
Total pot $6 | Rake $0.12
Board [Th 6d 7c]
Seat 3: misss12 (button) (small blind) collected ($5.88)
Seat 4: VolkovDmitri (big blind) folded on the Flop


PokerStars Hand #155923620708:  Hold'em Limit ($3/$6 USD) - 2016/07/13 12:57:12 ET
Table 'Mineura' 6-max Seat #4 is the button
Seat 3: misss12 ($129.77 in chips)
Seat 4: VolkovDmitri ($139.50 in chips)
VolkovDmitri: posts small blind $1
misss12: posts big blind $3
*** HOLE CARDS ***
VolkovDmitri: raises $3 to $6
misss12: calls $3
*** FLOP *** [3h 8h As]
misss12: checks
VolkovDmitri: bets $3
misss12: calls $3
*** TURN *** [3h 8h As] [Qs]
misss12: checks
baur017017 joins the table at seat #2
VolkovDmitri: checks
*** RIVER *** [3h 8h As Qs] [7d]
misss12: bets $6
VolkovDmitri: calls $6
*** SHOW DOWN ***
misss12: shows [8s 9d] (a pair of Eights)
VolkovDmitri: mucks hand
misss12 collected $29.50 from pot
*** SUMMARY ***
Total pot $30 | Rake $0.50
Board [3h 8h As Qs 7d]
Seat 3: misss12 (big blind) showed [8s 9d] and won ($29.50) with a pair of Eights
Seat 4: VolkovDmitri (button) (small blind) mucked


PokerStars Hand #155923618225:  Hold'em Limit ($3/$6 USD) - 2016/07/13 12:57:07 ET
Table 'Mineura' 6-max Seat #3 is the button
Seat 3: misss12 ($130.77 in chips)
Seat 4: VolkovDmitri ($138.50 in chips)
misss12: posts small blind $1
VolkovDmitri: posts big blind $3
*** HOLE CARDS ***
misss12: folds
Uncalled bet ($2) returned to VolkovDmitri
VolkovDmitri collected $2 from pot
VolkovDmitri: doesn't show hand
*** SUMMARY ***
Total pot $2 | Rake $0
Seat 3: misss12 (button) (small blind) folded before Flop
Seat 4: VolkovDmitri (big blind) collected ($2)


PokerStars Hand #155923615543:  Hold'em Limit ($3/$6 USD) - 2016/07/13 12:57:02 ET
Table 'Mineura' 6-max Seat #4 is the button
Seat 3: misss12 ($133.77 in chips)
Seat 4: VolkovDmitri ($135.50 in chips)
VolkovDmitri: posts small blind $1
misss12: posts big blind $3
*** HOLE CARDS ***
VolkovDmitri: raises $3 to $6
misss12: folds
Uncalled bet ($3) returned to VolkovDmitri
VolkovDmitri collected $6 from pot
VolkovDmitri: doesn't show hand
*** SUMMARY ***
Total pot $6 | Rake $0
Seat 3: misss12 (big blind) folded before Flop
Seat 4: VolkovDmitri (button) (small blind) collected ($6)


PokerStars Hand #155925103954:  Hold'em Limit ($3/$6 USD) - 2016/07/13 13:33:29 ET
Table 'Mineura' 6-max Seat #3 is the button
Seat 2: TinaTurner72 ($46.03 in chips)
Seat 3: Pelurile ($21 in chips)
Pelurile: posts small blind $1
tufing: is sitting out
TinaTurner72: posts big blind $3
*** HOLE CARDS ***
Pelurile: raises $3 to $6
TinaTurner72: calls $3
*** FLOP *** [4c 5c 4d]
TinaTurner72: checks
tufing leaves the table
Pelurile: bets $3
TinaTurner72: calls $3
*** TURN *** [4c 5c 4d] [3s]
TinaTurner72: checks
Pelurile: bets $6
TinaTurner72: raises $6 to $12
Pelurile: calls $6 and is all-in
*** RIVER *** [4c 5c 4d 3s] [2s]
*** SHOW DOWN ***
TinaTurner72: shows [8c Qc] (a pair of Fours)
Pelurile: shows [7d 8s] (a pair of Fours - lower kicker)
TinaTurner72 collected $41.50 from pot
*** SUMMARY ***
Total pot $42 | Rake $0.50
Board [4c 5c 4d 3s 2s]
Seat 2: TinaTurner72 (big blind) showed [8c Qc] and won ($41.50) with a pair of Fours
Seat 3: Pelurile (button) (small blind) showed [7d 8s] and lost with a pair of Fours


PokerStars Hand #155925400671:  Hold'em Limit ($3/$6 USD) - 2016/07/13 13:40:35 ET
Table 'Mineura' 6-max Seat #2 is the button
Seat 2: TinaTurner72 ($66.53 in chips)
Seat 3: BábaPapa ($120 in chips)
TinaTurner72: posts small blind $1
BábaPapa: posts big blind $3
*** HOLE CARDS ***
TinaTurner72: raises $3 to $6
BábaPapa: calls $3
*** FLOP *** [4d 6s 6d]
BábaPapa: checks
TinaTurner72: bets $3
BábaPapa: calls $3
*** TURN *** [4d 6s 6d] [7h]
BábaPapa: checks
TinaTurner72: bets $6
BábaPapa: raises $6 to $12
TinaTurner72: calls $6
*** RIVER *** [4d 6s 6d 7h] [Ac]
BábaPapa: bets $6
TinaTurner72: calls $6
*** SHOW DOWN ***
BábaPapa: shows [7d Th] (two pair, Sevens and Sixes)
TinaTurner72: shows [Kc Ad] (two pair, Aces and Sixes)
TinaTurner72 collected $53.50 from pot
*** SUMMARY ***
Total pot $54 | Rake $0.50
Board [4d 6s 6d 7h Ac]
Seat 2: TinaTurner72 (button) (small blind) showed [Kc Ad] and won ($53.50) with two pair, Aces and Sixes
Seat 3: BábaPapa (big blind) showed [7d Th] and lost with two pair, Sevens and Sixes


PokerStars Hand #155925424716:  Hold'em Limit ($3/$6 USD) - 2016/07/13 13:41:10 ET
Table 'Mineura' 6-max Seat #3 is the button
Seat 2: TinaTurner72 ($93.03 in chips)
Seat 3: BábaPapa ($93 in chips)
BábaPapa: posts small blind $1
TinaTurner72: posts big blind $3
*** HOLE CARDS ***
BábaPapa: folds
Uncalled bet ($2) returned to TinaTurner72
TinaTurner72 collected $2 from pot
TinaTurner72: doesn't show hand
*** SUMMARY ***
Total pot $2 | Rake $0
Seat 2: TinaTurner72 (big blind) collected ($2)
Seat 3: BábaPapa (button) (small blind) folded before Flop


PokerStars Hand #155925429067:  Hold'em Limit ($3/$6 USD) - 2016/07/13 13:41:16 ET
Table 'Mineura' 6-max Seat #2 is the button
Seat 2: TinaTurner72 ($94.03 in chips)
Seat 3: BábaPapa ($92 in chips)
TinaTurner72: posts small blind $1
BábaPapa: posts big blind $3
*** HOLE CARDS ***
TinaTurner72: raises $3 to $6
BábaPapa: raises $3 to $9
TinaTurner72: calls $3
*** FLOP *** [4h 8c Qc]
BábaPapa: bets $3
TinaTurner72: folds
Uncalled bet ($3) returned to BábaPapa
BábaPapa collected $17.64 from pot
BábaPapa: doesn't show hand
*** SUMMARY ***
Total pot $18 | Rake $0.36
Board [4h 8c Qc]
Seat 2: TinaTurner72 (button) (small blind) folded on the Flop
Seat 3: BábaPapa (big blind) collected ($17.64)


PokerStars Hand #155925460602:  Hold'em Limit ($3/$6 USD) - 2016/07/13 13:42:01 ET
Table 'Mineura' 6-max Seat #6 is the button
Seat 3: BábaPapa ($106.40 in chips)
Seat 6: zizonmusang ($30 in chips)
zizonmusang: posts small blind $1
BábaPapa: posts big blind $3
*** HOLE CARDS ***
zizonmusang: raises $3 to $6
BábaPapa: folds
Uncalled bet ($3) returned to zizonmusang
zizonmusang collected $6 from pot
zizonmusang: doesn't show hand
*** SUMMARY ***
Total pot $6 | Rake $0
Seat 3: BábaPapa (big blind) folded before Flop
Seat 6: zizonmusang (button) (small blind) collected ($6)


PokerStars Hand #155925473235:  Hold'em Limit ($3/$6 USD) - 2016/07/13 13:42:19 ET
Table 'Mineura' 6-max Seat #6 is the button
Seat 3: BábaPapa ($109.16 in chips)
Seat 6: zizonmusang ($27 in chips)
zizonmusang: posts small blind $1
BábaPapa: posts big blind $3
*** HOLE CARDS ***
zizonmusang: raises $3 to $6
BábaPapa: calls $3
*** FLOP *** [2d 3d Qh]
BábaPapa: checks
zizonmusang: bets $3
BábaPapa: calls $3
*** TURN *** [2d 3d Qh] [7c]
BábaPapa: checks
zizonmusang: checks
*** RIVER *** [2d 3d Qh 7c] [4h]
BábaPapa: bets $6
zizonmusang: folds
Uncalled bet ($6) returned to BábaPapa
BábaPapa collected $17.64 from pot
BábaPapa: doesn't show hand
*** SUMMARY ***
Total pot $18 | Rake $0.36
Board [2d 3d Qh 7c 4h]
Seat 3: BábaPapa (big blind) collected ($17.64)
Seat 6: zizonmusang (button) (small blind) folded on the River


PokerStars Hand #155925437875:  Hold'em Limit ($3/$6 USD) - 2016/07/13 13:41:28 ET
Table 'Mineura' 6-max Seat #3 is the button
Seat 2: TinaTurner72 ($85.03 in chips)
Seat 3: BábaPapa ($100.64 in chips)
BábaPapa: posts small blind $1
TinaTurner72: posts big blind $3
*** HOLE CARDS ***
BábaPapa: raises $3 to $6
TinaTurner72: calls $3
*** FLOP *** [Ad Qh 5c]
TinaTurner72: checks
BábaPapa: checks
*** TURN *** [Ad Qh 5c] [Td]
zizonmusang joins the table at seat #6
TinaTurner72: checks
BábaPapa: bets $6
TinaTurner72: folds
Uncalled bet ($6) returned to BábaPapa
BábaPapa collected $11.76 from pot
BábaPapa: doesn't show hand
*** SUMMARY ***
Total pot $12 | Rake $0.24
Board [Ad Qh 5c Td]
Seat 2: TinaTurner72 (big blind) folded on the Turn
Seat 3: BábaPapa (button) (small blind) collected ($11.76)


PokerStars Hand #155925465658:  Hold'em Limit ($3/$6 USD) - 2016/07/13 13:42:08 ET
Table 'Mineura' 6-max Seat #3 is the button
Seat 3: BábaPapa ($103.40 in chips)
Seat 6: zizonmusang ($33 in chips)
BábaPapa: posts small blind $1
zizonmusang: posts big blind $3
*** HOLE CARDS ***
BábaPapa: raises $3 to $6
zizonmusang: calls $3
*** FLOP *** [3s Qd 8d]
zizonmusang: checks
BábaPapa: bets $3
zizonmusang: folds
Uncalled bet ($3) returned to BábaPapa
BábaPapa collected $11.76 from pot
BábaPapa: doesn't show hand
*** SUMMARY ***
Total pot $12 | Rake $0.24
Board [3s Qd 8d]
Seat 3: BábaPapa (button) (small blind) collected ($11.76)
Seat 6: zizonmusang (big blind) folded on the Flop


PokerStars Hand #155925497632:  Hold'em Limit ($3/$6 USD) - 2016/07/13 13:42:54 ET
Table 'Mineura' 6-max Seat #6 is the button
Seat 3: BábaPapa ($117.55 in chips)
Seat 6: zizonmusang ($17.75 in chips)
zizonmusang: posts small blind $1
BábaPapa: posts big blind $3
*** HOLE CARDS ***
zizonmusang: calls $2
BábaPapa: checks
*** FLOP *** [Ah 6c 5s]
BábaPapa: checks
zizonmusang: bets $3
BábaPapa: folds
Uncalled bet ($3) returned to zizonmusang
zizonmusang collected $5.88 from pot
zizonmusang: doesn't show hand
*** SUMMARY ***
Total pot $6 | Rake $0.12
Board [Ah 6c 5s]
Seat 3: BábaPapa (big blind) folded on the Flop
Seat 6: zizonmusang (button) (small blind) collected ($5.88)


PokerStars Hand #155925506877:  Hold'em Limit ($3/$6 USD) - 2016/07/13 13:43:07 ET
Table 'Mineura' 6-max Seat #3 is the button
Seat 3: BábaPapa ($114.55 in chips)
Seat 6: zizonmusang ($20.63 in chips)
BábaPapa: posts small blind $1
zizonmusang: posts big blind $3
*** HOLE CARDS ***
BábaPapa: raises $3 to $6
zizonmusang: raises $3 to $9
BábaPapa: raises $3 to $12
Betting is capped
zizonmusang: calls $3
*** FLOP *** [Jc 9h 4s]
zizonmusang: bets $3
BábaPapa: raises $3 to $6
zizonmusang: raises $2.63 to $8.63 and is all-in
BábaPapa: calls $2.63
*** TURN *** [Jc 9h 4s] [6h]
*** RIVER *** [Jc 9h 4s 6h] [As]
*** SHOW DOWN ***
zizonmusang: shows [Ad Qh] (a pair of Aces)
BábaPapa: shows [4h 5h] (a pair of Fours)
zizonmusang collected $40.76 from pot
*** SUMMARY ***
Total pot $41.26 | Rake $0.50
Board [Jc 9h 4s 6h As]
Seat 3: BábaPapa (button) (small blind) showed [4h 5h] and lost with a pair of Fours
Seat 6: zizonmusang (big blind) showed [Ad Qh] and won ($40.76) with a pair of Aces


PokerStars Hand #155925520977:  Hold'em Limit ($3/$6 USD) - 2016/07/13 13:43:27 ET
Table 'Mineura' 6-max Seat #6 is the button
Seat 3: BábaPapa ($93.92 in chips)
Seat 6: zizonmusang ($40.76 in chips)
zizonmusang: posts small blind $1
BábaPapa: posts big blind $3
*** HOLE CARDS ***
zizonmusang: raises $3 to $6
BábaPapa: raises $3 to $9
zizonmusang: calls $3
*** FLOP *** [3d 6h Js]
BábaPapa: bets $3
zizonmusang: calls $3
*** TURN *** [3d 6h Js] [5h]
BábaPapa: bets $6
zizonmusang: raises $6 to $12
BábaPapa: calls $6
*** RIVER *** [3d 6h Js 5h] [Jc]
BábaPapa: checks
zizonmusang: bets $6
BábaPapa: calls $6
*** SHOW DOWN ***
zizonmusang: shows [Qh 9h] (a pair of Jacks)
BábaPapa: shows [As Kh] (a pair of Jacks - Ace kicker)
BábaPapa collected $59.50 from pot
*** SUMMARY ***
Total pot $60 | Rake $0.50
Board [3d 6h Js 5h Jc]
Seat 3: BábaPapa (big blind) showed [As Kh] and won ($59.50) with a pair of Jacks
Seat 6: zizonmusang (button) (small blind) showed [Qh 9h] and lost with a pair of Jacks


PokerStars Hand #155925484624:  Hold'em Limit ($3/$6 USD) - 2016/07/13 13:42:35 ET
Table 'Mineura' 6-max Seat #3 is the button
Seat 3: BábaPapa ($117.80 in chips)
Seat 6: zizonmusang ($18 in chips)
BábaPapa: posts small blind $1
zizonmusang: posts big blind $3
*** HOLE CARDS ***
BábaPapa: raises $3 to $6
zizonmusang: raises $3 to $9
BábaPapa: calls $3
*** FLOP *** [6h Ts Kd]
zizonmusang: bets $3
BábaPapa: raises $3 to $6
zizonmusang: raises $3 to $9 and is all-in
BábaPapa: calls $3
*** TURN *** [6h Ts Kd] [Jd]
*** RIVER *** [6h Ts Kd Jd] [Jh]
*** SHOW DOWN ***
zizonmusang: shows [Ks 9s] (two pair, Kings and Jacks)
BábaPapa: shows [7s Kc] (two pair, Kings and Jacks)
zizonmusang collected $17.75 from pot
BábaPapa collected $17.75 from pot
*** SUMMARY ***
Total pot $36 | Rake $0.50
Board [6h Ts Kd Jd Jh]
Seat 3: BábaPapa (button) (small blind) showed [7s Kc] and won ($17.75) with two pair, Kings and Jacks
Seat 6: zizonmusang (big blind) showed [Ks 9s] and won ($17.75) with two pair, Kings and Jacks


PokerStars Hand #155925540599:  Hold'em Limit ($3/$6 USD) - 2016/07/13 13:43:55 ET
Table 'Mineura' 6-max Seat #6 is the button
Seat 3: BábaPapa ($126.42 in chips)
Seat 6: zizonmusang ($7.76 in chips)
zizonmusang: posts small blind $1
BábaPapa: posts big blind $3
*** HOLE CARDS ***
zizonmusang: folds
Uncalled bet ($2) returned to BábaPapa
BábaPapa collected $2 from pot
BábaPapa: doesn't show hand
*** SUMMARY ***
Total pot $2 | Rake $0
Seat 3: BábaPapa (big blind) collected ($2)
Seat 6: zizonmusang (button) (small blind) folded before Flop


PokerStars Hand #155925535975:  Hold'em Limit ($3/$6 USD) - 2016/07/13 13:43:48 ET
Table 'Mineura' 6-max Seat #3 is the button
Seat 3: BábaPapa ($123.42 in chips)
Seat 6: zizonmusang ($10.76 in chips)
BábaPapa: posts small blind $1
zizonmusang: posts big blind $3
*** HOLE CARDS ***
BábaPapa: raises $3 to $6
zizonmusang: folds
Uncalled bet ($3) returned to BábaPapa
BábaPapa collected $6 from pot
BábaPapa: doesn't show hand
*** SUMMARY ***
Total pot $6 | Rake $0
Seat 3: BábaPapa (button) (small blind) collected ($6)
Seat 6: zizonmusang (big blind) folded before Flop


PokerStars Hand #155925544762:  Hold'em Limit ($3/$6 USD) - 2016/07/13 13:44:01 ET
Table 'Mineura' 6-max Seat #3 is the button
Seat 3: BábaPapa ($127.42 in chips)
Seat 6: zizonmusang ($6.76 in chips)
BábaPapa: posts small blind $1
zizonmusang: posts big blind $3
*** HOLE CARDS ***
BábaPapa: raises $3 to $6
zizonmusang: raises $0.76 to $6.76 and is all-in
BábaPapa: calls $0.76
*** FLOP *** [Kd Qc Ks]
*** TURN *** [Kd Qc Ks] [Qh]
*** RIVER *** [Kd Qc Ks Qh] [9d]
*** SHOW DOWN ***
zizonmusang: shows [2h 2d] (two pair, Kings and Queens)
BábaPapa: shows [6d 6h] (two pair, Kings and Queens)
zizonmusang collected $6.63 from pot
BábaPapa collected $6.62 from pot
*** SUMMARY ***
Total pot $13.52 | Rake $0.27
Board [Kd Qc Ks Qh 9d]
Seat 3: BábaPapa (button) (small blind) showed [6d 6h] and won ($6.62) with two pair, Kings and Queens
Seat 6: zizonmusang (big blind) showed [2h 2d] and won ($6.63) with two pair, Kings and Queens


PokerStars Hand #155925554999:  Hold'em Limit ($3/$6 USD) - 2016/07/13 13:44:15 ET
Table 'Mineura' 6-max Seat #6 is the button
Seat 3: BábaPapa ($127.28 in chips)
Seat 6: zizonmusang ($6.63 in chips)
zizonmusang: posts small blind $1
BábaPapa: posts big blind $3
*** HOLE CARDS ***
zizonmusang: folds
Uncalled bet ($2) returned to BábaPapa
BábaPapa collected $2 from pot
BábaPapa: doesn't show hand
*** SUMMARY ***
Total pot $2 | Rake $0
Seat 3: BábaPapa (big blind) collected ($2)
Seat 6: zizonmusang (button) (small blind) folded before Flop


PokerStars Hand #155925567849:  Hold'em Limit ($3/$6 USD) - 2016/07/13 13:44:34 ET
Table 'Mineura' 6-max Seat #6 is the button
Seat 3: BábaPapa ($122.65 in chips)
Seat 6: zizonmusang ($11.03 in chips)
zizonmusang: posts small blind $1
BábaPapa: posts big blind $3
*** HOLE CARDS ***
zizonmusang: folds
Uncalled bet ($2) returned to BábaPapa
BábaPapa collected $2 from pot
BábaPapa: doesn't show hand
*** SUMMARY ***
Total pot $2 | Rake $0
Seat 3: BábaPapa (big blind) collected ($2)
Seat 6: zizonmusang (button) (small blind) folded before Flop


PokerStars Hand #155925559293:  Hold'em Limit ($3/$6 USD) - 2016/07/13 13:44:21 ET
Table 'Mineura' 6-max Seat #3 is the button
Seat 3: BábaPapa ($128.28 in chips)
Seat 6: zizonmusang ($5.63 in chips)
BábaPapa: posts small blind $1
zizonmusang: posts big blind $3
*** HOLE CARDS ***
BábaPapa: raises $3 to $6
zizonmusang: calls $2.63 and is all-in
Uncalled bet ($0.37) returned to BábaPapa
*** FLOP *** [Ts 4d 8d]
*** TURN *** [Ts 4d 8d] [Ks]
*** RIVER *** [Ts 4d 8d Ks] [Ac]
*** SHOW DOWN ***
zizonmusang: shows [As Kc] (two pair, Aces and Kings)
BábaPapa: shows [Jh 4h] (a pair of Fours)
zizonmusang collected $11.03 from pot
*** SUMMARY ***
Total pot $11.26 | Rake $0.23
Board [Ts 4d 8d Ks Ac]
Seat 3: BábaPapa (button) (small blind) showed [Jh 4h] and lost with a pair of Fours
Seat 6: zizonmusang (big blind) showed [As Kc] and won ($11.03) with two pair, Aces and Kings


PokerStars Hand #155925582944:  Hold'em Limit ($3/$6 USD) - 2016/07/13 13:44:55 ET
Table 'Mineura' 6-max Seat #6 is the button
Seat 3: BábaPapa ($113.62 in chips)
Seat 6: zizonmusang ($19.66 in chips)
zizonmusang: posts small blind $1
BábaPapa: posts big blind $3
*** HOLE CARDS ***
zizonmusang: folds
Uncalled bet ($2) returned to BábaPapa
BábaPapa collected $2 from pot
BábaPapa: doesn't show hand
*** SUMMARY ***
Total pot $2 | Rake $0
Seat 3: BábaPapa (big blind) collected ($2)
Seat 6: zizonmusang (button) (small blind) folded before Flop


PokerStars Hand #155925572001:  Hold'em Limit ($3/$6 USD) - 2016/07/13 13:44:40 ET
Table 'Mineura' 6-max Seat #3 is the button
Seat 3: BábaPapa ($123.65 in chips)
Seat 6: zizonmusang ($10.03 in chips)
BábaPapa: posts small blind $1
zizonmusang: posts big blind $3
*** HOLE CARDS ***
BábaPapa: raises $3 to $6
zizonmusang: raises $3 to $9
BábaPapa: raises $3 to $12
Betting is capped
zizonmusang: calls $1.03 and is all-in
Uncalled bet ($1.97) returned to BábaPapa
*** FLOP *** [Kd Ac Kh]
*** TURN *** [Kd Ac Kh] [Jh]
*** RIVER *** [Kd Ac Kh Jh] [3h]
*** SHOW DOWN ***
zizonmusang: shows [5c Jd] (two pair, Kings and Jacks)
BábaPapa: shows [2c 2h] (two pair, Kings and Deuces)
zizonmusang collected $19.66 from pot
*** SUMMARY ***
Total pot $20.06 | Rake $0.40
Board [Kd Ac Kh Jh 3h]
Seat 3: BábaPapa (button) (small blind) showed [2c 2h] and lost with two pair, Kings and Deuces
Seat 6: zizonmusang (big blind) showed [5c Jd] and won ($19.66) with two pair, Kings and Jacks


PokerStars Hand #155925587184:  Hold'em Limit ($3/$6 USD) - 2016/07/13 13:45:01 ET
Table 'Mineura' 6-max Seat #3 is the button
Seat 3: BábaPapa ($114.62 in chips)
Seat 6: zizonmusang ($18.66 in chips)
BábaPapa: posts small blind $1
zizonmusang: posts big blind $3
*** HOLE CARDS ***
BábaPapa: raises $3 to $6
zizonmusang: raises $3 to $9
BábaPapa: raises $3 to $12
Betting is capped
zizonmusang: calls $3
*** FLOP *** [6c 4s 3c]
zizonmusang: bets $3
BábaPapa: raises $3 to $6
zizonmusang: raises $0.66 to $6.66 and is all-in
BábaPapa: calls $0.66
*** TURN *** [6c 4s 3c] [Qd]
*** RIVER *** [6c 4s 3c Qd] [Js]
*** SHOW DOWN ***
zizonmusang: shows [6h 6s] (three of a kind, Sixes)
BábaPapa: shows [Ah Qc] (a pair of Queens)
zizonmusang collected $36.82 from pot
*** SUMMARY ***
Total pot $37.32 | Rake $0.50
Board [6c 4s 3c Qd Js]
Seat 3: BábaPapa (button) (small blind) showed [Ah Qc] and lost with a pair of Queens
Seat 6: zizonmusang (big blind) showed [6h 6s] and won ($36.82) with three of a kind, Sixes


PokerStars Hand #155925600178:  Hold'em Limit ($3/$6 USD) - 2016/07/13 13:45:19 ET
Table 'Mineura' 6-max Seat #6 is the button
Seat 3: BábaPapa ($95.96 in chips)
Seat 6: zizonmusang ($36.82 in chips)
zizonmusang: posts small blind $1
BábaPapa: posts big blind $3
*** HOLE CARDS ***
zizonmusang: calls $2
BábaPapa: checks
*** FLOP *** [Qs Jd 6h]
BábaPapa: checks
zizonmusang: bets $3
BábaPapa: raises $3 to $6
zizonmusang: calls $3
*** TURN *** [Qs Jd 6h] [Td]
BábaPapa: bets $6
zizonmusang: raises $6 to $12
BábaPapa: folds
Uncalled bet ($6) returned to zizonmusang
zizonmusang collected $29.50 from pot
zizonmusang: doesn't show hand
*** SUMMARY ***
Total pot $30 | Rake $0.50
Board [Qs Jd 6h Td]
Seat 3: BábaPapa (big blind) folded on the Turn
Seat 6: zizonmusang (button) (small blind) collected ($29.50)


PokerStars Hand #155925634808:  Hold'em Limit ($3/$6 USD) - 2016/07/13 13:46:09 ET
Table 'Mineura' 6-max Seat #3 is the button
Seat 3: BábaPapa ($108.46 in chips)
Seat 6: zizonmusang ($23.32 in chips)
BábaPapa: posts small blind $1
zizonmusang: posts big blind $3
*** HOLE CARDS ***
BábaPapa: raises $3 to $6
zizonmusang: raises $3 to $9
BábaPapa: calls $3
*** FLOP *** [Kd Js Kh]
zizonmusang: bets $3
BábaPapa: calls $3
*** TURN *** [Kd Js Kh] [Qd]
zizonmusang: bets $6
BábaPapa: calls $6
*** RIVER *** [Kd Js Kh Qd] [Ks]
zizonmusang: bets $5.32 and is all-in
BábaPapa: calls $5.32
*** SHOW DOWN ***
zizonmusang: shows [Jh As] (a full house, Kings full of Jacks)
BábaPapa: shows [Th 3h] (three of a kind, Kings)
zizonmusang collected $46.14 from pot
*** SUMMARY ***
Total pot $46.64 | Rake $0.50
Board [Kd Js Kh Qd Ks]
Seat 3: BábaPapa (button) (small blind) showed [Th 3h] and lost with three of a kind, Kings
Seat 6: zizonmusang (big blind) showed [Jh As] and won ($46.14) with a full house, Kings full of Jacks


PokerStars Hand #155925630589:  Hold'em Limit ($3/$6 USD) - 2016/07/13 13:46:03 ET
Table 'Mineura' 6-max Seat #6 is the button
Seat 3: BábaPapa ($107.46 in chips)
Seat 6: zizonmusang ($24.32 in chips)
zizonmusang: posts small blind $1
BábaPapa: posts big blind $3
*** HOLE CARDS ***
zizonmusang: folds
Uncalled bet ($2) returned to BábaPapa
BábaPapa collected $2 from pot
BábaPapa: doesn't show hand
*** SUMMARY ***
Total pot $2 | Rake $0
Seat 3: BábaPapa (big blind) collected ($2)
Seat 6: zizonmusang (button) (small blind) folded before Flop


PokerStars Hand #155925613850:  Hold'em Limit ($3/$6 USD) - 2016/07/13 13:45:39 ET
Table 'Mineura' 6-max Seat #3 is the button
Seat 3: BábaPapa ($80.96 in chips)
Seat 6: zizonmusang ($51.32 in chips)
BábaPapa: posts small blind $1
zizonmusang: posts big blind $3
*** HOLE CARDS ***
BábaPapa: raises $3 to $6
zizonmusang: raises $3 to $9
BábaPapa: calls $3
*** FLOP *** [8h 6s 7s]
zizonmusang: bets $3
BábaPapa: raises $3 to $6
zizonmusang: calls $3
*** TURN *** [8h 6s 7s] [Th]
zizonmusang: checks
BábaPapa: checks
*** RIVER *** [8h 6s 7s Th] [9s]
zizonmusang: bets $6
BábaPapa: raises $6 to $12
zizonmusang: calls $6
*** SHOW DOWN ***
BábaPapa: shows [Jc 7h] (a straight, Seven to Jack)
zizonmusang: mucks hand
BábaPapa collected $53.50 from pot
*** SUMMARY ***
Total pot $54 | Rake $0.50
Board [8h 6s 7s Th 9s]
Seat 3: BábaPapa (button) (small blind) showed [Jc 7h] and won ($53.50) with a straight, Seven to Jack
Seat 6: zizonmusang (big blind) mucked


PokerStars Hand #155925672488:  Hold'em Limit ($3/$6 USD) - 2016/07/13 13:47:02 ET
Table 'Mineura' 6-max Seat #6 is the button
Seat 3: BábaPapa ($58.14 in chips)
Seat 6: zizonmusang ($72.64 in chips)
zizonmusang: posts small blind $1
BábaPapa: posts big blind $3
*** HOLE CARDS ***
zizonmusang: folds
Uncalled bet ($2) returned to BábaPapa
BábaPapa collected $2 from pot
BábaPapa: doesn't show hand
*** SUMMARY ***
Total pot $2 | Rake $0
Seat 3: BábaPapa (big blind) collected ($2)
Seat 6: zizonmusang (button) (small blind) folded before Flop


PokerStars Hand #155925666953:  Hold'em Limit ($3/$6 USD) - 2016/07/13 13:46:54 ET
Table 'Mineura' 6-max Seat #3 is the button
Seat 3: BábaPapa ($55.14 in chips)
Seat 6: zizonmusang ($75.64 in chips)
BábaPapa: posts small blind $1
zizonmusang: posts big blind $3
*** HOLE CARDS ***
BábaPapa: raises $3 to $6
zizonmusang: folds
Uncalled bet ($3) returned to BábaPapa
BábaPapa collected $6 from pot
BábaPapa: doesn't show hand
*** SUMMARY ***
Total pot $6 | Rake $0
Seat 3: BábaPapa (button) (small blind) collected ($6)
Seat 6: zizonmusang (big blind) folded before Flop


PokerStars Hand #155925647990:  Hold'em Limit ($3/$6 USD) - 2016/07/13 13:46:27 ET
Table 'Mineura' 6-max Seat #6 is the button
Seat 3: BábaPapa ($85.14 in chips)
Seat 6: zizonmusang ($46.14 in chips)
zizonmusang: posts small blind $1
BábaPapa: posts big blind $3
*** HOLE CARDS ***
zizonmusang: raises $3 to $6
BábaPapa: raises $3 to $9
zizonmusang: raises $3 to $12
Betting is capped
BábaPapa: calls $3
*** FLOP *** [Qs 7s Jd]
BábaPapa: bets $3
zizonmusang: raises $3 to $6
BábaPapa: calls $3
*** TURN *** [Qs 7s Jd] [8h]
BábaPapa: checks
zizonmusang: bets $6
BábaPapa: calls $6
*** RIVER *** [Qs 7s Jd 8h] [9h]
BábaPapa: checks
zizonmusang: bets $6
BábaPapa: calls $6
*** SHOW DOWN ***
zizonmusang: shows [Js Kh] (a pair of Jacks)
BábaPapa: mucks hand
zizonmusang collected $59.50 from pot
*** SUMMARY ***
Total pot $60 | Rake $0.50
Board [Qs 7s Jd 8h 9h]
Seat 3: BábaPapa (big blind) mucked
Seat 6: zizonmusang (button) (small blind) showed [Js Kh] and won ($59.50) with a pair of Jacks


PokerStars Hand #155925690876:  Hold'em Limit ($3/$6 USD) - 2016/07/13 13:47:28 ET
Table 'Mineura' 6-max Seat #6 is the button
Seat 3: BábaPapa ($32.14 in chips)
Seat 6: zizonmusang ($98.14 in chips)
zizonmusang: posts small blind $1
BábaPapa: posts big blind $3
*** HOLE CARDS ***
zizonmusang: calls $2
BábaPapa: checks
*** FLOP *** [Ts 8c 6d]
BábaPapa: checks
zizonmusang: checks
*** TURN *** [Ts 8c 6d] [8s]
BábaPapa: bets $6
zizonmusang: calls $6
*** RIVER *** [Ts 8c 6d 8s] [9h]
BábaPapa: bets $6
zizonmusang: raises $6 to $12
BábaPapa: folds
Uncalled bet ($6) returned to zizonmusang
zizonmusang collected $29.50 from pot
zizonmusang: doesn't show hand
*** SUMMARY ***
Total pot $30 | Rake $0.50
Board [Ts 8c 6d 8s 9h]
Seat 3: BábaPapa (big blind) folded on the River
Seat 6: zizonmusang (button) (small blind) collected ($29.50)


PokerStars Hand #155925676762:  Hold'em Limit ($3/$6 USD) - 2016/07/13 13:47:08 ET
Table 'Mineura' 6-max Seat #3 is the button
Seat 3: BábaPapa ($59.14 in chips)
Seat 6: zizonmusang ($71.64 in chips)
BábaPapa: posts small blind $1
zizonmusang: posts big blind $3
*** HOLE CARDS ***
BábaPapa: raises $3 to $6
zizonmusang: calls $3
*** FLOP *** [2c 7c Jh]
zizonmusang: checks
BábaPapa: bets $3
zizonmusang: calls $3
*** TURN *** [2c 7c Jh] [Ks]
zizonmusang: checks
BábaPapa: bets $6
zizonmusang: raises $6 to $12
BábaPapa: calls $6
*** RIVER *** [2c 7c Jh Ks] [7d]
zizonmusang: bets $6
BábaPapa: calls $6
*** SHOW DOWN ***
zizonmusang: shows [Kd 2s] (two pair, Kings and Sevens)
BábaPapa: mucks hand
zizonmusang collected $53.50 from pot
*** SUMMARY ***
Total pot $54 | Rake $0.50
Board [2c 7c Jh Ks 7d]
Seat 3: BábaPapa (button) (small blind) mucked
Seat 6: zizonmusang (big blind) showed [Kd 2s] and won ($53.50) with two pair, Kings and Sevens


PokerStars Hand #155925723214:  Hold'em Limit ($3/$6 USD) - 2016/07/13 13:48:14 ET
Table 'Mineura' 6-max Seat #6 is the button
Seat 3: BábaPapa ($201.78 in chips)
Seat 6: zizonmusang ($95.50 in chips)
zizonmusang: posts small blind $1
BábaPapa: posts big blind $3
*** HOLE CARDS ***
zizonmusang: raises $3 to $6
BábaPapa: folds
Uncalled bet ($3) returned to zizonmusang
zizonmusang collected $6 from pot
zizonmusang: doesn't show hand
*** SUMMARY ***
Total pot $6 | Rake $0
Seat 3: BábaPapa (big blind) folded before Flop
Seat 6: zizonmusang (button) (small blind) collected ($6)


PokerStars Hand #155925705860:  Hold'em Limit ($3/$6 USD) - 2016/07/13 13:47:49 ET
Table 'Mineura' 6-max Seat #3 is the button
Seat 3: BábaPapa ($17.14 in chips)
Seat 6: zizonmusang ($112.64 in chips)
BábaPapa: posts small blind $1
zizonmusang: posts big blind $3
*** HOLE CARDS ***
BábaPapa: raises $3 to $6
zizonmusang: raises $3 to $9
BábaPapa: calls $3
*** FLOP *** [Js Qs 2h]
zizonmusang: bets $3
BábaPapa: raises $3 to $6
zizonmusang: raises $3 to $9
BábaPapa: calls $2.14 and is all-in
Uncalled bet ($0.86) returned to zizonmusang
*** TURN *** [Js Qs 2h] [4s]
*** RIVER *** [Js Qs 2h 4s] [7s]
*** SHOW DOWN ***
zizonmusang: shows [Ad 7d] (a pair of Sevens)
BábaPapa: shows [Jh 3s] (a flush, Queen high)
BábaPapa collected $33.78 from pot
*** SUMMARY ***
Total pot $34.28 | Rake $0.50
Board [Js Qs 2h 4s 7s]
Seat 3: BábaPapa (button) (small blind) showed [Jh 3s] and won ($33.78) with a flush, Queen high
Seat 6: zizonmusang (big blind) showed [Ad 7d] and lost with a pair of Sevens


PokerStars Hand #155925727772:  Hold'em Limit ($3/$6 USD) - 2016/07/13 13:48:21 ET
Table 'Mineura' 6-max Seat #3 is the button
Seat 3: BábaPapa ($198.78 in chips)
Seat 6: zizonmusang ($98.50 in chips)
BábaPapa: posts small blind $1
zizonmusang: posts big blind $3
*** HOLE CARDS ***
BábaPapa: raises $3 to $6
zizonmusang: raises $3 to $9
BábaPapa: raises $3 to $12
Betting is capped
zizonmusang: calls $3
*** FLOP *** [6d 7s 8c]
zizonmusang: checks
BábaPapa: bets $3
zizonmusang: raises $3 to $6
BábaPapa: raises $3 to $9
zizonmusang: raises $3 to $12
Betting is capped
BábaPapa: calls $3
*** TURN *** [6d 7s 8c] [Kc]
zizonmusang: bets $6
BábaPapa: raises $6 to $12
zizonmusang: calls $6
*** RIVER *** [6d 7s 8c Kc] [6h]
zizonmusang: checks
BábaPapa: bets $6
zizonmusang: calls $6
*** SHOW DOWN ***
BábaPapa: shows [Ks Kh] (a full house, Kings full of Sixes)
zizonmusang: mucks hand
BábaPapa collected $83.50 from pot
*** SUMMARY ***
Total pot $84 | Rake $0.50
Board [6d 7s 8c Kc 6h]
Seat 3: BábaPapa (button) (small blind) showed [Ks Kh] and won ($83.50) with a full house, Kings full of Sixes
Seat 6: zizonmusang (big blind) mucked


PokerStars Hand #155925783348:  Hold'em Limit ($3/$6 USD) - 2016/07/13 13:49:40 ET
Table 'Mineura' 6-max Seat #3 is the button
Seat 3: BábaPapa ($221.28 in chips)
Seat 6: zizonmusang ($74.54 in chips)
BábaPapa: posts small blind $1
zizonmusang: posts big blind $3
*** HOLE CARDS ***
BábaPapa: raises $3 to $6
zizonmusang: folds
Uncalled bet ($3) returned to BábaPapa
BábaPapa collected $6 from pot
BábaPapa: doesn't show hand
*** SUMMARY ***
Total pot $6 | Rake $0
Seat 3: BábaPapa (button) (small blind) collected ($6)
Seat 6: zizonmusang (big blind) folded before Flop


PokerStars Hand #155925779335:  Hold'em Limit ($3/$6 USD) - 2016/07/13 13:49:34 ET
Table 'Mineura' 6-max Seat #6 is the button
Seat 3: BábaPapa ($220.28 in chips)
Seat 6: zizonmusang ($75.54 in chips)
zizonmusang: posts small blind $1
BábaPapa: posts big blind $3
*** HOLE CARDS ***
zizonmusang: folds
Uncalled bet ($2) returned to BábaPapa
BábaPapa collected $2 from pot
BábaPapa: doesn't show hand
*** SUMMARY ***
Total pot $2 | Rake $0
Seat 3: BábaPapa (big blind) collected ($2)
Seat 6: zizonmusang (button) (small blind) folded before Flop


PokerStars Hand #155925769579:  Hold'em Limit ($3/$6 USD) - 2016/07/13 13:49:20 ET
Table 'Mineura' 6-max Seat #3 is the button
Seat 3: BábaPapa ($232.28 in chips)
Seat 6: zizonmusang ($64.02 in chips)
BábaPapa: posts small blind $1
zizonmusang: posts big blind $3
*** HOLE CARDS ***
BábaPapa: raises $3 to $6
zizonmusang: raises $3 to $9
BábaPapa: calls $3
*** FLOP *** [2s Kd 6s]
zizonmusang: bets $3
BábaPapa: calls $3
*** TURN *** [2s Kd 6s] [6d]
zizonmusang: bets $6
BábaPapa: folds
Uncalled bet ($6) returned to zizonmusang
zizonmusang collected $23.52 from pot
zizonmusang: doesn't show hand
*** SUMMARY ***
Total pot $24 | Rake $0.48
Board [2s Kd 6s 6d]
Seat 3: BábaPapa (button) (small blind) folded on the Turn
Seat 6: zizonmusang (big blind) collected ($23.52)


PokerStars Hand #155925757939:  Hold'em Limit ($3/$6 USD) - 2016/07/13 13:49:04 ET
Table 'Mineura' 6-max Seat #6 is the button
Seat 3: BábaPapa ($244.28 in chips)
Seat 6: zizonmusang ($52.50 in chips)
zizonmusang: posts small blind $1
BábaPapa: posts big blind $3
*** HOLE CARDS ***
zizonmusang: raises $3 to $6
BábaPapa: calls $3
*** FLOP *** [2s 6c 3h]
BábaPapa: checks
zizonmusang: checks
*** TURN *** [2s 6c 3h] [3c]
BábaPapa: checks
zizonmusang: bets $6
BábaPapa: calls $6
*** RIVER *** [2s 6c 3h 3c] [Qc]
BábaPapa: checks
zizonmusang: checks
*** SHOW DOWN ***
BábaPapa: shows [Js 9d] (a pair of Threes)
zizonmusang: shows [7d Kc] (a pair of Threes - King kicker)
zizonmusang collected $23.52 from pot
*** SUMMARY ***
Total pot $24 | Rake $0.48
Board [2s 6c 3h 3c Qc]
Seat 3: BábaPapa (big blind) showed [Js 9d] and lost with a pair of Threes
Seat 6: zizonmusang (button) (small blind) showed [7d Kc] and won ($23.52) with a pair of Threes


PokerStars Hand #155925747486:  Hold'em Limit ($3/$6 USD) - 2016/07/13 13:48:49 ET
Table 'Mineura' 6-max Seat #6 is the button
Seat 3: BábaPapa ($240.28 in chips)
Seat 6: zizonmusang ($56.50 in chips)
zizonmusang: posts small blind $1
BábaPapa: posts big blind $3
*** HOLE CARDS ***
zizonmusang: folds
Uncalled bet ($2) returned to BábaPapa
BábaPapa collected $2 from pot
BábaPapa: doesn't show hand
*** SUMMARY ***
Total pot $2 | Rake $0
Seat 3: BábaPapa (big blind) collected ($2)
Seat 6: zizonmusang (button) (small blind) folded before Flop


PokerStars Hand #155925752704:  Hold'em Limit ($3/$6 USD) - 2016/07/13 13:48:56 ET
Table 'Mineura' 6-max Seat #3 is the button
Seat 3: BábaPapa ($241.28 in chips)
Seat 6: zizonmusang ($55.50 in chips)
BábaPapa: posts small blind $1
zizonmusang: posts big blind $3
*** HOLE CARDS ***
BábaPapa: raises $3 to $6
zizonmusang: folds
Uncalled bet ($3) returned to BábaPapa
BábaPapa collected $6 from pot
BábaPapa: doesn't show hand
*** SUMMARY ***
Total pot $6 | Rake $0
Seat 3: BábaPapa (button) (small blind) collected ($6)
Seat 6: zizonmusang (big blind) folded before Flop


PokerStars Hand #155925788050:  Hold'em Limit ($3/$6 USD) - 2016/07/13 13:49:46 ET
Table 'Mineura' 6-max Seat #6 is the button
Seat 3: BábaPapa ($224.28 in chips)
Seat 6: zizonmusang ($71.54 in chips)
zizonmusang: posts small blind $1
BábaPapa: posts big blind $3
*** HOLE CARDS ***
zizonmusang: raises $3 to $6
BábaPapa: raises $3 to $9
zizonmusang: calls $3
*** FLOP *** [4c 2c 5d]
BábaPapa: bets $3
zizonmusang: calls $3
*** TURN *** [4c 2c 5d] [3s]
BábaPapa: bets $6
zizonmusang: raises $6 to $12
BábaPapa: raises $6 to $18
zizonmusang: calls $6
*** RIVER *** [4c 2c 5d 3s] [7c]
BábaPapa: bets $6
zizonmusang: calls $6
*** SHOW DOWN ***
BábaPapa: shows [Td Ac] (a straight, Ace to Five)
zizonmusang: mucks hand
BábaPapa collected $71.50 from pot
*** SUMMARY ***
Total pot $72 | Rake $0.50
Board [4c 2c 5d 3s 7c]
Seat 3: BábaPapa (big blind) showed [Td Ac] and won ($71.50) with a straight, Ace to Five
Seat 6: zizonmusang (button) (small blind) mucked


PokerStars Hand #155925803535:  Hold'em Limit ($3/$6 USD) - 2016/07/13 13:50:09 ET
Table 'Mineura' 6-max Seat #3 is the button
Seat 3: BábaPapa ($259.78 in chips)
Seat 6: zizonmusang ($35.54 in chips)
BábaPapa: posts small blind $1
zizonmusang: posts big blind $3
*** HOLE CARDS ***
BábaPapa: raises $3 to $6
zizonmusang: calls $3
*** FLOP *** [7d 6s Ah]
zizonmusang: checks
BábaPapa: bets $3
zizonmusang: raises $3 to $6
BábaPapa: calls $3
*** TURN *** [7d 6s Ah] [Qh]
zizonmusang: bets $6
BábaPapa: calls $6
*** RIVER *** [7d 6s Ah Qh] [Qd]
zizonmusang: bets $6
BábaPapa: calls $6
*** SHOW DOWN ***
zizonmusang: shows [9c 8d] (a pair of Queens)
BábaPapa: shows [6c 2h] (two pair, Queens and Sixes)
BábaPapa collected $47.50 from pot
*** SUMMARY ***
Total pot $48 | Rake $0.50
Board [7d 6s Ah Qh Qd]
Seat 3: BábaPapa (button) (small blind) showed [6c 2h] and won ($47.50) with two pair, Queens and Sixes
Seat 6: zizonmusang (big blind) showed [9c 8d] and lost with a pair of Queens


PokerStars Hand #155925817498:  Hold'em Limit ($3/$6 USD) - 2016/07/13 13:50:28 ET
Table 'Mineura' 6-max Seat #6 is the button
Seat 3: BábaPapa ($283.28 in chips)
Seat 6: zizonmusang ($11.54 in chips)
zizonmusang: posts small blind $1
BábaPapa: posts big blind $3
*** HOLE CARDS ***
zizonmusang: raises $3 to $6
BábaPapa: raises $3 to $9
zizonmusang: raises $2.54 to $11.54 and is all-in
Betting is capped
BábaPapa: calls $2.54
*** FLOP *** [5c 8c 2s]
*** TURN *** [5c 8c 2s] [Ts]
*** RIVER *** [5c 8c 2s Ts] [Jc]
*** SHOW DOWN ***
BábaPapa: shows [4c 6s] (high card Jack)
zizonmusang: shows [7c Tc] (a flush, Jack high)
zizonmusang collected $22.62 from pot
*** SUMMARY ***
Total pot $23.08 | Rake $0.46
Board [5c 8c 2s Ts Jc]
Seat 3: BábaPapa (big blind) showed [4c 6s] and lost with high card Jack
Seat 6: zizonmusang (button) (small blind) showed [7c Tc] and won ($22.62) with a flush, Jack high


PokerStars Hand #155925828656:  Hold'em Limit ($3/$6 USD) - 2016/07/13 13:50:44 ET
Table 'Mineura' 6-max Seat #3 is the button
Seat 3: BábaPapa ($271.74 in chips)
Seat 6: zizonmusang ($22.62 in chips)
BábaPapa: posts small blind $1
zizonmusang: posts big blind $3
*** HOLE CARDS ***
BábaPapa: raises $3 to $6
zizonmusang: raises $3 to $9
BábaPapa: raises $3 to $12
Betting is capped
zizonmusang: calls $3
*** FLOP *** [7d Ac 6s]
zizonmusang: bets $3
BábaPapa: raises $3 to $6
zizonmusang: raises $3 to $9
BábaPapa: raises $3 to $12
Betting is capped
zizonmusang: calls $1.62 and is all-in
Uncalled bet ($1.38) returned to BábaPapa
*** TURN *** [7d Ac 6s] [8c]
*** RIVER *** [7d Ac 6s 8c] [9s]
*** SHOW DOWN ***
zizonmusang: shows [2s Ah] (a pair of Aces)
BábaPapa: shows [Td Qd] (a straight, Six to Ten)
BábaPapa collected $44.74 from pot
*** SUMMARY ***
Total pot $45.24 | Rake $0.50
Board [7d Ac 6s 8c 9s]
Seat 3: BábaPapa (button) (small blind) showed [Td Qd] and won ($44.74) with a straight, Six to Ten
Seat 6: zizonmusang (big blind) showed [2s Ah] and lost with a pair of Aces


PokerStars Hand #155925893912:  Hold'em Limit ($3/$6 USD) - 2016/07/13 13:52:18 ET
Table 'Mineura' 6-max Seat #3 is the button
Seat 3: BábaPapa ($269.86 in chips)
Seat 4: Tryptamean ($143.50 in chips)
BábaPapa: posts small blind $1
Tryptamean: posts big blind $3
*** HOLE CARDS ***
BábaPapa: raises $3 to $6
Tryptamean: raises $3 to $9
BábaPapa: calls $3
*** FLOP *** [4c 8s Tc]
Tryptamean: bets $3
BábaPapa: raises $3 to $6
Tryptamean: calls $3
*** TURN *** [4c 8s Tc] [2h]
Tryptamean: checks
BábaPapa: bets $6
Tryptamean: calls $6
*** RIVER *** [4c 8s Tc 2h] [6h]
Tryptamean: checks
BábaPapa: bets $6
Tryptamean: calls $6
*** SHOW DOWN ***
BábaPapa: shows [Ts 6d] (two pair, Tens and Sixes)
Tryptamean: mucks hand
BábaPapa collected $53.50 from pot
*** SUMMARY ***
Total pot $54 | Rake $0.50
Board [4c 8s Tc 2h 6h]
Seat 3: BábaPapa (button) (small blind) showed [Ts 6d] and won ($53.50) with two pair, Tens and Sixes
Seat 4: Tryptamean (big blind) mucked


PokerStars Hand #155925854065:  Hold'em Limit ($3/$6 USD) - 2016/07/13 13:51:21 ET
Table 'Mineura' 6-max Seat #4 is the button
Seat 3: BábaPapa ($293.86 in chips)
Seat 4: Tryptamean ($120 in chips)
Tryptamean: posts small blind $1
BábaPapa: posts big blind $3
*** HOLE CARDS ***
Tryptamean: raises $3 to $6
BábaPapa: raises $3 to $9
Tryptamean: calls $3
*** FLOP *** [7h 3d 4s]
BábaPapa: bets $3
Tryptamean: calls $3
*** TURN *** [7h 3d 4s] [Ts]
BábaPapa: bets $6
Tryptamean: calls $6
*** RIVER *** [7h 3d 4s Ts] [Kc]
BábaPapa: bets $6
Tryptamean: raises $6 to $12
BábaPapa: folds
Uncalled bet ($6) returned to Tryptamean
Tryptamean collected $47.50 from pot
Tryptamean: doesn't show hand
*** SUMMARY ***
Total pot $48 | Rake $0.50
Board [7h 3d 4s Ts Kc]
Seat 3: BábaPapa (big blind) folded on the River
Seat 4: Tryptamean (button) (small blind) collected ($47.50)


PokerStars Hand #155925918473:  Hold'em Limit ($3/$6 USD) - 2016/07/13 13:52:53 ET
Table 'Mineura' 6-max Seat #3 is the button
Seat 3: BábaPapa ($305 in chips)
Seat 4: Tryptamean ($107.50 in chips)
BábaPapa: posts small blind $1
Tryptamean: posts big blind $3
*** HOLE CARDS ***
BábaPapa: raises $3 to $6
Tryptamean: calls $3
*** FLOP *** [8h Js 5d]
Tryptamean: checks
BábaPapa: bets $3
Tryptamean: folds
Uncalled bet ($3) returned to BábaPapa
BábaPapa collected $11.76 from pot
BábaPapa: doesn't show hand
*** SUMMARY ***
Total pot $12 | Rake $0.24
Board [8h Js 5d]
Seat 3: BábaPapa (button) (small blind) collected ($11.76)
Seat 4: Tryptamean (big blind) folded on the Flop


PokerStars Hand #155925927427:  Hold'em Limit ($3/$6 USD) - 2016/07/13 13:53:05 ET
Table 'Mineura' 6-max Seat #4 is the button
Seat 3: BábaPapa ($310.76 in chips)
Seat 4: Tryptamean ($101.50 in chips)
Tryptamean: posts small blind $1
BábaPapa: posts big blind $3
*** HOLE CARDS ***
Tryptamean: raises $3 to $6
BábaPapa: calls $3
*** FLOP *** [9s Qc 5s]
BábaPapa: checks
Tryptamean: bets $3
BábaPapa: folds
Uncalled bet ($3) returned to Tryptamean
Tryptamean collected $11.76 from pot
Tryptamean: doesn't show hand
*** SUMMARY ***
Total pot $12 | Rake $0.24
Board [9s Qc 5s]
Seat 3: BábaPapa (big blind) folded on the Flop
Seat 4: Tryptamean (button) (small blind) collected ($11.76)


PokerStars Hand #155925935559:  Hold'em Limit ($3/$6 USD) - 2016/07/13 13:53:17 ET
Table 'Mineura' 6-max Seat #3 is the button
Seat 3: BábaPapa ($304.76 in chips)
Seat 4: Tryptamean ($107.26 in chips)
BábaPapa: posts small blind $1
Tryptamean: posts big blind $3
*** HOLE CARDS ***
BábaPapa: raises $3 to $6
Tryptamean: calls $3
*** FLOP *** [3d 2c Th]
Tryptamean: checks
BábaPapa: bets $3
Tryptamean: calls $3
*** TURN *** [3d 2c Th] [2h]
Tryptamean: checks
BábaPapa: bets $6
Tryptamean: calls $6
*** RIVER *** [3d 2c Th 2h] [Js]
Tryptamean: checks
BábaPapa: checks
*** SHOW DOWN ***
Tryptamean: shows [Qh Jd] (two pair, Jacks and Deuces)
BábaPapa: mucks hand
Tryptamean collected $29.50 from pot
*** SUMMARY ***
Total pot $30 | Rake $0.50
Board [3d 2c Th 2h Js]
Seat 3: BábaPapa (button) (small blind) mucked
Seat 4: Tryptamean (big blind) showed [Qh Jd] and won ($29.50) with two pair, Jacks and Deuces


PokerStars Hand #155925910917:  Hold'em Limit ($3/$6 USD) - 2016/07/13 13:52:42 ET
Table 'Mineura' 6-max Seat #4 is the button
Seat 3: BábaPapa ($296.36 in chips)
Seat 4: Tryptamean ($116.50 in chips)
Tryptamean: posts small blind $1
BábaPapa: posts big blind $3
*** HOLE CARDS ***
Tryptamean: raises $3 to $6
BábaPapa: raises $3 to $9
Tryptamean: calls $3
*** FLOP *** [As Kc 3h]
BábaPapa: bets $3
Tryptamean: folds
Uncalled bet ($3) returned to BábaPapa
BábaPapa collected $17.64 from pot
BábaPapa: doesn't show hand
*** SUMMARY ***
Total pot $18 | Rake $0.36
Board [As Kc 3h]
Seat 3: BábaPapa (big blind) collected ($17.64)
Seat 4: Tryptamean (button) (small blind) folded on the Flop


PokerStars Hand #155925970891:  Hold'em Limit ($3/$6 USD) - 2016/07/13 13:54:08 ET
Table 'Mineura' 6-max Seat #4 is the button
Seat 3: BábaPapa ($318.93 in chips)
Seat 4: Tryptamean ($120.76 in chips)
Tryptamean: posts small blind $1
BábaPapa: posts big blind $3
*** HOLE CARDS ***
Tryptamean: raises $3 to $6
BábaPapa: folds
Uncalled bet ($3) returned to Tryptamean
Tryptamean collected $6 from pot
Tryptamean: doesn't show hand
*** SUMMARY ***
Total pot $6 | Rake $0
Seat 3: BábaPapa (big blind) folded before Flop
Seat 4: Tryptamean (button) (small blind) collected ($6)


PokerStars Hand #155925975507:  Hold'em Limit ($3/$6 USD) - 2016/07/13 13:54:15 ET
Table 'Mineura' 6-max Seat #3 is the button
Seat 3: BábaPapa ($315.93 in chips)
Seat 4: Tryptamean ($123.76 in chips)
BábaPapa: posts small blind $1
Tryptamean: posts big blind $3
*** HOLE CARDS ***
BábaPapa: raises $3 to $6
Tryptamean: calls $3
*** FLOP *** [9c 3s Kh]
Tryptamean: checks
BábaPapa: checks
*** TURN *** [9c 3s Kh] [Jc]
Tryptamean: checks
BábaPapa: bets $6
Tryptamean: folds
Uncalled bet ($6) returned to BábaPapa
BábaPapa collected $11.76 from pot
BábaPapa: doesn't show hand
*** SUMMARY ***
Total pot $12 | Rake $0.24
Board [9c 3s Kh Jc]
Seat 3: BábaPapa (button) (small blind) collected ($11.76)
Seat 4: Tryptamean (big blind) folded on the Turn


PokerStars Hand #155925987737:  Hold'em Limit ($3/$6 USD) - 2016/07/13 13:54:32 ET
Table 'Mineura' 6-max Seat #4 is the button
Seat 3: BábaPapa ($321.69 in chips)
Seat 4: Tryptamean ($117.76 in chips)
Tryptamean: posts small blind $1
BábaPapa: posts big blind $3
*** HOLE CARDS ***
Tryptamean: raises $3 to $6
BábaPapa: calls $3
*** FLOP *** [9s 8h Jh]
BábaPapa: checks
Tryptamean: bets $3
BábaPapa: folds
Uncalled bet ($3) returned to Tryptamean
Tryptamean collected $11.76 from pot
Tryptamean: doesn't show hand
*** SUMMARY ***
Total pot $12 | Rake $0.24
Board [9s 8h Jh]
Seat 3: BábaPapa (big blind) folded on the Flop
Seat 4: Tryptamean (button) (small blind) collected ($11.76)


PokerStars Hand #155925996023:  Hold'em Limit ($3/$6 USD) - 2016/07/13 13:54:44 ET
Table 'Mineura' 6-max Seat #3 is the button
Seat 3: BábaPapa ($315.69 in chips)
Seat 4: Tryptamean ($123.52 in chips)
BábaPapa: posts small blind $1
Tryptamean: posts big blind $3
*** HOLE CARDS ***
BábaPapa: raises $3 to $6
Tryptamean: raises $3 to $9
BábaPapa: raises $3 to $12
Betting is capped
Tryptamean: calls $3
*** FLOP *** [9c 7h Ah]
Tryptamean: checks
BábaPapa: bets $3
Tryptamean: calls $3
*** TURN *** [9c 7h Ah] [Tc]
Tryptamean: checks
BábaPapa: bets $6
Tryptamean: calls $6
*** RIVER *** [9c 7h Ah Tc] [2s]
Tryptamean: checks
BábaPapa: checks
*** SHOW DOWN ***
Tryptamean: shows [Ts 8s] (a pair of Tens)
BábaPapa: shows [8h Th] (a pair of Tens)
Tryptamean collected $20.75 from pot
BábaPapa collected $20.75 from pot
*** SUMMARY ***
Total pot $42 | Rake $0.50
Board [9c 7h Ah Tc 2s]
Seat 3: BábaPapa (button) (small blind) showed [8h Th] and won ($20.75) with a pair of Tens
Seat 4: Tryptamean (big blind) showed [Ts 8s] and won ($20.75) with a pair of Tens


PokerStars Hand #155926017667:  Hold'em Limit ($3/$6 USD) - 2016/07/13 13:55:16 ET
Table 'Mineura' 6-max Seat #3 is the button
Seat 3: BábaPapa ($312.44 in chips)
Seat 4: Tryptamean ($126.27 in chips)
BábaPapa: posts small blind $1
Tryptamean: posts big blind $3
*** HOLE CARDS ***
BábaPapa: raises $3 to $6
Tryptamean: raises $3 to $9
BábaPapa: calls $3
*** FLOP *** [Jc 8c 7h]
Tryptamean: bets $3
BábaPapa: folds
Uncalled bet ($3) returned to Tryptamean
Tryptamean collected $17.64 from pot
Tryptamean: doesn't show hand
*** SUMMARY ***
Total pot $18 | Rake $0.36
Board [Jc 8c 7h]
Seat 3: BábaPapa (button) (small blind) folded on the Flop
Seat 4: Tryptamean (big blind) collected ($17.64)


PokerStars Hand #155926014607:  Hold'em Limit ($3/$6 USD) - 2016/07/13 13:55:10 ET
Table 'Mineura' 6-max Seat #4 is the button
Seat 3: BábaPapa ($315.44 in chips)
Seat 4: Tryptamean ($123.27 in chips)
Tryptamean: posts small blind $1
BábaPapa: posts big blind $3
*** HOLE CARDS ***
Tryptamean: raises $3 to $6
BábaPapa: folds
Uncalled bet ($3) returned to Tryptamean
Tryptamean collected $6 from pot
Tryptamean: doesn't show hand
*** SUMMARY ***
Total pot $6 | Rake $0
Seat 3: BábaPapa (big blind) folded before Flop
Seat 4: Tryptamean (button) (small blind) collected ($6)


PokerStars Hand #155926039920:  Hold'em Limit ($3/$6 USD) - 2016/07/13 13:55:57 ET
Table 'Mineura' 6-max Seat #3 is the button
Seat 3: BábaPapa ($326.94 in chips)
Seat 4: Tryptamean ($110.91 in chips)
BábaPapa: posts small blind $1
Tryptamean: posts big blind $3
*** HOLE CARDS ***
BábaPapa: raises $3 to $6
Tryptamean: raises $3 to $9
BábaPapa: raises $3 to $12
Betting is capped
Tryptamean: calls $3
*** FLOP *** [8c 4h Qc]
Tryptamean: checks
BábaPapa: bets $3
Tryptamean: calls $3
*** TURN *** [8c 4h Qc] [Qh]
Tryptamean: checks
BábaPapa: bets $6
Tryptamean: calls $6
*** RIVER *** [8c 4h Qc Qh] [9h]
Tryptamean: checks
BábaPapa: bets $6
Tryptamean: folds
Uncalled bet ($6) returned to BábaPapa
BábaPapa collected $41.50 from pot
BábaPapa: doesn't show hand
*** SUMMARY ***
Total pot $42 | Rake $0.50
Board [8c 4h Qc Qh 9h]
Seat 3: BábaPapa (button) (small blind) collected ($41.50)
Seat 4: Tryptamean (big blind) folded on the River


PokerStars Hand #155926028074:  Hold'em Limit ($3/$6 USD) - 2016/07/13 13:55:35 ET
Table 'Mineura' 6-max Seat #4 is the button
Seat 3: BábaPapa ($303.44 in chips)
Seat 4: Tryptamean ($134.91 in chips)
Tryptamean: posts small blind $1
BábaPapa: posts big blind $3
*** HOLE CARDS ***
Tryptamean: raises $3 to $6
BábaPapa: raises $3 to $9
Tryptamean: calls $3
*** FLOP *** [9s Kc 9h]
BábaPapa: bets $3
Tryptamean: calls $3
*** TURN *** [9s Kc 9h] [8h]
BábaPapa: bets $6
Tryptamean: calls $6
*** RIVER *** [9s Kc 9h 8h] [3h]
BábaPapa: bets $6
Tryptamean: calls $6
*** SHOW DOWN ***
BábaPapa: shows [Kh 4s] (two pair, Kings and Nines)
Tryptamean: mucks hand
BábaPapa collected $47.50 from pot
*** SUMMARY ***
Total pot $48 | Rake $0.50
Board [9s Kc 9h 8h 3h]
Seat 3: BábaPapa (big blind) showed [Kh 4s] and won ($47.50) with two pair, Kings and Nines
Seat 4: Tryptamean (button) (small blind) mucked


PokerStars Hand #155926070566:  Hold'em Limit ($3/$6 USD) - 2016/07/13 13:56:53 ET
Table 'Mineura' 6-max Seat #3 is the button
Seat 3: BábaPapa ($364.94 in chips)
Seat 4: Tryptamean ($71.91 in chips)
BábaPapa: posts small blind $1
Tryptamean: posts big blind $3
*** HOLE CARDS ***
BábaPapa: raises $3 to $6
Tryptamean: calls $3
*** FLOP *** [6h 4s 8s]
Tryptamean: checks
BábaPapa: bets $3
Tryptamean: calls $3
*** TURN *** [6h 4s 8s] [8h]
Tryptamean: checks
BábaPapa: bets $6
Tryptamean: folds
Uncalled bet ($6) returned to BábaPapa
BábaPapa collected $17.64 from pot
BábaPapa: doesn't show hand
*** SUMMARY ***
Total pot $18 | Rake $0.36
Board [6h 4s 8s 8h]
Seat 3: BábaPapa (button) (small blind) collected ($17.64)
Seat 4: Tryptamean (big blind) folded on the Turn


PokerStars Hand #155926081347:  Hold'em Limit ($3/$6 USD) - 2016/07/13 13:57:13 ET
Table 'Mineura' 6-max Seat #4 is the button
Seat 3: BábaPapa ($373.58 in chips)
Seat 4: Tryptamean ($62.91 in chips)
Tryptamean: posts small blind $1
BábaPapa: posts big blind $3
*** HOLE CARDS ***
Tryptamean: raises $3 to $6
BábaPapa: calls $3
*** FLOP *** [8d 9c Ac]
BábaPapa: checks
Tryptamean: bets $3
BábaPapa: folds
Uncalled bet ($3) returned to Tryptamean
Tryptamean collected $11.76 from pot
Tryptamean: doesn't show hand
*** SUMMARY ***
Total pot $12 | Rake $0.24
Board [8d 9c Ac]
Seat 3: BábaPapa (big blind) folded on the Flop
Seat 4: Tryptamean (button) (small blind) collected ($11.76)


PokerStars Hand #155926055337:  Hold'em Limit ($3/$6 USD) - 2016/07/13 13:56:25 ET
Table 'Mineura' 6-max Seat #4 is the button
Seat 3: BábaPapa ($347.44 in chips)
Seat 4: Tryptamean ($89.91 in chips)
Tryptamean: posts small blind $1
BábaPapa: posts big blind $3
*** HOLE CARDS ***
Tryptamean: raises $3 to $6
BábaPapa: calls $3
*** FLOP *** [8h Qc 2d]
BábaPapa: checks
Tryptamean: bets $3
BábaPapa: raises $3 to $6
Tryptamean: calls $3
*** TURN *** [8h Qc 2d] [6s]
BábaPapa: bets $6
Tryptamean: calls $6
*** RIVER *** [8h Qc 2d 6s] [Ad]
BábaPapa: bets $6
Tryptamean: folds
Uncalled bet ($6) returned to BábaPapa
BábaPapa collected $35.50 from pot
BábaPapa: doesn't show hand
*** SUMMARY ***
Total pot $36 | Rake $0.50
Board [8h Qc 2d 6s Ad]
Seat 3: BábaPapa (big blind) collected ($35.50)
Seat 4: Tryptamean (button) (small blind) folded on the River


PokerStars Hand #155926089089:  Hold'em Limit ($3/$6 USD) - 2016/07/13 13:57:27 ET
Table 'Mineura' 6-max Seat #3 is the button
Seat 3: BábaPapa ($367.58 in chips)
Seat 4: Tryptamean ($68.67 in chips)
BábaPapa: posts small blind $1
Tryptamean: posts big blind $3
*** HOLE CARDS ***
BábaPapa: raises $3 to $6
Tryptamean: calls $3
*** FLOP *** [6c 6s Qc]
Tryptamean: checks
BábaPapa: bets $3
Tryptamean: calls $3
*** TURN *** [6c 6s Qc] [8d]
Tryptamean: checks
BábaPapa: bets $6
Tryptamean: raises $6 to $12
BábaPapa: calls $6
*** RIVER *** [6c 6s Qc 8d] [4d]
Tryptamean: bets $6
BábaPapa: calls $6
*** SHOW DOWN ***
Tryptamean: shows [2c 3c] (a pair of Sixes)
BábaPapa: shows [7s 7c] (two pair, Sevens and Sixes)
BábaPapa collected $53.50 from pot
*** SUMMARY ***
Total pot $54 | Rake $0.50
Board [6c 6s Qc 8d 4d]
Seat 3: BábaPapa (button) (small blind) showed [7s 7c] and won ($53.50) with two pair, Sevens and Sixes
Seat 4: Tryptamean (big blind) showed [2c 3c] and lost with a pair of Sixes


PokerStars Hand #155926351411:  Hold'em Limit ($3/$6 USD) - 2016/07/13 14:04:06 ET
Table 'Mineura' 6-max Seat #2 is the button
Seat 2: civi1717 ($155.27 in chips)
Seat 4: Tryptamean ($72.87 in chips)
angelsite911 will be allowed to play after the button
jackRizzar will be allowed to play after the button
civi1717: posts small blind $1
Tryptamean: posts big blind $3
*** HOLE CARDS ***
civi1717: folds
Uncalled bet ($2) returned to Tryptamean
Tryptamean collected $2 from pot
Tryptamean: doesn't show hand
*** SUMMARY ***
Total pot $2 | Rake $0
Seat 2: civi1717 (button) (small blind) folded before Flop
Seat 4: Tryptamean (big blind) collected ($2)


PokerStars Hand #155928158848:  Hold'em Limit ($3/$6 USD) - 2016/07/13 14:44:30 ET
Table 'Mineura' 6-max Seat #2 is the button
Seat 1: jackRizzar ($369.54 in chips)
Seat 2: allinT77 ($39 in chips)
allinT77: posts small blind $1
skanQ was removed from the table for failing to post
Tryptamean: is sitting out
jackRizzar: posts big blind $3
*** HOLE CARDS ***
allinT77: raises $3 to $6
jackRizzar: calls $3
*** FLOP *** [5c Ad 5s]
jackRizzar: checks
allinT77: bets $3
jackRizzar: folds
Uncalled bet ($3) returned to allinT77
allinT77 collected $11.76 from pot
allinT77: doesn't show hand
*** SUMMARY ***
Total pot $12 | Rake $0.24
Board [5c Ad 5s]
Seat 1: jackRizzar (big blind) folded on the Flop
Seat 2: allinT77 (button) (small blind) collected ($11.76)


PokerStars Hand #155928172710:  Hold'em Limit ($3/$6 USD) - 2016/07/13 14:44:49 ET
Table 'Mineura' 6-max Seat #1 is the button
Seat 1: jackRizzar ($363.54 in chips)
Seat 2: allinT77 ($44.76 in chips)
jackRizzar: posts small blind $1
allinT77: posts big blind $3
*** HOLE CARDS ***
jackRizzar: raises $3 to $6
allinT77: calls $3
*** FLOP *** [8d Ts 2h]
allinT77: checks
jackRizzar: checks
*** TURN *** [8d Ts 2h] [2d]
allinT77: checks
jackRizzar: checks
*** RIVER *** [8d Ts 2h 2d] [Qs]
allinT77: checks
jackRizzar: bets $6
allinT77: calls $6
*** SHOW DOWN ***
jackRizzar: shows [Jh 3c] (a pair of Deuces)
allinT77: shows [5s Ah] (a pair of Deuces - Ace kicker)
allinT77 collected $23.52 from pot
*** SUMMARY ***
Total pot $24 | Rake $0.48
Board [8d Ts 2h 2d Qs]
Seat 1: jackRizzar (button) (small blind) showed [Jh 3c] and lost with a pair of Deuces
Seat 2: allinT77 (big blind) showed [5s Ah] and won ($23.52) with a pair of Deuces


PokerStars Hand #155930066724:  Hold'em Limit ($3/$6 USD) - 2016/07/13 15:25:59 ET
Table 'Mineura' 6-max Seat #3 is the button
Seat 3: TAY27RUS ($120 in chips)
Seat 4: Actionni13 ($150 in chips)
TAY27RUS: posts small blind $1
Actionni13: posts big blind $3
*** HOLE CARDS ***
Murrrr_@T joins the table at seat #5
TAY27RUS: raises $3 to $6
Actionni13: folds
Uncalled bet ($3) returned to TAY27RUS
TAY27RUS collected $6 from pot
*** SUMMARY ***
Total pot $6 | Rake $0
Seat 3: TAY27RUS (button) (small blind) collected ($6)
Seat 4: Actionni13 (big blind) folded before Flop


PokerStars Hand #155930587583:  Hold'em Limit ($3/$6 USD) - 2016/07/13 15:36:36 ET
Table 'Mineura' 6-max Seat #4 is the button
Seat 4: Actionni13 ($158.25 in chips)
Seat 5: Murrrr_@T ($172.04 in chips)
Grieserix will be allowed to play after the button
Actionni13: posts small blind $1
Murrrr_@T: posts big blind $3
*** HOLE CARDS ***
Actionni13: raises $3 to $6
ehavai joins the table at seat #2
Murrrr_@T: calls $3
*** FLOP *** [3s Jh 8s]
Murrrr_@T: checks
Actionni13: bets $3
Murrrr_@T: calls $3
*** TURN *** [3s Jh 8s] [Th]
Murrrr_@T: checks
TAY27RUS leaves the table
Actionni13: checks
*** RIVER *** [3s Jh 8s Th] [Ah]
vestimokrec joins the table at seat #3
Murrrr_@T: checks
Actionni13: checks
*** SHOW DOWN ***
Murrrr_@T: shows [Qs 7d] (high card Ace)
Actionni13: shows [Qh 3d] (a pair of Threes)
Actionni13 collected $17.64 from pot
*** SUMMARY ***
Total pot $18 | Rake $0.36
Board [3s Jh 8s Th Ah]
Seat 4: Actionni13 (button) (small blind) showed [Qh 3d] and won ($17.64) with a pair of Threes
Seat 5: Murrrr_@T (big blind) showed [Qs 7d] and lost with high card Ace


PokerStars Hand #155933748938:  Hold'em Limit ($3/$6 USD) - 2016/07/13 16:43:24 ET
Table 'Mineura' 6-max Seat #4 is the button
Seat 2: hairy1961 ($74.50 in chips)
Seat 4: Koraseg ($105 in chips)
Koraseg: posts small blind $1
hairy1961: posts big blind $3
*** HOLE CARDS ***
Koraseg: raises $3 to $6
hairy1961: calls $3
*** FLOP *** [8c Th Kh]
hairy1961: checks
Koraseg: bets $3
hairy1961: calls $3
*** TURN *** [8c Th Kh] [6d]
hairy1961: checks
Koraseg: checks
*** RIVER *** [8c Th Kh 6d] [Jh]
hairy1961: bets $6
Koraseg: calls $6
*** SHOW DOWN ***
hairy1961: shows [Td Ah] (a pair of Tens)
Koraseg: shows [Js Qs] (a pair of Jacks)
Koraseg collected $29.50 from pot
*** SUMMARY ***
Total pot $30 | Rake $0.50
Board [8c Th Kh 6d Jh]
Seat 2: hairy1961 (big blind) showed [Td Ah] and lost with a pair of Tens
Seat 4: Koraseg (button) (small blind) showed [Js Qs] and won ($29.50) with a pair of Jacks


PokerStars Hand #155933712960:  Hold'em Limit ($3/$6 USD) - 2016/07/13 16:42:38 ET
Table 'Mineura' 6-max Seat #2 is the button
Seat 2: hairy1961 ($60 in chips)
Seat 4: Koraseg ($120 in chips)
hairy1961: posts small blind $1
Koraseg: posts big blind $3
*** HOLE CARDS ***
hairy1961: raises $3 to $6
Koraseg: calls $3
*** FLOP *** [4h 5s 7h]
Koraseg: checks
hairy1961: bets $3
Koraseg: calls $3
*** TURN *** [4h 5s 7h] [Qh]
Koraseg: checks
hairy1961: bets $6
Koraseg: calls $6
*** RIVER *** [4h 5s 7h Qh] [9s]
Koraseg: checks
hairy1961: bets $6
Koraseg: folds
Uncalled bet ($6) returned to hairy1961
hairy1961 collected $29.50 from pot
*** SUMMARY ***
Total pot $30 | Rake $0.50
Board [4h 5s 7h Qh 9s]
Seat 2: hairy1961 (button) (small blind) collected ($29.50)
Seat 4: Koraseg (big blind) folded on the River


PokerStars Hand #155933795807:  Hold'em Limit ($3/$6 USD) - 2016/07/13 16:44:24 ET
Table 'Mineura' 6-max Seat #4 is the button
Seat 2: hairy1961 ($61.26 in chips)
Seat 4: Koraseg ($117.50 in chips)
Koraseg: posts small blind $1
hairy1961: posts big blind $3
*** HOLE CARDS ***
Koraseg: raises $3 to $6
hairy1961: raises $3 to $9
Koraseg: calls $3
*** FLOP *** [9d 5c 8d]
hairy1961: bets $3
Koraseg: calls $3
*** TURN *** [9d 5c 8d] [Js]
hairy1961: bets $6
Koraseg: folds
Uncalled bet ($6) returned to hairy1961
hairy1961 collected $23.52 from pot
*** SUMMARY ***
Total pot $24 | Rake $0.48
Board [9d 5c 8d Js]
Seat 2: hairy1961 (big blind) collected ($23.52)
Seat 4: Koraseg (button) (small blind) folded on the Turn


PokerStars Hand #155933791275:  Hold'em Limit ($3/$6 USD) - 2016/07/13 16:44:18 ET
Table 'Mineura' 6-max Seat #2 is the button
Seat 2: hairy1961 ($62.26 in chips)
Seat 4: Koraseg ($116.50 in chips)
hairy1961: posts small blind $1
Koraseg: posts big blind $3
*** HOLE CARDS ***
hairy1961: folds
Uncalled bet ($2) returned to Koraseg
Koraseg collected $2 from pot
Koraseg: doesn't show hand
*** SUMMARY ***
Total pot $2 | Rake $0
Seat 2: hairy1961 (button) (small blind) folded before Flop
Seat 4: Koraseg (big blind) collected ($2)


PokerStars Hand #155933785162:  Hold'em Limit ($3/$6 USD) - 2016/07/13 16:44:10 ET
Table 'Mineura' 6-max Seat #4 is the button
Seat 2: hairy1961 ($65.26 in chips)
Seat 4: Koraseg ($113.50 in chips)
Koraseg: posts small blind $1
hairy1961: posts big blind $3
*** HOLE CARDS ***
Koraseg: raises $3 to $6
hairy1961: folds
Uncalled bet ($3) returned to Koraseg
Koraseg collected $6 from pot
Koraseg: doesn't show hand
*** SUMMARY ***
Total pot $6 | Rake $0
Seat 2: hairy1961 (big blind) folded before Flop
Seat 4: Koraseg (button) (small blind) collected ($6)


PokerStars Hand #155933768927:  Hold'em Limit ($3/$6 USD) - 2016/07/13 16:43:49 ET
Table 'Mineura' 6-max Seat #2 is the button
Seat 2: hairy1961 ($59.50 in chips)
Seat 4: Koraseg ($119.50 in chips)
hairy1961: posts small blind $1
Koraseg: posts big blind $3
*** HOLE CARDS ***
hairy1961: raises $3 to $6
Koraseg: calls $3
*** FLOP *** [3s Ad Kd]
Koraseg: checks
hairy1961: bets $3
Koraseg: folds
Uncalled bet ($3) returned to hairy1961
hairy1961 collected $11.76 from pot
*** SUMMARY ***
Total pot $12 | Rake $0.24
Board [3s Ad Kd]
Seat 2: hairy1961 (button) (small blind) collected ($11.76)
Seat 4: Koraseg (big blind) folded on the Flop


PokerStars Hand #155933846405:  Hold'em Limit ($3/$6 USD) - 2016/07/13 16:45:29 ET
Table 'Mineura' 6-max Seat #2 is the button
Seat 2: hairy1961 ($64.54 in chips)
Seat 4: Koraseg ($112.90 in chips)
hairy1961: posts small blind $1
Koraseg: posts big blind $3
*** HOLE CARDS ***
hairy1961: raises $3 to $6
Koraseg: calls $3
*** FLOP *** [4h Th 2d]
Koraseg: checks
hairy1961: bets $3
Koraseg: calls $3
*** TURN *** [4h Th 2d] [9h]
Koraseg: checks
hairy1961: bets $6
Koraseg: raises $6 to $12
hairy1961: calls $6
*** RIVER *** [4h Th 2d 9h] [Jh]
Koraseg: bets $6
hairy1961: calls $6
*** SHOW DOWN ***
Koraseg: shows [Qh 7h] (a flush, Queen high)
hairy1961: mucks hand
Koraseg collected $53.50 from pot
*** SUMMARY ***
Total pot $54 | Rake $0.50
Board [4h Th 2d 9h Jh]
Seat 2: hairy1961 (button) (small blind) mucked
Seat 4: Koraseg (big blind) showed [Qh 7h] and won ($53.50) with a flush, Queen high


PokerStars Hand #155933832503:  Hold'em Limit ($3/$6 USD) - 2016/07/13 16:45:11 ET
Table 'Mineura' 6-max Seat #4 is the button
Seat 2: hairy1961 ($73.54 in chips)
Seat 4: Koraseg ($104.26 in chips)
Koraseg: posts small blind $1
hairy1961: posts big blind $3
*** HOLE CARDS ***
Koraseg: raises $3 to $6
hairy1961: calls $3
*** FLOP *** [9h 8s 3h]
hairy1961: checks
Koraseg: bets $3
hairy1961: calls $3
*** TURN *** [9h 8s 3h] [4h]
hairy1961: checks
Koraseg: bets $6
hairy1961: folds
Uncalled bet ($6) returned to Koraseg
Koraseg collected $17.64 from pot
Koraseg: doesn't show hand
*** SUMMARY ***
Total pot $18 | Rake $0.36
Board [9h 8s 3h 4h]
Seat 2: hairy1961 (big blind) folded on the Turn
Seat 4: Koraseg (button) (small blind) collected ($17.64)


PokerStars Hand #155933822990:  Hold'em Limit ($3/$6 USD) - 2016/07/13 16:44:59 ET
Table 'Mineura' 6-max Seat #2 is the button
Seat 2: hairy1961 ($67.78 in chips)
Seat 4: Koraseg ($110.26 in chips)
hairy1961: posts small blind $1
Koraseg: posts big blind $3
*** HOLE CARDS ***
hairy1961: raises $3 to $6
Koraseg: calls $3
*** FLOP *** [7s Ad 4h]
Koraseg: checks
hairy1961: bets $3
Koraseg: folds
Uncalled bet ($3) returned to hairy1961
hairy1961 collected $11.76 from pot
*** SUMMARY ***
Total pot $12 | Rake $0.24
Board [7s Ad 4h]
Seat 2: hairy1961 (button) (small blind) collected ($11.76)
Seat 4: Koraseg (big blind) folded on the Flop


PokerStars Hand #155933819320:  Hold'em Limit ($3/$6 USD) - 2016/07/13 16:44:54 ET
Table 'Mineura' 6-max Seat #4 is the button
Seat 2: hairy1961 ($66.78 in chips)
Seat 4: Koraseg ($111.26 in chips)
Koraseg: posts small blind $1
hairy1961: posts big blind $3
*** HOLE CARDS ***
Koraseg: folds
Uncalled bet ($2) returned to hairy1961
hairy1961 collected $2 from pot
*** SUMMARY ***
Total pot $2 | Rake $0
Seat 2: hairy1961 (big blind) collected ($2)
Seat 4: Koraseg (button) (small blind) folded before Flop


PokerStars Hand #155933807607:  Hold'em Limit ($3/$6 USD) - 2016/07/13 16:44:39 ET
Table 'Mineura' 6-max Seat #2 is the button
Seat 2: hairy1961 ($72.78 in chips)
Seat 4: Koraseg ($105.50 in chips)
hairy1961: posts small blind $1
Koraseg: posts big blind $3
*** HOLE CARDS ***
hairy1961: raises $3 to $6
Koraseg: calls $3
*** FLOP *** [7c Kc Tc]
Koraseg: checks
hairy1961: checks
*** TURN *** [7c Kc Tc] [3c]
Koraseg: bets $6
hairy1961: folds
Uncalled bet ($6) returned to Koraseg
Koraseg collected $11.76 from pot
Koraseg: doesn't show hand
*** SUMMARY ***
Total pot $12 | Rake $0.24
Board [7c Kc Tc 3c]
Seat 2: hairy1961 (button) (small blind) folded on the Turn
Seat 4: Koraseg (big blind) collected ($11.76)


PokerStars Hand #155933863398:  Hold'em Limit ($3/$6 USD) - 2016/07/13 16:45:51 ET
Table 'Mineura' 6-max Seat #4 is the button
Seat 2: hairy1961 ($37.54 in chips)
Seat 4: Koraseg ($139.40 in chips)
Koraseg: posts small blind $1
hairy1961: posts big blind $3
*** HOLE CARDS ***
Koraseg: raises $3 to $6
hairy1961: calls $3
*** FLOP *** [Qh Th 6s]
hairy1961: checks
Koraseg: bets $3
hairy1961: raises $3 to $6
Koraseg: folds
Uncalled bet ($3) returned to hairy1961
Fabulous108 joins the table at seat #3
hairy1961 collected $17.64 from pot
*** SUMMARY ***
Total pot $18 | Rake $0.36
Board [Qh Th 6s]
Seat 2: hairy1961 (big blind) collected ($17.64)
Seat 4: Koraseg (button) (small blind) folded on the Flop


PokerStars Hand #155934913321:  Hold'em Limit ($3/$6 USD) - 2016/07/13 17:07:15 ET
Table 'Mineura' 6-max Seat #4 is the button
Seat 3: Fabulous108 ($119.62 in chips)
Seat 4: Koraseg ($135.23 in chips)
Koraseg: posts small blind $1
Fabulous108: posts big blind $3
*** HOLE CARDS ***
Koraseg: folds
Uncalled bet ($2) returned to Fabulous108
Fabulous108 collected $2 from pot
Fabulous108: doesn't show hand
*** SUMMARY ***
Total pot $2 | Rake $0
Seat 3: Fabulous108 (big blind) collected ($2)
Seat 4: Koraseg (button) (small blind) folded before Flop


PokerStars Hand #155937879945:  Hold'em Limit ($3/$6 USD) - 2016/07/13 18:14:47 ET
Table 'Mineura' 6-max Seat #3 is the button
Seat 3: Piparipoker ($56.84 in chips)
Seat 4: Mordnilap ($72 in chips)
Piparipoker: posts small blind $1
Mordnilap: posts big blind $3
*** HOLE CARDS ***
Piparipoker: raises $3 to $6
Mordnilap: raises $3 to $9
Piparipoker: calls $3
*** FLOP *** [6c 7s 3d]
Mordnilap: bets $3
Piparipoker: calls $3
*** TURN *** [6c 7s 3d] [5d]
Mordnilap: bets $6
Piparipoker: raises $6 to $12
Mordnilap: calls $6
*** RIVER *** [6c 7s 3d 5d] [4d]
Mordnilap: bets $6
Piparipoker: raises $6 to $12
dmonr joins the table at seat #1
Mordnilap: calls $6
*** SHOW DOWN ***
Piparipoker: shows [9d Td] (a flush, Ten high)
Mordnilap: mucks hand
Piparipoker collected $71.50 from pot
*** SUMMARY ***
Total pot $72 | Rake $0.50
Board [6c 7s 3d 5d 4d]
Seat 3: Piparipoker (button) (small blind) showed [9d Td] and won ($71.50) with a flush, Ten high
Seat 4: Mordnilap (big blind) mucked


PokerStars Hand #155938292985:  Hold'em Limit ($3/$6 USD) - 2016/07/13 18:24:59 ET
Table 'Mineura' 6-max Seat #5 is the button
Seat 4: Mordnilap ($195.09 in chips)
Seat 5: bugsbubble ($253.85 in chips)
bugsbubble: posts small blind $1
Mordnilap: posts big blind $3
*** HOLE CARDS ***
bugsbubble: raises $3 to $6
Piparipoker leaves the table
Mordnilap: calls $3
*** FLOP *** [3d 5h 7c]
Mordnilap: checks
bugsbubble: bets $3
Mordnilap: raises $3 to $6
bugsbubble: calls $3
*** TURN *** [3d 5h 7c] [Jd]
Mordnilap: bets $6
bugsbubble: raises $6 to $12
Mordnilap: calls $6
*** RIVER *** [3d 5h 7c Jd] [Td]
Mordnilap: checks
bugsbubble: checks
*** SHOW DOWN ***
Mordnilap: shows [6h 8s] (high card Jack)
bugsbubble: shows [Jc 8c] (a pair of Jacks)
bugsbubble collected $47.50 from pot
*** SUMMARY ***
Total pot $48 | Rake $0.50
Board [3d 5h 7c Jd Td]
Seat 4: Mordnilap (big blind) showed [6h 8s] and lost with high card Jack
Seat 5: bugsbubble (button) (small blind) showed [Jc 8c] and won ($47.50) with a pair of Jacks


