PokerStars Hand #153231183771:  Hold'em Limit ($3/$6 USD) - 2016/05/12 19:15:17 ET
Table 'Minelava' 6-max Seat #1 is the button
Seat 1: RJF1943 ($121.84 in chips)
Seat 4: Actionni13 ($179.26 in chips)
RJF1943: posts small blind $1
Actionni13: posts big blind $3
*** HOLE CARDS ***
RJF1943: folds
Uncalled bet ($2) returned to Actionni13
Actionni13 collected $2 from pot
Actionni13: doesn't show hand
*** SUMMARY ***
Total pot $2 | Rake $0
Seat 1: RJF1943 (button) (small blind) folded before Flop
Seat 4: Actionni13 (big blind) collected ($2)


PokerStars Hand #153231176552:  Hold'em Limit ($3/$6 USD) - 2016/05/12 19:15:05 ET
Table 'Minelava' 6-max Seat #4 is the button
Seat 1: RJF1943 ($127.84 in chips)
Seat 4: Actionni13 ($173.50 in chips)
Actionni13: posts small blind $1
RJF1943: posts big blind $3
*** HOLE CARDS ***
Actionni13: raises $3 to $6
RJF1943: calls $3
*** FLOP *** [Ad Qh 2c]
RJF1943: checks
Actionni13: bets $3
RJF1943: folds
Uncalled bet ($3) returned to Actionni13
Actionni13 collected $11.76 from pot
Actionni13: doesn't show hand
*** SUMMARY ***
Total pot $12 | Rake $0.24
Board [Ad Qh 2c]
Seat 1: RJF1943 (big blind) folded on the Flop
Seat 4: Actionni13 (button) (small blind) collected ($11.76)


PokerStars Hand #153231162886:  Hold'em Limit ($3/$6 USD) - 2016/05/12 19:14:44 ET
Table 'Minelava' 6-max Seat #1 is the button
Seat 1: RJF1943 ($151.84 in chips)
Seat 4: Actionni13 ($150 in chips)
RJF1943: posts small blind $1
Actionni13: posts big blind $3
*** HOLE CARDS ***
RJF1943: raises $3 to $6
Actionni13: raises $3 to $9
RJF1943: calls $3
*** FLOP *** [7h 2d 4c]
Actionni13: bets $3
RJF1943: calls $3
*** TURN *** [7h 2d 4c] [5h]
Actionni13: bets $6
RJF1943: calls $6
*** RIVER *** [7h 2d 4c 5h] [Ks]
Actionni13: bets $6
RJF1943: calls $6
*** SHOW DOWN ***
Actionni13: shows [6h 6c] (a pair of Sixes)
RJF1943: mucks hand
Actionni13 collected $47.50 from pot
*** SUMMARY ***
Total pot $48 | Rake $0.50
Board [7h 2d 4c 5h Ks]
Seat 1: RJF1943 (button) (small blind) mucked
Seat 4: Actionni13 (big blind) showed [6h 6c] and won ($47.50) with a pair of Sixes


PokerStars Hand #153231196507:  Hold'em Limit ($3/$6 USD) - 2016/05/12 19:15:37 ET
Table 'Minelava' 6-max Seat #1 is the button
Seat 1: RJF1943 ($114.84 in chips)
Seat 4: Actionni13 ($186.02 in chips)
RJF1943: posts small blind $1
Actionni13: posts big blind $3
*** HOLE CARDS ***
RJF1943: raises $3 to $6
Actionni13: calls $3
*** FLOP *** [2s 6s 9c]
Actionni13: checks
RJF1943: bets $3
Actionni13: raises $3 to $6
RJF1943: calls $3
*** TURN *** [2s 6s 9c] [5s]
Actionni13: bets $6
RJF1943: calls $6
*** RIVER *** [2s 6s 9c 5s] [Kd]
Actionni13: checks
RJF1943: bets $6
Actionni13: calls $6
*** SHOW DOWN ***
RJF1943: shows [As 4d] (high card Ace)
Actionni13: shows [7c 6h] (a pair of Sixes)
Actionni13 collected $47.50 from pot
*** SUMMARY ***
Total pot $48 | Rake $0.50
Board [2s 6s 9c 5s Kd]
Seat 1: RJF1943 (button) (small blind) showed [As 4d] and lost with high card Ace
Seat 4: Actionni13 (big blind) showed [7c 6h] and won ($47.50) with a pair of Sixes


PokerStars Hand #153231187347:  Hold'em Limit ($3/$6 USD) - 2016/05/12 19:15:22 ET
Table 'Minelava' 6-max Seat #4 is the button
Seat 1: RJF1943 ($120.84 in chips)
Seat 4: Actionni13 ($180.26 in chips)
Actionni13: posts small blind $1
RJF1943: posts big blind $3
*** HOLE CARDS ***
Actionni13: raises $3 to $6
RJF1943: calls $3
*** FLOP *** [5s 4c 8h]
RJF1943: checks
Actionni13: bets $3
RJF1943: folds
Uncalled bet ($3) returned to Actionni13
Actionni13 collected $11.76 from pot
Actionni13: doesn't show hand
*** SUMMARY ***
Total pot $12 | Rake $0.24
Board [5s 4c 8h]
Seat 1: RJF1943 (big blind) folded on the Flop
Seat 4: Actionni13 (button) (small blind) collected ($11.76)


PokerStars Hand #153231240101:  Hold'em Limit ($3/$6 USD) - 2016/05/12 19:16:46 ET
Table 'Minelava' 6-max Seat #1 is the button
Seat 1: RJF1943 ($99.48 in chips)
Seat 4: Actionni13 ($200.52 in chips)
RJF1943: posts small blind $1
Actionni13: posts big blind $3
*** HOLE CARDS ***
RJF1943: raises $3 to $6
Actionni13: calls $3
*** FLOP *** [Kh Ks 7d]
Actionni13: checks
RJF1943: bets $3
Actionni13: calls $3
*** TURN *** [Kh Ks 7d] [8d]
Actionni13: checks
at45newlife joins the table at seat #6
RJF1943: bets $6
Actionni13: folds
Uncalled bet ($6) returned to RJF1943
RJF1943 collected $17.64 from pot
RJF1943: doesn't show hand
*** SUMMARY ***
Total pot $18 | Rake $0.36
Board [Kh Ks 7d 8d]
Seat 1: RJF1943 (button) (small blind) collected ($17.64)
Seat 4: Actionni13 (big blind) folded on the Turn


PokerStars Hand #153231221284:  Hold'em Limit ($3/$6 USD) - 2016/05/12 19:16:16 ET
Table 'Minelava' 6-max Seat #4 is the button
Seat 1: RJF1943 ($90.84 in chips)
Seat 4: Actionni13 ($209.52 in chips)
Actionni13: posts small blind $1
RJF1943: posts big blind $3
*** HOLE CARDS ***
Actionni13: raises $3 to $6
RJF1943: calls $3
*** FLOP *** [Qc 8h 4d]
RJF1943: bets $3
Actionni13: calls $3
*** TURN *** [Qc 8h 4d] [Jc]
RJF1943: bets $6
Actionni13: folds
Uncalled bet ($6) returned to RJF1943
RJF1943 collected $17.64 from pot
RJF1943: doesn't show hand
*** SUMMARY ***
Total pot $18 | Rake $0.36
Board [Qc 8h 4d Jc]
Seat 1: RJF1943 (big blind) collected ($17.64)
Seat 4: Actionni13 (button) (small blind) folded on the Turn


