PokerStars Hand #165982185663:  Hold'em Limit ($3/$6 USD) - 2017/02/10 8:26:05 ET
Table 'Minerva II' 6-max Seat #2 is the button
Seat 2: xcgxcg2005 ($116 in chips)
Seat 3: OnlyLuck111 ($124 in chips)
xcgxcg2005: posts small blind $1
OnlyLuck111: posts big blind $3
*** HOLE CARDS ***
xcgxcg2005: folds
Uncalled bet ($2) returned to OnlyLuck111
OnlyLuck111 collected $2 from pot
*** SUMMARY ***
Total pot $2 | Rake $0
Seat 2: xcgxcg2005 (button) (small blind) folded before Flop
Seat 3: OnlyLuck111 (big blind) collected ($2)


PokerStars Hand #165982181757:  Hold'em Limit ($3/$6 USD) - 2017/02/10 8:25:58 ET
Table 'Minerva II' 6-max Seat #3 is the button
Seat 2: xcgxcg2005 ($119 in chips)
Seat 3: OnlyLuck111 ($121 in chips)
OnlyLuck111: posts small blind $1
xcgxcg2005: posts big blind $3
*** HOLE CARDS ***
OnlyLuck111: raises $3 to $6
xcgxcg2005: folds
Uncalled bet ($3) returned to OnlyLuck111
OnlyLuck111 collected $6 from pot
*** SUMMARY ***
Total pot $6 | Rake $0
Seat 2: xcgxcg2005 (big blind) folded before Flop
Seat 3: OnlyLuck111 (button) (small blind) collected ($6)


PokerStars Hand #165982178826:  Hold'em Limit ($3/$6 USD) - 2017/02/10 8:25:53 ET
Table 'Minerva II' 6-max Seat #2 is the button
Seat 2: xcgxcg2005 ($120 in chips)
Seat 3: OnlyLuck111 ($120 in chips)
xcgxcg2005: posts small blind $1
OnlyLuck111: posts big blind $3
*** HOLE CARDS ***
xcgxcg2005: folds
Uncalled bet ($2) returned to OnlyLuck111
OnlyLuck111 collected $2 from pot
*** SUMMARY ***
Total pot $2 | Rake $0
Seat 2: xcgxcg2005 (button) (small blind) folded before Flop
Seat 3: OnlyLuck111 (big blind) collected ($2)


PokerStars Hand #165982188477:  Hold'em Limit ($3/$6 USD) - 2017/02/10 8:26:09 ET
Table 'Minerva II' 6-max Seat #3 is the button
Seat 2: xcgxcg2005 ($115 in chips)
Seat 3: OnlyLuck111 ($125 in chips)
OnlyLuck111: posts small blind $1
xcgxcg2005: posts big blind $3
*** HOLE CARDS ***
OnlyLuck111: raises $3 to $6
xcgxcg2005: calls $3
*** FLOP *** [9h Kd 2s]
xcgxcg2005: checks
OnlyLuck111: bets $3
xcgxcg2005: raises $3 to $6
OnlyLuck111: calls $3
*** TURN *** [9h Kd 2s] [9s]
xcgxcg2005: bets $6
OnlyLuck111: calls $6
*** RIVER *** [9h Kd 2s 9s] [4c]
xcgxcg2005: bets $6
OnlyLuck111: calls $6
*** SHOW DOWN ***
xcgxcg2005: shows [5d Kc] (two pair, Kings and Nines)
OnlyLuck111: mucks hand
xcgxcg2005 collected $47.50 from pot
*** SUMMARY ***
Total pot $48 | Rake $0.50
Board [9h Kd 2s 9s 4c]
Seat 2: xcgxcg2005 (big blind) showed [5d Kc] and won ($47.50) with two pair, Kings and Nines
Seat 3: OnlyLuck111 (button) (small blind) mucked


PokerStars Hand #165982199915:  Hold'em Limit ($3/$6 USD) - 2017/02/10 8:26:29 ET
Table 'Minerva II' 6-max Seat #2 is the button
Seat 2: xcgxcg2005 ($138.50 in chips)
Seat 3: OnlyLuck111 ($101 in chips)
xcgxcg2005: posts small blind $1
OnlyLuck111: posts big blind $3
*** HOLE CARDS ***
xcgxcg2005: folds
Uncalled bet ($2) returned to OnlyLuck111
OnlyLuck111 collected $2 from pot
*** SUMMARY ***
Total pot $2 | Rake $0
Seat 2: xcgxcg2005 (button) (small blind) folded before Flop
Seat 3: OnlyLuck111 (big blind) collected ($2)


PokerStars Hand #165982289005:  Hold'em Limit ($3/$6 USD) - 2017/02/10 8:28:58 ET
Table 'Minerva II' 6-max Seat #5 is the button
Seat 3: OnlyLuck111 ($176.61 in chips)
Seat 5: hookonhook ($79.64 in chips)
hookonhook: posts small blind $1
OnlyLuck111: posts big blind $3
*** HOLE CARDS ***
hookonhook: raises $3 to $6
OnlyLuck111: calls $3
*** FLOP *** [9s Ad Qd]
OnlyLuck111: checks
hookonhook: bets $3
OnlyLuck111: calls $3
*** TURN *** [9s Ad Qd] [2s]
OnlyLuck111: checks
hookonhook: bets $6
OnlyLuck111: calls $6
*** RIVER *** [9s Ad Qd 2s] [2d]
OnlyLuck111: checks
hookonhook: bets $6
OnlyLuck111: calls $6
*** SHOW DOWN ***
hookonhook: shows [6s 5s] (a pair of Deuces)
OnlyLuck111: shows [4h Kh] (a pair of Deuces - Ace+King kicker)
OnlyLuck111 collected $41.50 from pot
*** SUMMARY ***
Total pot $42 | Rake $0.50
Board [9s Ad Qd 2s 2d]
Seat 3: OnlyLuck111 (big blind) showed [4h Kh] and won ($41.50) with a pair of Deuces
Seat 5: hookonhook (button) (small blind) showed [6s 5s] and lost with a pair of Deuces


PokerStars Hand #165982277150:  Hold'em Limit ($3/$6 USD) - 2017/02/10 8:28:39 ET
Table 'Minerva II' 6-max Seat #3 is the button
Seat 3: OnlyLuck111 ($185.61 in chips)
Seat 5: hookonhook ($71 in chips)
OnlyLuck111: posts small blind $1
hookonhook: posts big blind $3
*** HOLE CARDS ***
OnlyLuck111: raises $3 to $6
hookonhook: calls $3
*** FLOP *** [2h Ts 9s]
hookonhook: checks
OnlyLuck111: bets $3
hookonhook: calls $3
*** TURN *** [2h Ts 9s] [Ad]
hookonhook: checks
OnlyLuck111: checks
*** RIVER *** [2h Ts 9s Ad] [Jh]
hookonhook: bets $6
OnlyLuck111: folds
Uncalled bet ($6) returned to hookonhook
hookonhook collected $17.64 from pot
*** SUMMARY ***
Total pot $18 | Rake $0.36
Board [2h Ts 9s Ad Jh]
Seat 3: OnlyLuck111 (button) (small blind) folded on the River
Seat 5: hookonhook (big blind) collected ($17.64)


PokerStars Hand #165982265221:  Hold'em Limit ($3/$6 USD) - 2017/02/10 8:28:18 ET
Table 'Minerva II' 6-max Seat #5 is the button
Seat 3: OnlyLuck111 ($159.11 in chips)
Seat 5: hookonhook ($98 in chips)
hookonhook: posts small blind $1
OnlyLuck111: posts big blind $3
*** HOLE CARDS ***
hookonhook: raises $3 to $6
OnlyLuck111: calls $3
*** FLOP *** [2h 3c 3d]
OnlyLuck111: checks
hookonhook: bets $3
OnlyLuck111: calls $3
*** TURN *** [2h 3c 3d] [7s]
OnlyLuck111: checks
hookonhook: bets $6
OnlyLuck111: raises $6 to $12
hookonhook: calls $6
*** RIVER *** [2h 3c 3d 7s] [Jc]
OnlyLuck111: bets $6
hookonhook: calls $6
*** SHOW DOWN ***
OnlyLuck111: shows [Kc 7h] (two pair, Sevens and Threes)
hookonhook: mucks hand
OnlyLuck111 collected $53.50 from pot
*** SUMMARY ***
Total pot $54 | Rake $0.50
Board [2h 3c 3d 7s Jc]
Seat 3: OnlyLuck111 (big blind) showed [Kc 7h] and won ($53.50) with two pair, Sevens and Threes
Seat 5: hookonhook (button) (small blind) mucked


PokerStars Hand #165982305251:  Hold'em Limit ($3/$6 USD) - 2017/02/10 8:29:26 ET
Table 'Minerva II' 6-max Seat #5 is the button
Seat 3: OnlyLuck111 ($200.11 in chips)
Seat 5: hookonhook ($55.64 in chips)
hookonhook: posts small blind $1
OnlyLuck111: posts big blind $3
*** HOLE CARDS ***
hookonhook: raises $3 to $6
OnlyLuck111: calls $3
*** FLOP *** [3c Ah 4h]
OnlyLuck111: checks
hookonhook: bets $3
OnlyLuck111: calls $3
*** TURN *** [3c Ah 4h] [Jc]
OnlyLuck111: checks
hookonhook: bets $6
OnlyLuck111: calls $6
*** RIVER *** [3c Ah 4h Jc] [2d]
OnlyLuck111: checks
hookonhook: bets $6
OnlyLuck111: raises $6 to $12
hookonhook: calls $6
*** SHOW DOWN ***
OnlyLuck111: shows [5d Qd] (a straight, Ace to Five)
hookonhook: mucks hand
OnlyLuck111 collected $53.50 from pot
*** SUMMARY ***
Total pot $54 | Rake $0.50
Board [3c Ah 4h Jc 2d]
Seat 3: OnlyLuck111 (big blind) showed [5d Qd] and won ($53.50) with a straight, Ace to Five
Seat 5: hookonhook (button) (small blind) mucked


PokerStars Hand #165982301867:  Hold'em Limit ($3/$6 USD) - 2017/02/10 8:29:20 ET
Table 'Minerva II' 6-max Seat #3 is the button
Seat 3: OnlyLuck111 ($197.11 in chips)
Seat 5: hookonhook ($58.64 in chips)
OnlyLuck111: posts small blind $1
hookonhook: posts big blind $3
*** HOLE CARDS ***
OnlyLuck111: raises $3 to $6
hookonhook: folds
Uncalled bet ($3) returned to OnlyLuck111
OnlyLuck111 collected $6 from pot
*** SUMMARY ***
Total pot $6 | Rake $0
Seat 3: OnlyLuck111 (button) (small blind) collected ($6)
Seat 5: hookonhook (big blind) folded before Flop


