PokerStars Hand #175288869784:  Hold'em Limit ($3/$6 USD) - 2017/09/06 13:22:04 ET
Table 'Minkar' 6-max Seat #3 is the button
Seat 3: Kosova1968 ($120 in chips)
Seat 4: Agrotait ($60 in chips)
Kosova1968: posts small blind $1
Agrotait: posts big blind $3
*** HOLE CARDS ***
Kosova1968: raises $3 to $6
Agrotait: raises $3 to $9
vestimokrec joins the table at seat #5
Kosova1968: calls $3
*** FLOP *** [Th 9h 6d]
Agrotait: bets $3
Kosova1968: calls $3
*** TURN *** [Th 9h 6d] [Qd]
Agrotait: bets $6
Kosova1968: raises $6 to $12
Agrotait: calls $6
*** RIVER *** [Th 9h 6d Qd] [3s]
Agrotait: checks
Kosova1968: bets $6
Agrotait: calls $6
*** SHOW DOWN ***
Kosova1968: shows [8s Qc] (a pair of Queens)
Agrotait: shows [Qh Ks] (a pair of Queens - King kicker)
Agrotait collected $59.50 from pot
ToDaFelt joins the table at seat #6
*** SUMMARY ***
Total pot $60 | Rake $0.50
Board [Th 9h 6d Qd 3s]
Seat 3: Kosova1968 (button) (small blind) showed [8s Qc] and lost with a pair of Queens
Seat 4: Agrotait (big blind) showed [Qh Ks] and won ($59.50) with a pair of Queens


PokerStars Hand #175289598838:  Hold'em Limit ($3/$6 USD) - 2017/09/06 13:37:54 ET
Table 'Minkar' 6-max Seat #1 is the button
Seat 1: SteamS4Btchs ($130 in chips)
Seat 2: krytalex ($92 in chips)
SteamS4Btchs: posts small blind $1
krytalex: posts big blind $3
*** HOLE CARDS ***
SteamS4Btchs: folds
Uncalled bet ($2) returned to krytalex
krytalex collected $2 from pot
*** SUMMARY ***
Total pot $2 | Rake $0
Seat 1: SteamS4Btchs (button) (small blind) folded before Flop
Seat 2: krytalex (big blind) collected ($2)


PokerStars Hand #175289589675:  Hold'em Limit ($3/$6 USD) - 2017/09/06 13:37:42 ET
Table 'Minkar' 6-max Seat #2 is the button
Seat 1: SteamS4Btchs ($133 in chips)
Seat 2: krytalex ($89 in chips)
krytalex: posts small blind $1
vestimokrec: is sitting out
ToDaFelt: is sitting out
SteamS4Btchs: posts big blind $3
*** HOLE CARDS ***
krytalex: raises $3 to $6
vestimokrec leaves the table
ToDaFelt leaves the table
Kosova1968 is disconnected
SteamS4Btchs: folds
Uncalled bet ($3) returned to krytalex
krytalex collected $6 from pot
*** SUMMARY ***
Total pot $6 | Rake $0
Seat 1: SteamS4Btchs (big blind) folded before Flop
Seat 2: krytalex (button) (small blind) collected ($6)


