PokerStars Hand #159562597889:  Hold'em Limit ($3/$6 USD) - 2016/10/06 14:17:24 ET
Table 'Minkar II' 6-max Seat #4 is the button
Seat 4: Mordnilap ($73 in chips)
Seat 5: Paulllchen ($142.50 in chips)
Mordnilap: posts small blind $1
Paulllchen: posts big blind $3
*** HOLE CARDS ***
Mordnilap: raises $3 to $6
Paulllchen: folds
Uncalled bet ($3) returned to Mordnilap
Mordnilap collected $6 from pot
Mordnilap: doesn't show hand
*** SUMMARY ***
Total pot $6 | Rake $0
Seat 4: Mordnilap (button) (small blind) collected ($6)
Seat 5: Paulllchen (big blind) folded before Flop


PokerStars Hand #159562594048:  Hold'em Limit ($3/$6 USD) - 2016/10/06 14:17:19 ET
Table 'Minkar II' 6-max Seat #5 is the button
Seat 4: Mordnilap ($72 in chips)
Seat 5: Paulllchen ($143.50 in chips)
Paulllchen: posts small blind $1
Mordnilap: posts big blind $3
*** HOLE CARDS ***
Paulllchen: folds
Uncalled bet ($2) returned to Mordnilap
Mordnilap collected $2 from pot
Mordnilap: doesn't show hand
*** SUMMARY ***
Total pot $2 | Rake $0
Seat 4: Mordnilap (big blind) collected ($2)
Seat 5: Paulllchen (button) (small blind) folded before Flop


PokerStars Hand #159562565557:  Hold'em Limit ($3/$6 USD) - 2016/10/06 14:16:44 ET
Table 'Minkar II' 6-max Seat #4 is the button
Seat 4: Mordnilap ($72 in chips)
Seat 5: Paulllchen ($120 in chips)
Mordnilap: posts small blind $1
Paulllchen: posts big blind $3
*** HOLE CARDS ***
Mordnilap: raises $3 to $6
Paulllchen: raises $3 to $9
Mordnilap: calls $3
*** FLOP *** [8c Tc Qh]
Paulllchen: bets $3
Mordnilap: calls $3
*** TURN *** [8c Tc Qh] [3s]
Paulllchen: bets $6
sim5sim5 joins the table at seat #6
Mordnilap: calls $6
*** RIVER *** [8c Tc Qh 3s] [3h]
Paulllchen: bets $6
Mordnilap: calls $6
*** SHOW DOWN ***
Paulllchen: shows [Jh Js] (two pair, Jacks and Threes)
Mordnilap: mucks hand
Paulllchen collected $47.50 from pot
*** SUMMARY ***
Total pot $48 | Rake $0.50
Board [8c Tc Qh 3s 3h]
Seat 4: Mordnilap (button) (small blind) mucked
Seat 5: Paulllchen (big blind) showed [Jh Js] and won ($47.50) with two pair, Jacks and Threes


PokerStars Hand #159562629673:  Hold'em Limit ($3/$6 USD) - 2016/10/06 14:18:02 ET
Table 'Minkar II' 6-max Seat #4 is the button
Seat 4: Mordnilap ($85.76 in chips)
Seat 5: Paulllchen ($129.50 in chips)
Mordnilap: posts small blind $1
Paulllchen: posts big blind $3
*** HOLE CARDS ***
Mordnilap: raises $3 to $6
Paulllchen: raises $3 to $9
Mordnilap: calls $3
*** FLOP *** [6c Td Kh]
Paulllchen: checks
Mordnilap: bets $3
Paulllchen: raises $3 to $6
Mordnilap: calls $3
*** TURN *** [6c Td Kh] [3h]
Paulllchen: bets $6
Mordnilap: folds
Uncalled bet ($6) returned to Paulllchen
Paulllchen collected $29.50 from pot
Paulllchen: doesn't show hand
*** SUMMARY ***
Total pot $30 | Rake $0.50
Board [6c Td Kh 3h]
Seat 4: Mordnilap (button) (small blind) folded on the Turn
Seat 5: Paulllchen (big blind) collected ($29.50)


PokerStars Hand #159562621431:  Hold'em Limit ($3/$6 USD) - 2016/10/06 14:17:52 ET
Table 'Minkar II' 6-max Seat #4 is the button
Seat 4: Mordnilap ($81.76 in chips)
Seat 5: Paulllchen ($133.50 in chips)
Mordnilap: posts small blind $1
Paulllchen: posts big blind $3
*** HOLE CARDS ***
Mordnilap: raises $3 to $6
Paulllchen: folds
Uncalled bet ($3) returned to Mordnilap
Mordnilap collected $6 from pot
Mordnilap: doesn't show hand
*** SUMMARY ***
Total pot $6 | Rake $0
Seat 4: Mordnilap (button) (small blind) collected ($6)
Seat 5: Paulllchen (big blind) folded before Flop


PokerStars Hand #159562604902:  Hold'em Limit ($3/$6 USD) - 2016/10/06 14:17:32 ET
Table 'Minkar II' 6-max Seat #5 is the button
Seat 4: Mordnilap ($76 in chips)
Seat 5: Paulllchen ($139.50 in chips)
Paulllchen: posts small blind $1
Mordnilap: posts big blind $3
*** HOLE CARDS ***
Paulllchen: calls $2
Mordnilap: raises $3 to $6
Paulllchen: calls $3
*** FLOP *** [7d Jc Ad]
Mordnilap: bets $3
Paulllchen: folds
Uncalled bet ($3) returned to Mordnilap
Mordnilap collected $11.76 from pot
Mordnilap: doesn't show hand
*** SUMMARY ***
Total pot $12 | Rake $0.24
Board [7d Jc Ad]
Seat 4: Mordnilap (big blind) collected ($11.76)
Seat 5: Paulllchen (button) (small blind) folded on the Flop


PokerStars Hand #159562655665:  Hold'em Limit ($3/$6 USD) - 2016/10/06 14:18:33 ET
Table 'Minkar II' 6-max Seat #4 is the button
Seat 4: Mordnilap ($73 in chips)
Seat 5: Paulllchen ($143 in chips)
Mordnilap: posts small blind $1
Paulllchen: posts big blind $3
*** HOLE CARDS ***
Mordnilap: folds
Uncalled bet ($2) returned to Paulllchen
Paulllchen collected $2 from pot
Paulllchen: doesn't show hand
*** SUMMARY ***
Total pot $2 | Rake $0
Seat 4: Mordnilap (button) (small blind) folded before Flop
Seat 5: Paulllchen (big blind) collected ($2)


PokerStars Hand #159562659344:  Hold'em Limit ($3/$6 USD) - 2016/10/06 14:18:37 ET
Table 'Minkar II' 6-max Seat #5 is the button
Seat 4: Mordnilap ($72 in chips)
Seat 5: Paulllchen ($144 in chips)
Paulllchen: posts small blind $1
Great_Kang joins the table at seat #1
Mordnilap: posts big blind $3
*** HOLE CARDS ***
Paulllchen: raises $3 to $6
Mordnilap: calls $3
*** FLOP *** [2h Qd 5d]
Mordnilap: checks
Paulllchen: checks
*** TURN *** [2h Qd 5d] [Jd]
Mordnilap: bets $6
Paulllchen: raises $6 to $12
Mordnilap: raises $6 to $18
Paulllchen: calls $6
*** RIVER *** [2h Qd 5d Jd] [2s]
sim5sim5 leaves the table
Mordnilap: bets $6
Paulllchen: calls $6
*** SHOW DOWN ***
Mordnilap: shows [6d 4d] (a flush, Queen high)
Paulllchen: mucks hand
Mordnilap collected $59.50 from pot
*** SUMMARY ***
Total pot $60 | Rake $0.50
Board [2h Qd 5d Jd 2s]
Seat 4: Mordnilap (big blind) showed [6d 4d] and won ($59.50) with a flush, Queen high
Seat 5: Paulllchen (button) (small blind) mucked


PokerStars Hand #159568881273:  Hold'em Limit ($3/$6 USD) - 2016/10/06 16:23:46 ET
Table 'Minkar II' 6-max Seat #5 is the button
Seat 1: smellyrat777 ($253.19 in chips)
Seat 5: ToDaFelt ($204.63 in chips)
ToDaFelt: posts small blind $1
smellyrat777: posts big blind $3
*** HOLE CARDS ***
sim5sim5 leaves the table
ToDaFelt: raises $3 to $6
smellyrat777: calls $3
*** FLOP *** [2h 6h As]
smellyrat777: checks
ToDaFelt: bets $3
smellyrat777: folds
Uncalled bet ($3) returned to ToDaFelt
ToDaFelt collected $11.76 from pot
ToDaFelt: doesn't show hand
*** SUMMARY ***
Total pot $12 | Rake $0.24
Board [2h 6h As]
Seat 1: smellyrat777 (big blind) folded on the Flop
Seat 5: ToDaFelt (button) (small blind) collected ($11.76)


