PokerStars Hand #147752033277:  Hold'em Limit ($3/$6 USD) - 2016/01/27 4:17:28 ET
Table 'Minkar II' 2-max Seat #2 is the button
Seat 1: nrJitsu ($200 in chips)
Seat 2: jl45259071 ($135 in chips)
jl45259071: posts small blind $1
nrJitsu: posts big blind $3
*** HOLE CARDS ***
jl45259071: calls $2
nrJitsu: checks
*** FLOP *** [4c Kc 6h]
nrJitsu: checks
jl45259071: checks
*** TURN *** [4c Kc 6h] [Td]
nrJitsu: checks
jl45259071: bets $6
nrJitsu: calls $6
*** RIVER *** [4c Kc 6h Td] [7h]
nrJitsu: checks
jl45259071: bets $6
nrJitsu: raises $6 to $12
jl45259071: calls $6
*** SHOW DOWN ***
nrJitsu: shows [5d 8d] (a straight, Four to Eight)
jl45259071: mucks hand
nrJitsu collected $41.50 from pot
*** SUMMARY ***
Total pot $42 | Rake $0.50
Board [4c Kc 6h Td 7h]
Seat 1: nrJitsu (big blind) showed [5d 8d] and won ($41.50) with a straight, Four to Eight
Seat 2: jl45259071 (button) (small blind) mucked


PokerStars Hand #147752065937:  Hold'em Limit ($3/$6 USD) - 2016/01/27 4:18:49 ET
Table 'Minkar II' 2-max Seat #2 is the button
Seat 1: nrJitsu ($211.50 in chips)
Seat 2: jl45259071 ($122.64 in chips)
jl45259071: posts small blind $1
nrJitsu: posts big blind $3
*** HOLE CARDS ***
jl45259071: calls $2
nrJitsu: checks
*** FLOP *** [9s Qh As]
nrJitsu: checks
jl45259071: bets $3
nrJitsu: folds
Uncalled bet ($3) returned to jl45259071
jl45259071 collected $5.88 from pot
jl45259071: doesn't show hand
*** SUMMARY ***
Total pot $6 | Rake $0.12
Board [9s Qh As]
Seat 1: nrJitsu (big blind) folded on the Flop
Seat 2: jl45259071 (button) (small blind) collected ($5.88)


PokerStars Hand #147752053876:  Hold'em Limit ($3/$6 USD) - 2016/01/27 4:18:19 ET
Table 'Minkar II' 2-max Seat #1 is the button
Seat 1: nrJitsu ($220.50 in chips)
Seat 2: jl45259071 ($114 in chips)
nrJitsu: posts small blind $1
jl45259071: posts big blind $3
*** HOLE CARDS ***
nrJitsu: raises $3 to $6
jl45259071: calls $3
*** FLOP *** [2h Ad Tc]
jl45259071: checks
nrJitsu: bets $3
jl45259071: calls $3
*** TURN *** [2h Ad Tc] [9s]
jl45259071: checks
nrJitsu: checks
*** RIVER *** [2h Ad Tc 9s] [4h]
jl45259071: bets $6
nrJitsu: folds
Uncalled bet ($6) returned to jl45259071
jl45259071 collected $17.64 from pot
jl45259071: doesn't show hand
*** SUMMARY ***
Total pot $18 | Rake $0.36
Board [2h Ad Tc 9s 4h]
Seat 1: nrJitsu (button) (small blind) folded on the River
Seat 2: jl45259071 (big blind) collected ($17.64)


PokerStars Hand #147752079415:  Hold'em Limit ($3/$6 USD) - 2016/01/27 4:19:23 ET
Table 'Minkar II' 2-max Seat #2 is the button
Seat 1: nrJitsu ($202.50 in chips)
Seat 2: jl45259071 ($131.28 in chips)
jl45259071: posts small blind $1
nrJitsu: posts big blind $3
*** HOLE CARDS ***
jl45259071: calls $2
nrJitsu: checks
*** FLOP *** [4c 9s 3h]
nrJitsu: bets $3
jl45259071: calls $3
*** TURN *** [4c 9s 3h] [2s]
nrJitsu: bets $6
jl45259071: calls $6
*** RIVER *** [4c 9s 3h 2s] [Kh]
nrJitsu: bets $6
jl45259071: calls $6
*** SHOW DOWN ***
nrJitsu: shows [9d 8h] (a pair of Nines)
jl45259071: mucks hand
nrJitsu collected $35.50 from pot
*** SUMMARY ***
Total pot $36 | Rake $0.50
Board [4c 9s 3h 2s Kh]
Seat 1: nrJitsu (big blind) showed [9d 8h] and won ($35.50) with a pair of Nines
Seat 2: jl45259071 (button) (small blind) mucked


PokerStars Hand #147752071824:  Hold'em Limit ($3/$6 USD) - 2016/01/27 4:19:04 ET
Table 'Minkar II' 2-max Seat #1 is the button
Seat 1: nrJitsu ($208.50 in chips)
Seat 2: jl45259071 ($125.52 in chips)
nrJitsu: posts small blind $1
jl45259071: posts big blind $3
*** HOLE CARDS ***
nrJitsu: raises $3 to $6
jl45259071: calls $3
*** FLOP *** [7d As 8d]
jl45259071: checks
nrJitsu: checks
*** TURN *** [7d As 8d] [9s]
jl45259071: bets $6
nrJitsu: folds
Uncalled bet ($6) returned to jl45259071
jl45259071 collected $11.76 from pot
jl45259071: doesn't show hand
*** SUMMARY ***
Total pot $12 | Rake $0.24
Board [7d As 8d 9s]
Seat 1: nrJitsu (button) (small blind) folded on the Turn
Seat 2: jl45259071 (big blind) collected ($11.76)


PokerStars Hand #147752090444:  Hold'em Limit ($3/$6 USD) - 2016/01/27 4:19:50 ET
Table 'Minkar II' 2-max Seat #1 is the button
Seat 1: nrJitsu ($220 in chips)
Seat 2: jl45259071 ($113.28 in chips)
nrJitsu: posts small blind $1
jl45259071: posts big blind $3
*** HOLE CARDS ***
nrJitsu: raises $3 to $6
jl45259071: calls $3
*** FLOP *** [As 6s 6c]
jl45259071: checks
nrJitsu: checks
*** TURN *** [As 6s 6c] [Js]
jl45259071: checks
nrJitsu: checks
*** RIVER *** [As 6s 6c Js] [Ah]
jl45259071: bets $6
nrJitsu: calls $6
*** SHOW DOWN ***
jl45259071: shows [4d Qh] (two pair, Aces and Sixes)
nrJitsu: shows [5d Qd] (two pair, Aces and Sixes)
jl45259071 collected $11.76 from pot
nrJitsu collected $11.76 from pot
*** SUMMARY ***
Total pot $24 | Rake $0.48
Board [As 6s 6c Js Ah]
Seat 1: nrJitsu (button) (small blind) showed [5d Qd] and won ($11.76) with two pair, Aces and Sixes
Seat 2: jl45259071 (big blind) showed [4d Qh] and won ($11.76) with two pair, Aces and Sixes


PokerStars Hand #147752117304:  Hold'em Limit ($3/$6 USD) - 2016/01/27 4:20:58 ET
Table 'Minkar II' 2-max Seat #1 is the button
Seat 1: nrJitsu ($216.76 in chips)
Seat 2: jl45259071 ($115.92 in chips)
nrJitsu: posts small blind $1
jl45259071: posts big blind $3
*** HOLE CARDS ***
nrJitsu: folds
Uncalled bet ($2) returned to jl45259071
jl45259071 collected $2 from pot
*** SUMMARY ***
Total pot $2 | Rake $0
Seat 1: nrJitsu (button) (small blind) folded before Flop
Seat 2: jl45259071 (big blind) collected ($2)


PokerStars Hand #147752111602:  Hold'em Limit ($3/$6 USD) - 2016/01/27 4:20:43 ET
Table 'Minkar II' 2-max Seat #2 is the button
Seat 1: nrJitsu ($219.76 in chips)
Seat 2: jl45259071 ($113.04 in chips)
jl45259071: posts small blind $1
nrJitsu: posts big blind $3
*** HOLE CARDS ***
jl45259071: calls $2
nrJitsu: checks
*** FLOP *** [2c Tc 4s]
nrJitsu: checks
jl45259071: bets $3
nrJitsu: folds
Uncalled bet ($3) returned to jl45259071
jl45259071 collected $5.88 from pot
jl45259071: doesn't show hand
*** SUMMARY ***
Total pot $6 | Rake $0.12
Board [2c Tc 4s]
Seat 1: nrJitsu (big blind) folded on the Flop
Seat 2: jl45259071 (button) (small blind) collected ($5.88)


PokerStars Hand #147752126898:  Hold'em Limit ($3/$6 USD) - 2016/01/27 4:21:22 ET
Table 'Minkar II' 2-max Seat #1 is the button
Seat 1: nrJitsu ($227.28 in chips)
Seat 2: jl45259071 ($104.92 in chips)
nrJitsu: posts small blind $1
jl45259071: posts big blind $3
*** HOLE CARDS ***
nrJitsu: raises $3 to $6
jl45259071: calls $3
*** FLOP *** [5h Ac Ad]
jl45259071: checks
nrJitsu: bets $3
jl45259071: calls $3
*** TURN *** [5h Ac Ad] [2c]
jl45259071: checks
nrJitsu: checks
*** RIVER *** [5h Ac Ad 2c] [4c]
jl45259071: checks
nrJitsu: checks
*** SHOW DOWN ***
jl45259071: shows [Qd 2s] (two pair, Aces and Deuces)
nrJitsu: mucks hand
jl45259071 collected $17.64 from pot
*** SUMMARY ***
Total pot $18 | Rake $0.36
Board [5h Ac Ad 2c 4c]
Seat 1: nrJitsu (button) (small blind) mucked
Seat 2: jl45259071 (big blind) showed [Qd 2s] and won ($17.64) with two pair, Aces and Deuces


PokerStars Hand #147752134045:  Hold'em Limit ($3/$6 USD) - 2016/01/27 4:21:40 ET
Table 'Minkar II' 2-max Seat #2 is the button
Seat 1: nrJitsu ($218.28 in chips)
Seat 2: jl45259071 ($113.56 in chips)
jl45259071: posts small blind $1
nrJitsu: posts big blind $3
*** HOLE CARDS ***
jl45259071: calls $2
nrJitsu: checks
*** FLOP *** [2d Th Qs]
nrJitsu: checks
jl45259071: bets $3
nrJitsu: raises $3 to $6
jl45259071: calls $3
*** TURN *** [2d Th Qs] [8d]
nrJitsu: bets $6
jl45259071: calls $6
*** RIVER *** [2d Th Qs 8d] [6h]
nrJitsu: bets $6
jl45259071: calls $6
*** SHOW DOWN ***
nrJitsu: shows [Ts Jh] (a pair of Tens)
jl45259071: mucks hand
nrJitsu collected $41.50 from pot
*** SUMMARY ***
Total pot $42 | Rake $0.50
Board [2d Th Qs 8d 6h]
Seat 1: nrJitsu (big blind) showed [Ts Jh] and won ($41.50) with a pair of Tens
Seat 2: jl45259071 (button) (small blind) mucked


PokerStars Hand #147752119254:  Hold'em Limit ($3/$6 USD) - 2016/01/27 4:21:03 ET
Table 'Minkar II' 2-max Seat #2 is the button
Seat 1: nrJitsu ($215.76 in chips)
Seat 2: jl45259071 ($116.92 in chips)
jl45259071: posts small blind $1
nrJitsu: posts big blind $3
*** HOLE CARDS ***
jl45259071: raises $3 to $6
nrJitsu: calls $3
*** FLOP *** [4s 3d 8c]
nrJitsu: checks
jl45259071: bets $3
nrJitsu: raises $3 to $6
jl45259071: calls $3
*** TURN *** [4s 3d 8c] [6h]
nrJitsu: bets $6
jl45259071: folds
Uncalled bet ($6) returned to nrJitsu
nrJitsu collected $23.52 from pot
nrJitsu: doesn't show hand
*** SUMMARY ***
Total pot $24 | Rake $0.48
Board [4s 3d 8c 6h]
Seat 1: nrJitsu (big blind) collected ($23.52)
Seat 2: jl45259071 (button) (small blind) folded on the Turn


PokerStars Hand #147752157834:  Hold'em Limit ($3/$6 USD) - 2016/01/27 4:22:39 ET
Table 'Minkar II' 2-max Seat #2 is the button
Seat 1: nrJitsu ($228.66 in chips)
Seat 2: jl45259071 ($102.08 in chips)
jl45259071: posts small blind $1
nrJitsu: posts big blind $3
*** HOLE CARDS ***
jl45259071: raises $3 to $6
nrJitsu: calls $3
*** FLOP *** [Kh 6c 6h]
nrJitsu: checks
jl45259071: bets $3
nrJitsu: folds
Uncalled bet ($3) returned to jl45259071
jl45259071 collected $11.76 from pot
jl45259071: doesn't show hand
*** SUMMARY ***
Total pot $12 | Rake $0.24
Board [Kh 6c 6h]
Seat 1: nrJitsu (big blind) folded on the Flop
Seat 2: jl45259071 (button) (small blind) collected ($11.76)


PokerStars Hand #147752154155:  Hold'em Limit ($3/$6 USD) - 2016/01/27 4:22:30 ET
Table 'Minkar II' 2-max Seat #1 is the button
Seat 1: nrJitsu ($229.66 in chips)
Seat 2: jl45259071 ($101.08 in chips)
nrJitsu: posts small blind $1
jl45259071: posts big blind $3
*** HOLE CARDS ***
nrJitsu: folds
Uncalled bet ($2) returned to jl45259071
jl45259071 collected $2 from pot
jl45259071: doesn't show hand
*** SUMMARY ***
Total pot $2 | Rake $0
Seat 1: nrJitsu (button) (small blind) folded before Flop
Seat 2: jl45259071 (big blind) collected ($2)


PokerStars Hand #147752148632:  Hold'em Limit ($3/$6 USD) - 2016/01/27 4:22:16 ET
Table 'Minkar II' 2-max Seat #2 is the button
Seat 1: nrJitsu ($226.78 in chips)
Seat 2: jl45259071 ($104.08 in chips)
jl45259071: posts small blind $1
nrJitsu: posts big blind $3
*** HOLE CARDS ***
jl45259071: calls $2
nrJitsu: checks
*** FLOP *** [3d 6h 3c]
nrJitsu: bets $3
jl45259071: folds
Uncalled bet ($3) returned to nrJitsu
nrJitsu collected $5.88 from pot
nrJitsu: doesn't show hand
*** SUMMARY ***
Total pot $6 | Rake $0.12
Board [3d 6h 3c]
Seat 1: nrJitsu (big blind) collected ($5.88)
Seat 2: jl45259071 (button) (small blind) folded on the Flop


PokerStars Hand #147752163962:  Hold'em Limit ($3/$6 USD) - 2016/01/27 4:22:54 ET
Table 'Minkar II' 2-max Seat #1 is the button
Seat 1: nrJitsu ($222.66 in chips)
Seat 2: jl45259071 ($107.84 in chips)
nrJitsu: posts small blind $1
jl45259071: posts big blind $3
*** HOLE CARDS ***
nrJitsu: raises $3 to $6
jl45259071: calls $3
*** FLOP *** [3s 6s 3h]
jl45259071: checks
nrJitsu: bets $3
jl45259071: raises $3 to $6
nrJitsu: calls $3
*** TURN *** [3s 6s 3h] [3c]
jl45259071: bets $6
nrJitsu: raises $6 to $12
jl45259071: calls $6
*** RIVER *** [3s 6s 3h 3c] [9s]
jl45259071: checks
nrJitsu: bets $6
jl45259071: calls $6
*** SHOW DOWN ***
nrJitsu: shows [6c 7d] (a full house, Threes full of Sixes)
jl45259071: shows [9d 6h] (a full house, Threes full of Nines)
jl45259071 collected $59.50 from pot
*** SUMMARY ***
Total pot $60 | Rake $0.50
Board [3s 6s 3h 3c 9s]
Seat 1: nrJitsu (button) (small blind) showed [6c 7d] and lost with a full house, Threes full of Sixes
Seat 2: jl45259071 (big blind) showed [9d 6h] and won ($59.50) with a full house, Threes full of Nines


PokerStars Hand #147752140850:  Hold'em Limit ($3/$6 USD) - 2016/01/27 4:21:57 ET
Table 'Minkar II' 2-max Seat #1 is the button
Seat 1: nrJitsu ($238.78 in chips)
Seat 2: jl45259071 ($92.56 in chips)
nrJitsu: posts small blind $1
jl45259071: posts big blind $3
*** HOLE CARDS ***
nrJitsu: raises $3 to $6
jl45259071: calls $3
*** FLOP *** [8d 3c 9c]
jl45259071: checks
nrJitsu: bets $3
jl45259071: raises $3 to $6
nrJitsu: calls $3
*** TURN *** [8d 3c 9c] [3s]
jl45259071: checks
nrJitsu: checks
*** RIVER *** [8d 3c 9c 3s] [Jd]
jl45259071: bets $6
nrJitsu: folds
Uncalled bet ($6) returned to jl45259071
jl45259071 collected $23.52 from pot
jl45259071: doesn't show hand
*** SUMMARY ***
Total pot $24 | Rake $0.48
Board [8d 3c 9c 3s Jd]
Seat 1: nrJitsu (button) (small blind) folded on the River
Seat 2: jl45259071 (big blind) collected ($23.52)


PokerStars Hand #147752185426:  Hold'em Limit ($3/$6 USD) - 2016/01/27 4:23:47 ET
Table 'Minkar II' 2-max Seat #2 is the button
Seat 1: nrJitsu ($195.42 in chips)
Seat 2: jl45259071 ($134.22 in chips)
jl45259071: posts small blind $1
nrJitsu: posts big blind $3
*** HOLE CARDS ***
jl45259071: calls $2
nrJitsu: checks
*** FLOP *** [Ks 6h Tc]
nrJitsu: checks
jl45259071: bets $3
nrJitsu: folds
Uncalled bet ($3) returned to jl45259071
jl45259071 collected $5.88 from pot
jl45259071: doesn't show hand
*** SUMMARY ***
Total pot $6 | Rake $0.12
Board [Ks 6h Tc]
Seat 1: nrJitsu (big blind) folded on the Flop
Seat 2: jl45259071 (button) (small blind) collected ($5.88)


PokerStars Hand #147752175570:  Hold'em Limit ($3/$6 USD) - 2016/01/27 4:23:23 ET
Table 'Minkar II' 2-max Seat #1 is the button
Seat 1: nrJitsu ($189.66 in chips)
Seat 2: jl45259071 ($140.22 in chips)
nrJitsu: posts small blind $1
jl45259071: posts big blind $3
*** HOLE CARDS ***
nrJitsu: raises $3 to $6
jl45259071: calls $3
*** FLOP *** [Js Ah As]
jl45259071: checks
nrJitsu: bets $3
jl45259071: folds
Uncalled bet ($3) returned to nrJitsu
nrJitsu collected $11.76 from pot
nrJitsu: doesn't show hand
*** SUMMARY ***
Total pot $12 | Rake $0.24
Board [Js Ah As]
Seat 1: nrJitsu (button) (small blind) collected ($11.76)
Seat 2: jl45259071 (big blind) folded on the Flop


PokerStars Hand #147752171185:  Hold'em Limit ($3/$6 USD) - 2016/01/27 4:23:12 ET
Table 'Minkar II' 2-max Seat #2 is the button
Seat 1: nrJitsu ($192.66 in chips)
Seat 2: jl45259071 ($137.34 in chips)
jl45259071: posts small blind $1
nrJitsu: posts big blind $3
*** HOLE CARDS ***
jl45259071: calls $2
nrJitsu: checks
*** FLOP *** [2d 9s Ad]
nrJitsu: checks
jl45259071: bets $3
nrJitsu: folds
Uncalled bet ($3) returned to jl45259071
jl45259071 collected $5.88 from pot
jl45259071: doesn't show hand
*** SUMMARY ***
Total pot $6 | Rake $0.12
Board [2d 9s Ad]
Seat 1: nrJitsu (big blind) folded on the Flop
Seat 2: jl45259071 (button) (small blind) collected ($5.88)


PokerStars Hand #147752209271:  Hold'em Limit ($3/$6 USD) - 2016/01/27 4:24:46 ET
Table 'Minkar II' 2-max Seat #1 is the button
Seat 1: nrJitsu ($177.18 in chips)
Seat 2: jl45259071 ($151.60 in chips)
nrJitsu: posts small blind $1
jl45259071: posts big blind $3
*** HOLE CARDS ***
nrJitsu: folds
Uncalled bet ($2) returned to jl45259071
jl45259071 collected $2 from pot
jl45259071: doesn't show hand
*** SUMMARY ***
Total pot $2 | Rake $0
Seat 1: nrJitsu (button) (small blind) folded before Flop
Seat 2: jl45259071 (big blind) collected ($2)


PokerStars Hand #147752203635:  Hold'em Limit ($3/$6 USD) - 2016/01/27 4:24:32 ET
Table 'Minkar II' 2-max Seat #2 is the button
Seat 1: nrJitsu ($171.42 in chips)
Seat 2: jl45259071 ($157.60 in chips)
jl45259071: posts small blind $1
nrJitsu: posts big blind $3
*** HOLE CARDS ***
jl45259071: calls $2
nrJitsu: checks
*** FLOP *** [2c Tc Qc]
nrJitsu: bets $3
jl45259071: calls $3
*** TURN *** [2c Tc Qc] [6d]
nrJitsu: bets $6
jl45259071: folds
Uncalled bet ($6) returned to nrJitsu
nrJitsu collected $11.76 from pot
nrJitsu: doesn't show hand
*** SUMMARY ***
Total pot $12 | Rake $0.24
Board [2c Tc Qc 6d]
Seat 1: nrJitsu (big blind) collected ($11.76)
Seat 2: jl45259071 (button) (small blind) folded on the Turn


PokerStars Hand #147752196092:  Hold'em Limit ($3/$6 USD) - 2016/01/27 4:24:13 ET
Table 'Minkar II' 2-max Seat #1 is the button
Seat 1: nrJitsu ($192.42 in chips)
Seat 2: jl45259071 ($137.10 in chips)
nrJitsu: posts small blind $1
jl45259071: posts big blind $3
*** HOLE CARDS ***
nrJitsu: raises $3 to $6
jl45259071: calls $3
*** FLOP *** [5d 9d 3s]
jl45259071: checks
nrJitsu: bets $3
jl45259071: calls $3
*** TURN *** [5d 9d 3s] [6s]
jl45259071: checks
nrJitsu: bets $6
jl45259071: calls $6
*** RIVER *** [5d 9d 3s 6s] [2d]
jl45259071: bets $6
nrJitsu: calls $6
*** SHOW DOWN ***
jl45259071: shows [4d Ah] (a straight, Deuce to Six)
nrJitsu: mucks hand
jl45259071 collected $41.50 from pot
*** SUMMARY ***
Total pot $42 | Rake $0.50
Board [5d 9d 3s 6s 2d]
Seat 1: nrJitsu (button) (small blind) mucked
Seat 2: jl45259071 (big blind) showed [4d Ah] and won ($41.50) with a straight, Deuce to Six


PokerStars Hand #147752225605:  Hold'em Limit ($3/$6 USD) - 2016/01/27 4:25:26 ET
Table 'Minkar II' 2-max Seat #1 is the button
Seat 1: nrJitsu ($179.06 in chips)
Seat 2: jl45259071 ($149.60 in chips)
nrJitsu: posts small blind $1
jl45259071: posts big blind $3
*** HOLE CARDS ***
nrJitsu: raises $3 to $6
jl45259071: calls $3
*** FLOP *** [3h Qc 4c]
jl45259071: checks
nrJitsu: bets $3
jl45259071: raises $3 to $6
nrJitsu: calls $3
*** TURN *** [3h Qc 4c] [9h]
jl45259071: bets $6
nrJitsu: calls $6
*** RIVER *** [3h Qc 4c 9h] [6d]
jl45259071: bets $6
nrJitsu: folds
Uncalled bet ($6) returned to jl45259071
jl45259071 collected $35.50 from pot
jl45259071: doesn't show hand
*** SUMMARY ***
Total pot $36 | Rake $0.50
Board [3h Qc 4c 9h 6d]
Seat 1: nrJitsu (button) (small blind) folded on the River
Seat 2: jl45259071 (big blind) collected ($35.50)


PokerStars Hand #147752211211:  Hold'em Limit ($3/$6 USD) - 2016/01/27 4:24:50 ET
Table 'Minkar II' 2-max Seat #2 is the button
Seat 1: nrJitsu ($176.18 in chips)
Seat 2: jl45259071 ($152.60 in chips)
jl45259071: posts small blind $1
nrJitsu: posts big blind $3
*** HOLE CARDS ***
jl45259071: calls $2
nrJitsu: checks
*** FLOP *** [6h Qc 4c]
nrJitsu: checks
jl45259071: checks
*** TURN *** [6h Qc 4c] [Qd]
nrJitsu: checks
jl45259071: checks
*** RIVER *** [6h Qc 4c Qd] [7h]
nrJitsu: checks
jl45259071: checks
*** SHOW DOWN ***
nrJitsu: shows [9c 2d] (a pair of Queens)
jl45259071: mucks hand
nrJitsu collected $5.88 from pot
*** SUMMARY ***
Total pot $6 | Rake $0.12
Board [6h Qc 4c Qd 7h]
Seat 1: nrJitsu (big blind) showed [9c 2d] and won ($5.88) with a pair of Queens
Seat 2: jl45259071 (button) (small blind) mucked


PokerStars Hand #147752233719:  Hold'em Limit ($3/$6 USD) - 2016/01/27 4:25:46 ET
Table 'Minkar II' 2-max Seat #2 is the button
Seat 1: nrJitsu ($161.06 in chips)
Seat 2: jl45259071 ($167.10 in chips)
jl45259071: posts small blind $1
nrJitsu: posts big blind $3
*** HOLE CARDS ***
jl45259071: calls $2
nrJitsu: raises $3 to $6
jl45259071: calls $3
*** FLOP *** [3h 2c Ac]
nrJitsu: bets $3
jl45259071: calls $3
*** TURN *** [3h 2c Ac] [Js]
nrJitsu: bets $6
jl45259071: calls $6
*** RIVER *** [3h 2c Ac Js] [Ks]
nrJitsu: bets $6
jl45259071: folds
Uncalled bet ($6) returned to nrJitsu
nrJitsu collected $29.50 from pot
nrJitsu: doesn't show hand
*** SUMMARY ***
Total pot $30 | Rake $0.50
Board [3h 2c Ac Js Ks]
Seat 1: nrJitsu (big blind) collected ($29.50)
Seat 2: jl45259071 (button) (small blind) folded on the River


PokerStars Hand #147752243823:  Hold'em Limit ($3/$6 USD) - 2016/01/27 4:26:11 ET
Table 'Minkar II' 2-max Seat #1 is the button
Seat 1: nrJitsu ($175.56 in chips)
Seat 2: jl45259071 ($152.10 in chips)
nrJitsu: posts small blind $1
jl45259071: posts big blind $3
*** HOLE CARDS ***
nrJitsu: raises $3 to $6
jl45259071: raises $3 to $9
nrJitsu: calls $3
*** FLOP *** [5d Jd 6s]
jl45259071: bets $3
nrJitsu: calls $3
*** TURN *** [5d Jd 6s] [4s]
jl45259071: bets $6
nrJitsu: calls $6
*** RIVER *** [5d Jd 6s 4s] [As]
jl45259071: bets $6
nrJitsu: calls $6
*** SHOW DOWN ***
jl45259071: shows [Ac Td] (a pair of Aces)
nrJitsu: mucks hand
jl45259071 collected $47.50 from pot
*** SUMMARY ***
Total pot $48 | Rake $0.50
Board [5d Jd 6s 4s As]
Seat 1: nrJitsu (button) (small blind) mucked
Seat 2: jl45259071 (big blind) showed [Ac Td] and won ($47.50) with a pair of Aces


PokerStars Hand #147752251808:  Hold'em Limit ($3/$6 USD) - 2016/01/27 4:26:30 ET
Table 'Minkar II' 2-max Seat #2 is the button
Seat 1: nrJitsu ($151.56 in chips)
Seat 2: jl45259071 ($175.60 in chips)
jl45259071: posts small blind $1
nrJitsu: posts big blind $3
*** HOLE CARDS ***
jl45259071: calls $2
nrJitsu: checks
*** FLOP *** [7c 3c 4d]
nrJitsu: checks
jl45259071: bets $3
nrJitsu: calls $3
*** TURN *** [7c 3c 4d] [2s]
nrJitsu: checks
jl45259071: checks
*** RIVER *** [7c 3c 4d 2s] [6c]
nrJitsu: bets $6
jl45259071: folds
Uncalled bet ($6) returned to nrJitsu
nrJitsu collected $11.76 from pot
nrJitsu: doesn't show hand
*** SUMMARY ***
Total pot $12 | Rake $0.24
Board [7c 3c 4d 2s 6c]
Seat 1: nrJitsu (big blind) collected ($11.76)
Seat 2: jl45259071 (button) (small blind) folded on the River


PokerStars Hand #147752257782:  Hold'em Limit ($3/$6 USD) - 2016/01/27 4:26:45 ET
Table 'Minkar II' 2-max Seat #1 is the button
Seat 1: nrJitsu ($157.32 in chips)
Seat 2: jl45259071 ($169.60 in chips)
nrJitsu: posts small blind $1
jl45259071: posts big blind $3
*** HOLE CARDS ***
nrJitsu: raises $3 to $6
jl45259071: raises $3 to $9
nrJitsu: calls $3
*** FLOP *** [3d Ah Kc]
jl45259071: bets $3
nrJitsu: calls $3
*** TURN *** [3d Ah Kc] [Ts]
jl45259071: bets $6
nrJitsu: calls $6
*** RIVER *** [3d Ah Kc Ts] [3s]
jl45259071: bets $6
nrJitsu: calls $6
*** SHOW DOWN ***
jl45259071: shows [Qs Ac] (two pair, Aces and Threes)
nrJitsu: shows [As 5s] (two pair, Aces and Threes)
jl45259071 collected $23.75 from pot
nrJitsu collected $23.75 from pot
*** SUMMARY ***
Total pot $48 | Rake $0.50
Board [3d Ah Kc Ts 3s]
Seat 1: nrJitsu (button) (small blind) showed [As 5s] and won ($23.75) with two pair, Aces and Threes
Seat 2: jl45259071 (big blind) showed [Qs Ac] and won ($23.75) with two pair, Aces and Threes


PokerStars Hand #147752287692:  Hold'em Limit ($3/$6 USD) - 2016/01/27 4:27:57 ET
Table 'Minkar II' 2-max Seat #1 is the button
Seat 1: nrJitsu ($171.07 in chips)
Seat 2: jl45259071 ($153.85 in chips)
nrJitsu: posts small blind $1
jl45259071: posts big blind $3
*** HOLE CARDS ***
nrJitsu: folds
Uncalled bet ($2) returned to jl45259071
jl45259071 collected $2 from pot
jl45259071: doesn't show hand
*** SUMMARY ***
Total pot $2 | Rake $0
Seat 1: nrJitsu (button) (small blind) folded before Flop
Seat 2: jl45259071 (big blind) collected ($2)


PokerStars Hand #147752280971:  Hold'em Limit ($3/$6 USD) - 2016/01/27 4:27:41 ET
Table 'Minkar II' 2-max Seat #2 is the button
Seat 1: nrJitsu ($195.07 in chips)
Seat 2: jl45259071 ($130.35 in chips)
jl45259071: posts small blind $1
nrJitsu: posts big blind $3
*** HOLE CARDS ***
jl45259071: calls $2
nrJitsu: checks
*** FLOP *** [6c 5s Kh]
nrJitsu: bets $3
jl45259071: calls $3
*** TURN *** [6c 5s Kh] [3d]
nrJitsu: bets $6
jl45259071: calls $6
*** RIVER *** [6c 5s Kh 3d] [2c]
nrJitsu: bets $6
jl45259071: raises $6 to $12
nrJitsu: calls $6
*** SHOW DOWN ***
jl45259071: shows [Jh 4d] (a straight, Deuce to Six)
nrJitsu: mucks hand
jl45259071 collected $47.50 from pot
*** SUMMARY ***
Total pot $48 | Rake $0.50
Board [6c 5s Kh 3d 2c]
Seat 1: nrJitsu (big blind) mucked
Seat 2: jl45259071 (button) (small blind) showed [Jh 4d] and won ($47.50) with a straight, Deuce to Six


PokerStars Hand #147752264476:  Hold'em Limit ($3/$6 USD) - 2016/01/27 4:27:01 ET
Table 'Minkar II' 2-max Seat #2 is the button
Seat 1: nrJitsu ($157.07 in chips)
Seat 2: jl45259071 ($169.35 in chips)
jl45259071: posts small blind $1
nrJitsu: posts big blind $3
*** HOLE CARDS ***
jl45259071: raises $3 to $6
nrJitsu: calls $3
*** FLOP *** [8d 6h 7s]
nrJitsu: checks
jl45259071: bets $3
nrJitsu: raises $3 to $6
jl45259071: calls $3
*** TURN *** [8d 6h 7s] [6c]
nrJitsu: bets $6
jl45259071: calls $6
*** RIVER *** [8d 6h 7s 6c] [9d]
nrJitsu: bets $6
jl45259071: folds
Uncalled bet ($6) returned to nrJitsu
nrJitsu collected $35.50 from pot
nrJitsu: doesn't show hand
*** SUMMARY ***
Total pot $36 | Rake $0.50
Board [8d 6h 7s 6c 9d]
Seat 1: nrJitsu (big blind) collected ($35.50)
Seat 2: jl45259071 (button) (small blind) folded on the River


PokerStars Hand #147752270545:  Hold'em Limit ($3/$6 USD) - 2016/01/27 4:27:16 ET
Table 'Minkar II' 2-max Seat #1 is the button
Seat 1: nrJitsu ($174.57 in chips)
Seat 2: jl45259071 ($151.35 in chips)
nrJitsu: posts small blind $1
jl45259071: posts big blind $3
*** HOLE CARDS ***
nrJitsu: raises $3 to $6
jl45259071: calls $3
*** FLOP *** [6d Jh 2h]
jl45259071: checks
nrJitsu: bets $3
jl45259071: calls $3
*** TURN *** [6d Jh 2h] [8h]
jl45259071: checks
nrJitsu: bets $6
jl45259071: calls $6
*** RIVER *** [6d Jh 2h 8h] [As]
jl45259071: checks
nrJitsu: bets $6
jl45259071: calls $6
*** SHOW DOWN ***
nrJitsu: shows [Js 6h] (two pair, Jacks and Sixes)
jl45259071: mucks hand
nrJitsu collected $41.50 from pot
*** SUMMARY ***
Total pot $42 | Rake $0.50
Board [6d Jh 2h 8h As]
Seat 1: nrJitsu (button) (small blind) showed [Js 6h] and won ($41.50) with two pair, Jacks and Sixes
Seat 2: jl45259071 (big blind) mucked


PokerStars Hand #147752307773:  Hold'em Limit ($3/$6 USD) - 2016/01/27 4:28:46 ET
Table 'Minkar II' 2-max Seat #1 is the button
Seat 1: nrJitsu ($146.07 in chips)
Seat 2: jl45259071 ($178.35 in chips)
nrJitsu: posts small blind $1
jl45259071: posts big blind $3
*** HOLE CARDS ***
nrJitsu: raises $3 to $6
jl45259071: calls $3
*** FLOP *** [Tc Td 9d]
jl45259071: checks
nrJitsu: bets $3
jl45259071: calls $3
*** TURN *** [Tc Td 9d] [6c]
jl45259071: checks
nrJitsu: bets $6
jl45259071: folds
Uncalled bet ($6) returned to nrJitsu
nrJitsu collected $17.64 from pot
nrJitsu: doesn't show hand
*** SUMMARY ***
Total pot $18 | Rake $0.36
Board [Tc Td 9d 6c]
Seat 1: nrJitsu (button) (small blind) collected ($17.64)
Seat 2: jl45259071 (big blind) folded on the Turn


PokerStars Hand #147752290382:  Hold'em Limit ($3/$6 USD) - 2016/01/27 4:28:04 ET
Table 'Minkar II' 2-max Seat #2 is the button
Seat 1: nrJitsu ($170.07 in chips)
Seat 2: jl45259071 ($154.85 in chips)
jl45259071: posts small blind $1
nrJitsu: posts big blind $3
*** HOLE CARDS ***
jl45259071: raises $3 to $6
nrJitsu: calls $3
*** FLOP *** [9c 2s Jd]
nrJitsu: checks
jl45259071: bets $3
nrJitsu: raises $3 to $6
jl45259071: calls $3
*** TURN *** [9c 2s Jd] [9h]
nrJitsu: bets $6
jl45259071: calls $6
*** RIVER *** [9c 2s Jd 9h] [Kh]
nrJitsu: checks
jl45259071: bets $6
nrJitsu: calls $6
*** SHOW DOWN ***
jl45259071: shows [Kd Td] (two pair, Kings and Nines)
nrJitsu: mucks hand
jl45259071 collected $47.50 from pot
*** SUMMARY ***
Total pot $48 | Rake $0.50
Board [9c 2s Jd 9h Kh]
Seat 1: nrJitsu (big blind) mucked
Seat 2: jl45259071 (button) (small blind) showed [Kd Td] and won ($47.50) with two pair, Kings and Nines


PokerStars Hand #147752340462:  Hold'em Limit ($3/$6 USD) - 2016/01/27 4:30:05 ET
Table 'Minkar II' 2-max Seat #2 is the button
Seat 1: nrJitsu ($142.59 in chips)
Seat 2: jl45259071 ($180.85 in chips)
jl45259071: posts small blind $1
nrJitsu: posts big blind $3
*** HOLE CARDS ***
jl45259071: calls $2
nrJitsu: checks
*** FLOP *** [6h Qc 9h]
nrJitsu: checks
jl45259071: bets $3
nrJitsu: folds
Uncalled bet ($3) returned to jl45259071
jl45259071 collected $5.88 from pot
jl45259071: doesn't show hand
*** SUMMARY ***
Total pot $6 | Rake $0.12
Board [6h Qc 9h]
Seat 1: nrJitsu (big blind) folded on the Flop
Seat 2: jl45259071 (button) (small blind) collected ($5.88)


PokerStars Hand #147752314000:  Hold'em Limit ($3/$6 USD) - 2016/01/27 4:29:01 ET
Table 'Minkar II' 2-max Seat #2 is the button
Seat 1: nrJitsu ($154.71 in chips)
Seat 2: jl45259071 ($169.35 in chips)
jl45259071: posts small blind $1
nrJitsu: posts big blind $3
*** HOLE CARDS ***
jl45259071: calls $2
nrJitsu: checks
*** FLOP *** [8s 4c Kd]
nrJitsu: checks
jl45259071: checks
*** TURN *** [8s 4c Kd] [3d]
nrJitsu: bets $6
jl45259071: folds
Uncalled bet ($6) returned to nrJitsu
nrJitsu collected $5.88 from pot
nrJitsu: doesn't show hand
*** SUMMARY ***
Total pot $6 | Rake $0.12
Board [8s 4c Kd 3d]
Seat 1: nrJitsu (big blind) collected ($5.88)
Seat 2: jl45259071 (button) (small blind) folded on the Turn


PokerStars Hand #147752330219:  Hold'em Limit ($3/$6 USD) - 2016/01/27 4:29:40 ET
Table 'Minkar II' 2-max Seat #1 is the button
Seat 1: nrJitsu ($157.59 in chips)
Seat 2: jl45259071 ($166.35 in chips)
nrJitsu: posts small blind $1
jl45259071: posts big blind $3
*** HOLE CARDS ***
nrJitsu: raises $3 to $6
jl45259071: calls $3
*** FLOP *** [9c Qs Ts]
jl45259071: checks
nrJitsu: bets $3
jl45259071: calls $3
*** TURN *** [9c Qs Ts] [8c]
jl45259071: checks
nrJitsu: checks
*** RIVER *** [9c Qs Ts 8c] [4s]
jl45259071: bets $6
nrJitsu: calls $6
*** SHOW DOWN ***
jl45259071: shows [Td 4c] (two pair, Tens and Fours)
nrJitsu: mucks hand
jl45259071 collected $29.50 from pot
*** SUMMARY ***
Total pot $30 | Rake $0.50
Board [9c Qs Ts 8c 4s]
Seat 1: nrJitsu (button) (small blind) mucked
Seat 2: jl45259071 (big blind) showed [Td 4c] and won ($29.50) with two pair, Tens and Fours


PokerStars Hand #147752349813:  Hold'em Limit ($3/$6 USD) - 2016/01/27 4:30:28 ET
Table 'Minkar II' 2-max Seat #2 is the button
Seat 1: nrJitsu ($145.35 in chips)
Seat 2: jl45259071 ($177.73 in chips)
jl45259071: posts small blind $1
nrJitsu: posts big blind $3
*** HOLE CARDS ***
jl45259071: calls $2
nrJitsu: checks
*** FLOP *** [9s 8c As]
nrJitsu: checks
jl45259071: bets $3
nrJitsu: calls $3
*** TURN *** [9s 8c As] [4h]
nrJitsu: checks
jl45259071: bets $6
nrJitsu: raises $6 to $12
jl45259071: calls $6
*** RIVER *** [9s 8c As 4h] [2c]
nrJitsu: bets $6
jl45259071: calls $6
*** SHOW DOWN ***
nrJitsu: shows [4c 8s] (two pair, Eights and Fours)
jl45259071: mucks hand
nrJitsu collected $47.50 from pot
*** SUMMARY ***
Total pot $48 | Rake $0.50
Board [9s 8c As 4h 2c]
Seat 1: nrJitsu (big blind) showed [4c 8s] and won ($47.50) with two pair, Eights and Fours
Seat 2: jl45259071 (button) (small blind) mucked


PokerStars Hand #147752344704:  Hold'em Limit ($3/$6 USD) - 2016/01/27 4:30:15 ET
Table 'Minkar II' 2-max Seat #1 is the button
Seat 1: nrJitsu ($139.59 in chips)
Seat 2: jl45259071 ($183.73 in chips)
nrJitsu: posts small blind $1
jl45259071: posts big blind $3
*** HOLE CARDS ***
nrJitsu: raises $3 to $6
jl45259071: calls $3
*** FLOP *** [5c As 8d]
jl45259071: checks
nrJitsu: bets $3
jl45259071: folds
Uncalled bet ($3) returned to nrJitsu
nrJitsu collected $11.76 from pot
nrJitsu: doesn't show hand
*** SUMMARY ***
Total pot $12 | Rake $0.24
Board [5c As 8d]
Seat 1: nrJitsu (button) (small blind) collected ($11.76)
Seat 2: jl45259071 (big blind) folded on the Flop


PokerStars Hand #147752359640:  Hold'em Limit ($3/$6 USD) - 2016/01/27 4:30:52 ET
Table 'Minkar II' 2-max Seat #1 is the button
Seat 1: nrJitsu ($168.85 in chips)
Seat 2: jl45259071 ($153.73 in chips)
nrJitsu: posts small blind $1
jl45259071: posts big blind $3
*** HOLE CARDS ***
nrJitsu: raises $3 to $6
jl45259071: calls $3
*** FLOP *** [Tc Kc 4c]
jl45259071: checks
nrJitsu: bets $3
jl45259071: raises $3 to $6
nrJitsu: calls $3
*** TURN *** [Tc Kc 4c] [3c]
jl45259071: bets $6
nrJitsu: calls $6
*** RIVER *** [Tc Kc 4c 3c] [6d]
jl45259071: bets $6
nrJitsu: calls $6
*** SHOW DOWN ***
jl45259071: shows [Th 5c] (a flush, King high)
nrJitsu: shows [7h Jc] (a flush, King high - Jack higher)
nrJitsu collected $47.50 from pot
*** SUMMARY ***
Total pot $48 | Rake $0.50
Board [Tc Kc 4c 3c 6d]
Seat 1: nrJitsu (button) (small blind) showed [7h Jc] and won ($47.50) with a flush, King high
Seat 2: jl45259071 (big blind) showed [Th 5c] and lost with a flush, King high


PokerStars Hand #147752375747:  Hold'em Limit ($3/$6 USD) - 2016/01/27 4:31:30 ET
Table 'Minkar II' 2-max Seat #1 is the button
Seat 1: nrJitsu ($168.35 in chips)
Seat 2: jl45259071 ($153.23 in chips)
nrJitsu: posts small blind $1
jl45259071: posts big blind $3
*** HOLE CARDS ***
nrJitsu: raises $3 to $6
jl45259071: calls $3
*** FLOP *** [7c 6s 2d]
jl45259071: checks
nrJitsu: bets $3
jl45259071: calls $3
*** TURN *** [7c 6s 2d] [8h]
jl45259071: checks
nrJitsu: checks
*** RIVER *** [7c 6s 2d 8h] [5d]
jl45259071: bets $6
nrJitsu: calls $6
*** SHOW DOWN ***
jl45259071: shows [3d Kd] (high card King)
nrJitsu: shows [5c 7s] (two pair, Sevens and Fives)
nrJitsu collected $29.50 from pot
*** SUMMARY ***
Total pot $30 | Rake $0.50
Board [7c 6s 2d 8h 5d]
Seat 1: nrJitsu (button) (small blind) showed [5c 7s] and won ($29.50) with two pair, Sevens and Fives
Seat 2: jl45259071 (big blind) showed [3d Kd] and lost with high card King


PokerStars Hand #147752386462:  Hold'em Limit ($3/$6 USD) - 2016/01/27 4:31:56 ET
Table 'Minkar II' 2-max Seat #2 is the button
Seat 1: nrJitsu ($182.85 in chips)
Seat 2: jl45259071 ($138.23 in chips)
jl45259071: posts small blind $1
nrJitsu: posts big blind $3
*** HOLE CARDS ***
jl45259071: raises $3 to $6
nrJitsu: folds
Uncalled bet ($3) returned to jl45259071
jl45259071 collected $6 from pot
jl45259071: doesn't show hand
*** SUMMARY ***
Total pot $6 | Rake $0
Seat 1: nrJitsu (big blind) folded before Flop
Seat 2: jl45259071 (button) (small blind) collected ($6)


PokerStars Hand #147752367298:  Hold'em Limit ($3/$6 USD) - 2016/01/27 4:31:10 ET
Table 'Minkar II' 2-max Seat #2 is the button
Seat 1: nrJitsu ($192.35 in chips)
Seat 2: jl45259071 ($129.73 in chips)
jl45259071: posts small blind $1
nrJitsu: posts big blind $3
*** HOLE CARDS ***
jl45259071: raises $3 to $6
nrJitsu: raises $3 to $9
jl45259071: calls $3
*** FLOP *** [5c 3c 8h]
nrJitsu: bets $3
jl45259071: calls $3
*** TURN *** [5c 3c 8h] [5d]
nrJitsu: bets $6
jl45259071: calls $6
*** RIVER *** [5c 3c 8h 5d] [Td]
nrJitsu: checks
jl45259071: bets $6
nrJitsu: calls $6
*** SHOW DOWN ***
jl45259071: shows [Tc Jh] (two pair, Tens and Fives)
nrJitsu: mucks hand
jl45259071 collected $47.50 from pot
*** SUMMARY ***
Total pot $48 | Rake $0.50
Board [5c 3c 8h 5d Td]
Seat 1: nrJitsu (big blind) mucked
Seat 2: jl45259071 (button) (small blind) showed [Tc Jh] and won ($47.50) with two pair, Tens and Fives


PokerStars Hand #147752402291:  Hold'em Limit ($3/$6 USD) - 2016/01/27 4:32:34 ET
Table 'Minkar II' 2-max Seat #2 is the button
Seat 1: nrJitsu ($194.35 in chips)
Seat 2: jl45259071 ($126.23 in chips)
jl45259071: posts small blind $1
nrJitsu: posts big blind $3
*** HOLE CARDS ***
jl45259071: calls $2
nrJitsu: raises $3 to $6
jl45259071: calls $3
*** FLOP *** [9s 7c Kd]
nrJitsu: bets $3
jl45259071: calls $3
*** TURN *** [9s 7c Kd] [Ks]
nrJitsu: bets $6
jl45259071: calls $6
*** RIVER *** [9s 7c Kd Ks] [5d]
nrJitsu: bets $6
jl45259071: folds
Uncalled bet ($6) returned to nrJitsu
nrJitsu collected $29.50 from pot
nrJitsu: doesn't show hand
*** SUMMARY ***
Total pot $30 | Rake $0.50
Board [9s 7c Kd Ks 5d]
Seat 1: nrJitsu (big blind) collected ($29.50)
Seat 2: jl45259071 (button) (small blind) folded on the River


PokerStars Hand #147752409404:  Hold'em Limit ($3/$6 USD) - 2016/01/27 4:32:50 ET
Table 'Minkar II' 2-max Seat #1 is the button
Seat 1: nrJitsu ($208.85 in chips)
Seat 2: jl45259071 ($111.23 in chips)
nrJitsu: posts small blind $1
jl45259071: posts big blind $3
*** HOLE CARDS ***
nrJitsu: raises $3 to $6
jl45259071: calls $3
*** FLOP *** [5d 4s 7c]
jl45259071: checks
nrJitsu: checks
*** TURN *** [5d 4s 7c] [2h]
jl45259071: bets $6
nrJitsu: calls $6
*** RIVER *** [5d 4s 7c 2h] [As]
jl45259071: bets $6
nrJitsu: raises $6 to $12
jl45259071: raises $6 to $18
nrJitsu: raises $6 to $24
Betting is capped
jl45259071: calls $6
*** SHOW DOWN ***
nrJitsu: shows [Jh 3d] (a straight, Ace to Five)
jl45259071: shows [3c Th] (a straight, Ace to Five)
jl45259071 collected $35.75 from pot
nrJitsu collected $35.75 from pot
*** SUMMARY ***
Total pot $72 | Rake $0.50
Board [5d 4s 7c 2h As]
Seat 1: nrJitsu (button) (small blind) showed [Jh 3d] and won ($35.75) with a straight, Ace to Five
Seat 2: jl45259071 (big blind) showed [3c Th] and won ($35.75) with a straight, Ace to Five


PokerStars Hand #147752389741:  Hold'em Limit ($3/$6 USD) - 2016/01/27 4:32:03 ET
Table 'Minkar II' 2-max Seat #1 is the button
Seat 1: nrJitsu ($179.85 in chips)
Seat 2: jl45259071 ($141.23 in chips)
nrJitsu: posts small blind $1
jl45259071: posts big blind $3
*** HOLE CARDS ***
nrJitsu: raises $3 to $6
jl45259071: calls $3
*** FLOP *** [6h 7s 6d]
jl45259071: bets $3
nrJitsu: calls $3
*** TURN *** [6h 7s 6d] [7d]
jl45259071: bets $6
nrJitsu: calls $6
*** RIVER *** [6h 7s 6d 7d] [2h]
jl45259071: checks
nrJitsu: bets $6
jl45259071: folds
Uncalled bet ($6) returned to nrJitsu
nrJitsu collected $29.50 from pot
nrJitsu: doesn't show hand
*** SUMMARY ***
Total pot $30 | Rake $0.50
Board [6h 7s 6d 7d 2h]
Seat 1: nrJitsu (button) (small blind) collected ($29.50)
Seat 2: jl45259071 (big blind) folded on the River


PokerStars Hand #147752440472:  Hold'em Limit ($3/$6 USD) - 2016/01/27 4:34:05 ET
Table 'Minkar II' 2-max Seat #2 is the button
Seat 1: nrJitsu ($225.64 in chips)
Seat 2: jl45259071 ($92.74 in chips)
jl45259071: posts small blind $1
nrJitsu: posts big blind $3
*** HOLE CARDS ***
jl45259071: calls $2
nrJitsu: checks
*** FLOP *** [Ah 7c 9h]
nrJitsu: checks
jl45259071: bets $3
nrJitsu: folds
Uncalled bet ($3) returned to jl45259071
jl45259071 collected $5.88 from pot
jl45259071: doesn't show hand
*** SUMMARY ***
Total pot $6 | Rake $0.12
Board [Ah 7c 9h]
Seat 1: nrJitsu (big blind) folded on the Flop
Seat 2: jl45259071 (button) (small blind) collected ($5.88)


PokerStars Hand #147752428551:  Hold'em Limit ($3/$6 USD) - 2016/01/27 4:33:36 ET
Table 'Minkar II' 2-max Seat #2 is the button
Seat 1: nrJitsu ($223 in chips)
Seat 2: jl45259071 ($95.98 in chips)
jl45259071: posts small blind $1
nrJitsu: posts big blind $3
*** HOLE CARDS ***
jl45259071: calls $2
nrJitsu: checks
*** FLOP *** [As 2s 7s]
nrJitsu: checks
jl45259071: bets $3
nrJitsu: calls $3
*** TURN *** [As 2s 7s] [2h]
nrJitsu: checks
jl45259071: bets $6
nrJitsu: folds
Uncalled bet ($6) returned to jl45259071
jl45259071 collected $11.76 from pot
*** SUMMARY ***
Total pot $12 | Rake $0.24
Board [As 2s 7s 2h]
Seat 1: nrJitsu (big blind) folded on the Turn
Seat 2: jl45259071 (button) (small blind) collected ($11.76)


PokerStars Hand #147752435419:  Hold'em Limit ($3/$6 USD) - 2016/01/27 4:33:53 ET
Table 'Minkar II' 2-max Seat #1 is the button
Seat 1: nrJitsu ($217 in chips)
Seat 2: jl45259071 ($101.74 in chips)
nrJitsu: posts small blind $1
jl45259071: posts big blind $3
*** HOLE CARDS ***
nrJitsu: raises $3 to $6
jl45259071: calls $3
*** FLOP *** [Qc Jd 6s]
jl45259071: checks
nrJitsu: bets $3
jl45259071: calls $3
*** TURN *** [Qc Jd 6s] [Qs]
jl45259071: checks
nrJitsu: bets $6
jl45259071: folds
Uncalled bet ($6) returned to nrJitsu
nrJitsu collected $17.64 from pot
nrJitsu: doesn't show hand
*** SUMMARY ***
Total pot $18 | Rake $0.36
Board [Qc Jd 6s Qs]
Seat 1: nrJitsu (button) (small blind) collected ($17.64)
Seat 2: jl45259071 (big blind) folded on the Turn


PokerStars Hand #147752416870:  Hold'em Limit ($3/$6 USD) - 2016/01/27 4:33:08 ET
Table 'Minkar II' 2-max Seat #2 is the button
Seat 1: nrJitsu ($208.60 in chips)
Seat 2: jl45259071 ($110.98 in chips)
jl45259071: posts small blind $1
nrJitsu: posts big blind $3
*** HOLE CARDS ***
jl45259071: calls $2
nrJitsu: checks
*** FLOP *** [2c Jh Tc]
nrJitsu: checks
jl45259071: bets $3
nrJitsu: calls $3
*** TURN *** [2c Jh Tc] [7d]
nrJitsu: checks
jl45259071: checks
*** RIVER *** [2c Jh Tc 7d] [4c]
nrJitsu: checks
jl45259071: checks
*** SHOW DOWN ***
nrJitsu: shows [2s Kd] (a pair of Deuces)
jl45259071: mucks hand
nrJitsu collected $11.76 from pot
*** SUMMARY ***
Total pot $12 | Rake $0.24
Board [2c Jh Tc 7d 4c]
Seat 1: nrJitsu (big blind) showed [2s Kd] and won ($11.76) with a pair of Deuces
Seat 2: jl45259071 (button) (small blind) mucked


PokerStars Hand #147752422975:  Hold'em Limit ($3/$6 USD) - 2016/01/27 4:33:23 ET
Table 'Minkar II' 2-max Seat #1 is the button
Seat 1: nrJitsu ($214.36 in chips)
Seat 2: jl45259071 ($104.98 in chips)
nrJitsu: posts small blind $1
jl45259071: posts big blind $3
*** HOLE CARDS ***
nrJitsu: raises $3 to $6
jl45259071: calls $3
*** FLOP *** [4d Kc 8s]
jl45259071: checks
nrJitsu: bets $3
jl45259071: calls $3
*** TURN *** [4d Kc 8s] [9h]
jl45259071: checks
nrJitsu: bets $6
jl45259071: folds
Uncalled bet ($6) returned to nrJitsu
nrJitsu collected $17.64 from pot
nrJitsu: doesn't show hand
*** SUMMARY ***
Total pot $18 | Rake $0.36
Board [4d Kc 8s 9h]
Seat 1: nrJitsu (button) (small blind) collected ($17.64)
Seat 2: jl45259071 (big blind) folded on the Turn


PokerStars Hand #147752452515:  Hold'em Limit ($3/$6 USD) - 2016/01/27 4:34:34 ET
Table 'Minkar II' 2-max Seat #2 is the button
Seat 1: nrJitsu ($237.14 in chips)
Seat 2: jl45259071 ($80.62 in chips)
jl45259071: posts small blind $1
nrJitsu: posts big blind $3
*** HOLE CARDS ***
jl45259071: raises $3 to $6
nrJitsu: folds
Uncalled bet ($3) returned to jl45259071
jl45259071 collected $6 from pot
jl45259071: doesn't show hand
*** SUMMARY ***
Total pot $6 | Rake $0
Seat 1: nrJitsu (big blind) folded before Flop
Seat 2: jl45259071 (button) (small blind) collected ($6)


PokerStars Hand #147752445661:  Hold'em Limit ($3/$6 USD) - 2016/01/27 4:34:17 ET
Table 'Minkar II' 2-max Seat #1 is the button
Seat 1: nrJitsu ($222.64 in chips)
Seat 2: jl45259071 ($95.62 in chips)
nrJitsu: posts small blind $1
jl45259071: posts big blind $3
*** HOLE CARDS ***
nrJitsu: raises $3 to $6
jl45259071: calls $3
*** FLOP *** [6c Qh 7s]
jl45259071: checks
nrJitsu: bets $3
jl45259071: calls $3
*** TURN *** [6c Qh 7s] [Ac]
jl45259071: checks
nrJitsu: bets $6
jl45259071: calls $6
*** RIVER *** [6c Qh 7s Ac] [Ah]
jl45259071: checks
nrJitsu: checks
*** SHOW DOWN ***
jl45259071: shows [6s 3s] (two pair, Aces and Sixes)
nrJitsu: shows [7c 9c] (two pair, Aces and Sevens)
nrJitsu collected $29.50 from pot
*** SUMMARY ***
Total pot $30 | Rake $0.50
Board [6c Qh 7s Ac Ah]
Seat 1: nrJitsu (button) (small blind) showed [7c 9c] and won ($29.50) with two pair, Aces and Sevens
Seat 2: jl45259071 (big blind) showed [6s 3s] and lost with two pair, Aces and Sixes


PokerStars Hand #147752464767:  Hold'em Limit ($3/$6 USD) - 2016/01/27 4:35:03 ET
Table 'Minkar II' 2-max Seat #2 is the button
Seat 1: nrJitsu ($216.14 in chips)
Seat 2: jl45259071 ($101.12 in chips)
jl45259071: posts small blind $1
nrJitsu: posts big blind $3
*** HOLE CARDS ***
jl45259071: calls $2
nrJitsu: checks
*** FLOP *** [3d Qc 9s]
nrJitsu: checks
jl45259071: checks
*** TURN *** [3d Qc 9s] [3c]
nrJitsu: checks
jl45259071: bets $6
nrJitsu: folds
Uncalled bet ($6) returned to jl45259071
jl45259071 collected $5.88 from pot
jl45259071: doesn't show hand
*** SUMMARY ***
Total pot $6 | Rake $0.12
Board [3d Qc 9s 3c]
Seat 1: nrJitsu (big blind) folded on the Turn
Seat 2: jl45259071 (button) (small blind) collected ($5.88)


PokerStars Hand #147752455125:  Hold'em Limit ($3/$6 USD) - 2016/01/27 4:34:40 ET
Table 'Minkar II' 2-max Seat #1 is the button
Seat 1: nrJitsu ($234.14 in chips)
Seat 2: jl45259071 ($83.62 in chips)
nrJitsu: posts small blind $1
jl45259071: posts big blind $3
*** HOLE CARDS ***
nrJitsu: raises $3 to $6
jl45259071: raises $3 to $9
nrJitsu: calls $3
*** FLOP *** [Td 8c 9c]
jl45259071: bets $3
nrJitsu: calls $3
*** TURN *** [Td 8c 9c] [8d]
jl45259071: bets $6
nrJitsu: calls $6
*** RIVER *** [Td 8c 9c 8d] [2s]
jl45259071: bets $6
nrJitsu: folds
Uncalled bet ($6) returned to jl45259071
jl45259071 collected $35.50 from pot
jl45259071: doesn't show hand
*** SUMMARY ***
Total pot $36 | Rake $0.50
Board [Td 8c 9c 8d 2s]
Seat 1: nrJitsu (button) (small blind) folded on the River
Seat 2: jl45259071 (big blind) collected ($35.50)


PokerStars Hand #147752469526:  Hold'em Limit ($3/$6 USD) - 2016/01/27 4:35:14 ET
Table 'Minkar II' 2-max Seat #1 is the button
Seat 1: nrJitsu ($213.14 in chips)
Seat 2: jl45259071 ($104 in chips)
nrJitsu: posts small blind $1
jl45259071: posts big blind $3
*** HOLE CARDS ***
nrJitsu: raises $3 to $6
jl45259071: raises $3 to $9
nrJitsu: calls $3
*** FLOP *** [4s Ks Kh]
jl45259071: bets $3
nrJitsu: folds
Uncalled bet ($3) returned to jl45259071
jl45259071 collected $17.64 from pot
jl45259071: doesn't show hand
*** SUMMARY ***
Total pot $18 | Rake $0.36
Board [4s Ks Kh]
Seat 1: nrJitsu (button) (small blind) folded on the Flop
Seat 2: jl45259071 (big blind) collected ($17.64)


PokerStars Hand #147752475195:  Hold'em Limit ($3/$6 USD) - 2016/01/27 4:35:28 ET
Table 'Minkar II' 2-max Seat #2 is the button
Seat 1: nrJitsu ($204.14 in chips)
Seat 2: jl45259071 ($112.64 in chips)
jl45259071: posts small blind $1
nrJitsu: posts big blind $3
*** HOLE CARDS ***
jl45259071: calls $2
nrJitsu: checks
*** FLOP *** [5s 5c 3h]
nrJitsu: checks
jl45259071: checks
*** TURN *** [5s 5c 3h] [Ts]
nrJitsu: checks
jl45259071: bets $6
nrJitsu: folds
Uncalled bet ($6) returned to jl45259071
jl45259071 collected $5.88 from pot
jl45259071: doesn't show hand
*** SUMMARY ***
Total pot $6 | Rake $0.12
Board [5s 5c 3h Ts]
Seat 1: nrJitsu (big blind) folded on the Turn
Seat 2: jl45259071 (button) (small blind) collected ($5.88)


PokerStars Hand #147752485919:  Hold'em Limit ($3/$6 USD) - 2016/01/27 4:35:53 ET
Table 'Minkar II' 2-max Seat #1 is the button
Seat 1: nrJitsu ($201.14 in chips)
Seat 2: jl45259071 ($115.52 in chips)
nrJitsu: posts small blind $1
jl45259071: posts big blind $3
*** HOLE CARDS ***
nrJitsu: folds
Uncalled bet ($2) returned to jl45259071
jl45259071 collected $2 from pot
jl45259071: doesn't show hand
*** SUMMARY ***
Total pot $2 | Rake $0
Seat 1: nrJitsu (button) (small blind) folded before Flop
Seat 2: jl45259071 (big blind) collected ($2)


PokerStars Hand #147752488135:  Hold'em Limit ($3/$6 USD) - 2016/01/27 4:35:59 ET
Table 'Minkar II' 2-max Seat #2 is the button
Seat 1: nrJitsu ($200.14 in chips)
Seat 2: jl45259071 ($116.52 in chips)
jl45259071: posts small blind $1
nrJitsu: posts big blind $3
*** HOLE CARDS ***
jl45259071: calls $2
nrJitsu: raises $3 to $6
jl45259071: calls $3
*** FLOP *** [6s 5s 9d]
nrJitsu: bets $3
jl45259071: raises $3 to $6
nrJitsu: raises $3 to $9
jl45259071: calls $3
*** TURN *** [6s 5s 9d] [5c]
nrJitsu: bets $6
jl45259071: calls $6
*** RIVER *** [6s 5s 9d 5c] [Js]
nrJitsu: checks
jl45259071: checks
*** SHOW DOWN ***
nrJitsu: shows [6h 6c] (a full house, Sixes full of Fives)
jl45259071: mucks hand
nrJitsu collected $41.50 from pot
*** SUMMARY ***
Total pot $42 | Rake $0.50
Board [6s 5s 9d 5c Js]
Seat 1: nrJitsu (big blind) showed [6h 6c] and won ($41.50) with a full house, Sixes full of Fives
Seat 2: jl45259071 (button) (small blind) mucked


PokerStars Hand #147752503797:  Hold'em Limit ($3/$6 USD) - 2016/01/27 4:36:36 ET
Table 'Minkar II' 2-max Seat #1 is the button
Seat 1: nrJitsu ($223.40 in chips)
Seat 2: jl45259071 ($92.40 in chips)
nrJitsu: posts small blind $1
jl45259071: posts big blind $3
*** HOLE CARDS ***
nrJitsu: raises $3 to $6
jl45259071: raises $3 to $9
nrJitsu: calls $3
*** FLOP *** [9s Js 4c]
jl45259071: bets $3
nrJitsu: calls $3
*** TURN *** [9s Js 4c] [3c]
jl45259071: bets $6
nrJitsu: calls $6
*** RIVER *** [9s Js 4c 3c] [Td]
jl45259071: bets $6
nrJitsu: folds
Uncalled bet ($6) returned to jl45259071
jl45259071 collected $35.50 from pot
jl45259071: doesn't show hand
*** SUMMARY ***
Total pot $36 | Rake $0.50
Board [9s Js 4c 3c Td]
Seat 1: nrJitsu (button) (small blind) folded on the River
Seat 2: jl45259071 (big blind) collected ($35.50)


PokerStars Hand #147752494718:  Hold'em Limit ($3/$6 USD) - 2016/01/27 4:36:14 ET
Table 'Minkar II' 2-max Seat #1 is the button
Seat 1: nrJitsu ($220.64 in chips)
Seat 2: jl45259071 ($95.52 in chips)
nrJitsu: posts small blind $1
jl45259071: posts big blind $3
*** HOLE CARDS ***
nrJitsu: raises $3 to $6
jl45259071: calls $3
*** FLOP *** [Qs Qh 9d]
jl45259071: checks
nrJitsu: bets $3
jl45259071: folds
Uncalled bet ($3) returned to nrJitsu
nrJitsu collected $11.76 from pot
nrJitsu: doesn't show hand
*** SUMMARY ***
Total pot $12 | Rake $0.24
Board [Qs Qh 9d]
Seat 1: nrJitsu (button) (small blind) collected ($11.76)
Seat 2: jl45259071 (big blind) folded on the Flop


PokerStars Hand #147752499108:  Hold'em Limit ($3/$6 USD) - 2016/01/27 4:36:25 ET
Table 'Minkar II' 2-max Seat #2 is the button
Seat 1: nrJitsu ($226.40 in chips)
Seat 2: jl45259071 ($89.52 in chips)
jl45259071: posts small blind $1
nrJitsu: posts big blind $3
*** HOLE CARDS ***
jl45259071: calls $2
nrJitsu: checks
*** FLOP *** [7c Ac Ks]
nrJitsu: checks
jl45259071: bets $3
nrJitsu: folds
Uncalled bet ($3) returned to jl45259071
jl45259071 collected $5.88 from pot
jl45259071: doesn't show hand
*** SUMMARY ***
Total pot $6 | Rake $0.12
Board [7c Ac Ks]
Seat 1: nrJitsu (big blind) folded on the Flop
Seat 2: jl45259071 (button) (small blind) collected ($5.88)


PokerStars Hand #147752512095:  Hold'em Limit ($3/$6 USD) - 2016/01/27 4:36:56 ET
Table 'Minkar II' 2-max Seat #2 is the button
Seat 1: nrJitsu ($205.40 in chips)
Seat 2: jl45259071 ($109.90 in chips)
jl45259071: posts small blind $1
nrJitsu: posts big blind $3
*** HOLE CARDS ***
jl45259071: calls $2
nrJitsu: checks
*** FLOP *** [3c As 4s]
nrJitsu: bets $3
jl45259071: calls $3
*** TURN *** [3c As 4s] [Td]
nrJitsu: bets $6
jl45259071: folds
Uncalled bet ($6) returned to nrJitsu
nrJitsu collected $11.76 from pot
nrJitsu: doesn't show hand
*** SUMMARY ***
Total pot $12 | Rake $0.24
Board [3c As 4s Td]
Seat 1: nrJitsu (big blind) collected ($11.76)
Seat 2: jl45259071 (button) (small blind) folded on the Turn


PokerStars Hand #147752527157:  Hold'em Limit ($3/$6 USD) - 2016/01/27 4:37:32 ET
Table 'Minkar II' 2-max Seat #1 is the button
Seat 1: nrJitsu ($201.80 in chips)
Seat 2: jl45259071 ($112.40 in chips)
nrJitsu: posts small blind $1
jl45259071: posts big blind $3
*** HOLE CARDS ***
nrJitsu: folds
Uncalled bet ($2) returned to jl45259071
jl45259071 collected $2 from pot
jl45259071: doesn't show hand
*** SUMMARY ***
Total pot $2 | Rake $0
Seat 1: nrJitsu (button) (small blind) folded before Flop
Seat 2: jl45259071 (big blind) collected ($2)


PokerStars Hand #147752522571:  Hold'em Limit ($3/$6 USD) - 2016/01/27 4:37:21 ET
Table 'Minkar II' 2-max Seat #2 is the button
Seat 1: nrJitsu ($193.16 in chips)
Seat 2: jl45259071 ($121.40 in chips)
jl45259071: posts small blind $1
nrJitsu: posts big blind $3
*** HOLE CARDS ***
jl45259071: calls $2
nrJitsu: raises $3 to $6
jl45259071: calls $3
*** FLOP *** [7c Ts 4h]
nrJitsu: bets $3
jl45259071: calls $3
*** TURN *** [7c Ts 4h] [8c]
nrJitsu: bets $6
jl45259071: folds
Uncalled bet ($6) returned to nrJitsu
nrJitsu collected $17.64 from pot
nrJitsu: doesn't show hand
*** SUMMARY ***
Total pot $18 | Rake $0.36
Board [7c Ts 4h 8c]
Seat 1: nrJitsu (big blind) collected ($17.64)
Seat 2: jl45259071 (button) (small blind) folded on the Turn


PokerStars Hand #147752529151:  Hold'em Limit ($3/$6 USD) - 2016/01/27 4:37:36 ET
Table 'Minkar II' 2-max Seat #2 is the button
Seat 1: nrJitsu ($200.80 in chips)
Seat 2: jl45259071 ($113.40 in chips)
jl45259071: posts small blind $1
nrJitsu: posts big blind $3
*** HOLE CARDS ***
jl45259071: calls $2
nrJitsu: raises $3 to $6
jl45259071: calls $3
*** FLOP *** [3d 8d 9c]
nrJitsu: bets $3
jl45259071: raises $3 to $6
nrJitsu: calls $3
*** TURN *** [3d 8d 9c] [Ks]
nrJitsu: checks
jl45259071: checks
*** RIVER *** [3d 8d 9c Ks] [8c]
nrJitsu: bets $6
jl45259071: calls $6
*** SHOW DOWN ***
nrJitsu: shows [Jh 8h] (three of a kind, Eights)
jl45259071: mucks hand
nrJitsu collected $35.50 from pot
*** SUMMARY ***
Total pot $36 | Rake $0.50
Board [3d 8d 9c Ks 8c]
Seat 1: nrJitsu (big blind) showed [Jh 8h] and won ($35.50) with three of a kind, Eights
Seat 2: jl45259071 (button) (small blind) mucked


PokerStars Hand #147752537123:  Hold'em Limit ($3/$6 USD) - 2016/01/27 4:37:56 ET
Table 'Minkar II' 2-max Seat #1 is the button
Seat 1: nrJitsu ($218.30 in chips)
Seat 2: jl45259071 ($95.40 in chips)
nrJitsu: posts small blind $1
jl45259071: posts big blind $3
*** HOLE CARDS ***
nrJitsu: raises $3 to $6
jl45259071: raises $3 to $9
nrJitsu: calls $3
*** FLOP *** [Kd 7c Ad]
jl45259071: bets $3
nrJitsu: folds
Uncalled bet ($3) returned to jl45259071
jl45259071 collected $17.64 from pot
jl45259071: doesn't show hand
*** SUMMARY ***
Total pot $18 | Rake $0.36
Board [Kd 7c Ad]
Seat 1: nrJitsu (button) (small blind) folded on the Flop
Seat 2: jl45259071 (big blind) collected ($17.64)


PokerStars Hand #147752516553:  Hold'em Limit ($3/$6 USD) - 2016/01/27 4:37:06 ET
Table 'Minkar II' 2-max Seat #1 is the button
Seat 1: nrJitsu ($211.16 in chips)
Seat 2: jl45259071 ($103.90 in chips)
nrJitsu: posts small blind $1
jl45259071: posts big blind $3
*** HOLE CARDS ***
nrJitsu: raises $3 to $6
jl45259071: calls $3
*** FLOP *** [2s 3d 9h]
jl45259071: checks
nrJitsu: bets $3
jl45259071: raises $3 to $6
nrJitsu: calls $3
*** TURN *** [2s 3d 9h] [2h]
jl45259071: bets $6
nrJitsu: calls $6
*** RIVER *** [2s 3d 9h 2h] [6d]
jl45259071: bets $6
nrJitsu: folds
Uncalled bet ($6) returned to jl45259071
jl45259071 collected $35.50 from pot
jl45259071: doesn't show hand
*** SUMMARY ***
Total pot $36 | Rake $0.50
Board [2s 3d 9h 2h 6d]
Seat 1: nrJitsu (button) (small blind) folded on the River
Seat 2: jl45259071 (big blind) collected ($35.50)


PokerStars Hand #147752540810:  Hold'em Limit ($3/$6 USD) - 2016/01/27 4:38:05 ET
Table 'Minkar II' 2-max Seat #2 is the button
Seat 1: nrJitsu ($209.30 in chips)
Seat 2: jl45259071 ($104.04 in chips)
jl45259071: posts small blind $1
nrJitsu: posts big blind $3
*** HOLE CARDS ***
jl45259071: calls $2
nrJitsu: checks
*** FLOP *** [6h 9c 5d]
nrJitsu: checks
jl45259071: bets $3
nrJitsu: calls $3
*** TURN *** [6h 9c 5d] [As]
nrJitsu: checks
jl45259071: checks
*** RIVER *** [6h 9c 5d As] [Ts]
nrJitsu: checks
jl45259071: checks
*** SHOW DOWN ***
nrJitsu: shows [Qs 7c] (high card Ace)
jl45259071: mucks hand
nrJitsu collected $11.76 from pot
*** SUMMARY ***
Total pot $12 | Rake $0.24
Board [6h 9c 5d As Ts]
Seat 1: nrJitsu (big blind) showed [Qs 7c] and won ($11.76) with high card Ace
Seat 2: jl45259071 (button) (small blind) mucked


PokerStars Hand #147752549647:  Hold'em Limit ($3/$6 USD) - 2016/01/27 4:38:26 ET
Table 'Minkar II' 2-max Seat #1 is the button
Seat 1: nrJitsu ($215.06 in chips)
Seat 2: jl45259071 ($98.04 in chips)
nrJitsu: posts small blind $1
jl45259071: posts big blind $3
*** HOLE CARDS ***
nrJitsu: raises $3 to $6
jl45259071: calls $3
*** FLOP *** [2h 3h 3d]
jl45259071: checks
nrJitsu: checks
*** TURN *** [2h 3h 3d] [Qc]
jl45259071: bets $6
nrJitsu: folds
Uncalled bet ($6) returned to jl45259071
jl45259071 collected $11.76 from pot
jl45259071: doesn't show hand
*** SUMMARY ***
Total pot $12 | Rake $0.24
Board [2h 3h 3d Qc]
Seat 1: nrJitsu (button) (small blind) folded on the Turn
Seat 2: jl45259071 (big blind) collected ($11.76)


PokerStars Hand #147752554409:  Hold'em Limit ($3/$6 USD) - 2016/01/27 4:38:37 ET
Table 'Minkar II' 2-max Seat #2 is the button
Seat 1: nrJitsu ($209.06 in chips)
Seat 2: jl45259071 ($103.80 in chips)
jl45259071: posts small blind $1
nrJitsu: posts big blind $3
*** HOLE CARDS ***
jl45259071: calls $2
nrJitsu: raises $3 to $6
jl45259071: calls $3
*** FLOP *** [5c 4h Kd]
nrJitsu: bets $3
jl45259071: calls $3
*** TURN *** [5c 4h Kd] [3h]
nrJitsu: bets $6
jl45259071: folds
Uncalled bet ($6) returned to nrJitsu
nrJitsu collected $17.64 from pot
nrJitsu: doesn't show hand
*** SUMMARY ***
Total pot $18 | Rake $0.36
Board [5c 4h Kd 3h]
Seat 1: nrJitsu (big blind) collected ($17.64)
Seat 2: jl45259071 (button) (small blind) folded on the Turn


PokerStars Hand #147752577271:  Hold'em Limit ($3/$6 USD) - 2016/01/27 4:39:31 ET
Table 'Minkar II' 2-max Seat #2 is the button
Seat 1: nrJitsu ($237.20 in chips)
Seat 2: jl45259071 ($74.44 in chips)
jl45259071: posts small blind $1
nrJitsu: posts big blind $3
*** HOLE CARDS ***
jl45259071: calls $2
nrJitsu: checks
*** FLOP *** [Qc 9s 4c]
nrJitsu: checks
jl45259071: checks
*** TURN *** [Qc 9s 4c] [Ts]
nrJitsu: checks
jl45259071: checks
*** RIVER *** [Qc 9s 4c Ts] [5c]
nrJitsu: checks
jl45259071: checks
*** SHOW DOWN ***
nrJitsu: shows [2s 3c] (high card Queen)
jl45259071: shows [2c As] (high card Ace)
jl45259071 collected $5.88 from pot
*** SUMMARY ***
Total pot $6 | Rake $0.12
Board [Qc 9s 4c Ts 5c]
Seat 1: nrJitsu (big blind) showed [2s 3c] and lost with high card Queen
Seat 2: jl45259071 (button) (small blind) showed [2c As] and won ($5.88) with high card Ace


PokerStars Hand #147752575101:  Hold'em Limit ($3/$6 USD) - 2016/01/27 4:39:26 ET
Table 'Minkar II' 2-max Seat #1 is the button
Seat 1: nrJitsu ($238.20 in chips)
Seat 2: jl45259071 ($73.44 in chips)
nrJitsu: posts small blind $1
jl45259071: posts big blind $3
*** HOLE CARDS ***
nrJitsu: folds
Uncalled bet ($2) returned to jl45259071
jl45259071 collected $2 from pot
jl45259071: doesn't show hand
*** SUMMARY ***
Total pot $2 | Rake $0
Seat 1: nrJitsu (button) (small blind) folded before Flop
Seat 2: jl45259071 (big blind) collected ($2)


PokerStars Hand #147752560902:  Hold'em Limit ($3/$6 USD) - 2016/01/27 4:38:53 ET
Table 'Minkar II' 2-max Seat #1 is the button
Seat 1: nrJitsu ($217.70 in chips)
Seat 2: jl45259071 ($94.80 in chips)
nrJitsu: posts small blind $1
jl45259071: posts big blind $3
*** HOLE CARDS ***
nrJitsu: raises $3 to $6
jl45259071: raises $3 to $9
nrJitsu: calls $3
*** FLOP *** [2c 7h Ad]
jl45259071: bets $3
nrJitsu: calls $3
*** TURN *** [2c 7h Ad] [8c]
jl45259071: bets $6
nrJitsu: raises $6 to $12
jl45259071: calls $6
*** RIVER *** [2c 7h Ad 8c] [5d]
jl45259071: checks
nrJitsu: bets $6
jl45259071: calls $6
*** SHOW DOWN ***
nrJitsu: shows [As 2h] (two pair, Aces and Deuces)
jl45259071: mucks hand
nrJitsu collected $59.50 from pot
*** SUMMARY ***
Total pot $60 | Rake $0.50
Board [2c 7h Ad 8c 5d]
Seat 1: nrJitsu (button) (small blind) showed [As 2h] and won ($59.50) with two pair, Aces and Deuces
Seat 2: jl45259071 (big blind) mucked


PokerStars Hand #147752582471:  Hold'em Limit ($3/$6 USD) - 2016/01/27 4:39:44 ET
Table 'Minkar II' 2-max Seat #1 is the button
Seat 1: nrJitsu ($234.20 in chips)
Seat 2: jl45259071 ($77.32 in chips)
nrJitsu: posts small blind $1
jl45259071: posts big blind $3
*** HOLE CARDS ***
nrJitsu: raises $3 to $6
jl45259071: calls $3
*** FLOP *** [Th Ts 2d]
jl45259071: checks
nrJitsu: bets $3
jl45259071: calls $3
*** TURN *** [Th Ts 2d] [2s]
jl45259071: checks
nrJitsu: bets $6
jl45259071: folds
Uncalled bet ($6) returned to nrJitsu
nrJitsu collected $17.64 from pot
nrJitsu: doesn't show hand
*** SUMMARY ***
Total pot $18 | Rake $0.36
Board [Th Ts 2d 2s]
Seat 1: nrJitsu (button) (small blind) collected ($17.64)
Seat 2: jl45259071 (big blind) folded on the Turn


PokerStars Hand #147752569820:  Hold'em Limit ($3/$6 USD) - 2016/01/27 4:39:14 ET
Table 'Minkar II' 2-max Seat #2 is the button
Seat 1: nrJitsu ($247.20 in chips)
Seat 2: jl45259071 ($64.80 in chips)
jl45259071: posts small blind $1
nrJitsu: posts big blind $3
*** HOLE CARDS ***
jl45259071: calls $2
nrJitsu: checks
*** FLOP *** [Qs Ad Qh]
nrJitsu: checks
jl45259071: checks
*** TURN *** [Qs Ad Qh] [Jh]
nrJitsu: bets $6
jl45259071: calls $6
*** RIVER *** [Qs Ad Qh Jh] [5d]
nrJitsu: checks
jl45259071: checks
*** SHOW DOWN ***
nrJitsu: shows [5h 6h] (two pair, Queens and Fives)
jl45259071: shows [Jc 3h] (two pair, Queens and Jacks)
jl45259071 collected $17.64 from pot
*** SUMMARY ***
Total pot $18 | Rake $0.36
Board [Qs Ad Qh Jh 5d]
Seat 1: nrJitsu (big blind) showed [5h 6h] and lost with two pair, Queens and Fives
Seat 2: jl45259071 (button) (small blind) showed [Jc 3h] and won ($17.64) with two pair, Queens and Jacks


PokerStars Hand #147752608926:  Hold'em Limit ($3/$6 USD) - 2016/01/27 4:40:46 ET
Table 'Minkar II' 2-max Seat #2 is the button
Seat 1: nrJitsu ($277.62 in chips)
Seat 2: jl45259071 ($32.20 in chips)
jl45259071: posts small blind $1
nrJitsu: posts big blind $3
*** HOLE CARDS ***
jl45259071: calls $2
nrJitsu: checks
*** FLOP *** [7h 5h 3h]
nrJitsu: checks
jl45259071: bets $3
nrJitsu: folds
Uncalled bet ($3) returned to jl45259071
jl45259071 collected $5.88 from pot
jl45259071: doesn't show hand
*** SUMMARY ***
Total pot $6 | Rake $0.12
Board [7h 5h 3h]
Seat 1: nrJitsu (big blind) folded on the Flop
Seat 2: jl45259071 (button) (small blind) collected ($5.88)


PokerStars Hand #147752601734:  Hold'em Limit ($3/$6 USD) - 2016/01/27 4:40:29 ET
Table 'Minkar II' 2-max Seat #1 is the button
Seat 1: nrJitsu ($257.12 in chips)
Seat 2: jl45259071 ($53.20 in chips)
nrJitsu: posts small blind $1
jl45259071: posts big blind $3
*** HOLE CARDS ***
nrJitsu: raises $3 to $6
jl45259071: calls $3
*** FLOP *** [Kd 9d 9h]
jl45259071: checks
nrJitsu: bets $3
jl45259071: calls $3
*** TURN *** [Kd 9d 9h] [2h]
jl45259071: checks
nrJitsu: bets $6
jl45259071: calls $6
*** RIVER *** [Kd 9d 9h 2h] [4d]
jl45259071: checks
nrJitsu: bets $6
jl45259071: calls $6
*** SHOW DOWN ***
nrJitsu: shows [Kh Qc] (two pair, Kings and Nines)
jl45259071: mucks hand
nrJitsu collected $41.50 from pot
*** SUMMARY ***
Total pot $42 | Rake $0.50
Board [Kd 9d 9h 2h 4d]
Seat 1: nrJitsu (button) (small blind) showed [Kh Qc] and won ($41.50) with two pair, Kings and Nines
Seat 2: jl45259071 (big blind) mucked


PokerStars Hand #147752612897:  Hold'em Limit ($3/$6 USD) - 2016/01/27 4:40:56 ET
Table 'Minkar II' 2-max Seat #1 is the button
Seat 1: nrJitsu ($274.62 in chips)
Seat 2: jl45259071 ($35.08 in chips)
nrJitsu: posts small blind $1
jl45259071: posts big blind $3
*** HOLE CARDS ***
nrJitsu: folds
Uncalled bet ($2) returned to jl45259071
jl45259071 collected $2 from pot
jl45259071: doesn't show hand
*** SUMMARY ***
Total pot $2 | Rake $0
Seat 1: nrJitsu (button) (small blind) folded before Flop
Seat 2: jl45259071 (big blind) collected ($2)


PokerStars Hand #147752587483:  Hold'em Limit ($3/$6 USD) - 2016/01/27 4:39:55 ET
Table 'Minkar II' 2-max Seat #2 is the button
Seat 1: nrJitsu ($242.84 in chips)
Seat 2: jl45259071 ($68.32 in chips)
jl45259071: posts small blind $1
nrJitsu: posts big blind $3
*** HOLE CARDS ***
jl45259071: calls $2
nrJitsu: checks
*** FLOP *** [5d 9c 7c]
nrJitsu: bets $3
jl45259071: calls $3
*** TURN *** [5d 9c 7c] [Jh]
nrJitsu: bets $6
jl45259071: calls $6
*** RIVER *** [5d 9c 7c Jh] [Kd]
nrJitsu: checks
jl45259071: checks
*** SHOW DOWN ***
nrJitsu: shows [7h Tc] (a pair of Sevens)
jl45259071: mucks hand
nrJitsu collected $23.52 from pot
*** SUMMARY ***
Total pot $24 | Rake $0.48
Board [5d 9c 7c Jh Kd]
Seat 1: nrJitsu (big blind) showed [7h Tc] and won ($23.52) with a pair of Sevens
Seat 2: jl45259071 (button) (small blind) mucked


PokerStars Hand #147752597963:  Hold'em Limit ($3/$6 USD) - 2016/01/27 4:40:20 ET
Table 'Minkar II' 2-max Seat #2 is the button
Seat 1: nrJitsu ($260.12 in chips)
Seat 2: jl45259071 ($50.32 in chips)
jl45259071: posts small blind $1
nrJitsu: posts big blind $3
*** HOLE CARDS ***
jl45259071: calls $2
nrJitsu: checks
*** FLOP *** [4c 8c As]
nrJitsu: checks
jl45259071: bets $3
nrJitsu: folds
Uncalled bet ($3) returned to jl45259071
jl45259071 collected $5.88 from pot
*** SUMMARY ***
Total pot $6 | Rake $0.12
Board [4c 8c As]
Seat 1: nrJitsu (big blind) folded on the Flop
Seat 2: jl45259071 (button) (small blind) collected ($5.88)


PokerStars Hand #147752593994:  Hold'em Limit ($3/$6 USD) - 2016/01/27 4:40:11 ET
Table 'Minkar II' 2-max Seat #1 is the button
Seat 1: nrJitsu ($254.36 in chips)
Seat 2: jl45259071 ($56.32 in chips)
nrJitsu: posts small blind $1
jl45259071: posts big blind $3
*** HOLE CARDS ***
nrJitsu: raises $3 to $6
jl45259071: calls $3
*** FLOP *** [Tc Td 4c]
jl45259071: checks
nrJitsu: bets $3
jl45259071: folds
Uncalled bet ($3) returned to nrJitsu
nrJitsu collected $11.76 from pot
nrJitsu: doesn't show hand
*** SUMMARY ***
Total pot $12 | Rake $0.24
Board [Tc Td 4c]
Seat 1: nrJitsu (button) (small blind) collected ($11.76)
Seat 2: jl45259071 (big blind) folded on the Flop


PokerStars Hand #147752632800:  Hold'em Limit ($3/$6 USD) - 2016/01/27 4:41:43 ET
Table 'Minkar II' 2-max Seat #2 is the button
Seat 1: nrJitsu ($291 in chips)
Seat 2: jl45259071 ($18.08 in chips)
jl45259071: posts small blind $1
nrJitsu: posts big blind $3
*** HOLE CARDS ***
jl45259071: calls $2
nrJitsu: checks
*** FLOP *** [4d 3c 3s]
nrJitsu: checks
jl45259071: checks
*** TURN *** [4d 3c 3s] [6h]
nrJitsu: bets $6
jl45259071: calls $6
*** RIVER *** [4d 3c 3s 6h] [7d]
nrJitsu: bets $6
jl45259071: raises $3.08 to $9.08 and is all-in
nrJitsu: calls $3.08
*** SHOW DOWN ***
jl45259071: shows [9s 5c] (a straight, Three to Seven)
nrJitsu: shows [8c 6s] (two pair, Sixes and Threes)
jl45259071 collected $35.66 from pot
*** SUMMARY ***
Total pot $36.16 | Rake $0.50
Board [4d 3c 3s 6h 7d]
Seat 1: nrJitsu (big blind) showed [8c 6s] and lost with two pair, Sixes and Threes
Seat 2: jl45259071 (button) (small blind) showed [9s 5c] and won ($35.66) with a straight, Three to Seven


PokerStars Hand #147752624135:  Hold'em Limit ($3/$6 USD) - 2016/01/27 4:41:22 ET
Table 'Minkar II' 2-max Seat #1 is the button
Seat 1: nrJitsu ($276.50 in chips)
Seat 2: jl45259071 ($33.08 in chips)
nrJitsu: posts small blind $1
jl45259071: posts big blind $3
*** HOLE CARDS ***
nrJitsu: raises $3 to $6
jl45259071: calls $3
*** FLOP *** [9d 3s 2h]
jl45259071: checks
nrJitsu: bets $3
jl45259071: calls $3
*** TURN *** [9d 3s 2h] [3d]
jl45259071: checks
nrJitsu: bets $6
jl45259071: calls $6
*** RIVER *** [9d 3s 2h 3d] [Jh]
jl45259071: checks
nrJitsu: bets $6
jl45259071: folds
Uncalled bet ($6) returned to nrJitsu
nrJitsu collected $29.50 from pot
nrJitsu: doesn't show hand
*** SUMMARY ***
Total pot $30 | Rake $0.50
Board [9d 3s 2h 3d Jh]
Seat 1: nrJitsu (button) (small blind) collected ($29.50)
Seat 2: jl45259071 (big blind) folded on the River


PokerStars Hand #147752615568:  Hold'em Limit ($3/$6 USD) - 2016/01/27 4:41:02 ET
Table 'Minkar II' 2-max Seat #2 is the button
Seat 1: nrJitsu ($273.62 in chips)
Seat 2: jl45259071 ($36.08 in chips)
jl45259071: posts small blind $1
nrJitsu: posts big blind $3
*** HOLE CARDS ***
jl45259071: calls $2
nrJitsu: checks
*** FLOP *** [3c Qd 8c]
nrJitsu: checks
jl45259071: checks
*** TURN *** [3c Qd 8c] [4s]
nrJitsu: checks
jl45259071: checks
*** RIVER *** [3c Qd 8c 4s] [2h]
nrJitsu: bets $6
jl45259071: folds
Uncalled bet ($6) returned to nrJitsu
nrJitsu collected $5.88 from pot
nrJitsu: doesn't show hand
*** SUMMARY ***
Total pot $6 | Rake $0.12
Board [3c Qd 8c 4s 2h]
Seat 1: nrJitsu (big blind) collected ($5.88)
Seat 2: jl45259071 (button) (small blind) folded on the River


PokerStars Hand #147752646757:  Hold'em Limit ($3/$6 USD) - 2016/01/27 4:42:14 ET
Table 'Minkar II' 2-max Seat #2 is the button
Seat 1: nrJitsu ($271.92 in chips)
Seat 2: jl45259071 ($36.66 in chips)
jl45259071: posts small blind $1
nrJitsu: posts big blind $3
*** HOLE CARDS ***
jl45259071: calls $2
nrJitsu: raises $3 to $6
jl45259071: calls $3
*** FLOP *** [Kd 7d 3h]
nrJitsu: bets $3
jl45259071: calls $3
*** TURN *** [Kd 7d 3h] [Kc]
nrJitsu: bets $6
jl45259071: calls $6
*** RIVER *** [Kd 7d 3h Kc] [8h]
nrJitsu: checks
jl45259071: bets $6
nrJitsu: folds
Uncalled bet ($6) returned to jl45259071
jl45259071 collected $29.50 from pot
jl45259071: doesn't show hand
*** SUMMARY ***
Total pot $30 | Rake $0.50
Board [Kd 7d 3h Kc 8h]
Seat 1: nrJitsu (big blind) folded on the River
Seat 2: jl45259071 (button) (small blind) collected ($29.50)


PokerStars Hand #147752653321:  Hold'em Limit ($3/$6 USD) - 2016/01/27 4:42:29 ET
Table 'Minkar II' 2-max Seat #1 is the button
Seat 1: nrJitsu ($256.92 in chips)
Seat 2: jl45259071 ($51.16 in chips)
nrJitsu: posts small blind $1
jl45259071: posts big blind $3
*** HOLE CARDS ***
nrJitsu: raises $3 to $6
jl45259071: calls $3
*** FLOP *** [Jh Ks 2d]
jl45259071: checks
nrJitsu: bets $3
jl45259071: calls $3
*** TURN *** [Jh Ks 2d] [2h]
jl45259071: checks
nrJitsu: bets $6
jl45259071: calls $6
*** RIVER *** [Jh Ks 2d 2h] [4s]
jl45259071: checks
nrJitsu: checks
*** SHOW DOWN ***
jl45259071: shows [Kd 8h] (two pair, Kings and Deuces)
nrJitsu: mucks hand
jl45259071 collected $29.50 from pot
*** SUMMARY ***
Total pot $30 | Rake $0.50
Board [Jh Ks 2d 2h 4s]
Seat 1: nrJitsu (button) (small blind) mucked
Seat 2: jl45259071 (big blind) showed [Kd 8h] and won ($29.50) with two pair, Kings and Deuces


PokerStars Hand #147752659427:  Hold'em Limit ($3/$6 USD) - 2016/01/27 4:42:44 ET
Table 'Minkar II' 2-max Seat #2 is the button
Seat 1: nrJitsu ($241.92 in chips)
Seat 2: jl45259071 ($65.66 in chips)
jl45259071: posts small blind $1
nrJitsu: posts big blind $3
*** HOLE CARDS ***
jl45259071: calls $2
nrJitsu: checks
*** FLOP *** [7s 4d 3d]
nrJitsu: bets $3
jl45259071: calls $3
*** TURN *** [7s 4d 3d] [9c]
nrJitsu: bets $6
jl45259071: folds
Uncalled bet ($6) returned to nrJitsu
nrJitsu collected $11.76 from pot
nrJitsu: doesn't show hand
*** SUMMARY ***
Total pot $12 | Rake $0.24
Board [7s 4d 3d 9c]
Seat 1: nrJitsu (big blind) collected ($11.76)
Seat 2: jl45259071 (button) (small blind) folded on the Turn


PokerStars Hand #147752644691:  Hold'em Limit ($3/$6 USD) - 2016/01/27 4:42:09 ET
Table 'Minkar II' 2-max Seat #1 is the button
Seat 1: nrJitsu ($272.92 in chips)
Seat 2: jl45259071 ($35.66 in chips)
nrJitsu: posts small blind $1
jl45259071: posts big blind $3
*** HOLE CARDS ***
nrJitsu: folds
Uncalled bet ($2) returned to jl45259071
jl45259071 collected $2 from pot
jl45259071: doesn't show hand
*** SUMMARY ***
Total pot $2 | Rake $0
Seat 1: nrJitsu (button) (small blind) folded before Flop
Seat 2: jl45259071 (big blind) collected ($2)


PokerStars Hand #147752682316:  Hold'em Limit ($3/$6 USD) - 2016/01/27 4:43:37 ET
Table 'Minkar II' 2-max Seat #1 is the button
Seat 1: nrJitsu ($220.68 in chips)
Seat 2: jl45259071 ($85.80 in chips)
nrJitsu: posts small blind $1
jl45259071: posts big blind $3
*** HOLE CARDS ***
nrJitsu: raises $3 to $6
jl45259071: calls $3
*** FLOP *** [Qs 4d 7c]
jl45259071: checks
nrJitsu: bets $3
jl45259071: folds
Uncalled bet ($3) returned to nrJitsu
nrJitsu collected $11.76 from pot
nrJitsu: doesn't show hand
*** SUMMARY ***
Total pot $12 | Rake $0.24
Board [Qs 4d 7c]
Seat 1: nrJitsu (button) (small blind) collected ($11.76)
Seat 2: jl45259071 (big blind) folded on the Flop


PokerStars Hand #147752663952:  Hold'em Limit ($3/$6 USD) - 2016/01/27 4:42:54 ET
Table 'Minkar II' 2-max Seat #1 is the button
Seat 1: nrJitsu ($247.68 in chips)
Seat 2: jl45259071 ($59.66 in chips)
nrJitsu: posts small blind $1
jl45259071: posts big blind $3
*** HOLE CARDS ***
nrJitsu: raises $3 to $6
jl45259071: calls $3
*** FLOP *** [Ah 7d 2s]
jl45259071: checks
nrJitsu: checks
*** TURN *** [Ah 7d 2s] [3h]
jl45259071: bets $6
nrJitsu: calls $6
*** RIVER *** [Ah 7d 2s 3h] [Jc]
jl45259071: bets $6
nrJitsu: calls $6
*** SHOW DOWN ***
jl45259071: shows [9c Ac] (a pair of Aces)
nrJitsu: mucks hand
jl45259071 collected $35.50 from pot
*** SUMMARY ***
Total pot $36 | Rake $0.50
Board [Ah 7d 2s 3h Jc]
Seat 1: nrJitsu (button) (small blind) mucked
Seat 2: jl45259071 (big blind) showed [9c Ac] and won ($35.50) with a pair of Aces


PokerStars Hand #147752686565:  Hold'em Limit ($3/$6 USD) - 2016/01/27 4:43:46 ET
Table 'Minkar II' 2-max Seat #2 is the button
Seat 1: nrJitsu ($226.44 in chips)
Seat 2: jl45259071 ($79.80 in chips)
jl45259071: posts small blind $1
nrJitsu: posts big blind $3
*** HOLE CARDS ***
jl45259071: folds
Uncalled bet ($2) returned to nrJitsu
nrJitsu collected $2 from pot
nrJitsu: doesn't show hand
*** SUMMARY ***
Total pot $2 | Rake $0
Seat 1: nrJitsu (big blind) collected ($2)
Seat 2: jl45259071 (button) (small blind) folded before Flop


PokerStars Hand #147752675141:  Hold'em Limit ($3/$6 USD) - 2016/01/27 4:43:20 ET
Table 'Minkar II' 2-max Seat #2 is the button
Seat 1: nrJitsu ($229.68 in chips)
Seat 2: jl45259071 ($77.16 in chips)
jl45259071: posts small blind $1
nrJitsu: posts big blind $3
*** HOLE CARDS ***
jl45259071: calls $2
nrJitsu: raises $3 to $6
jl45259071: calls $3
*** FLOP *** [8c Kd Qd]
nrJitsu: bets $3
jl45259071: calls $3
*** TURN *** [8c Kd Qd] [Td]
nrJitsu: checks
jl45259071: checks
*** RIVER *** [8c Kd Qd Td] [Qc]
nrJitsu: checks
jl45259071: checks
*** SHOW DOWN ***
nrJitsu: shows [7s As] (a pair of Queens)
jl45259071: shows [8h 4h] (two pair, Queens and Eights)
jl45259071 collected $17.64 from pot
*** SUMMARY ***
Total pot $18 | Rake $0.36
Board [8c Kd Qd Td Qc]
Seat 1: nrJitsu (big blind) showed [7s As] and lost with a pair of Queens
Seat 2: jl45259071 (button) (small blind) showed [8h 4h] and won ($17.64) with two pair, Queens and Eights


PokerStars Hand #147752710469:  Hold'em Limit ($3/$6 USD) - 2016/01/27 4:44:41 ET
Table 'Minkar II' 2-max Seat #2 is the button
Seat 1: nrJitsu ($170.44 in chips)
Seat 2: jl45259071 ($134.56 in chips)
jl45259071: posts small blind $1
nrJitsu: posts big blind $3
*** HOLE CARDS ***
jl45259071: calls $2
nrJitsu: checks
*** FLOP *** [Kc Kd 9c]
nrJitsu: checks
jl45259071: bets $3
nrJitsu: calls $3
*** TURN *** [Kc Kd 9c] [Jd]
nrJitsu: checks
jl45259071: bets $6
nrJitsu: folds
Uncalled bet ($6) returned to jl45259071
jl45259071 collected $11.76 from pot
jl45259071: doesn't show hand
*** SUMMARY ***
Total pot $12 | Rake $0.24
Board [Kc Kd 9c Jd]
Seat 1: nrJitsu (big blind) folded on the Turn
Seat 2: jl45259071 (button) (small blind) collected ($11.76)


PokerStars Hand #147752703287:  Hold'em Limit ($3/$6 USD) - 2016/01/27 4:44:24 ET
Table 'Minkar II' 2-max Seat #1 is the button
Seat 1: nrJitsu ($188.44 in chips)
Seat 2: jl45259071 ($117.06 in chips)
nrJitsu: posts small blind $1
jl45259071: posts big blind $3
*** HOLE CARDS ***
nrJitsu: raises $3 to $6
jl45259071: raises $3 to $9
nrJitsu: calls $3
*** FLOP *** [6c 7d Js]
jl45259071: bets $3
nrJitsu: calls $3
*** TURN *** [6c 7d Js] [8s]
jl45259071: checks
nrJitsu: bets $6
jl45259071: calls $6
*** RIVER *** [6c 7d Js 8s] [As]
jl45259071: checks
nrJitsu: checks
*** SHOW DOWN ***
jl45259071: shows [Qd Qs] (a pair of Queens)
nrJitsu: mucks hand
jl45259071 collected $35.50 from pot
*** SUMMARY ***
Total pot $36 | Rake $0.50
Board [6c 7d Js 8s As]
Seat 1: nrJitsu (button) (small blind) mucked
Seat 2: jl45259071 (big blind) showed [Qd Qs] and won ($35.50) with a pair of Queens


PokerStars Hand #147752696213:  Hold'em Limit ($3/$6 USD) - 2016/01/27 4:44:08 ET
Table 'Minkar II' 2-max Seat #2 is the button
Seat 1: nrJitsu ($221.44 in chips)
Seat 2: jl45259071 ($84.56 in chips)
jl45259071: posts small blind $1
nrJitsu: posts big blind $3
*** HOLE CARDS ***
jl45259071: calls $2
nrJitsu: checks
*** FLOP *** [6h Js 7s]
nrJitsu: bets $3
jl45259071: raises $3 to $6
nrJitsu: calls $3
*** TURN *** [6h Js 7s] [8c]
nrJitsu: checks
jl45259071: bets $6
nrJitsu: raises $6 to $12
jl45259071: calls $6
*** RIVER *** [6h Js 7s 8c] [Jc]
nrJitsu: bets $6
jl45259071: raises $6 to $12
nrJitsu: calls $6
*** SHOW DOWN ***
jl45259071: shows [Jh 6c] (a full house, Jacks full of Sixes)
nrJitsu: mucks hand
jl45259071 collected $65.50 from pot
*** SUMMARY ***
Total pot $66 | Rake $0.50
Board [6h Js 7s 8c Jc]
Seat 1: nrJitsu (big blind) mucked
Seat 2: jl45259071 (button) (small blind) showed [Jh 6c] and won ($65.50) with a full house, Jacks full of Sixes


PokerStars Hand #147752729609:  Hold'em Limit ($3/$6 USD) - 2016/01/27 4:45:25 ET
Table 'Minkar II' 2-max Seat #2 is the button
Seat 1: nrJitsu ($170.20 in chips)
Seat 2: jl45259071 ($134.32 in chips)
jl45259071: posts small blind $1
nrJitsu: posts big blind $3
*** HOLE CARDS ***
jl45259071: calls $2
nrJitsu: checks
*** FLOP *** [3d 2s 6c]
nrJitsu: bets $3
jl45259071: raises $3 to $6
nrJitsu: calls $3
*** TURN *** [3d 2s 6c] [Js]
nrJitsu: checks
jl45259071: checks
*** RIVER *** [3d 2s 6c Js] [9s]
nrJitsu: checks
jl45259071: bets $6
nrJitsu: folds
Uncalled bet ($6) returned to jl45259071
jl45259071 collected $17.64 from pot
jl45259071: doesn't show hand
*** SUMMARY ***
Total pot $18 | Rake $0.36
Board [3d 2s 6c Js 9s]
Seat 1: nrJitsu (big blind) folded on the River
Seat 2: jl45259071 (button) (small blind) collected ($17.64)


PokerStars Hand #147752717581:  Hold'em Limit ($3/$6 USD) - 2016/01/27 4:44:57 ET
Table 'Minkar II' 2-max Seat #1 is the button
Seat 1: nrJitsu ($164.44 in chips)
Seat 2: jl45259071 ($140.32 in chips)
nrJitsu: posts small blind $1
jl45259071: posts big blind $3
*** HOLE CARDS ***
nrJitsu: raises $3 to $6
jl45259071: calls $3
*** FLOP *** [Kd 5d 2h]
jl45259071: checks
nrJitsu: bets $3
jl45259071: folds
Uncalled bet ($3) returned to nrJitsu
nrJitsu collected $11.76 from pot
nrJitsu: doesn't show hand
*** SUMMARY ***
Total pot $12 | Rake $0.24
Board [Kd 5d 2h]
Seat 1: nrJitsu (button) (small blind) collected ($11.76)
Seat 2: jl45259071 (big blind) folded on the Flop


PokerStars Hand #147752742384:  Hold'em Limit ($3/$6 USD) - 2016/01/27 4:45:54 ET
Table 'Minkar II' 2-max Seat #2 is the button
Seat 1: nrJitsu ($152.20 in chips)
Seat 2: jl45259071 ($151.60 in chips)
jl45259071: posts small blind $1
nrJitsu: posts big blind $3
*** HOLE CARDS ***
jl45259071: calls $2
nrJitsu: checks
*** FLOP *** [4d Jc 6c]
nrJitsu: checks
jl45259071: bets $3
nrJitsu: calls $3
*** TURN *** [4d Jc 6c] [As]
nrJitsu: checks
jl45259071: checks
*** RIVER *** [4d Jc 6c As] [5c]
nrJitsu: bets $6
jl45259071: calls $6
*** SHOW DOWN ***
nrJitsu: shows [4h 5d] (two pair, Fives and Fours)
jl45259071: mucks hand
nrJitsu collected $23.52 from pot
*** SUMMARY ***
Total pot $24 | Rake $0.48
Board [4d Jc 6c As 5c]
Seat 1: nrJitsu (big blind) showed [4h 5d] and won ($23.52) with two pair, Fives and Fours
Seat 2: jl45259071 (button) (small blind) mucked


PokerStars Hand #147752736312:  Hold'em Limit ($3/$6 USD) - 2016/01/27 4:45:40 ET
Table 'Minkar II' 2-max Seat #1 is the button
Seat 1: nrJitsu ($161.20 in chips)
Seat 2: jl45259071 ($142.96 in chips)
nrJitsu: posts small blind $1
jl45259071: posts big blind $3
*** HOLE CARDS ***
nrJitsu: raises $3 to $6
jl45259071: calls $3
*** FLOP *** [4s 2d 9s]
jl45259071: bets $3
nrJitsu: calls $3
*** TURN *** [4s 2d 9s] [8s]
jl45259071: bets $6
nrJitsu: folds
Uncalled bet ($6) returned to jl45259071
jl45259071 collected $17.64 from pot
jl45259071: doesn't show hand
*** SUMMARY ***
Total pot $18 | Rake $0.36
Board [4s 2d 9s 8s]
Seat 1: nrJitsu (button) (small blind) folded on the Turn
Seat 2: jl45259071 (big blind) collected ($17.64)


PokerStars Hand #147752758726:  Hold'em Limit ($3/$6 USD) - 2016/01/27 4:46:31 ET
Table 'Minkar II' 2-max Seat #2 is the button
Seat 1: nrJitsu ($145.72 in chips)
Seat 2: jl45259071 ($157.10 in chips)
jl45259071: posts small blind $1
nrJitsu: posts big blind $3
*** HOLE CARDS ***
jl45259071: calls $2
nrJitsu: checks
*** FLOP *** [8d 9c Kc]
nrJitsu: bets $3
jl45259071: folds
Uncalled bet ($3) returned to nrJitsu
nrJitsu collected $5.88 from pot
nrJitsu: doesn't show hand
*** SUMMARY ***
Total pot $6 | Rake $0.12
Board [8d 9c Kc]
Seat 1: nrJitsu (big blind) collected ($5.88)
Seat 2: jl45259071 (button) (small blind) folded on the Flop


PokerStars Hand #147752749751:  Hold'em Limit ($3/$6 USD) - 2016/01/27 4:46:11 ET
Table 'Minkar II' 2-max Seat #1 is the button
Seat 1: nrJitsu ($163.72 in chips)
Seat 2: jl45259071 ($139.60 in chips)
nrJitsu: posts small blind $1
jl45259071: posts big blind $3
*** HOLE CARDS ***
nrJitsu: raises $3 to $6
jl45259071: raises $3 to $9
nrJitsu: calls $3
*** FLOP *** [6h Jc 4h]
jl45259071: bets $3
nrJitsu: calls $3
*** TURN *** [6h Jc 4h] [5s]
jl45259071: checks
nrJitsu: bets $6
jl45259071: calls $6
*** RIVER *** [6h Jc 4h 5s] [4d]
jl45259071: checks
nrJitsu: checks
*** SHOW DOWN ***
jl45259071: shows [Qs Ac] (a pair of Fours)
nrJitsu: mucks hand
jl45259071 collected $35.50 from pot
*** SUMMARY ***
Total pot $36 | Rake $0.50
Board [6h Jc 4h 5s 4d]
Seat 1: nrJitsu (button) (small blind) mucked
Seat 2: jl45259071 (big blind) showed [Qs Ac] and won ($35.50) with a pair of Fours


PokerStars Hand #147752762874:  Hold'em Limit ($3/$6 USD) - 2016/01/27 4:46:40 ET
Table 'Minkar II' 2-max Seat #1 is the button
Seat 1: nrJitsu ($148.60 in chips)
Seat 2: jl45259071 ($154.10 in chips)
nrJitsu: posts small blind $1
jl45259071: posts big blind $3
*** HOLE CARDS ***
nrJitsu: raises $3 to $6
jl45259071: raises $3 to $9
nrJitsu: calls $3
*** FLOP *** [7h 4d 5h]
jl45259071: bets $3
nrJitsu: calls $3
*** TURN *** [7h 4d 5h] [Jc]
jl45259071: bets $6
nrJitsu: calls $6
*** RIVER *** [7h 4d 5h Jc] [Kc]
jl45259071: checks
nrJitsu: bets $6
jl45259071: calls $6
*** SHOW DOWN ***
nrJitsu: shows [6h Ks] (a pair of Kings)
jl45259071: mucks hand
nrJitsu collected $47.50 from pot
*** SUMMARY ***
Total pot $48 | Rake $0.50
Board [7h 4d 5h Jc Kc]
Seat 1: nrJitsu (button) (small blind) showed [6h Ks] and won ($47.50) with a pair of Kings
Seat 2: jl45259071 (big blind) mucked


PokerStars Hand #147752778359:  Hold'em Limit ($3/$6 USD) - 2016/01/27 4:47:16 ET
Table 'Minkar II' 2-max Seat #1 is the button
Seat 1: nrJitsu ($169.10 in chips)
Seat 2: jl45259071 ($132.98 in chips)
nrJitsu: posts small blind $1
jl45259071: posts big blind $3
*** HOLE CARDS ***
nrJitsu: raises $3 to $6
jl45259071: calls $3
*** FLOP *** [2d 6c Td]
jl45259071: bets $3
nrJitsu: calls $3
*** TURN *** [2d 6c Td] [3h]
jl45259071: bets $6
nrJitsu: folds
Uncalled bet ($6) returned to jl45259071
jl45259071 collected $17.64 from pot
jl45259071: doesn't show hand
*** SUMMARY ***
Total pot $18 | Rake $0.36
Board [2d 6c Td 3h]
Seat 1: nrJitsu (button) (small blind) folded on the Turn
Seat 2: jl45259071 (big blind) collected ($17.64)


PokerStars Hand #147752771606:  Hold'em Limit ($3/$6 USD) - 2016/01/27 4:47:00 ET
Table 'Minkar II' 2-max Seat #2 is the button
Seat 1: nrJitsu ($172.10 in chips)
Seat 2: jl45259071 ($130.10 in chips)
jl45259071: posts small blind $1
nrJitsu: posts big blind $3
*** HOLE CARDS ***
jl45259071: calls $2
nrJitsu: checks
*** FLOP *** [Tc Ah 9d]
nrJitsu: checks
jl45259071: bets $3
nrJitsu: folds
Uncalled bet ($3) returned to jl45259071
jl45259071 collected $5.88 from pot
jl45259071: doesn't show hand
*** SUMMARY ***
Total pot $6 | Rake $0.12
Board [Tc Ah 9d]
Seat 1: nrJitsu (big blind) folded on the Flop
Seat 2: jl45259071 (button) (small blind) collected ($5.88)


PokerStars Hand #147752786091:  Hold'em Limit ($3/$6 USD) - 2016/01/27 4:47:33 ET
Table 'Minkar II' 2-max Seat #2 is the button
Seat 1: nrJitsu ($160.10 in chips)
Seat 2: jl45259071 ($141.62 in chips)
jl45259071: posts small blind $1
nrJitsu: posts big blind $3
*** HOLE CARDS ***
jl45259071: calls $2
nrJitsu: checks
*** FLOP *** [Td 8s 4d]
nrJitsu: checks
jl45259071: checks
*** TURN *** [Td 8s 4d] [6d]
nrJitsu: bets $6
jl45259071: calls $6
*** RIVER *** [Td 8s 4d 6d] [7s]
nrJitsu: checks
jl45259071: checks
*** SHOW DOWN ***
nrJitsu: shows [Qc 4s] (a pair of Fours)
jl45259071: shows [6s 3s] (a pair of Sixes)
jl45259071 collected $17.64 from pot
*** SUMMARY ***
Total pot $18 | Rake $0.36
Board [Td 8s 4d 6d 7s]
Seat 1: nrJitsu (big blind) showed [Qc 4s] and lost with a pair of Fours
Seat 2: jl45259071 (button) (small blind) showed [6s 3s] and won ($17.64) with a pair of Sixes


PokerStars Hand #147752796510:  Hold'em Limit ($3/$6 USD) - 2016/01/27 4:47:57 ET
Table 'Minkar II' 2-max Seat #1 is the button
Seat 1: nrJitsu ($151.10 in chips)
Seat 2: jl45259071 ($150.26 in chips)
nrJitsu: posts small blind $1
jl45259071: posts big blind $3
*** HOLE CARDS ***
nrJitsu: raises $3 to $6
jl45259071: calls $3
*** FLOP *** [7h As Qc]
jl45259071: checks
nrJitsu: bets $3
jl45259071: calls $3
*** TURN *** [7h As Qc] [5h]
jl45259071: checks
nrJitsu: checks
*** RIVER *** [7h As Qc 5h] [7s]
jl45259071: checks
nrJitsu: checks
*** SHOW DOWN ***
jl45259071: shows [Qh 8h] (two pair, Queens and Sevens)
nrJitsu: mucks hand
jl45259071 collected $17.64 from pot
*** SUMMARY ***
Total pot $18 | Rake $0.36
Board [7h As Qc 5h 7s]
Seat 1: nrJitsu (button) (small blind) mucked
Seat 2: jl45259071 (big blind) showed [Qh 8h] and won ($17.64) with two pair, Queens and Sevens


PokerStars Hand #147752823844:  Hold'em Limit ($3/$6 USD) - 2016/01/27 4:48:58 ET
Table 'Minkar II' 2-max Seat #1 is the button
Seat 1: nrJitsu ($136.10 in chips)
Seat 2: jl45259071 ($164.66 in chips)
nrJitsu: posts small blind $1
jl45259071: posts big blind $3
*** HOLE CARDS ***
nrJitsu: folds
Uncalled bet ($2) returned to jl45259071
jl45259071 collected $2 from pot
jl45259071: doesn't show hand
*** SUMMARY ***
Total pot $2 | Rake $0
Seat 1: nrJitsu (button) (small blind) folded before Flop
Seat 2: jl45259071 (big blind) collected ($2)


PokerStars Hand #147752808210:  Hold'em Limit ($3/$6 USD) - 2016/01/27 4:48:23 ET
Table 'Minkar II' 2-max Seat #2 is the button
Seat 1: nrJitsu ($142.10 in chips)
Seat 2: jl45259071 ($158.90 in chips)
jl45259071: posts small blind $1
nrJitsu: posts big blind $3
*** HOLE CARDS ***
jl45259071: calls $2
nrJitsu: checks
*** FLOP *** [Js 9d 5s]
nrJitsu: checks
jl45259071: bets $3
nrJitsu: calls $3
*** TURN *** [Js 9d 5s] [2s]
nrJitsu: checks
jl45259071: bets $6
nrJitsu: folds
Uncalled bet ($6) returned to jl45259071
jl45259071 collected $11.76 from pot
jl45259071: doesn't show hand
*** SUMMARY ***
Total pot $12 | Rake $0.24
Board [Js 9d 5s 2s]
Seat 1: nrJitsu (big blind) folded on the Turn
Seat 2: jl45259071 (button) (small blind) collected ($11.76)


PokerStars Hand #147752839570:  Hold'em Limit ($3/$6 USD) - 2016/01/27 4:49:34 ET
Table 'Minkar II' 2-max Seat #2 is the button
Seat 1: nrJitsu ($125.74 in chips)
Seat 2: jl45259071 ($174.16 in chips)
jl45259071: posts small blind $1
nrJitsu: posts big blind $3
*** HOLE CARDS ***
jl45259071: calls $2
nrJitsu: checks
*** FLOP *** [3d Ac Ts]
nrJitsu: checks
jl45259071: checks
*** TURN *** [3d Ac Ts] [Jd]
nrJitsu: checks
jl45259071: checks
*** RIVER *** [3d Ac Ts Jd] [3s]
nrJitsu: bets $6
jl45259071: raises $6 to $12
nrJitsu: folds
Uncalled bet ($6) returned to jl45259071
jl45259071 collected $17.64 from pot
jl45259071: doesn't show hand
*** SUMMARY ***
Total pot $18 | Rake $0.36
Board [3d Ac Ts Jd 3s]
Seat 1: nrJitsu (big blind) folded on the River
Seat 2: jl45259071 (button) (small blind) collected ($17.64)


PokerStars Hand #147752826300:  Hold'em Limit ($3/$6 USD) - 2016/01/27 4:49:03 ET
Table 'Minkar II' 2-max Seat #2 is the button
Seat 1: nrJitsu ($135.10 in chips)
Seat 2: jl45259071 ($165.66 in chips)
jl45259071: posts small blind $1
nrJitsu: posts big blind $3
*** HOLE CARDS ***
jl45259071: calls $2
nrJitsu: checks
*** FLOP *** [Ac 3h As]
nrJitsu: checks
jl45259071: bets $3
nrJitsu: calls $3
*** TURN *** [Ac 3h As] [3s]
nrJitsu: checks
jl45259071: bets $6
nrJitsu: calls $6
*** RIVER *** [Ac 3h As 3s] [Kd]
nrJitsu: checks
jl45259071: bets $6
nrJitsu: calls $6
*** SHOW DOWN ***
jl45259071: shows [Qd Kh] (two pair, Aces and Kings)
nrJitsu: mucks hand
jl45259071 collected $35.50 from pot
*** SUMMARY ***
Total pot $36 | Rake $0.50
Board [Ac 3h As 3s Kd]
Seat 1: nrJitsu (big blind) mucked
Seat 2: jl45259071 (button) (small blind) showed [Qd Kh] and won ($35.50) with two pair, Aces and Kings


PokerStars Hand #147752872678:  Hold'em Limit ($3/$6 USD) - 2016/01/27 4:50:49 ET
Table 'Minkar II' 2-max Seat #2 is the button
Seat 1: nrJitsu ($95.50 in chips)
Seat 2: jl45259071 ($203.06 in chips)
jl45259071: posts small blind $1
nrJitsu: posts big blind $3
*** HOLE CARDS ***
jl45259071: calls $2
nrJitsu: raises $3 to $6
jl45259071: calls $3
*** FLOP *** [7s 5c 6c]
nrJitsu: bets $3
jl45259071: raises $3 to $6
nrJitsu: raises $3 to $9
jl45259071: calls $3
*** TURN *** [7s 5c 6c] [4d]
nrJitsu: bets $6
jl45259071: calls $6
*** RIVER *** [7s 5c 6c 4d] [9s]
nrJitsu: bets $6
jl45259071: calls $6
*** SHOW DOWN ***
nrJitsu: shows [Qc Qh] (a pair of Queens)
jl45259071: mucks hand
nrJitsu collected $53.50 from pot
*** SUMMARY ***
Total pot $54 | Rake $0.50
Board [7s 5c 6c 4d 9s]
Seat 1: nrJitsu (big blind) showed [Qc Qh] and won ($53.50) with a pair of Queens
Seat 2: jl45259071 (button) (small blind) mucked


PokerStars Hand #147752860746:  Hold'em Limit ($3/$6 USD) - 2016/01/27 4:50:22 ET
Table 'Minkar II' 2-max Seat #2 is the button
Seat 1: nrJitsu ($122.50 in chips)
Seat 2: jl45259071 ($176.80 in chips)
jl45259071: posts small blind $1
nrJitsu: posts big blind $3
*** HOLE CARDS ***
jl45259071: calls $2
nrJitsu: checks
*** FLOP *** [5s 3c 7h]
nrJitsu: bets $3
jl45259071: raises $3 to $6
nrJitsu: calls $3
*** TURN *** [5s 3c 7h] [As]
nrJitsu: checks
jl45259071: bets $6
nrJitsu: calls $6
*** RIVER *** [5s 3c 7h As] [Qs]
nrJitsu: checks
jl45259071: bets $6
nrJitsu: calls $6
*** SHOW DOWN ***
jl45259071: shows [7s 3s] (a flush, Ace high)
nrJitsu: mucks hand
jl45259071 collected $41.50 from pot
*** SUMMARY ***
Total pot $42 | Rake $0.50
Board [5s 3c 7h As Qs]
Seat 1: nrJitsu (big blind) mucked
Seat 2: jl45259071 (button) (small blind) showed [7s 3s] and won ($41.50) with a flush, Ace high


PokerStars Hand #147752852487:  Hold'em Limit ($3/$6 USD) - 2016/01/27 4:50:03 ET
Table 'Minkar II' 2-max Seat #1 is the button
Seat 1: nrJitsu ($116.74 in chips)
Seat 2: jl45259071 ($182.80 in chips)
nrJitsu: posts small blind $1
jl45259071: posts big blind $3
*** HOLE CARDS ***
nrJitsu: raises $3 to $6
jl45259071: calls $3
*** FLOP *** [6c Qd Kh]
jl45259071: checks
nrJitsu: bets $3
jl45259071: folds
Uncalled bet ($3) returned to nrJitsu
nrJitsu collected $11.76 from pot
nrJitsu: doesn't show hand
*** SUMMARY ***
Total pot $12 | Rake $0.24
Board [6c Qd Kh]
Seat 1: nrJitsu (button) (small blind) collected ($11.76)
Seat 2: jl45259071 (big blind) folded on the Flop


PokerStars Hand #147752867326:  Hold'em Limit ($3/$6 USD) - 2016/01/27 4:50:37 ET
Table 'Minkar II' 2-max Seat #1 is the button
Seat 1: nrJitsu ($101.50 in chips)
Seat 2: jl45259071 ($197.30 in chips)
nrJitsu: posts small blind $1
jl45259071: posts big blind $3
*** HOLE CARDS ***
nrJitsu: raises $3 to $6
jl45259071: calls $3
*** FLOP *** [7s 9d Tc]
jl45259071: bets $3
nrJitsu: folds
Uncalled bet ($3) returned to jl45259071
jl45259071 collected $11.76 from pot
jl45259071: doesn't show hand
*** SUMMARY ***
Total pot $12 | Rake $0.24
Board [7s 9d Tc]
Seat 1: nrJitsu (button) (small blind) folded on the Flop
Seat 2: jl45259071 (big blind) collected ($11.76)


PokerStars Hand #147752887740:  Hold'em Limit ($3/$6 USD) - 2016/01/27 4:51:23 ET
Table 'Minkar II' 2-max Seat #2 is the button
Seat 1: nrJitsu ($107 in chips)
Seat 2: jl45259071 ($190.56 in chips)
jl45259071: posts small blind $1
nrJitsu: posts big blind $3
*** HOLE CARDS ***
jl45259071: calls $2
nrJitsu: raises $3 to $6
jl45259071: calls $3
*** FLOP *** [5s 5c 9d]
nrJitsu: checks
jl45259071: checks
*** TURN *** [5s 5c 9d] [6d]
nrJitsu: bets $6
jl45259071: calls $6
*** RIVER *** [5s 5c 9d 6d] [2c]
nrJitsu: bets $6
jl45259071: folds
Uncalled bet ($6) returned to nrJitsu
nrJitsu collected $23.52 from pot
nrJitsu: doesn't show hand
*** SUMMARY ***
Total pot $24 | Rake $0.48
Board [5s 5c 9d 6d 2c]
Seat 1: nrJitsu (big blind) collected ($23.52)
Seat 2: jl45259071 (button) (small blind) folded on the River


PokerStars Hand #147752896849:  Hold'em Limit ($3/$6 USD) - 2016/01/27 4:51:44 ET
Table 'Minkar II' 2-max Seat #2 is the button
Seat 1: nrJitsu ($117.52 in chips)
Seat 2: jl45259071 ($179.56 in chips)
jl45259071: posts small blind $1
nrJitsu: posts big blind $3
*** HOLE CARDS ***
jl45259071: calls $2
nrJitsu: raises $3 to $6
jl45259071: calls $3
*** FLOP *** [9h Kd 4d]
nrJitsu: bets $3
jl45259071: calls $3
*** TURN *** [9h Kd 4d] [7d]
nrJitsu: bets $6
jl45259071: calls $6
*** RIVER *** [9h Kd 4d 7d] [Qh]
nrJitsu: bets $6
jl45259071: folds
Uncalled bet ($6) returned to nrJitsu
nrJitsu collected $29.50 from pot
nrJitsu: doesn't show hand
*** SUMMARY ***
Total pot $30 | Rake $0.50
Board [9h Kd 4d 7d Qh]
Seat 1: nrJitsu (big blind) collected ($29.50)
Seat 2: jl45259071 (button) (small blind) folded on the River


PokerStars Hand #147752894643:  Hold'em Limit ($3/$6 USD) - 2016/01/27 4:51:39 ET
Table 'Minkar II' 2-max Seat #1 is the button
Seat 1: nrJitsu ($118.52 in chips)
Seat 2: jl45259071 ($178.56 in chips)
nrJitsu: posts small blind $1
jl45259071: posts big blind $3
*** HOLE CARDS ***
nrJitsu: folds
Uncalled bet ($2) returned to jl45259071
jl45259071 collected $2 from pot
jl45259071: doesn't show hand
*** SUMMARY ***
Total pot $2 | Rake $0
Seat 1: nrJitsu (button) (small blind) folded before Flop
Seat 2: jl45259071 (big blind) collected ($2)


PokerStars Hand #147752880552:  Hold'em Limit ($3/$6 USD) - 2016/01/27 4:51:07 ET
Table 'Minkar II' 2-max Seat #1 is the button
Seat 1: nrJitsu ($122 in chips)
Seat 2: jl45259071 ($176.06 in chips)
nrJitsu: posts small blind $1
jl45259071: posts big blind $3
*** HOLE CARDS ***
nrJitsu: raises $3 to $6
jl45259071: calls $3
*** FLOP *** [Qh 7h 9c]
jl45259071: checks
nrJitsu: bets $3
jl45259071: calls $3
*** TURN *** [Qh 7h 9c] [6c]
jl45259071: checks
nrJitsu: bets $6
jl45259071: calls $6
*** RIVER *** [Qh 7h 9c 6c] [8c]
jl45259071: bets $6
nrJitsu: folds
Uncalled bet ($6) returned to jl45259071
jl45259071 collected $29.50 from pot
jl45259071: doesn't show hand
*** SUMMARY ***
Total pot $30 | Rake $0.50
Board [Qh 7h 9c 6c 8c]
Seat 1: nrJitsu (button) (small blind) folded on the River
Seat 2: jl45259071 (big blind) collected ($29.50)


PokerStars Hand #147752921623:  Hold'em Limit ($3/$6 USD) - 2016/01/27 4:52:40 ET
Table 'Minkar II' 2-max Seat #1 is the button
Seat 1: nrJitsu ($117.02 in chips)
Seat 2: jl45259071 ($178.96 in chips)
nrJitsu: posts small blind $1
jl45259071: posts big blind $3
*** HOLE CARDS ***
nrJitsu: raises $3 to $6
jl45259071: calls $3
*** FLOP *** [9c Th Qd]
jl45259071: checks
nrJitsu: bets $3
jl45259071: calls $3
*** TURN *** [9c Th Qd] [7c]
jl45259071: checks
nrJitsu: bets $6
jl45259071: calls $6
*** RIVER *** [9c Th Qd 7c] [Kc]
jl45259071: checks
nrJitsu: bets $6
jl45259071: folds
Uncalled bet ($6) returned to nrJitsu
nrJitsu collected $29.50 from pot
nrJitsu: doesn't show hand
*** SUMMARY ***
Total pot $30 | Rake $0.50
Board [9c Th Qd 7c Kc]
Seat 1: nrJitsu (button) (small blind) collected ($29.50)
Seat 2: jl45259071 (big blind) folded on the River


PokerStars Hand #147752916028:  Hold'em Limit ($3/$6 USD) - 2016/01/27 4:52:27 ET
Table 'Minkar II' 2-max Seat #2 is the button
Seat 1: nrJitsu ($120.02 in chips)
Seat 2: jl45259071 ($176.08 in chips)
jl45259071: posts small blind $1
nrJitsu: posts big blind $3
*** HOLE CARDS ***
jl45259071: calls $2
nrJitsu: checks
*** FLOP *** [As Td 4d]
nrJitsu: checks
jl45259071: bets $3
nrJitsu: folds
Uncalled bet ($3) returned to jl45259071
jl45259071 collected $5.88 from pot
jl45259071: doesn't show hand
*** SUMMARY ***
Total pot $6 | Rake $0.12
Board [As Td 4d]
Seat 1: nrJitsu (big blind) folded on the Flop
Seat 2: jl45259071 (button) (small blind) collected ($5.88)


PokerStars Hand #147752908688:  Hold'em Limit ($3/$6 USD) - 2016/01/27 4:52:11 ET
Table 'Minkar II' 2-max Seat #1 is the button
Seat 1: nrJitsu ($132.02 in chips)
Seat 2: jl45259071 ($164.56 in chips)
nrJitsu: posts small blind $1
jl45259071: posts big blind $3
*** HOLE CARDS ***
nrJitsu: raises $3 to $6
jl45259071: calls $3
*** FLOP *** [5d 7h Kd]
jl45259071: checks
nrJitsu: checks
*** TURN *** [5d 7h Kd] [2d]
jl45259071: bets $6
nrJitsu: calls $6
*** RIVER *** [5d 7h Kd 2d] [Ah]
jl45259071: bets $6
nrJitsu: folds
Uncalled bet ($6) returned to jl45259071
jl45259071 collected $23.52 from pot
jl45259071: doesn't show hand
*** SUMMARY ***
Total pot $24 | Rake $0.48
Board [5d 7h Kd 2d Ah]
Seat 1: nrJitsu (button) (small blind) folded on the River
Seat 2: jl45259071 (big blind) collected ($23.52)


PokerStars Hand #147752957391:  Hold'em Limit ($3/$6 USD) - 2016/01/27 4:54:01 ET
Table 'Minkar II' 2-max Seat #2 is the button
Seat 1: nrJitsu ($114.78 in chips)
Seat 2: jl45259071 ($179.46 in chips)
jl45259071: posts small blind $1
nrJitsu: posts big blind $3
*** HOLE CARDS ***
jl45259071: calls $2
nrJitsu: checks
*** FLOP *** [6h 7h 8d]
nrJitsu: checks
jl45259071: bets $3
nrJitsu: folds
Uncalled bet ($3) returned to jl45259071
jl45259071 collected $5.88 from pot
jl45259071: doesn't show hand
*** SUMMARY ***
Total pot $6 | Rake $0.12
Board [6h 7h 8d]
Seat 1: nrJitsu (big blind) folded on the Flop
Seat 2: jl45259071 (button) (small blind) collected ($5.88)


PokerStars Hand #147752954915:  Hold'em Limit ($3/$6 USD) - 2016/01/27 4:53:56 ET
Table 'Minkar II' 2-max Seat #1 is the button
Seat 1: nrJitsu ($115.78 in chips)
Seat 2: jl45259071 ($178.46 in chips)
nrJitsu: posts small blind $1
jl45259071: posts big blind $3
*** HOLE CARDS ***
nrJitsu: folds
Uncalled bet ($2) returned to jl45259071
jl45259071 collected $2 from pot
jl45259071: doesn't show hand
*** SUMMARY ***
Total pot $2 | Rake $0
Seat 1: nrJitsu (button) (small blind) folded before Flop
Seat 2: jl45259071 (big blind) collected ($2)


PokerStars Hand #147752947780:  Hold'em Limit ($3/$6 USD) - 2016/01/27 4:53:39 ET
Table 'Minkar II' 2-max Seat #2 is the button
Seat 1: nrJitsu ($110.02 in chips)
Seat 2: jl45259071 ($184.46 in chips)
jl45259071: posts small blind $1
nrJitsu: posts big blind $3
*** HOLE CARDS ***
jl45259071: calls $2
nrJitsu: raises $3 to $6
jl45259071: calls $3
*** FLOP *** [5s Ks 9h]
nrJitsu: checks
jl45259071: checks
*** TURN *** [5s Ks 9h] [As]
nrJitsu: bets $6
jl45259071: folds
Uncalled bet ($6) returned to nrJitsu
nrJitsu collected $11.76 from pot
nrJitsu: doesn't show hand
*** SUMMARY ***
Total pot $12 | Rake $0.24
Board [5s Ks 9h As]
Seat 1: nrJitsu (big blind) collected ($11.76)
Seat 2: jl45259071 (button) (small blind) folded on the Turn


PokerStars Hand #147752938121:  Hold'em Limit ($3/$6 USD) - 2016/01/27 4:53:17 ET
Table 'Minkar II' 2-max Seat #1 is the button
Seat 1: nrJitsu ($146.02 in chips)
Seat 2: jl45259071 ($148.96 in chips)
nrJitsu: posts small blind $1
jl45259071: posts big blind $3
*** HOLE CARDS ***
nrJitsu: raises $3 to $6
jl45259071: raises $3 to $9
nrJitsu: calls $3
*** FLOP *** [4c Th 3s]
jl45259071: bets $3
nrJitsu: calls $3
*** TURN *** [4c Th 3s] [5h]
jl45259071: bets $6
nrJitsu: raises $6 to $12
jl45259071: calls $6
*** RIVER *** [4c Th 3s 5h] [2d]
jl45259071: bets $6
nrJitsu: raises $6 to $12
jl45259071: calls $6
*** SHOW DOWN ***
nrJitsu: shows [7d Tc] (a pair of Tens)
jl45259071: shows [3c Ac] (a straight, Ace to Five)
jl45259071 collected $71.50 from pot
*** SUMMARY ***
Total pot $72 | Rake $0.50
Board [4c Th 3s 5h 2d]
Seat 1: nrJitsu (button) (small blind) showed [7d Tc] and lost with a pair of Tens
Seat 2: jl45259071 (big blind) showed [3c Ac] and won ($71.50) with a straight, Ace to Five


PokerStars Hand #147752929764:  Hold'em Limit ($3/$6 USD) - 2016/01/27 4:52:58 ET
Table 'Minkar II' 2-max Seat #2 is the button
Seat 1: nrJitsu ($131.52 in chips)
Seat 2: jl45259071 ($163.96 in chips)
jl45259071: posts small blind $1
nrJitsu: posts big blind $3
*** HOLE CARDS ***
jl45259071: calls $2
nrJitsu: checks
*** FLOP *** [Jc Ad 4c]
nrJitsu: checks
jl45259071: bets $3
nrJitsu: raises $3 to $6
jl45259071: calls $3
*** TURN *** [Jc Ad 4c] [Td]
nrJitsu: bets $6
jl45259071: calls $6
*** RIVER *** [Jc Ad 4c Td] [6s]
nrJitsu: bets $6
jl45259071: folds
Uncalled bet ($6) returned to nrJitsu
nrJitsu collected $29.50 from pot
nrJitsu: doesn't show hand
*** SUMMARY ***
Total pot $30 | Rake $0.50
Board [Jc Ad 4c Td 6s]
Seat 1: nrJitsu (big blind) collected ($29.50)
Seat 2: jl45259071 (button) (small blind) folded on the River


PokerStars Hand #147752962134:  Hold'em Limit ($3/$6 USD) - 2016/01/27 4:54:12 ET
Table 'Minkar II' 2-max Seat #1 is the button
Seat 1: nrJitsu ($111.78 in chips)
Seat 2: jl45259071 ($182.34 in chips)
nrJitsu: posts small blind $1
jl45259071: posts big blind $3
*** HOLE CARDS ***
nrJitsu: raises $3 to $6
jl45259071: calls $3
*** FLOP *** [8d Ah 8s]
jl45259071: checks
nrJitsu: bets $3
jl45259071: folds
Uncalled bet ($3) returned to nrJitsu
nrJitsu collected $11.76 from pot
nrJitsu: doesn't show hand
*** SUMMARY ***
Total pot $12 | Rake $0.24
Board [8d Ah 8s]
Seat 1: nrJitsu (button) (small blind) collected ($11.76)
Seat 2: jl45259071 (big blind) folded on the Flop


PokerStars Hand #147752990942:  Hold'em Limit ($3/$6 USD) - 2016/01/27 4:55:19 ET
Table 'Minkar II' 2-max Seat #1 is the button
Seat 1: nrJitsu ($129.06 in chips)
Seat 2: jl45259071 ($164.34 in chips)
nrJitsu: posts small blind $1
jl45259071: posts big blind $3
*** HOLE CARDS ***
nrJitsu: raises $3 to $6
jl45259071: calls $3
*** FLOP *** [Th 2d 5s]
jl45259071: checks
nrJitsu: checks
*** TURN *** [Th 2d 5s] [Ah]
jl45259071: checks
nrJitsu: checks
*** RIVER *** [Th 2d 5s Ah] [8h]
jl45259071: bets $6
nrJitsu: folds
Uncalled bet ($6) returned to jl45259071
jl45259071 collected $11.76 from pot
jl45259071: doesn't show hand
*** SUMMARY ***
Total pot $12 | Rake $0.24
Board [Th 2d 5s Ah 8h]
Seat 1: nrJitsu (button) (small blind) folded on the River
Seat 2: jl45259071 (big blind) collected ($11.76)


PokerStars Hand #147752969324:  Hold'em Limit ($3/$6 USD) - 2016/01/27 4:54:28 ET
Table 'Minkar II' 2-max Seat #2 is the button
Seat 1: nrJitsu ($117.54 in chips)
Seat 2: jl45259071 ($176.34 in chips)
jl45259071: posts small blind $1
nrJitsu: posts big blind $3
*** HOLE CARDS ***
jl45259071: calls $2
nrJitsu: raises $3 to $6
jl45259071: raises $3 to $9
nrJitsu: calls $3
*** FLOP *** [Qc 8s Ac]
nrJitsu: checks
jl45259071: bets $3
nrJitsu: calls $3
*** TURN *** [Qc 8s Ac] [3d]
nrJitsu: checks
jl45259071: checks
*** RIVER *** [Qc 8s Ac 3d] [Qh]
nrJitsu: checks
jl45259071: checks
*** SHOW DOWN ***
nrJitsu: shows [Td Qd] (three of a kind, Queens)
jl45259071: mucks hand
nrJitsu collected $23.52 from pot
*** SUMMARY ***
Total pot $24 | Rake $0.48
Board [Qc 8s Ac 3d Qh]
Seat 1: nrJitsu (big blind) showed [Td Qd] and won ($23.52) with three of a kind, Queens
Seat 2: jl45259071 (button) (small blind) mucked


PokerStars Hand #147753013625:  Hold'em Limit ($3/$6 USD) - 2016/01/27 4:56:19 ET
Table 'Minkar II' 2-max Seat #1 is the button
Seat 1: nrJitsu ($102.06 in chips)
Seat 2: jl45259071 ($190.60 in chips)
nrJitsu: posts small blind $1
jl45259071: posts big blind $3
*** HOLE CARDS ***
nrJitsu: raises $3 to $6
jl45259071: calls $3
*** FLOP *** [Td 6d 3s]
jl45259071: checks
nrJitsu: bets $3
jl45259071: folds
Uncalled bet ($3) returned to nrJitsu
nrJitsu collected $11.76 from pot
nrJitsu: doesn't show hand
*** SUMMARY ***
Total pot $12 | Rake $0.24
Board [Td 6d 3s]
Seat 1: nrJitsu (button) (small blind) collected ($11.76)
Seat 2: jl45259071 (big blind) folded on the Flop


PokerStars Hand #147753018102:  Hold'em Limit ($3/$6 USD) - 2016/01/27 4:56:31 ET
Table 'Minkar II' 2-max Seat #2 is the button
Seat 1: nrJitsu ($107.82 in chips)
Seat 2: jl45259071 ($184.60 in chips)
jl45259071: posts small blind $1
nrJitsu: posts big blind $3
*** HOLE CARDS ***
jl45259071: calls $2
nrJitsu: checks
*** FLOP *** [4d Qc 7d]
nrJitsu: checks
jl45259071: bets $3
nrJitsu: calls $3
*** TURN *** [4d Qc 7d] [Ad]
nrJitsu: checks
jl45259071: checks
*** RIVER *** [4d Qc 7d Ad] [Kd]
nrJitsu: bets $6
jl45259071: calls $6
*** SHOW DOWN ***
nrJitsu: shows [4h As] (two pair, Aces and Fours)
jl45259071: shows [Ks Kc] (three of a kind, Kings)
jl45259071 collected $23.52 from pot
*** SUMMARY ***
Total pot $24 | Rake $0.48
Board [4d Qc 7d Ad Kd]
Seat 1: nrJitsu (big blind) showed [4h As] and lost with two pair, Aces and Fours
Seat 2: jl45259071 (button) (small blind) showed [Ks Kc] and won ($23.52) with three of a kind, Kings


PokerStars Hand #147753026662:  Hold'em Limit ($3/$6 USD) - 2016/01/27 4:56:53 ET
Table 'Minkar II' 2-max Seat #1 is the button
Seat 1: nrJitsu ($95.82 in chips)
Seat 2: jl45259071 ($196.12 in chips)
nrJitsu: posts small blind $1
jl45259071: posts big blind $3
*** HOLE CARDS ***
nrJitsu: raises $3 to $6
jl45259071: calls $3
*** FLOP *** [2s 5c Td]
jl45259071: checks
nrJitsu: bets $3
jl45259071: calls $3
*** TURN *** [2s 5c Td] [Qh]
jl45259071: checks
nrJitsu: bets $6
jl45259071: folds
Uncalled bet ($6) returned to nrJitsu
nrJitsu collected $17.64 from pot
nrJitsu: doesn't show hand
*** SUMMARY ***
Total pot $18 | Rake $0.36
Board [2s 5c Td Qh]
Seat 1: nrJitsu (button) (small blind) collected ($17.64)
Seat 2: jl45259071 (big blind) folded on the Turn


PokerStars Hand #147753003084:  Hold'em Limit ($3/$6 USD) - 2016/01/27 4:55:51 ET
Table 'Minkar II' 2-max Seat #2 is the button
Seat 1: nrJitsu ($123.06 in chips)
Seat 2: jl45259071 ($170.10 in chips)
jl45259071: posts small blind $1
nrJitsu: posts big blind $3
*** HOLE CARDS ***
jl45259071: calls $2
nrJitsu: checks
*** FLOP *** [Qc Ad 6s]
nrJitsu: checks
jl45259071: checks
*** TURN *** [Qc Ad 6s] [5c]
nrJitsu: bets $6
jl45259071: calls $6
*** RIVER *** [Qc Ad 6s 5c] [Jc]
nrJitsu: bets $6
jl45259071: raises $6 to $12
nrJitsu: calls $6
*** SHOW DOWN ***
jl45259071: shows [6c 9c] (a flush, Queen high)
nrJitsu: mucks hand
jl45259071 collected $41.50 from pot
*** SUMMARY ***
Total pot $42 | Rake $0.50
Board [Qc Ad 6s 5c Jc]
Seat 1: nrJitsu (big blind) mucked
Seat 2: jl45259071 (button) (small blind) showed [6c 9c] and won ($41.50) with a flush, Queen high


PokerStars Hand #147753049170:  Hold'em Limit ($3/$6 USD) - 2016/01/27 4:57:51 ET
Table 'Minkar II' 2-max Seat #2 is the button
Seat 1: nrJitsu ($130.48 in chips)
Seat 2: jl45259071 ($160.12 in chips)
jl45259071: posts small blind $1
nrJitsu: posts big blind $3
*** HOLE CARDS ***
jl45259071: calls $2
nrJitsu: checks
*** FLOP *** [3d 9c 3h]
nrJitsu: checks
jl45259071: checks
*** TURN *** [3d 9c 3h] [Js]
nrJitsu: checks
jl45259071: checks
*** RIVER *** [3d 9c 3h Js] [8d]
nrJitsu: checks
jl45259071: checks
*** SHOW DOWN ***
nrJitsu: shows [Qs 4s] (a pair of Threes)
jl45259071: shows [Kh 5h] (a pair of Threes - King kicker)
jl45259071 collected $5.88 from pot
*** SUMMARY ***
Total pot $6 | Rake $0.12
Board [3d 9c 3h Js 8d]
Seat 1: nrJitsu (big blind) showed [Qs 4s] and lost with a pair of Threes
Seat 2: jl45259071 (button) (small blind) showed [Kh 5h] and won ($5.88) with a pair of Threes


PokerStars Hand #147753033223:  Hold'em Limit ($3/$6 USD) - 2016/01/27 4:57:10 ET
Table 'Minkar II' 2-max Seat #2 is the button
Seat 1: nrJitsu ($104.46 in chips)
Seat 2: jl45259071 ($187.12 in chips)
jl45259071: posts small blind $1
nrJitsu: posts big blind $3
*** HOLE CARDS ***
jl45259071: calls $2
nrJitsu: checks
*** FLOP *** [3h 8d Th]
nrJitsu: bets $3
jl45259071: calls $3
*** TURN *** [3h 8d Th] [8s]
nrJitsu: bets $6
jl45259071: calls $6
*** RIVER *** [3h 8d Th 8s] [4d]
nrJitsu: bets $6
jl45259071: folds
Uncalled bet ($6) returned to nrJitsu
nrJitsu collected $23.52 from pot
nrJitsu: doesn't show hand
*** SUMMARY ***
Total pot $24 | Rake $0.48
Board [3h 8d Th 8s 4d]
Seat 1: nrJitsu (big blind) collected ($23.52)
Seat 2: jl45259071 (button) (small blind) folded on the River


PokerStars Hand #147753083721:  Hold'em Limit ($3/$6 USD) - 2016/01/27 4:58:51 ET
Table 'Minkar II' 2-max Seat #1 is the button
Seat 1: nrJitsu ($94.48 in chips)
Seat 2: jl45259071 ($195.14 in chips)
nrJitsu: posts small blind $1
jl45259071: posts big blind $3
*** HOLE CARDS ***
nrJitsu: raises $3 to $6
jl45259071: raises $3 to $9
nrJitsu: calls $3
*** FLOP *** [9c Ac 7d]
jl45259071: bets $3
nrJitsu: calls $3
*** TURN *** [9c Ac 7d] [5c]
jl45259071: bets $6
nrJitsu: calls $6
*** RIVER *** [9c Ac 7d 5c] [As]
jl45259071: bets $6
nrJitsu: calls $6
*** SHOW DOWN ***
jl45259071: shows [9s 9d] (a full house, Nines full of Aces)
nrJitsu: mucks hand
jl45259071 collected $47.50 from pot
*** SUMMARY ***
Total pot $48 | Rake $0.50
Board [9c Ac 7d 5c As]
Seat 1: nrJitsu (button) (small blind) mucked
Seat 2: jl45259071 (big blind) showed [9s 9d] and won ($47.50) with a full house, Nines full of Aces


PokerStars Hand #147753060460:  Hold'em Limit ($3/$6 USD) - 2016/01/27 4:58:10 ET
Table 'Minkar II' 2-max Seat #1 is the button
Seat 1: nrJitsu ($127.48 in chips)
Seat 2: jl45259071 ($163 in chips)
nrJitsu: posts small blind $1
jl45259071: posts big blind $3
*** HOLE CARDS ***
nrJitsu: raises $3 to $6
jl45259071: calls $3
*** FLOP *** [7d 7c 8h]
jl45259071: checks
nrJitsu: bets $3
jl45259071: calls $3
*** TURN *** [7d 7c 8h] [Qs]
jl45259071: checks
nrJitsu: checks
*** RIVER *** [7d 7c 8h Qs] [9h]
jl45259071: bets $6
nrJitsu: folds
Uncalled bet ($6) returned to jl45259071
jl45259071 collected $17.64 from pot
jl45259071: doesn't show hand
*** SUMMARY ***
Total pot $18 | Rake $0.36
Board [7d 7c 8h Qs 9h]
Seat 1: nrJitsu (button) (small blind) folded on the River
Seat 2: jl45259071 (big blind) collected ($17.64)


PokerStars Hand #147753073104:  Hold'em Limit ($3/$6 USD) - 2016/01/27 4:58:28 ET
Table 'Minkar II' 2-max Seat #2 is the button
Seat 1: nrJitsu ($118.48 in chips)
Seat 2: jl45259071 ($171.64 in chips)
jl45259071: posts small blind $1
nrJitsu: posts big blind $3
*** HOLE CARDS ***
jl45259071: calls $2
nrJitsu: raises $3 to $6
jl45259071: calls $3
*** FLOP *** [6h Th Kc]
nrJitsu: checks
jl45259071: bets $3
nrJitsu: raises $3 to $6
jl45259071: calls $3
*** TURN *** [6h Th Kc] [Qd]
nrJitsu: bets $6
jl45259071: calls $6
*** RIVER *** [6h Th Kc Qd] [7c]
nrJitsu: bets $6
jl45259071: calls $6
*** SHOW DOWN ***
nrJitsu: shows [Ts Js] (a pair of Tens)
jl45259071: shows [Kd 3d] (a pair of Kings)
jl45259071 collected $47.50 from pot
*** SUMMARY ***
Total pot $48 | Rake $0.50
Board [6h Th Kc Qd 7c]
Seat 1: nrJitsu (big blind) showed [Ts Js] and lost with a pair of Tens
Seat 2: jl45259071 (button) (small blind) showed [Kd 3d] and won ($47.50) with a pair of Kings


PokerStars Hand #147753099237:  Hold'em Limit ($3/$6 USD) - 2016/01/27 4:59:29 ET
Table 'Minkar II' 2-max Seat #1 is the button
Seat 1: nrJitsu ($444.98 in chips)
Seat 2: jl45259071 ($203.64 in chips)
nrJitsu: posts small blind $1
jl45259071: posts big blind $3
*** HOLE CARDS ***
nrJitsu: raises $3 to $6
jl45259071: calls $3
*** FLOP *** [3h As Kc]
jl45259071: checks
nrJitsu: bets $3
jl45259071: calls $3
*** TURN *** [3h As Kc] [8d]
jl45259071: checks
nrJitsu: bets $6
jl45259071: folds
Uncalled bet ($6) returned to nrJitsu
nrJitsu collected $17.64 from pot
nrJitsu: doesn't show hand
*** SUMMARY ***
Total pot $18 | Rake $0.36
Board [3h As Kc 8d]
Seat 1: nrJitsu (button) (small blind) collected ($17.64)
Seat 2: jl45259071 (big blind) folded on the Turn


PokerStars Hand #147753105497:  Hold'em Limit ($3/$6 USD) - 2016/01/27 4:59:46 ET
Table 'Minkar II' 2-max Seat #2 is the button
Seat 1: nrJitsu ($453.62 in chips)
Seat 2: jl45259071 ($194.64 in chips)
jl45259071: posts small blind $1
nrJitsu: posts big blind $3
*** HOLE CARDS ***
jl45259071: calls $2
nrJitsu: checks
*** FLOP *** [7s 4h 9d]
nrJitsu: checks
jl45259071: bets $3
nrJitsu: folds
Uncalled bet ($3) returned to jl45259071
jl45259071 collected $5.88 from pot
jl45259071: doesn't show hand
*** SUMMARY ***
Total pot $6 | Rake $0.12
Board [7s 4h 9d]
Seat 1: nrJitsu (big blind) folded on the Flop
Seat 2: jl45259071 (button) (small blind) collected ($5.88)


PokerStars Hand #147753092531:  Hold'em Limit ($3/$6 USD) - 2016/01/27 4:59:12 ET
Table 'Minkar II' 2-max Seat #2 is the button
Seat 1: nrJitsu ($430.48 in chips)
Seat 2: jl45259071 ($218.64 in chips)
jl45259071: posts small blind $1
nrJitsu: posts big blind $3
*** HOLE CARDS ***
jl45259071: calls $2
nrJitsu: raises $3 to $6
jl45259071: calls $3
*** FLOP *** [4d 8h Kc]
nrJitsu: bets $3
jl45259071: calls $3
*** TURN *** [4d 8h Kc] [Ad]
nrJitsu: bets $6
jl45259071: calls $6
*** RIVER *** [4d 8h Kc Ad] [Qc]
nrJitsu: checks
jl45259071: checks
*** SHOW DOWN ***
nrJitsu: shows [Qs Qd] (three of a kind, Queens)
jl45259071: mucks hand
nrJitsu collected $29.50 from pot
*** SUMMARY ***
Total pot $30 | Rake $0.50
Board [4d 8h Kc Ad Qc]
Seat 1: nrJitsu (big blind) showed [Qs Qd] and won ($29.50) with three of a kind, Queens
Seat 2: jl45259071 (button) (small blind) mucked


PokerStars Hand #147753109326:  Hold'em Limit ($3/$6 USD) - 2016/01/27 4:59:56 ET
Table 'Minkar II' 2-max Seat #1 is the button
Seat 1: nrJitsu ($450.62 in chips)
Seat 2: jl45259071 ($197.52 in chips)
nrJitsu: posts small blind $1
jl45259071: posts big blind $3
*** HOLE CARDS ***
nrJitsu: raises $3 to $6
jl45259071: calls $3
*** FLOP *** [4s 5h Th]
jl45259071: checks
nrJitsu: checks
*** TURN *** [4s 5h Th] [Js]
jl45259071: bets $6
nrJitsu: calls $6
*** RIVER *** [4s 5h Th Js] [4h]
jl45259071: bets $6
nrJitsu: folds
Uncalled bet ($6) returned to jl45259071
jl45259071 collected $23.52 from pot
jl45259071: doesn't show hand
*** SUMMARY ***
Total pot $24 | Rake $0.48
Board [4s 5h Th Js 4h]
Seat 1: nrJitsu (button) (small blind) folded on the River
Seat 2: jl45259071 (big blind) collected ($23.52)


PokerStars Hand #147753130421:  Hold'em Limit ($3/$6 USD) - 2016/01/27 5:00:48 ET
Table 'Minkar II' 2-max Seat #1 is the button
Seat 1: nrJitsu ($416.14 in chips)
Seat 2: jl45259071 ($230.54 in chips)
nrJitsu: posts small blind $1
jl45259071: posts big blind $3
*** HOLE CARDS ***
nrJitsu: folds
Uncalled bet ($2) returned to jl45259071
jl45259071 collected $2 from pot
jl45259071: doesn't show hand
*** SUMMARY ***
Total pot $2 | Rake $0
Seat 1: nrJitsu (button) (small blind) folded before Flop
Seat 2: jl45259071 (big blind) collected ($2)


PokerStars Hand #147753123061:  Hold'em Limit ($3/$6 USD) - 2016/01/27 5:00:30 ET
Table 'Minkar II' 2-max Seat #2 is the button
Seat 1: nrJitsu ($449.14 in chips)
Seat 2: jl45259071 ($198.04 in chips)
jl45259071: posts small blind $1
nrJitsu: posts big blind $3
*** HOLE CARDS ***
jl45259071: calls $2
nrJitsu: checks
*** FLOP *** [3s 2c 7h]
nrJitsu: bets $3
jl45259071: raises $3 to $6
nrJitsu: calls $3
*** TURN *** [3s 2c 7h] [5d]
nrJitsu: checks
jl45259071: bets $6
nrJitsu: raises $6 to $12
jl45259071: calls $6
*** RIVER *** [3s 2c 7h 5d] [8d]
nrJitsu: bets $6
jl45259071: raises $6 to $12
nrJitsu: calls $6
*** SHOW DOWN ***
jl45259071: shows [8c 7c] (two pair, Eights and Sevens)
nrJitsu: mucks hand
jl45259071 collected $65.50 from pot
*** SUMMARY ***
Total pot $66 | Rake $0.50
Board [3s 2c 7h 5d 8d]
Seat 1: nrJitsu (big blind) mucked
Seat 2: jl45259071 (button) (small blind) showed [8c 7c] and won ($65.50) with two pair, Eights and Sevens


PokerStars Hand #147753132184:  Hold'em Limit ($3/$6 USD) - 2016/01/27 5:00:52 ET
Table 'Minkar II' 2-max Seat #2 is the button
Seat 1: nrJitsu ($415.14 in chips)
Seat 2: jl45259071 ($231.54 in chips)
jl45259071: posts small blind $1
nrJitsu: posts big blind $3
*** HOLE CARDS ***
jl45259071: calls $2
nrJitsu: checks
*** FLOP *** [Td 7c Ts]
nrJitsu: checks
jl45259071: checks
*** TURN *** [Td 7c Ts] [3c]
nrJitsu: checks
jl45259071: bets $6
nrJitsu: calls $6
*** RIVER *** [Td 7c Ts 3c] [5h]
nrJitsu: checks
jl45259071: bets $6
nrJitsu: folds
Uncalled bet ($6) returned to jl45259071
jl45259071 collected $17.64 from pot
jl45259071: doesn't show hand
*** SUMMARY ***
Total pot $18 | Rake $0.36
Board [Td 7c Ts 3c 5h]
Seat 1: nrJitsu (big blind) folded on the River
Seat 2: jl45259071 (button) (small blind) collected ($17.64)


PokerStars Hand #147753115131:  Hold'em Limit ($3/$6 USD) - 2016/01/27 5:00:10 ET
Table 'Minkar II' 2-max Seat #2 is the button
Seat 1: nrJitsu ($438.62 in chips)
Seat 2: jl45259071 ($209.04 in chips)
jl45259071: posts small blind $1
nrJitsu: posts big blind $3
*** HOLE CARDS ***
jl45259071: calls $2
nrJitsu: checks
*** FLOP *** [3d 2c 2d]
nrJitsu: bets $3
jl45259071: calls $3
*** TURN *** [3d 2c 2d] [5s]
nrJitsu: bets $6
jl45259071: calls $6
*** RIVER *** [3d 2c 2d 5s] [8s]
nrJitsu: checks
jl45259071: checks
*** SHOW DOWN ***
nrJitsu: shows [9c 3s] (two pair, Threes and Deuces)
jl45259071: mucks hand
nrJitsu collected $23.52 from pot
*** SUMMARY ***
Total pot $24 | Rake $0.48
Board [3d 2c 2d 5s 8s]
Seat 1: nrJitsu (big blind) showed [9c 3s] and won ($23.52) with two pair, Threes and Deuces
Seat 2: jl45259071 (button) (small blind) mucked


PokerStars Hand #147753120896:  Hold'em Limit ($3/$6 USD) - 2016/01/27 5:00:24 ET
Table 'Minkar II' 2-max Seat #1 is the button
Seat 1: nrJitsu ($450.14 in chips)
Seat 2: jl45259071 ($197.04 in chips)
nrJitsu: posts small blind $1
jl45259071: posts big blind $3
*** HOLE CARDS ***
nrJitsu: folds
Uncalled bet ($2) returned to jl45259071
jl45259071 collected $2 from pot
jl45259071: doesn't show hand
*** SUMMARY ***
Total pot $2 | Rake $0
Seat 1: nrJitsu (button) (small blind) folded before Flop
Seat 2: jl45259071 (big blind) collected ($2)


PokerStars Hand #147753157654:  Hold'em Limit ($3/$6 USD) - 2016/01/27 5:01:52 ET
Table 'Minkar II' 2-max Seat #2 is the button
Seat 1: nrJitsu ($408.65 in chips)
Seat 2: jl45259071 ($236.81 in chips)
jl45259071: posts small blind $1
nrJitsu: posts big blind $3
*** HOLE CARDS ***
jl45259071: calls $2
nrJitsu: checks
*** FLOP *** [7c Kh Tc]
nrJitsu: checks
jl45259071: bets $3
nrJitsu: folds
Uncalled bet ($3) returned to jl45259071
jl45259071 collected $5.88 from pot
jl45259071: doesn't show hand
*** SUMMARY ***
Total pot $6 | Rake $0.12
Board [7c Kh Tc]
Seat 1: nrJitsu (big blind) folded on the Flop
Seat 2: jl45259071 (button) (small blind) collected ($5.88)


PokerStars Hand #147753162911:  Hold'em Limit ($3/$6 USD) - 2016/01/27 5:02:03 ET
Table 'Minkar II' 2-max Seat #1 is the button
Seat 1: nrJitsu ($405.65 in chips)
Seat 2: jl45259071 ($239.69 in chips)
nrJitsu: posts small blind $1
jl45259071: posts big blind $3
*** HOLE CARDS ***
nrJitsu: raises $3 to $6
jl45259071: calls $3
*** FLOP *** [2c Jh Qh]
jl45259071: checks
nrJitsu: checks
*** TURN *** [2c Jh Qh] [As]
jl45259071: checks
nrJitsu: bets $6
jl45259071: folds
Uncalled bet ($6) returned to nrJitsu
nrJitsu collected $11.76 from pot
nrJitsu: doesn't show hand
*** SUMMARY ***
Total pot $12 | Rake $0.24
Board [2c Jh Qh As]
Seat 1: nrJitsu (button) (small blind) collected ($11.76)
Seat 2: jl45259071 (big blind) folded on the Turn


PokerStars Hand #147753140533:  Hold'em Limit ($3/$6 USD) - 2016/01/27 5:01:12 ET
Table 'Minkar II' 2-max Seat #1 is the button
Seat 1: nrJitsu ($406.14 in chips)
Seat 2: jl45259071 ($240.18 in chips)
nrJitsu: posts small blind $1
jl45259071: posts big blind $3
*** HOLE CARDS ***
nrJitsu: raises $3 to $6
jl45259071: calls $3
*** FLOP *** [Kc 9d 4s]
jl45259071: checks
nrJitsu: bets $3
jl45259071: folds
Uncalled bet ($3) returned to nrJitsu
nrJitsu collected $11.76 from pot
nrJitsu: doesn't show hand
*** SUMMARY ***
Total pot $12 | Rake $0.24
Board [Kc 9d 4s]
Seat 1: nrJitsu (button) (small blind) collected ($11.76)
Seat 2: jl45259071 (big blind) folded on the Flop


PokerStars Hand #147753149197:  Hold'em Limit ($3/$6 USD) - 2016/01/27 5:01:32 ET
Table 'Minkar II' 2-max Seat #1 is the button
Seat 1: nrJitsu ($408.90 in chips)
Seat 2: jl45259071 ($237.06 in chips)
nrJitsu: posts small blind $1
jl45259071: posts big blind $3
*** HOLE CARDS ***
nrJitsu: raises $3 to $6
jl45259071: calls $3
*** FLOP *** [Ad 9h 6s]
jl45259071: checks
nrJitsu: bets $3
jl45259071: calls $3
*** TURN *** [Ad 9h 6s] [Qs]
jl45259071: checks
nrJitsu: bets $6
jl45259071: calls $6
*** RIVER *** [Ad 9h 6s Qs] [3s]
jl45259071: checks
nrJitsu: checks
*** SHOW DOWN ***
jl45259071: shows [Js 9d] (a pair of Nines)
nrJitsu: shows [Jd 9s] (a pair of Nines)
jl45259071 collected $14.75 from pot
nrJitsu collected $14.75 from pot
*** SUMMARY ***
Total pot $30 | Rake $0.50
Board [Ad 9h 6s Qs 3s]
Seat 1: nrJitsu (button) (small blind) showed [Jd 9s] and won ($14.75) with a pair of Nines
Seat 2: jl45259071 (big blind) showed [Js 9d] and won ($14.75) with a pair of Nines


PokerStars Hand #147753144756:  Hold'em Limit ($3/$6 USD) - 2016/01/27 5:01:22 ET
Table 'Minkar II' 2-max Seat #2 is the button
Seat 1: nrJitsu ($411.90 in chips)
Seat 2: jl45259071 ($234.18 in chips)
jl45259071: posts small blind $1
nrJitsu: posts big blind $3
*** HOLE CARDS ***
jl45259071: calls $2
nrJitsu: checks
*** FLOP *** [Jc 7d Th]
nrJitsu: checks
jl45259071: bets $3
nrJitsu: folds
Uncalled bet ($3) returned to jl45259071
jl45259071 collected $5.88 from pot
jl45259071: doesn't show hand
*** SUMMARY ***
Total pot $6 | Rake $0.12
Board [Jc 7d Th]
Seat 1: nrJitsu (big blind) folded on the Flop
Seat 2: jl45259071 (button) (small blind) collected ($5.88)


PokerStars Hand #147753178051:  Hold'em Limit ($3/$6 USD) - 2016/01/27 5:02:39 ET
Table 'Minkar II' 2-max Seat #2 is the button
Seat 1: nrJitsu ($396.41 in chips)
Seat 2: jl45259071 ($248.09 in chips)
jl45259071: posts small blind $1
nrJitsu: posts big blind $3
*** HOLE CARDS ***
jl45259071: calls $2
nrJitsu: checks
*** FLOP *** [5s 7s 5c]
nrJitsu: checks
jl45259071: checks
*** TURN *** [5s 7s 5c] [Ts]
nrJitsu: bets $6
jl45259071: calls $6
*** RIVER *** [5s 7s 5c Ts] [Ac]
nrJitsu: bets $6
jl45259071: folds
Uncalled bet ($6) returned to nrJitsu
nrJitsu collected $17.64 from pot
nrJitsu: doesn't show hand
*** SUMMARY ***
Total pot $18 | Rake $0.36
Board [5s 7s 5c Ts Ac]
Seat 1: nrJitsu (big blind) collected ($17.64)
Seat 2: jl45259071 (button) (small blind) folded on the River


PokerStars Hand #147753183562:  Hold'em Limit ($3/$6 USD) - 2016/01/27 5:02:52 ET
Table 'Minkar II' 2-max Seat #1 is the button
Seat 1: nrJitsu ($405.05 in chips)
Seat 2: jl45259071 ($239.09 in chips)
nrJitsu: posts small blind $1
jl45259071: posts big blind $3
*** HOLE CARDS ***
nrJitsu: raises $3 to $6
jl45259071: raises $3 to $9
nrJitsu: calls $3
*** FLOP *** [8h 2d 8s]
jl45259071: bets $3
nrJitsu: calls $3
*** TURN *** [8h 2d 8s] [2h]
jl45259071: bets $6
nrJitsu: folds
Uncalled bet ($6) returned to jl45259071
jl45259071 collected $23.52 from pot
jl45259071: doesn't show hand
*** SUMMARY ***
Total pot $24 | Rake $0.48
Board [8h 2d 8s 2h]
Seat 1: nrJitsu (button) (small blind) folded on the Turn
Seat 2: jl45259071 (big blind) collected ($23.52)


PokerStars Hand #147753168241:  Hold'em Limit ($3/$6 USD) - 2016/01/27 5:02:16 ET
Table 'Minkar II' 2-max Seat #2 is the button
Seat 1: nrJitsu ($411.41 in chips)
Seat 2: jl45259071 ($233.69 in chips)
jl45259071: posts small blind $1
nrJitsu: posts big blind $3
*** HOLE CARDS ***
jl45259071: calls $2
nrJitsu: checks
*** FLOP *** [5s Tc 6h]
nrJitsu: checks
jl45259071: bets $3
nrJitsu: folds
Uncalled bet ($3) returned to jl45259071
jl45259071 collected $5.88 from pot
jl45259071: doesn't show hand
*** SUMMARY ***
Total pot $6 | Rake $0.12
Board [5s Tc 6h]
Seat 1: nrJitsu (big blind) folded on the Flop
Seat 2: jl45259071 (button) (small blind) collected ($5.88)


PokerStars Hand #147753172760:  Hold'em Limit ($3/$6 USD) - 2016/01/27 5:02:27 ET
Table 'Minkar II' 2-max Seat #1 is the button
Seat 1: nrJitsu ($408.41 in chips)
Seat 2: jl45259071 ($236.57 in chips)
nrJitsu: posts small blind $1
jl45259071: posts big blind $3
*** HOLE CARDS ***
nrJitsu: raises $3 to $6
jl45259071: raises $3 to $9
nrJitsu: calls $3
*** FLOP *** [8s Ks 6s]
jl45259071: bets $3
nrJitsu: calls $3
*** TURN *** [8s Ks 6s] [Js]
jl45259071: bets $6
nrJitsu: folds
Uncalled bet ($6) returned to jl45259071
jl45259071 collected $23.52 from pot
jl45259071: doesn't show hand
*** SUMMARY ***
Total pot $24 | Rake $0.48
Board [8s Ks 6s Js]
Seat 1: nrJitsu (button) (small blind) folded on the Turn
Seat 2: jl45259071 (big blind) collected ($23.52)


PokerStars Hand #147753209559:  Hold'em Limit ($3/$6 USD) - 2016/01/27 5:03:48 ET
Table 'Minkar II' 2-max Seat #2 is the button
Seat 1: nrJitsu ($416.55 in chips)
Seat 2: jl45259071 ($226.37 in chips)
jl45259071: posts small blind $1
nrJitsu: posts big blind $3
*** HOLE CARDS ***
jl45259071: raises $3 to $6
nrJitsu: folds
Uncalled bet ($3) returned to jl45259071
jl45259071 collected $6 from pot
jl45259071: doesn't show hand
*** SUMMARY ***
Total pot $6 | Rake $0
Seat 1: nrJitsu (big blind) folded before Flop
Seat 2: jl45259071 (button) (small blind) collected ($6)


PokerStars Hand #147753198111:  Hold'em Limit ($3/$6 USD) - 2016/01/27 5:03:24 ET
Table 'Minkar II' 2-max Seat #1 is the button
Seat 1: nrJitsu ($387.05 in chips)
Seat 2: jl45259071 ($256.37 in chips)
nrJitsu: posts small blind $1
jl45259071: posts big blind $3
*** HOLE CARDS ***
nrJitsu: raises $3 to $6
jl45259071: calls $3
*** FLOP *** [8s Qs 9d]
jl45259071: checks
nrJitsu: bets $3
jl45259071: raises $3 to $6
nrJitsu: calls $3
*** TURN *** [8s Qs 9d] [5d]
jl45259071: bets $6
nrJitsu: raises $6 to $12
jl45259071: calls $6
*** RIVER *** [8s Qs 9d 5d] [8d]
jl45259071: checks
nrJitsu: bets $6
jl45259071: calls $6
*** SHOW DOWN ***
nrJitsu: shows [Ad Td] (a flush, Ace high)
jl45259071: mucks hand
nrJitsu collected $59.50 from pot
*** SUMMARY ***
Total pot $60 | Rake $0.50
Board [8s Qs 9d 5d 8d]
Seat 1: nrJitsu (button) (small blind) showed [Ad Td] and won ($59.50) with a flush, Ace high
Seat 2: jl45259071 (big blind) mucked


PokerStars Hand #147753189320:  Hold'em Limit ($3/$6 USD) - 2016/01/27 5:03:05 ET
Table 'Minkar II' 2-max Seat #2 is the button
Seat 1: nrJitsu ($393.05 in chips)
Seat 2: jl45259071 ($250.61 in chips)
jl45259071: posts small blind $1
nrJitsu: posts big blind $3
*** HOLE CARDS ***
jl45259071: raises $3 to $6
nrJitsu: calls $3
*** FLOP *** [6s 4s Kc]
nrJitsu: checks
jl45259071: checks
*** TURN *** [6s 4s Kc] [Jh]
nrJitsu: checks
jl45259071: bets $6
nrJitsu: folds
Uncalled bet ($6) returned to jl45259071
jl45259071 collected $11.76 from pot
jl45259071: doesn't show hand
*** SUMMARY ***
Total pot $12 | Rake $0.24
Board [6s 4s Kc Jh]
Seat 1: nrJitsu (big blind) folded on the Turn
Seat 2: jl45259071 (button) (small blind) collected ($11.76)


PokerStars Hand #147753212729:  Hold'em Limit ($3/$6 USD) - 2016/01/27 5:03:55 ET
Table 'Minkar II' 2-max Seat #1 is the button
Seat 1: nrJitsu ($413.55 in chips)
Seat 2: jl45259071 ($229.37 in chips)
nrJitsu: posts small blind $1
jl45259071: posts big blind $3
*** HOLE CARDS ***
nrJitsu: raises $3 to $6
jl45259071: calls $3
*** FLOP *** [7d 2h 8s]
jl45259071: checks
nrJitsu: bets $3
jl45259071: raises $3 to $6
nrJitsu: calls $3
*** TURN *** [7d 2h 8s] [Td]
jl45259071: checks
nrJitsu: checks
*** RIVER *** [7d 2h 8s Td] [2c]
jl45259071: bets $6
nrJitsu: raises $6 to $12
jl45259071: calls $6
*** SHOW DOWN ***
nrJitsu: shows [Kh 2s] (three of a kind, Deuces)
jl45259071: mucks hand
nrJitsu collected $47.50 from pot
*** SUMMARY ***
Total pot $48 | Rake $0.50
Board [7d 2h 8s Td 2c]
Seat 1: nrJitsu (button) (small blind) showed [Kh 2s] and won ($47.50) with three of a kind, Deuces
Seat 2: jl45259071 (big blind) mucked


PokerStars Hand #147753221337:  Hold'em Limit ($3/$6 USD) - 2016/01/27 5:04:15 ET
Table 'Minkar II' 2-max Seat #2 is the button
Seat 1: nrJitsu ($437.05 in chips)
Seat 2: jl45259071 ($205.37 in chips)
jl45259071: posts small blind $1
nrJitsu: posts big blind $3
*** HOLE CARDS ***
jl45259071: calls $2
nrJitsu: checks
*** FLOP *** [9c 2c Qd]
nrJitsu: checks
jl45259071: bets $3
nrJitsu: calls $3
*** TURN *** [9c 2c Qd] [7h]
nrJitsu: checks
jl45259071: bets $6
nrJitsu: raises $6 to $12
jl45259071: calls $6
*** RIVER *** [9c 2c Qd 7h] [Kh]
nrJitsu: bets $6
jl45259071: calls $6
*** SHOW DOWN ***
nrJitsu: shows [Qh 9d] (two pair, Queens and Nines)
jl45259071: mucks hand
nrJitsu collected $47.50 from pot
*** SUMMARY ***
Total pot $48 | Rake $0.50
Board [9c 2c Qd 7h Kh]
Seat 1: nrJitsu (big blind) showed [Qh 9d] and won ($47.50) with two pair, Queens and Nines
Seat 2: jl45259071 (button) (small blind) mucked


PokerStars Hand #147753229907:  Hold'em Limit ($3/$6 USD) - 2016/01/27 5:04:34 ET
Table 'Minkar II' 2-max Seat #1 is the button
Seat 1: nrJitsu ($460.55 in chips)
Seat 2: jl45259071 ($181.37 in chips)
nrJitsu: posts small blind $1
jl45259071: posts big blind $3
*** HOLE CARDS ***
nrJitsu: raises $3 to $6
jl45259071: calls $3
*** FLOP *** [3s 5h 8s]
jl45259071: checks
nrJitsu: bets $3
jl45259071: calls $3
*** TURN *** [3s 5h 8s] [3d]
jl45259071: checks
nrJitsu: bets $6
jl45259071: calls $6
*** RIVER *** [3s 5h 8s 3d] [9c]
jl45259071: bets $6
nrJitsu: calls $6
*** SHOW DOWN ***
jl45259071: shows [6s 7h] (a straight, Five to Nine)
nrJitsu: mucks hand
jl45259071 collected $41.50 from pot
*** SUMMARY ***
Total pot $42 | Rake $0.50
Board [3s 5h 8s 3d 9c]
Seat 1: nrJitsu (button) (small blind) mucked
Seat 2: jl45259071 (big blind) showed [6s 7h] and won ($41.50) with a straight, Five to Nine


PokerStars Hand #147753239648:  Hold'em Limit ($3/$6 USD) - 2016/01/27 5:04:55 ET
Table 'Minkar II' 2-max Seat #2 is the button
Seat 1: nrJitsu ($439.55 in chips)
Seat 2: jl45259071 ($201.87 in chips)
jl45259071: posts small blind $1
nrJitsu: posts big blind $3
*** HOLE CARDS ***
jl45259071: calls $2
nrJitsu: raises $3 to $6
jl45259071: calls $3
*** FLOP *** [Ts 9s 5h]
nrJitsu: bets $3
jl45259071: calls $3
*** TURN *** [Ts 9s 5h] [Js]
nrJitsu: bets $6
jl45259071: calls $6
*** RIVER *** [Ts 9s 5h Js] [8d]
nrJitsu: checks
jl45259071: checks
*** SHOW DOWN ***
nrJitsu: shows [9c Ks] (a pair of Nines)
jl45259071: shows [Tc 3d] (a pair of Tens)
jl45259071 collected $29.50 from pot
*** SUMMARY ***
Total pot $30 | Rake $0.50
Board [Ts 9s 5h Js 8d]
Seat 1: nrJitsu (big blind) showed [9c Ks] and lost with a pair of Nines
Seat 2: jl45259071 (button) (small blind) showed [Tc 3d] and won ($29.50) with a pair of Tens


PokerStars Hand #147753247032:  Hold'em Limit ($3/$6 USD) - 2016/01/27 5:05:09 ET
Table 'Minkar II' 2-max Seat #1 is the button
Seat 1: nrJitsu ($424.55 in chips)
Seat 2: jl45259071 ($216.37 in chips)
nrJitsu: posts small blind $1
jl45259071: posts big blind $3
*** HOLE CARDS ***
nrJitsu: raises $3 to $6
jl45259071: calls $3
*** FLOP *** [Ks 9c 6c]
jl45259071: checks
nrJitsu: bets $3
jl45259071: calls $3
*** TURN *** [Ks 9c 6c] [Qc]
jl45259071: checks
nrJitsu: bets $6
jl45259071: calls $6
*** RIVER *** [Ks 9c 6c Qc] [4c]
jl45259071: checks
nrJitsu: checks
*** SHOW DOWN ***
jl45259071: shows [Ts 9d] (a pair of Nines)
nrJitsu: shows [Kd 3d] (a pair of Kings)
nrJitsu collected $29.50 from pot
*** SUMMARY ***
Total pot $30 | Rake $0.50
Board [Ks 9c 6c Qc 4c]
Seat 1: nrJitsu (button) (small blind) showed [Kd 3d] and won ($29.50) with a pair of Kings
Seat 2: jl45259071 (big blind) showed [Ts 9d] and lost with a pair of Nines


PokerStars Hand #147753259206:  Hold'em Limit ($3/$6 USD) - 2016/01/27 5:05:35 ET
Table 'Minkar II' 2-max Seat #1 is the button
Seat 1: nrJitsu ($441.93 in chips)
Seat 2: jl45259071 ($198.37 in chips)
nrJitsu: posts small blind $1
jl45259071: posts big blind $3
*** HOLE CARDS ***
nrJitsu: raises $3 to $6
jl45259071: calls $3
*** FLOP *** [6h Th 2c]
jl45259071: checks
nrJitsu: bets $3
jl45259071: calls $3
*** TURN *** [6h Th 2c] [Qs]
jl45259071: checks
nrJitsu: checks
*** RIVER *** [6h Th 2c Qs] [9d]
jl45259071: bets $6
nrJitsu: folds
Uncalled bet ($6) returned to jl45259071
jl45259071 collected $17.64 from pot
jl45259071: doesn't show hand
*** SUMMARY ***
Total pot $18 | Rake $0.36
Board [6h Th 2c Qs 9d]
Seat 1: nrJitsu (button) (small blind) folded on the River
Seat 2: jl45259071 (big blind) collected ($17.64)


PokerStars Hand #147753268523:  Hold'em Limit ($3/$6 USD) - 2016/01/27 5:05:55 ET
Table 'Minkar II' 2-max Seat #2 is the button
Seat 1: nrJitsu ($432.93 in chips)
Seat 2: jl45259071 ($207.01 in chips)
jl45259071: posts small blind $1
nrJitsu: posts big blind $3
*** HOLE CARDS ***
jl45259071: calls $2
nrJitsu: checks
*** FLOP *** [2c 7s As]
nrJitsu: checks
jl45259071: bets $3
nrJitsu: folds
Uncalled bet ($3) returned to jl45259071
jl45259071 collected $5.88 from pot
jl45259071: doesn't show hand
*** SUMMARY ***
Total pot $6 | Rake $0.12
Board [2c 7s As]
Seat 1: nrJitsu (big blind) folded on the Flop
Seat 2: jl45259071 (button) (small blind) collected ($5.88)


PokerStars Hand #147753273827:  Hold'em Limit ($3/$6 USD) - 2016/01/27 5:06:06 ET
Table 'Minkar II' 2-max Seat #1 is the button
Seat 1: nrJitsu ($429.93 in chips)
Seat 2: jl45259071 ($209.89 in chips)
nrJitsu: posts small blind $1
jl45259071: posts big blind $3
*** HOLE CARDS ***
nrJitsu: folds
Uncalled bet ($2) returned to jl45259071
jl45259071 collected $2 from pot
jl45259071: doesn't show hand
*** SUMMARY ***
Total pot $2 | Rake $0
Seat 1: nrJitsu (button) (small blind) folded before Flop
Seat 2: jl45259071 (big blind) collected ($2)


PokerStars Hand #147753255040:  Hold'em Limit ($3/$6 USD) - 2016/01/27 5:05:26 ET
Table 'Minkar II' 2-max Seat #2 is the button
Seat 1: nrJitsu ($439.05 in chips)
Seat 2: jl45259071 ($201.37 in chips)
jl45259071: posts small blind $1
nrJitsu: posts big blind $3
*** HOLE CARDS ***
jl45259071: calls $2
nrJitsu: checks
*** FLOP *** [As 8h Qh]
nrJitsu: bets $3
jl45259071: folds
Uncalled bet ($3) returned to nrJitsu
nrJitsu collected $5.88 from pot
nrJitsu: doesn't show hand
*** SUMMARY ***
Total pot $6 | Rake $0.12
Board [As 8h Qh]
Seat 1: nrJitsu (big blind) collected ($5.88)
Seat 2: jl45259071 (button) (small blind) folded on the Flop


PokerStars Hand #147753276199:  Hold'em Limit ($3/$6 USD) - 2016/01/27 5:06:11 ET
Table 'Minkar II' 2-max Seat #2 is the button
Seat 1: nrJitsu ($428.93 in chips)
Seat 2: jl45259071 ($210.89 in chips)
jl45259071: posts small blind $1
nrJitsu: posts big blind $3
*** HOLE CARDS ***
jl45259071: calls $2
nrJitsu: checks
*** FLOP *** [5c Ah Td]
nrJitsu: checks
jl45259071: bets $3
nrJitsu: calls $3
*** TURN *** [5c Ah Td] [Kc]
nrJitsu: checks
jl45259071: checks
*** RIVER *** [5c Ah Td Kc] [6c]
nrJitsu: bets $6
jl45259071: folds
Uncalled bet ($6) returned to nrJitsu
nrJitsu collected $11.76 from pot
nrJitsu: doesn't show hand
*** SUMMARY ***
Total pot $12 | Rake $0.24
Board [5c Ah Td Kc 6c]
Seat 1: nrJitsu (big blind) collected ($11.76)
Seat 2: jl45259071 (button) (small blind) folded on the River


PokerStars Hand #147753284405:  Hold'em Limit ($3/$6 USD) - 2016/01/27 5:06:28 ET
Table 'Minkar II' 2-max Seat #1 is the button
Seat 1: nrJitsu ($434.69 in chips)
Seat 2: jl45259071 ($204.89 in chips)
nrJitsu: posts small blind $1
jl45259071: posts big blind $3
*** HOLE CARDS ***
nrJitsu: raises $3 to $6
jl45259071: calls $3
*** FLOP *** [Jd Js 9d]
jl45259071: checks
nrJitsu: bets $3
jl45259071: raises $3 to $6
nrJitsu: calls $3
*** TURN *** [Jd Js 9d] [Jc]
jl45259071: bets $6
nrJitsu: calls $6
*** RIVER *** [Jd Js 9d Jc] [Kd]
jl45259071: bets $6
nrJitsu: calls $6
*** SHOW DOWN ***
jl45259071: shows [3c 5h] (three of a kind, Jacks)
nrJitsu: shows [3s 3d] (a full house, Jacks full of Threes)
nrJitsu collected $47.50 from pot
*** SUMMARY ***
Total pot $48 | Rake $0.50
Board [Jd Js 9d Jc Kd]
Seat 1: nrJitsu (button) (small blind) showed [3s 3d] and won ($47.50) with a full house, Jacks full of Threes
Seat 2: jl45259071 (big blind) showed [3c 5h] and lost with three of a kind, Jacks


PokerStars Hand #147753292556:  Hold'em Limit ($3/$6 USD) - 2016/01/27 5:06:45 ET
Table 'Minkar II' 2-max Seat #2 is the button
Seat 1: nrJitsu ($458.19 in chips)
Seat 2: jl45259071 ($180.89 in chips)
jl45259071: posts small blind $1
nrJitsu: posts big blind $3
*** HOLE CARDS ***
jl45259071: raises $3 to $6
nrJitsu: calls $3
*** FLOP *** [7d 4h 5d]
nrJitsu: checks
jl45259071: bets $3
nrJitsu: calls $3
*** TURN *** [7d 4h 5d] [8s]
nrJitsu: checks
jl45259071: bets $6
nrJitsu: calls $6
*** RIVER *** [7d 4h 5d 8s] [Kd]
nrJitsu: checks
jl45259071: checks
*** SHOW DOWN ***
nrJitsu: shows [Jc Td] (high card King)
jl45259071: shows [Tc Ts] (a pair of Tens)
jl45259071 collected $29.50 from pot
*** SUMMARY ***
Total pot $30 | Rake $0.50
Board [7d 4h 5d 8s Kd]
Seat 1: nrJitsu (big blind) showed [Jc Td] and lost with high card King
Seat 2: jl45259071 (button) (small blind) showed [Tc Ts] and won ($29.50) with a pair of Tens


PokerStars Hand #147753313447:  Hold'em Limit ($3/$6 USD) - 2016/01/27 5:07:29 ET
Table 'Minkar II' 2-max Seat #1 is the button
Seat 1: nrJitsu ($460.69 in chips)
Seat 2: jl45259071 ($177.15 in chips)
nrJitsu: posts small blind $1
jl45259071: posts big blind $3
*** HOLE CARDS ***
nrJitsu: folds
Uncalled bet ($2) returned to jl45259071
jl45259071 collected $2 from pot
jl45259071: doesn't show hand
*** SUMMARY ***
Total pot $2 | Rake $0
Seat 1: nrJitsu (button) (small blind) folded before Flop
Seat 2: jl45259071 (big blind) collected ($2)


PokerStars Hand #147753308614:  Hold'em Limit ($3/$6 USD) - 2016/01/27 5:07:18 ET
Table 'Minkar II' 2-max Seat #2 is the button
Seat 1: nrJitsu ($466.69 in chips)
Seat 2: jl45259071 ($171.39 in chips)
jl45259071: posts small blind $1
nrJitsu: posts big blind $3
*** HOLE CARDS ***
jl45259071: raises $3 to $6
nrJitsu: calls $3
*** FLOP *** [8h 8c Th]
nrJitsu: checks
jl45259071: bets $3
nrJitsu: folds
Uncalled bet ($3) returned to jl45259071
jl45259071 collected $11.76 from pot
jl45259071: doesn't show hand
*** SUMMARY ***
Total pot $12 | Rake $0.24
Board [8h 8c Th]
Seat 1: nrJitsu (big blind) folded on the Flop
Seat 2: jl45259071 (button) (small blind) collected ($11.76)


PokerStars Hand #147753315621:  Hold'em Limit ($3/$6 USD) - 2016/01/27 5:07:33 ET
Table 'Minkar II' 2-max Seat #2 is the button
Seat 1: nrJitsu ($459.69 in chips)
Seat 2: jl45259071 ($178.15 in chips)
jl45259071: posts small blind $1
nrJitsu: posts big blind $3
*** HOLE CARDS ***
jl45259071: calls $2
nrJitsu: checks
*** FLOP *** [Ks Qc 7h]
nrJitsu: checks
jl45259071: checks
*** TURN *** [Ks Qc 7h] [8s]
nrJitsu: checks
jl45259071: bets $6
nrJitsu: folds
Uncalled bet ($6) returned to jl45259071
jl45259071 collected $5.88 from pot
jl45259071: doesn't show hand
*** SUMMARY ***
Total pot $6 | Rake $0.12
Board [Ks Qc 7h 8s]
Seat 1: nrJitsu (big blind) folded on the Turn
Seat 2: jl45259071 (button) (small blind) collected ($5.88)


PokerStars Hand #147753323385:  Hold'em Limit ($3/$6 USD) - 2016/01/27 5:07:49 ET
Table 'Minkar II' 2-max Seat #1 is the button
Seat 1: nrJitsu ($456.69 in chips)
Seat 2: jl45259071 ($181.03 in chips)
nrJitsu: posts small blind $1
jl45259071: posts big blind $3
*** HOLE CARDS ***
nrJitsu: raises $3 to $6
jl45259071: calls $3
*** FLOP *** [Tc 2s Jh]
jl45259071: checks
nrJitsu: bets $3
jl45259071: raises $3 to $6
nrJitsu: calls $3
*** TURN *** [Tc 2s Jh] [8h]
jl45259071: checks
nrJitsu: checks
*** RIVER *** [Tc 2s Jh 8h] [9d]
jl45259071: checks
nrJitsu: checks
*** SHOW DOWN ***
jl45259071: shows [9c Td] (two pair, Tens and Nines)
nrJitsu: mucks hand
jl45259071 collected $23.52 from pot
*** SUMMARY ***
Total pot $24 | Rake $0.48
Board [Tc 2s Jh 8h 9d]
Seat 1: nrJitsu (button) (small blind) mucked
Seat 2: jl45259071 (big blind) showed [9c Td] and won ($23.52) with two pair, Tens and Nines


PokerStars Hand #147753300354:  Hold'em Limit ($3/$6 USD) - 2016/01/27 5:07:01 ET
Table 'Minkar II' 2-max Seat #1 is the button
Seat 1: nrJitsu ($443.19 in chips)
Seat 2: jl45259071 ($195.39 in chips)
nrJitsu: posts small blind $1
jl45259071: posts big blind $3
*** HOLE CARDS ***
nrJitsu: raises $3 to $6
jl45259071: raises $3 to $9
nrJitsu: calls $3
*** FLOP *** [As Jc Js]
jl45259071: bets $3
nrJitsu: calls $3
*** TURN *** [As Jc Js] [2d]
jl45259071: bets $6
nrJitsu: calls $6
*** RIVER *** [As Jc Js 2d] [Qd]
jl45259071: bets $6
nrJitsu: calls $6
*** SHOW DOWN ***
jl45259071: shows [9s Th] (a pair of Jacks)
nrJitsu: shows [3s 3d] (two pair, Jacks and Threes)
nrJitsu collected $47.50 from pot
*** SUMMARY ***
Total pot $48 | Rake $0.50
Board [As Jc Js 2d Qd]
Seat 1: nrJitsu (button) (small blind) showed [3s 3d] and won ($47.50) with two pair, Jacks and Threes
Seat 2: jl45259071 (big blind) showed [9s Th] and lost with a pair of Jacks


PokerStars Hand #147753343302:  Hold'em Limit ($3/$6 USD) - 2016/01/27 5:08:31 ET
Table 'Minkar II' 2-max Seat #1 is the button
Seat 1: nrJitsu ($447.57 in chips)
Seat 2: jl45259071 ($189.55 in chips)
nrJitsu: posts small blind $1
jl45259071: posts big blind $3
*** HOLE CARDS ***
nrJitsu: raises $3 to $6
jl45259071: calls $3
*** FLOP *** [6s 2c Ac]
jl45259071: checks
nrJitsu: checks
*** TURN *** [6s 2c Ac] [Td]
jl45259071: checks
nrJitsu: bets $6
jl45259071: folds
Uncalled bet ($6) returned to nrJitsu
nrJitsu collected $11.76 from pot
nrJitsu: doesn't show hand
*** SUMMARY ***
Total pot $12 | Rake $0.24
Board [6s 2c Ac Td]
Seat 1: nrJitsu (button) (small blind) collected ($11.76)
Seat 2: jl45259071 (big blind) folded on the Turn


PokerStars Hand #147753332312:  Hold'em Limit ($3/$6 USD) - 2016/01/27 5:08:08 ET
Table 'Minkar II' 2-max Seat #2 is the button
Seat 1: nrJitsu ($444.69 in chips)
Seat 2: jl45259071 ($192.55 in chips)
jl45259071: posts small blind $1
nrJitsu: posts big blind $3
*** HOLE CARDS ***
jl45259071: calls $2
nrJitsu: checks
*** FLOP *** [Js 3h 2s]
nrJitsu: checks
jl45259071: checks
*** TURN *** [Js 3h 2s] [Jc]
nrJitsu: checks
jl45259071: checks
*** RIVER *** [Js 3h 2s Jc] [Qh]
nrJitsu: checks
jl45259071: checks
*** SHOW DOWN ***
nrJitsu: shows [6h Tc] (a pair of Jacks)
jl45259071: mucks hand
nrJitsu collected $5.88 from pot
*** SUMMARY ***
Total pot $6 | Rake $0.12
Board [Js 3h 2s Jc Qh]
Seat 1: nrJitsu (big blind) showed [6h Tc] and won ($5.88) with a pair of Jacks
Seat 2: jl45259071 (button) (small blind) mucked


PokerStars Hand #147753349604:  Hold'em Limit ($3/$6 USD) - 2016/01/27 5:08:44 ET
Table 'Minkar II' 2-max Seat #2 is the button
Seat 1: nrJitsu ($453.33 in chips)
Seat 2: jl45259071 ($183.55 in chips)
jl45259071: posts small blind $1
nrJitsu: posts big blind $3
*** HOLE CARDS ***
jl45259071: calls $2
nrJitsu: checks
*** FLOP *** [6d 7d Ah]
nrJitsu: checks
jl45259071: bets $3
nrJitsu: raises $3 to $6
jl45259071: folds
Uncalled bet ($3) returned to nrJitsu
nrJitsu collected $11.76 from pot
nrJitsu: doesn't show hand
*** SUMMARY ***
Total pot $12 | Rake $0.24
Board [6d 7d Ah]
Seat 1: nrJitsu (big blind) collected ($11.76)
Seat 2: jl45259071 (button) (small blind) folded on the Flop


PokerStars Hand #147753355895:  Hold'em Limit ($3/$6 USD) - 2016/01/27 5:08:57 ET
Table 'Minkar II' 2-max Seat #1 is the button
Seat 1: nrJitsu ($459.09 in chips)
Seat 2: jl45259071 ($177.55 in chips)
nrJitsu: posts small blind $1
jl45259071: posts big blind $3
*** HOLE CARDS ***
nrJitsu: raises $3 to $6
jl45259071: calls $3
*** FLOP *** [Jd Tc 2h]
jl45259071: bets $3
nrJitsu: raises $3 to $6
jl45259071: raises $3 to $9
nrJitsu: folds
Uncalled bet ($3) returned to jl45259071
jl45259071 collected $23.52 from pot
jl45259071: doesn't show hand
*** SUMMARY ***
Total pot $24 | Rake $0.48
Board [Jd Tc 2h]
Seat 1: nrJitsu (button) (small blind) folded on the Flop
Seat 2: jl45259071 (big blind) collected ($23.52)


PokerStars Hand #147753363578:  Hold'em Limit ($3/$6 USD) - 2016/01/27 5:09:13 ET
Table 'Minkar II' 2-max Seat #2 is the button
Seat 1: nrJitsu ($447.09 in chips)
Seat 2: jl45259071 ($189.07 in chips)
jl45259071: posts small blind $1
nrJitsu: posts big blind $3
*** HOLE CARDS ***
jl45259071: calls $2
nrJitsu: checks
*** FLOP *** [As 2h 7c]
nrJitsu: checks
jl45259071: bets $3
nrJitsu: folds
Uncalled bet ($3) returned to jl45259071
jl45259071 collected $5.88 from pot
jl45259071: doesn't show hand
*** SUMMARY ***
Total pot $6 | Rake $0.12
Board [As 2h 7c]
Seat 1: nrJitsu (big blind) folded on the Flop
Seat 2: jl45259071 (button) (small blind) collected ($5.88)


PokerStars Hand #147753372973:  Hold'em Limit ($3/$6 USD) - 2016/01/27 5:09:33 ET
Table 'Minkar II' 2-max Seat #1 is the button
Seat 1: nrJitsu ($444.09 in chips)
Seat 2: jl45259071 ($191.95 in chips)
nrJitsu: posts small blind $1
jl45259071: posts big blind $3
*** HOLE CARDS ***
nrJitsu: raises $3 to $6
jl45259071: calls $3
*** FLOP *** [6c 8h 3s]
jl45259071: checks
nrJitsu: bets $3
jl45259071: calls $3
*** TURN *** [6c 8h 3s] [9d]
jl45259071: checks
nrJitsu: bets $6
jl45259071: calls $6
*** RIVER *** [6c 8h 3s 9d] [Ts]
jl45259071: checks
nrJitsu: bets $6
jl45259071: folds
Uncalled bet ($6) returned to nrJitsu
nrJitsu collected $29.50 from pot
nrJitsu: doesn't show hand
*** SUMMARY ***
Total pot $30 | Rake $0.50
Board [6c 8h 3s 9d Ts]
Seat 1: nrJitsu (button) (small blind) collected ($29.50)
Seat 2: jl45259071 (big blind) folded on the River


PokerStars Hand #147753385460:  Hold'em Limit ($3/$6 USD) - 2016/01/27 5:09:59 ET
Table 'Minkar II' 2-max Seat #2 is the button
Seat 1: nrJitsu ($458.59 in chips)
Seat 2: jl45259071 ($176.95 in chips)
jl45259071: posts small blind $1
nrJitsu: posts big blind $3
*** HOLE CARDS ***
jl45259071: calls $2
nrJitsu: checks
*** FLOP *** [Ts 7s 3c]
nrJitsu: checks
jl45259071: bets $3
nrJitsu: raises $3 to $6
jl45259071: folds
Uncalled bet ($3) returned to nrJitsu
nrJitsu collected $11.76 from pot
nrJitsu: doesn't show hand
*** SUMMARY ***
Total pot $12 | Rake $0.24
Board [Ts 7s 3c]
Seat 1: nrJitsu (big blind) collected ($11.76)
Seat 2: jl45259071 (button) (small blind) folded on the Flop


PokerStars Hand #147753395436:  Hold'em Limit ($3/$6 USD) - 2016/01/27 5:10:20 ET
Table 'Minkar II' 2-max Seat #2 is the button
Seat 1: nrJitsu ($463.35 in chips)
Seat 2: jl45259071 ($171.95 in chips)
jl45259071: posts small blind $1
nrJitsu: posts big blind $3
*** HOLE CARDS ***
jl45259071: calls $2
nrJitsu: checks
*** FLOP *** [7c Ks Qc]
nrJitsu: bets $3
jl45259071: calls $3
*** TURN *** [7c Ks Qc] [8h]
nrJitsu: bets $6
jl45259071: calls $6
*** RIVER *** [7c Ks Qc 8h] [Kd]
nrJitsu: bets $6
jl45259071: calls $6
*** SHOW DOWN ***
nrJitsu: shows [7h Kc] (a full house, Kings full of Sevens)
jl45259071: mucks hand
nrJitsu collected $35.50 from pot
*** SUMMARY ***
Total pot $36 | Rake $0.50
Board [7c Ks Qc 8h Kd]
Seat 1: nrJitsu (big blind) showed [7h Kc] and won ($35.50) with a full house, Kings full of Sevens
Seat 2: jl45259071 (button) (small blind) mucked


PokerStars Hand #147753404725:  Hold'em Limit ($3/$6 USD) - 2016/01/27 5:10:39 ET
Table 'Minkar II' 2-max Seat #1 is the button
Seat 1: nrJitsu ($480.85 in chips)
Seat 2: jl45259071 ($153.95 in chips)
nrJitsu: posts small blind $1
jl45259071: posts big blind $3
*** HOLE CARDS ***
nrJitsu: raises $3 to $6
jl45259071: raises $3 to $9
nrJitsu: calls $3
*** FLOP *** [Ah 8c 3s]
jl45259071: bets $3
nrJitsu: folds
Uncalled bet ($3) returned to jl45259071
jl45259071 collected $17.64 from pot
jl45259071: doesn't show hand
*** SUMMARY ***
Total pot $18 | Rake $0.36
Board [Ah 8c 3s]
Seat 1: nrJitsu (button) (small blind) folded on the Flop
Seat 2: jl45259071 (big blind) collected ($17.64)


PokerStars Hand #147753391850:  Hold'em Limit ($3/$6 USD) - 2016/01/27 5:10:12 ET
Table 'Minkar II' 2-max Seat #1 is the button
Seat 1: nrJitsu ($464.35 in chips)
Seat 2: jl45259071 ($170.95 in chips)
nrJitsu: posts small blind $1
jl45259071: posts big blind $3
*** HOLE CARDS ***
nrJitsu: folds
Uncalled bet ($2) returned to jl45259071
jl45259071 collected $2 from pot
jl45259071: doesn't show hand
*** SUMMARY ***
Total pot $2 | Rake $0
Seat 1: nrJitsu (button) (small blind) folded before Flop
Seat 2: jl45259071 (big blind) collected ($2)


PokerStars Hand #147753434340:  Hold'em Limit ($3/$6 USD) - 2016/01/27 5:11:41 ET
Table 'Minkar II' 2-max Seat #2 is the button
Seat 1: nrJitsu ($447.60 in chips)
Seat 2: jl45259071 ($185.84 in chips)
jl45259071: posts small blind $1
nrJitsu: posts big blind $3
*** HOLE CARDS ***
jl45259071: folds
Uncalled bet ($2) returned to nrJitsu
nrJitsu collected $2 from pot
nrJitsu: doesn't show hand
*** SUMMARY ***
Total pot $2 | Rake $0
Seat 1: nrJitsu (big blind) collected ($2)
Seat 2: jl45259071 (button) (small blind) folded before Flop


PokerStars Hand #147753424776:  Hold'em Limit ($3/$6 USD) - 2016/01/27 5:11:21 ET
Table 'Minkar II' 2-max Seat #1 is the button
Seat 1: nrJitsu ($447.85 in chips)
Seat 2: jl45259071 ($186.09 in chips)
nrJitsu: posts small blind $1
jl45259071: posts big blind $3
*** HOLE CARDS ***
nrJitsu: raises $3 to $6
jl45259071: calls $3
*** FLOP *** [4d 7h Kh]
jl45259071: checks
nrJitsu: bets $3
jl45259071: raises $3 to $6
nrJitsu: calls $3
*** TURN *** [4d 7h Kh] [Js]
jl45259071: bets $6
nrJitsu: raises $6 to $12
jl45259071: calls $6
*** RIVER *** [4d 7h Kh Js] [4h]
jl45259071: checks
nrJitsu: bets $6
jl45259071: calls $6
*** SHOW DOWN ***
nrJitsu: shows [Ks 8s] (two pair, Kings and Fours)
jl45259071: shows [Kd 9h] (two pair, Kings and Fours)
jl45259071 collected $29.75 from pot
nrJitsu collected $29.75 from pot
*** SUMMARY ***
Total pot $60 | Rake $0.50
Board [4d 7h Kh Js 4h]
Seat 1: nrJitsu (button) (small blind) showed [Ks 8s] and won ($29.75) with two pair, Kings and Fours
Seat 2: jl45259071 (big blind) showed [Kd 9h] and won ($29.75) with two pair, Kings and Fours


PokerStars Hand #147753411203:  Hold'em Limit ($3/$6 USD) - 2016/01/27 5:10:53 ET
Table 'Minkar II' 2-max Seat #2 is the button
Seat 1: nrJitsu ($471.85 in chips)
Seat 2: jl45259071 ($162.59 in chips)
jl45259071: posts small blind $1
nrJitsu: posts big blind $3
*** HOLE CARDS ***
jl45259071: raises $3 to $6
nrJitsu: calls $3
*** FLOP *** [3c 4h 7h]
nrJitsu: checks
jl45259071: bets $3
nrJitsu: raises $3 to $6
jl45259071: raises $3 to $9
nrJitsu: raises $3 to $12
Betting is capped
jl45259071: calls $3
*** TURN *** [3c 4h 7h] [5s]
nrJitsu: bets $6
jl45259071: calls $6
*** RIVER *** [3c 4h 7h 5s] [8h]
nrJitsu: checks
jl45259071: bets $6
nrJitsu: folds
Uncalled bet ($6) returned to jl45259071
jl45259071 collected $47.50 from pot
jl45259071: doesn't show hand
*** SUMMARY ***
Total pot $48 | Rake $0.50
Board [3c 4h 7h 5s 8h]
Seat 1: nrJitsu (big blind) folded on the River
Seat 2: jl45259071 (button) (small blind) collected ($47.50)


PokerStars Hand #147753437171:  Hold'em Limit ($3/$6 USD) - 2016/01/27 5:11:47 ET
Table 'Minkar II' 2-max Seat #1 is the button
Seat 1: nrJitsu ($448.60 in chips)
Seat 2: jl45259071 ($184.84 in chips)
nrJitsu: posts small blind $1
jl45259071: posts big blind $3
*** HOLE CARDS ***
nrJitsu: raises $3 to $6
jl45259071: raises $3 to $9
nrJitsu: calls $3
*** FLOP *** [Qh 3c 5s]
jl45259071: bets $3
nrJitsu: calls $3
*** TURN *** [Qh 3c 5s] [Kd]
jl45259071: bets $6
nrJitsu: calls $6
*** RIVER *** [Qh 3c 5s Kd] [4d]
jl45259071: bets $6
nrJitsu: calls $6
*** SHOW DOWN ***
jl45259071: shows [Ah 4h] (a pair of Fours)
nrJitsu: shows [Jc Js] (a pair of Jacks)
nrJitsu collected $47.50 from pot
*** SUMMARY ***
Total pot $48 | Rake $0.50
Board [Qh 3c 5s Kd 4d]
Seat 1: nrJitsu (button) (small blind) showed [Jc Js] and won ($47.50) with a pair of Jacks
Seat 2: jl45259071 (big blind) showed [Ah 4h] and lost with a pair of Fours


PokerStars Hand #147753449513:  Hold'em Limit ($3/$6 USD) - 2016/01/27 5:12:13 ET
Table 'Minkar II' 2-max Seat #2 is the button
Seat 1: nrJitsu ($472.10 in chips)
Seat 2: jl45259071 ($160.84 in chips)
jl45259071: posts small blind $1
nrJitsu: posts big blind $3
*** HOLE CARDS ***
jl45259071: calls $2
nrJitsu: raises $3 to $6
jl45259071: calls $3
*** FLOP *** [Jd 2h 4s]
nrJitsu: bets $3
jl45259071: calls $3
*** TURN *** [Jd 2h 4s] [Ac]
nrJitsu: bets $6
jl45259071: calls $6
*** RIVER *** [Jd 2h 4s Ac] [6c]
nrJitsu: bets $6
jl45259071: calls $6
*** SHOW DOWN ***
nrJitsu: shows [Qs Qh] (a pair of Queens)
jl45259071: mucks hand
nrJitsu collected $41.50 from pot
*** SUMMARY ***
Total pot $42 | Rake $0.50
Board [Jd 2h 4s Ac 6c]
Seat 1: nrJitsu (big blind) showed [Qs Qh] and won ($41.50) with a pair of Queens
Seat 2: jl45259071 (button) (small blind) mucked


PokerStars Hand #147753465422:  Hold'em Limit ($3/$6 USD) - 2016/01/27 5:12:46 ET
Table 'Minkar II' 2-max Seat #2 is the button
Seat 1: nrJitsu ($507.10 in chips)
Seat 2: jl45259071 ($124.84 in chips)
jl45259071: posts small blind $1
nrJitsu: posts big blind $3
*** HOLE CARDS ***
jl45259071: raises $3 to $6
nrJitsu: calls $3
*** FLOP *** [7h 4h 8s]
nrJitsu: checks
jl45259071: bets $3
nrJitsu: calls $3
*** TURN *** [7h 4h 8s] [4s]
nrJitsu: checks
jl45259071: checks
*** RIVER *** [7h 4h 8s 4s] [7c]
nrJitsu: checks
jl45259071: bets $6
nrJitsu: calls $6
*** SHOW DOWN ***
jl45259071: shows [6c Qc] (two pair, Sevens and Fours)
nrJitsu: shows [5c Ad] (two pair, Sevens and Fours - Ace kicker)
nrJitsu collected $29.50 from pot
*** SUMMARY ***
Total pot $30 | Rake $0.50
Board [7h 4h 8s 4s 7c]
Seat 1: nrJitsu (big blind) showed [5c Ad] and won ($29.50) with two pair, Sevens and Fours
Seat 2: jl45259071 (button) (small blind) showed [6c Qc] and lost with two pair, Sevens and Fours


PokerStars Hand #147753456593:  Hold'em Limit ($3/$6 USD) - 2016/01/27 5:12:27 ET
Table 'Minkar II' 2-max Seat #1 is the button
Seat 1: nrJitsu ($492.60 in chips)
Seat 2: jl45259071 ($139.84 in chips)
nrJitsu: posts small blind $1
jl45259071: posts big blind $3
*** HOLE CARDS ***
nrJitsu: raises $3 to $6
jl45259071: calls $3
*** FLOP *** [Td 8h As]
jl45259071: checks
nrJitsu: bets $3
jl45259071: calls $3
*** TURN *** [Td 8h As] [Js]
jl45259071: checks
nrJitsu: checks
*** RIVER *** [Td 8h As Js] [Kh]
jl45259071: checks
nrJitsu: bets $6
jl45259071: calls $6
*** SHOW DOWN ***
nrJitsu: shows [Kd 2d] (a pair of Kings)
jl45259071: mucks hand
nrJitsu collected $29.50 from pot
*** SUMMARY ***
Total pot $30 | Rake $0.50
Board [Td 8h As Js Kh]
Seat 1: nrJitsu (button) (small blind) showed [Kd 2d] and won ($29.50) with a pair of Kings
Seat 2: jl45259071 (big blind) mucked


PokerStars Hand #147753476379:  Hold'em Limit ($3/$6 USD) - 2016/01/27 5:13:09 ET
Table 'Minkar II' 2-max Seat #1 is the button
Seat 1: nrJitsu ($521.60 in chips)
Seat 2: jl45259071 ($109.84 in chips)
nrJitsu: posts small blind $1
jl45259071: posts big blind $3
*** HOLE CARDS ***
nrJitsu: folds
Uncalled bet ($2) returned to jl45259071
jl45259071 collected $2 from pot
jl45259071: doesn't show hand
*** SUMMARY ***
Total pot $2 | Rake $0
Seat 1: nrJitsu (button) (small blind) folded before Flop
Seat 2: jl45259071 (big blind) collected ($2)


PokerStars Hand #147753478660:  Hold'em Limit ($3/$6 USD) - 2016/01/27 5:13:14 ET
Table 'Minkar II' 2-max Seat #2 is the button
Seat 1: nrJitsu ($520.60 in chips)
Seat 2: jl45259071 ($110.84 in chips)
jl45259071: posts small blind $1
nrJitsu: posts big blind $3
*** HOLE CARDS ***
jl45259071: calls $2
nrJitsu: raises $3 to $6
jl45259071: calls $3
*** FLOP *** [4c 9h Jc]
nrJitsu: checks
jl45259071: checks
*** TURN *** [4c 9h Jc] [8s]
nrJitsu: checks
jl45259071: bets $6
nrJitsu: folds
Uncalled bet ($6) returned to jl45259071
jl45259071 collected $11.76 from pot
jl45259071: doesn't show hand
*** SUMMARY ***
Total pot $12 | Rake $0.24
Board [4c 9h Jc 8s]
Seat 1: nrJitsu (big blind) folded on the Turn
Seat 2: jl45259071 (button) (small blind) collected ($11.76)


PokerStars Hand #147753485394:  Hold'em Limit ($3/$6 USD) - 2016/01/27 5:13:27 ET
Table 'Minkar II' 2-max Seat #1 is the button
Seat 1: nrJitsu ($514.60 in chips)
Seat 2: jl45259071 ($116.60 in chips)
nrJitsu: posts small blind $1
jl45259071: posts big blind $3
*** HOLE CARDS ***
nrJitsu: raises $3 to $6
jl45259071: calls $3
*** FLOP *** [6s Qc Ts]
jl45259071: checks
nrJitsu: bets $3
jl45259071: calls $3
*** TURN *** [6s Qc Ts] [Jh]
jl45259071: checks
nrJitsu: bets $6
jl45259071: calls $6
*** RIVER *** [6s Qc Ts Jh] [Tc]
jl45259071: checks
nrJitsu: bets $6
jl45259071: calls $6
*** SHOW DOWN ***
nrJitsu: shows [Jc Kc] (two pair, Jacks and Tens)
jl45259071: shows [5d Qd] (two pair, Queens and Tens)
jl45259071 collected $41.50 from pot
*** SUMMARY ***
Total pot $42 | Rake $0.50
Board [6s Qc Ts Jh Tc]
Seat 1: nrJitsu (button) (small blind) showed [Jc Kc] and lost with two pair, Jacks and Tens
Seat 2: jl45259071 (big blind) showed [5d Qd] and won ($41.50) with two pair, Queens and Tens


PokerStars Hand #147753514128:  Hold'em Limit ($3/$6 USD) - 2016/01/27 5:14:27 ET
Table 'Minkar II' 2-max Seat #1 is the button
Seat 1: nrJitsu ($490.60 in chips)
Seat 2: jl45259071 ($139.98 in chips)
nrJitsu: posts small blind $1
jl45259071: posts big blind $3
*** HOLE CARDS ***
nrJitsu: raises $3 to $6
jl45259071: raises $3 to $9
nrJitsu: calls $3
*** FLOP *** [5d 7c Ks]
jl45259071: checks
nrJitsu: checks
*** TURN *** [5d 7c Ks] [Th]
jl45259071: bets $6
nrJitsu: calls $6
*** RIVER *** [5d 7c Ks Th] [Kd]
jl45259071: bets $6
nrJitsu: calls $6
*** SHOW DOWN ***
jl45259071: shows [Qd Qc] (two pair, Kings and Queens)
nrJitsu: mucks hand
jl45259071 collected $41.50 from pot
*** SUMMARY ***
Total pot $42 | Rake $0.50
Board [5d 7c Ks Th Kd]
Seat 1: nrJitsu (button) (small blind) mucked
Seat 2: jl45259071 (big blind) showed [Qd Qc] and won ($41.50) with two pair, Kings and Queens


PokerStars Hand #147753524338:  Hold'em Limit ($3/$6 USD) - 2016/01/27 5:14:49 ET
Table 'Minkar II' 2-max Seat #2 is the button
Seat 1: nrJitsu ($469.60 in chips)
Seat 2: jl45259071 ($160.48 in chips)
jl45259071: posts small blind $1
nrJitsu: posts big blind $3
*** HOLE CARDS ***
jl45259071: calls $2
nrJitsu: checks
*** FLOP *** [Kh 4d Kc]
nrJitsu: bets $3
jl45259071: calls $3
*** TURN *** [Kh 4d Kc] [As]
nrJitsu: checks
jl45259071: checks
*** RIVER *** [Kh 4d Kc As] [Kd]
nrJitsu: checks
jl45259071: checks
*** SHOW DOWN ***
nrJitsu: shows [Ts Qd] (three of a kind, Kings)
jl45259071: shows [Qs Tc] (three of a kind, Kings)
nrJitsu collected $5.88 from pot
jl45259071 collected $5.88 from pot
*** SUMMARY ***
Total pot $12 | Rake $0.24
Board [Kh 4d Kc As Kd]
Seat 1: nrJitsu (big blind) showed [Ts Qd] and won ($5.88) with three of a kind, Kings
Seat 2: jl45259071 (button) (small blind) showed [Qs Tc] and won ($5.88) with three of a kind, Kings


PokerStars Hand #147753496248:  Hold'em Limit ($3/$6 USD) - 2016/01/27 5:13:50 ET
Table 'Minkar II' 2-max Seat #2 is the button
Seat 1: nrJitsu ($493.60 in chips)
Seat 2: jl45259071 ($137.10 in chips)
jl45259071: posts small blind $1
nrJitsu: posts big blind $3
*** HOLE CARDS ***
jl45259071: calls $2
nrJitsu: checks
*** FLOP *** [Th 4s 3d]
nrJitsu: checks
jl45259071: checks
*** TURN *** [Th 4s 3d] [2s]
nrJitsu: checks
jl45259071: bets $6
nrJitsu: folds
Uncalled bet ($6) returned to jl45259071
jl45259071 collected $5.88 from pot
jl45259071: doesn't show hand
*** SUMMARY ***
Total pot $6 | Rake $0.12
Board [Th 4s 3d 2s]
Seat 1: nrJitsu (big blind) folded on the Turn
Seat 2: jl45259071 (button) (small blind) collected ($5.88)


PokerStars Hand #147753533198:  Hold'em Limit ($3/$6 USD) - 2016/01/27 5:15:07 ET
Table 'Minkar II' 2-max Seat #1 is the button
Seat 1: nrJitsu ($469.48 in chips)
Seat 2: jl45259071 ($160.36 in chips)
nrJitsu: posts small blind $1
jl45259071: posts big blind $3
*** HOLE CARDS ***
nrJitsu: raises $3 to $6
jl45259071: calls $3
*** FLOP *** [Kc Ks 3s]
jl45259071: checks
nrJitsu: bets $3
jl45259071: calls $3
*** TURN *** [Kc Ks 3s] [Ac]
jl45259071: checks
nrJitsu: bets $6
jl45259071: folds
Uncalled bet ($6) returned to nrJitsu
nrJitsu collected $17.64 from pot
nrJitsu: doesn't show hand
*** SUMMARY ***
Total pot $18 | Rake $0.36
Board [Kc Ks 3s Ac]
Seat 1: nrJitsu (button) (small blind) collected ($17.64)
Seat 2: jl45259071 (big blind) folded on the Turn


PokerStars Hand #147753559091:  Hold'em Limit ($3/$6 USD) - 2016/01/27 5:16:01 ET
Table 'Minkar II' 2-max Seat #1 is the button
Seat 1: nrJitsu ($457.12 in chips)
Seat 2: jl45259071 ($171.86 in chips)
nrJitsu: posts small blind $1
jl45259071: posts big blind $3
*** HOLE CARDS ***
nrJitsu: raises $3 to $6
jl45259071: calls $3
*** FLOP *** [8h 3d Qd]
jl45259071: checks
nrJitsu: bets $3
jl45259071: calls $3
*** TURN *** [8h 3d Qd] [3c]
jl45259071: checks
nrJitsu: bets $6
jl45259071: calls $6
*** RIVER *** [8h 3d Qd 3c] [Jh]
jl45259071: checks
nrJitsu: bets $6
jl45259071: calls $6
*** SHOW DOWN ***
nrJitsu: shows [Qh Tc] (two pair, Queens and Threes)
jl45259071: shows [6s Qc] (two pair, Queens and Threes)
jl45259071 collected $20.75 from pot
nrJitsu collected $20.75 from pot
*** SUMMARY ***
Total pot $42 | Rake $0.50
Board [8h 3d Qd 3c Jh]
Seat 1: nrJitsu (button) (small blind) showed [Qh Tc] and won ($20.75) with two pair, Queens and Threes
Seat 2: jl45259071 (big blind) showed [6s Qc] and won ($20.75) with two pair, Queens and Threes


PokerStars Hand #147753544005:  Hold'em Limit ($3/$6 USD) - 2016/01/27 5:15:30 ET
Table 'Minkar II' 2-max Seat #2 is the button
Seat 1: nrJitsu ($478.12 in chips)
Seat 2: jl45259071 ($151.36 in chips)
jl45259071: posts small blind $1
nrJitsu: posts big blind $3
*** HOLE CARDS ***
jl45259071: calls $2
nrJitsu: raises $3 to $6
jl45259071: calls $3
*** FLOP *** [6h 7s Ks]
nrJitsu: bets $3
jl45259071: calls $3
*** TURN *** [6h 7s Ks] [Ah]
nrJitsu: bets $6
jl45259071: calls $6
*** RIVER *** [6h 7s Ks Ah] [6c]
nrJitsu: checks
jl45259071: bets $6
nrJitsu: calls $6
*** SHOW DOWN ***
jl45259071: shows [Tc Kh] (two pair, Kings and Sixes)
nrJitsu: mucks hand
jl45259071 collected $41.50 from pot
*** SUMMARY ***
Total pot $42 | Rake $0.50
Board [6h 7s Ks Ah 6c]
Seat 1: nrJitsu (big blind) mucked
Seat 2: jl45259071 (button) (small blind) showed [Tc Kh] and won ($41.50) with two pair, Kings and Sixes


PokerStars Hand #147753568481:  Hold'em Limit ($3/$6 USD) - 2016/01/27 5:16:20 ET
Table 'Minkar II' 2-max Seat #2 is the button
Seat 1: nrJitsu ($456.87 in chips)
Seat 2: jl45259071 ($171.61 in chips)
jl45259071: posts small blind $1
nrJitsu: posts big blind $3
*** HOLE CARDS ***
jl45259071: calls $2
nrJitsu: checks
*** FLOP *** [6h 2h Ks]
nrJitsu: checks
jl45259071: bets $3
nrJitsu: folds
Uncalled bet ($3) returned to jl45259071
jl45259071 collected $5.88 from pot
jl45259071: doesn't show hand
*** SUMMARY ***
Total pot $6 | Rake $0.12
Board [6h 2h Ks]
Seat 1: nrJitsu (big blind) folded on the Flop
Seat 2: jl45259071 (button) (small blind) collected ($5.88)


PokerStars Hand #147753575995:  Hold'em Limit ($3/$6 USD) - 2016/01/27 5:16:36 ET
Table 'Minkar II' 2-max Seat #1 is the button
Seat 1: nrJitsu ($453.87 in chips)
Seat 2: jl45259071 ($174.49 in chips)
nrJitsu: posts small blind $1
jl45259071: posts big blind $3
*** HOLE CARDS ***
nrJitsu: raises $3 to $6
jl45259071: calls $3
*** FLOP *** [Ad Js 6h]
jl45259071: checks
nrJitsu: bets $3
jl45259071: calls $3
*** TURN *** [Ad Js 6h] [Qd]
jl45259071: checks
nrJitsu: checks
*** RIVER *** [Ad Js 6h Qd] [8c]
jl45259071: checks
nrJitsu: bets $6
jl45259071: folds
Uncalled bet ($6) returned to nrJitsu
nrJitsu collected $17.64 from pot
nrJitsu: doesn't show hand
*** SUMMARY ***
Total pot $18 | Rake $0.36
Board [Ad Js 6h Qd 8c]
Seat 1: nrJitsu (button) (small blind) collected ($17.64)
Seat 2: jl45259071 (big blind) folded on the River


PokerStars Hand #147753587510:  Hold'em Limit ($3/$6 USD) - 2016/01/27 5:16:59 ET
Table 'Minkar II' 2-max Seat #2 is the button
Seat 1: nrJitsu ($462.51 in chips)
Seat 2: jl45259071 ($165.49 in chips)
jl45259071: posts small blind $1
nrJitsu: posts big blind $3
*** HOLE CARDS ***
jl45259071: calls $2
nrJitsu: checks
*** FLOP *** [6c 2h Jc]
nrJitsu: checks
jl45259071: bets $3
nrJitsu: folds
Uncalled bet ($3) returned to jl45259071
jl45259071 collected $5.88 from pot
jl45259071: doesn't show hand
*** SUMMARY ***
Total pot $6 | Rake $0.12
Board [6c 2h Jc]
Seat 1: nrJitsu (big blind) folded on the Flop
Seat 2: jl45259071 (button) (small blind) collected ($5.88)


PokerStars Hand #147753602986:  Hold'em Limit ($3/$6 USD) - 2016/01/27 5:17:32 ET
Table 'Minkar II' 2-max Seat #1 is the button
Seat 1: nrJitsu ($459.51 in chips)
Seat 2: jl45259071 ($168.37 in chips)
nrJitsu: posts small blind $1
jl45259071: posts big blind $3
*** HOLE CARDS ***
nrJitsu: raises $3 to $6
jl45259071: calls $3
*** FLOP *** [5h 9s 4h]
jl45259071: checks
nrJitsu: bets $3
jl45259071: calls $3
*** TURN *** [5h 9s 4h] [5d]
jl45259071: checks
nrJitsu: bets $6
jl45259071: folds
Uncalled bet ($6) returned to nrJitsu
nrJitsu collected $17.64 from pot
nrJitsu: doesn't show hand
*** SUMMARY ***
Total pot $18 | Rake $0.36
Board [5h 9s 4h 5d]
Seat 1: nrJitsu (button) (small blind) collected ($17.64)
Seat 2: jl45259071 (big blind) folded on the Turn


PokerStars Hand #147753615070:  Hold'em Limit ($3/$6 USD) - 2016/01/27 5:17:57 ET
Table 'Minkar II' 2-max Seat #2 is the button
Seat 1: nrJitsu ($468.15 in chips)
Seat 2: jl45259071 ($159.37 in chips)
jl45259071: posts small blind $1
nrJitsu: posts big blind $3
*** HOLE CARDS ***
jl45259071: calls $2
nrJitsu: raises $3 to $6
jl45259071: raises $3 to $9
nrJitsu: raises $3 to $12
Betting is capped
jl45259071: calls $3
*** FLOP *** [6h 7s Qs]
nrJitsu: bets $3
jl45259071: calls $3
*** TURN *** [6h 7s Qs] [Ah]
nrJitsu: bets $6
jl45259071: calls $6
*** RIVER *** [6h 7s Qs Ah] [Th]
nrJitsu: bets $6
jl45259071: raises $6 to $12
nrJitsu: folds
Uncalled bet ($6) returned to jl45259071
jl45259071 collected $53.50 from pot
jl45259071: doesn't show hand
*** SUMMARY ***
Total pot $54 | Rake $0.50
Board [6h 7s Qs Ah Th]
Seat 1: nrJitsu (big blind) folded on the River
Seat 2: jl45259071 (button) (small blind) collected ($53.50)


PokerStars Hand #147753632609:  Hold'em Limit ($3/$6 USD) - 2016/01/27 5:18:33 ET
Table 'Minkar II' 2-max Seat #1 is the button
Seat 1: nrJitsu ($441.15 in chips)
Seat 2: jl45259071 ($185.87 in chips)
nrJitsu: posts small blind $1
jl45259071: posts big blind $3
*** HOLE CARDS ***
nrJitsu: raises $3 to $6
jl45259071: calls $3
*** FLOP *** [2s Kd 9h]
jl45259071: checks
nrJitsu: bets $3
jl45259071: folds
Uncalled bet ($3) returned to nrJitsu
nrJitsu collected $11.76 from pot
nrJitsu: doesn't show hand
*** SUMMARY ***
Total pot $12 | Rake $0.24
Board [2s Kd 9h]
Seat 1: nrJitsu (button) (small blind) collected ($11.76)
Seat 2: jl45259071 (big blind) folded on the Flop


PokerStars Hand #147753661190:  Hold'em Limit ($3/$6 USD) - 2016/01/27 5:19:33 ET
Table 'Minkar II' 2-max Seat #1 is the button
Seat 1: nrJitsu ($467.41 in chips)
Seat 2: jl45259071 ($158.87 in chips)
nrJitsu: posts small blind $1
jl45259071: posts big blind $3
*** HOLE CARDS ***
nrJitsu: raises $3 to $6
jl45259071: calls $3
*** FLOP *** [Jc Ad 3c]
jl45259071: checks
nrJitsu: checks
*** TURN *** [Jc Ad 3c] [3s]
jl45259071: checks
nrJitsu: checks
*** RIVER *** [Jc Ad 3c 3s] [8s]
jl45259071: checks
nrJitsu: checks
*** SHOW DOWN ***
jl45259071: shows [Tc 2h] (a pair of Threes)
nrJitsu: shows [Ks 5s] (a pair of Threes - Ace+King kicker)
nrJitsu collected $11.76 from pot
*** SUMMARY ***
Total pot $12 | Rake $0.24
Board [Jc Ad 3c 3s 8s]
Seat 1: nrJitsu (button) (small blind) showed [Ks 5s] and won ($11.76) with a pair of Threes
Seat 2: jl45259071 (big blind) showed [Tc 2h] and lost with a pair of Threes


PokerStars Hand #147753643187:  Hold'em Limit ($3/$6 USD) - 2016/01/27 5:18:55 ET
Table 'Minkar II' 2-max Seat #2 is the button
Seat 1: nrJitsu ($446.91 in chips)
Seat 2: jl45259071 ($179.87 in chips)
jl45259071: posts small blind $1
nrJitsu: posts big blind $3
*** HOLE CARDS ***
jl45259071: calls $2
nrJitsu: checks
*** FLOP *** [8d 7h 8s]
nrJitsu: checks
jl45259071: bets $3
nrJitsu: raises $3 to $6
jl45259071: calls $3
*** TURN *** [8d 7h 8s] [Qc]
nrJitsu: bets $6
jl45259071: calls $6
*** RIVER *** [8d 7h 8s Qc] [Jc]
nrJitsu: bets $6
jl45259071: calls $6
*** SHOW DOWN ***
nrJitsu: shows [3h 8h] (three of a kind, Eights)
jl45259071: mucks hand
nrJitsu collected $41.50 from pot
*** SUMMARY ***
Total pot $42 | Rake $0.50
Board [8d 7h 8s Qc Jc]
Seat 1: nrJitsu (big blind) showed [3h 8h] and won ($41.50) with three of a kind, Eights
Seat 2: jl45259071 (button) (small blind) mucked


PokerStars Hand #147753685487:  Hold'em Limit ($3/$6 USD) - 2016/01/27 5:20:23 ET
Table 'Minkar II' 2-max Seat #1 is the button
Seat 1: nrJitsu ($484.69 in chips)
Seat 2: jl45259071 ($140.87 in chips)
nrJitsu: posts small blind $1
jl45259071: posts big blind $3
*** HOLE CARDS ***
nrJitsu: raises $3 to $6
jl45259071: calls $3
*** FLOP *** [4h 5h 9s]
jl45259071: checks
nrJitsu: bets $3
jl45259071: calls $3
*** TURN *** [4h 5h 9s] [7c]
jl45259071: checks
nrJitsu: checks
*** RIVER *** [4h 5h 9s 7c] [Kc]
jl45259071: bets $6
nrJitsu: raises $6 to $12
jl45259071: folds
Uncalled bet ($6) returned to nrJitsu
nrJitsu collected $29.50 from pot
nrJitsu: doesn't show hand
jl45259071 leaves the table
*** SUMMARY ***
Total pot $30 | Rake $0.50
Board [4h 5h 9s 7c Kc]
Seat 1: nrJitsu (button) (small blind) collected ($29.50)
Seat 2: jl45259071 (big blind) folded on the River


PokerStars Hand #147753672049:  Hold'em Limit ($3/$6 USD) - 2016/01/27 5:19:55 ET
Table 'Minkar II' 2-max Seat #2 is the button
Seat 1: nrJitsu ($473.17 in chips)
Seat 2: jl45259071 ($152.87 in chips)
jl45259071: posts small blind $1
nrJitsu: posts big blind $3
*** HOLE CARDS ***
jl45259071: calls $2
nrJitsu: checks
*** FLOP *** [6h 2d 8d]
nrJitsu: checks
jl45259071: bets $3
nrJitsu: calls $3
*** TURN *** [6h 2d 8d] [9s]
nrJitsu: checks
jl45259071: checks
*** RIVER *** [6h 2d 8d 9s] [7s]
nrJitsu: bets $6
jl45259071: calls $6
*** SHOW DOWN ***
nrJitsu: shows [Kc Ts] (a straight, Six to Ten)
jl45259071: mucks hand
nrJitsu collected $23.52 from pot
*** SUMMARY ***
Total pot $24 | Rake $0.48
Board [6h 2d 8d 9s 7s]
Seat 1: nrJitsu (big blind) showed [Kc Ts] and won ($23.52) with a straight, Six to Ten
Seat 2: jl45259071 (button) (small blind) mucked


