PokerStars Hand #147401220258:  Hold'em Limit ($3/$6 USD) - 2016/01/20 21:22:48 ET
Table 'Minkar' 6-max Seat #6 is the button
Seat 3: Brye54 ($75 in chips)
Seat 6: SmellyToes4u ($98 in chips)
SmellyToes4u: posts small blind $1
Brye54: posts big blind $3
*** HOLE CARDS ***
SmellyToes4u: folds
Uncalled bet ($2) returned to Brye54
Brye54 collected $2 from pot
Brye54: doesn't show hand
*** SUMMARY ***
Total pot $2 | Rake $0
Seat 3: Brye54 (big blind) collected ($2)
Seat 6: SmellyToes4u (button) (small blind) folded before Flop


PokerStars Hand #147401223007:  Hold'em Limit ($3/$6 USD) - 2016/01/20 21:22:54 ET
Table 'Minkar' 6-max Seat #3 is the button
Seat 3: Brye54 ($76 in chips)
Seat 6: SmellyToes4u ($97 in chips)
Brye54: posts small blind $1
SmellyToes4u: posts big blind $3
*** HOLE CARDS ***
Brye54: raises $3 to $6
SmellyToes4u: calls $3
*** FLOP *** [3d 6c Ts]
SmellyToes4u: checks
Brye54: bets $3
SmellyToes4u: folds
Uncalled bet ($3) returned to Brye54
Brye54 collected $11.76 from pot
Brye54: doesn't show hand
*** SUMMARY ***
Total pot $12 | Rake $0.24
Board [3d 6c Ts]
Seat 3: Brye54 (button) (small blind) collected ($11.76)
Seat 6: SmellyToes4u (big blind) folded on the Flop


PokerStars Hand #147401227146:  Hold'em Limit ($3/$6 USD) - 2016/01/20 21:23:03 ET
Table 'Minkar' 6-max Seat #6 is the button
Seat 3: Brye54 ($81.76 in chips)
Seat 6: SmellyToes4u ($91 in chips)
SmellyToes4u: posts small blind $1
Brye54: posts big blind $3
*** HOLE CARDS ***
SmellyToes4u: raises $3 to $6
Brye54: calls $3
*** FLOP *** [Qc 3c 7s]
Brye54: checks
SmellyToes4u: bets $3
Brye54: calls $3
*** TURN *** [Qc 3c 7s] [5s]
Brye54: checks
SmellyToes4u: bets $6
Brye54: calls $6
*** RIVER *** [Qc 3c 7s 5s] [Th]
Brye54: checks
SmellyToes4u: bets $6
Brye54: calls $6
*** SHOW DOWN ***
SmellyToes4u: shows [Jc 7d] (a pair of Sevens)
Brye54: mucks hand
SmellyToes4u collected $41.50 from pot
*** SUMMARY ***
Total pot $42 | Rake $0.50
Board [Qc 3c 7s 5s Th]
Seat 3: Brye54 (big blind) mucked
Seat 6: SmellyToes4u (button) (small blind) showed [Jc 7d] and won ($41.50) with a pair of Sevens


PokerStars Hand #147401233468:  Hold'em Limit ($3/$6 USD) - 2016/01/20 21:23:17 ET
Table 'Minkar' 6-max Seat #3 is the button
Seat 3: Brye54 ($60.76 in chips)
Seat 6: SmellyToes4u ($111.50 in chips)
Brye54: posts small blind $1
SmellyToes4u: posts big blind $3
*** HOLE CARDS ***
Brye54: raises $3 to $6
SmellyToes4u: calls $3
*** FLOP *** [8d 5d 3c]
SmellyToes4u: checks
Brye54: bets $3
SmellyToes4u: folds
Uncalled bet ($3) returned to Brye54
Brye54 collected $11.76 from pot
Brye54: doesn't show hand
*** SUMMARY ***
Total pot $12 | Rake $0.24
Board [8d 5d 3c]
Seat 3: Brye54 (button) (small blind) collected ($11.76)
Seat 6: SmellyToes4u (big blind) folded on the Flop


PokerStars Hand #147401242698:  Hold'em Limit ($3/$6 USD) - 2016/01/20 21:23:37 ET
Table 'Minkar' 6-max Seat #3 is the button
Seat 3: Brye54 ($75.16 in chips)
Seat 6: SmellyToes4u ($96.50 in chips)
Brye54: posts small blind $1
SmellyToes4u: posts big blind $3
*** HOLE CARDS ***
Brye54: raises $3 to $6
SmellyToes4u: folds
Uncalled bet ($3) returned to Brye54
Brye54 collected $6 from pot
Brye54: doesn't show hand
*** SUMMARY ***
Total pot $6 | Rake $0
Seat 3: Brye54 (button) (small blind) collected ($6)
Seat 6: SmellyToes4u (big blind) folded before Flop


PokerStars Hand #147401238276:  Hold'em Limit ($3/$6 USD) - 2016/01/20 21:23:28 ET
Table 'Minkar' 6-max Seat #6 is the button
Seat 3: Brye54 ($66.52 in chips)
Seat 6: SmellyToes4u ($105.50 in chips)
SmellyToes4u: posts small blind $1
Brye54: posts big blind $3
*** HOLE CARDS ***
SmellyToes4u: raises $3 to $6
Brye54: calls $3
*** FLOP *** [2c 2s Qd]
Brye54: checks
SmellyToes4u: bets $3
Brye54: raises $3 to $6
SmellyToes4u: folds
Uncalled bet ($3) returned to Brye54
Brye54 collected $17.64 from pot
Brye54: doesn't show hand
*** SUMMARY ***
Total pot $18 | Rake $0.36
Board [2c 2s Qd]
Seat 3: Brye54 (big blind) collected ($17.64)
Seat 6: SmellyToes4u (button) (small blind) folded on the Flop


PokerStars Hand #147401245925:  Hold'em Limit ($3/$6 USD) - 2016/01/20 21:23:45 ET
Table 'Minkar' 6-max Seat #6 is the button
Seat 3: Brye54 ($78.16 in chips)
Seat 6: SmellyToes4u ($93.50 in chips)
SmellyToes4u: posts small blind $1
Brye54: posts big blind $3
*** HOLE CARDS ***
SmellyToes4u: raises $3 to $6
Brye54: calls $3
*** FLOP *** [7d 9d 8s]
Brye54: checks
SmellyToes4u: bets $3
Brye54: calls $3
*** TURN *** [7d 9d 8s] [8c]
Brye54: checks
SmellyToes4u: bets $6
Brye54: calls $6
*** RIVER *** [7d 9d 8s 8c] [Ks]
Brye54: checks
SmellyToes4u: bets $6
Brye54: folds
Uncalled bet ($6) returned to SmellyToes4u
SmellyToes4u collected $29.50 from pot
SmellyToes4u: doesn't show hand
*** SUMMARY ***
Total pot $30 | Rake $0.50
Board [7d 9d 8s 8c Ks]
Seat 3: Brye54 (big blind) folded on the River
Seat 6: SmellyToes4u (button) (small blind) collected ($29.50)


PokerStars Hand #147401254975:  Hold'em Limit ($3/$6 USD) - 2016/01/20 21:24:04 ET
Table 'Minkar' 6-max Seat #3 is the button
Seat 3: Brye54 ($63.16 in chips)
Seat 6: SmellyToes4u ($108 in chips)
Brye54: posts small blind $1
SmellyToes4u: posts big blind $3
*** HOLE CARDS ***
Brye54: folds
Uncalled bet ($2) returned to SmellyToes4u
SmellyToes4u collected $2 from pot
SmellyToes4u: doesn't show hand
*** SUMMARY ***
Total pot $2 | Rake $0
Seat 3: Brye54 (button) (small blind) folded before Flop
Seat 6: SmellyToes4u (big blind) collected ($2)


PokerStars Hand #147401256907:  Hold'em Limit ($3/$6 USD) - 2016/01/20 21:24:09 ET
Table 'Minkar' 6-max Seat #6 is the button
Seat 3: Brye54 ($62.16 in chips)
Seat 6: SmellyToes4u ($109 in chips)
SmellyToes4u: posts small blind $1
Brye54: posts big blind $3
*** HOLE CARDS ***
SmellyToes4u: raises $3 to $6
Brye54: calls $3
*** FLOP *** [6h Ad 3s]
Brye54: checks
SmellyToes4u: bets $3
Brye54: folds
Uncalled bet ($3) returned to SmellyToes4u
SmellyToes4u collected $11.76 from pot
SmellyToes4u: doesn't show hand
*** SUMMARY ***
Total pot $12 | Rake $0.24
Board [6h Ad 3s]
Seat 3: Brye54 (big blind) folded on the Flop
Seat 6: SmellyToes4u (button) (small blind) collected ($11.76)


PokerStars Hand #147401260750:  Hold'em Limit ($3/$6 USD) - 2016/01/20 21:24:17 ET
Table 'Minkar' 6-max Seat #3 is the button
Seat 3: Brye54 ($56.16 in chips)
Seat 6: SmellyToes4u ($114.76 in chips)
Brye54: posts small blind $1
SmellyToes4u: posts big blind $3
*** HOLE CARDS ***
Brye54: raises $3 to $6
SmellyToes4u: raises $3 to $9
Brye54: calls $3
*** FLOP *** [9s 8c 4c]
SmellyToes4u: bets $3
Brye54: raises $3 to $6
SmellyToes4u: calls $3
*** TURN *** [9s 8c 4c] [4h]
SmellyToes4u: checks
Brye54: bets $6
SmellyToes4u: calls $6
*** RIVER *** [9s 8c 4c 4h] [3c]
SmellyToes4u: checks
Brye54: bets $6
SmellyToes4u: calls $6
*** SHOW DOWN ***
Brye54: shows [7d Td] (a pair of Fours)
SmellyToes4u: shows [Th Qc] (a pair of Fours - Queen kicker)
SmellyToes4u collected $53.50 from pot
*** SUMMARY ***
Total pot $54 | Rake $0.50
Board [9s 8c 4c 4h 3c]
Seat 3: Brye54 (button) (small blind) showed [7d Td] and lost with a pair of Fours
Seat 6: SmellyToes4u (big blind) showed [Th Qc] and won ($53.50) with a pair of Fours


PokerStars Hand #147401267817:  Hold'em Limit ($3/$6 USD) - 2016/01/20 21:24:33 ET
Table 'Minkar' 6-max Seat #6 is the button
Seat 3: Brye54 ($29.16 in chips)
Seat 6: SmellyToes4u ($141.26 in chips)
SmellyToes4u: posts small blind $1
Brye54: posts big blind $3
*** HOLE CARDS ***
SmellyToes4u: raises $3 to $6
Brye54: calls $3
*** FLOP *** [9c 3s 5c]
Brye54: checks
SmellyToes4u: bets $3
Brye54: calls $3
*** TURN *** [9c 3s 5c] [Tc]
Brye54: checks
SmellyToes4u: checks
*** RIVER *** [9c 3s 5c Tc] [4s]
Brye54: bets $6
SmellyToes4u: calls $6
*** SHOW DOWN ***
Brye54: shows [2s 7d] (high card Ten)
SmellyToes4u: shows [As 6s] (high card Ace)
SmellyToes4u collected $29.50 from pot
*** SUMMARY ***
Total pot $30 | Rake $0.50
Board [9c 3s 5c Tc 4s]
Seat 3: Brye54 (big blind) showed [2s 7d] and lost with high card Ten
Seat 6: SmellyToes4u (button) (small blind) showed [As 6s] and won ($29.50) with high card Ace


PokerStars Hand #147401283110:  Hold'em Limit ($3/$6 USD) - 2016/01/20 21:25:08 ET
Table 'Minkar' 6-max Seat #6 is the button
Seat 3: Brye54 ($27.82 in chips)
Seat 6: SmellyToes4u ($141.60 in chips)
SmellyToes4u: posts small blind $1
Brye54: posts big blind $3
*** HOLE CARDS ***
SmellyToes4u: folds
Uncalled bet ($2) returned to Brye54
Brye54 collected $2 from pot
*** SUMMARY ***
Total pot $2 | Rake $0
Seat 3: Brye54 (big blind) collected ($2)
Seat 6: SmellyToes4u (button) (small blind) folded before Flop


PokerStars Hand #147401274664:  Hold'em Limit ($3/$6 USD) - 2016/01/20 21:24:49 ET
Table 'Minkar' 6-max Seat #3 is the button
Seat 3: Brye54 ($14.16 in chips)
Seat 6: SmellyToes4u ($155.76 in chips)
Brye54: posts small blind $1
SmellyToes4u: posts big blind $3
*** HOLE CARDS ***
Brye54: raises $3 to $6
SmellyToes4u: raises $3 to $9
Brye54: raises $3 to $12
Betting is capped
SmellyToes4u: calls $3
*** FLOP *** [8c 5h 5d]
SmellyToes4u: bets $3
Brye54: calls $2.16 and is all-in
Uncalled bet ($0.84) returned to SmellyToes4u
*** TURN *** [8c 5h 5d] [7c]
*** RIVER *** [8c 5h 5d 7c] [Ah]
*** SHOW DOWN ***
SmellyToes4u: shows [Qd Jc] (a pair of Fives)
Brye54: shows [6c Ac] (two pair, Aces and Fives)
Brye54 collected $27.82 from pot
*** SUMMARY ***
Total pot $28.32 | Rake $0.50
Board [8c 5h 5d 7c Ah]
Seat 3: Brye54 (button) (small blind) showed [6c Ac] and won ($27.82) with two pair, Aces and Fives
Seat 6: SmellyToes4u (big blind) showed [Qd Jc] and lost with a pair of Fives


PokerStars Hand #147401285639:  Hold'em Limit ($3/$6 USD) - 2016/01/20 21:25:14 ET
Table 'Minkar' 6-max Seat #3 is the button
Seat 3: Brye54 ($28.82 in chips)
Seat 6: SmellyToes4u ($140.60 in chips)
Brye54: posts small blind $1
SmellyToes4u: posts big blind $3
*** HOLE CARDS ***
Brye54: raises $3 to $6
SmellyToes4u: calls $3
*** FLOP *** [Js 6h Ad]
SmellyToes4u: checks
Brye54: bets $3
SmellyToes4u: folds
Uncalled bet ($3) returned to Brye54
Brye54 collected $11.76 from pot
*** SUMMARY ***
Total pot $12 | Rake $0.24
Board [Js 6h Ad]
Seat 3: Brye54 (button) (small blind) collected ($11.76)
Seat 6: SmellyToes4u (big blind) folded on the Flop


PokerStars Hand #147401290743:  Hold'em Limit ($3/$6 USD) - 2016/01/20 21:25:25 ET
Table 'Minkar' 6-max Seat #6 is the button
Seat 3: Brye54 ($34.58 in chips)
Seat 6: SmellyToes4u ($134.60 in chips)
SmellyToes4u: posts small blind $1
Brye54: posts big blind $3
*** HOLE CARDS ***
SmellyToes4u: raises $3 to $6
Brye54: calls $3
*** FLOP *** [As 2h 5h]
Brye54: checks
SmellyToes4u: bets $3
Brye54: raises $3 to $6
SmellyToes4u: calls $3
*** TURN *** [As 2h 5h] [Kd]
Brye54: bets $6
SmellyToes4u: raises $6 to $12
Brye54: calls $6
*** RIVER *** [As 2h 5h Kd] [Ad]
Brye54: checks
SmellyToes4u: bets $6
Brye54: folds
Uncalled bet ($6) returned to SmellyToes4u
SmellyToes4u collected $47.50 from pot
SmellyToes4u: doesn't show hand
*** SUMMARY ***
Total pot $48 | Rake $0.50
Board [As 2h 5h Kd Ad]
Seat 3: Brye54 (big blind) folded on the River
Seat 6: SmellyToes4u (button) (small blind) collected ($47.50)


PokerStars Hand #147401302690:  Hold'em Limit ($3/$6 USD) - 2016/01/20 21:25:51 ET
Table 'Minkar' 6-max Seat #3 is the button
Seat 3: Brye54 ($10.58 in chips)
Seat 6: SmellyToes4u ($158.10 in chips)
Brye54: posts small blind $1
SmellyToes4u: posts big blind $3
*** HOLE CARDS ***
Brye54: raises $3 to $6
SmellyToes4u: calls $3
*** FLOP *** [Ts Th 6s]
SmellyToes4u: bets $3
Brye54: raises $1.58 to $4.58 and is all-in
SmellyToes4u: calls $1.58
*** TURN *** [Ts Th 6s] [5d]
*** RIVER *** [Ts Th 6s 5d] [Qs]
*** SHOW DOWN ***
SmellyToes4u: shows [7h 4d] (a pair of Tens)
Brye54: shows [8d Td] (three of a kind, Tens)
Brye54 collected $20.74 from pot
*** SUMMARY ***
Total pot $21.16 | Rake $0.42
Board [Ts Th 6s 5d Qs]
Seat 3: Brye54 (button) (small blind) showed [8d Td] and won ($20.74) with three of a kind, Tens
Seat 6: SmellyToes4u (big blind) showed [7h 4d] and lost with a pair of Tens


PokerStars Hand #147401311566:  Hold'em Limit ($3/$6 USD) - 2016/01/20 21:26:11 ET
Table 'Minkar' 6-max Seat #6 is the button
Seat 3: Brye54 ($20.74 in chips)
Seat 6: SmellyToes4u ($147.52 in chips)
SmellyToes4u: posts small blind $1
Brye54: posts big blind $3
*** HOLE CARDS ***
SmellyToes4u: raises $3 to $6
Brye54: raises $3 to $9
SmellyToes4u: calls $3
*** FLOP *** [Kd Kc Jc]
Brye54: bets $3
SmellyToes4u: calls $3
*** TURN *** [Kd Kc Jc] [6h]
Brye54: bets $6
SmellyToes4u: raises $6 to $12
Brye54: calls $2.74 and is all-in
Uncalled bet ($3.26) returned to SmellyToes4u
*** RIVER *** [Kd Kc Jc 6h] [Js]
*** SHOW DOWN ***
Brye54: shows [Qh As] (two pair, Kings and Jacks)
SmellyToes4u: shows [Kh 7h] (a full house, Kings full of Jacks)
SmellyToes4u collected $40.98 from pot
*** SUMMARY ***
Total pot $41.48 | Rake $0.50
Board [Kd Kc Jc 6h Js]
Seat 3: Brye54 (big blind) showed [Qh As] and lost with two pair, Kings and Jacks
Seat 6: SmellyToes4u (button) (small blind) showed [Kh 7h] and won ($40.98) with a full house, Kings full of Jacks


