PokerStars Hand #153478812665:  Hold'em Limit ($3/$6 USD) - 2016/05/18 1:40:30 ET
Table 'Minnaert' 6-max Seat #6 is the button
Seat 1: LifeisagameX ($60 in chips)
Seat 6: 19woody58 ($120 in chips)
19woody58: posts small blind $1
LifeisagameX: posts big blind $3
*** HOLE CARDS ***
19woody58: calls $2
LifeisagameX: checks
*** FLOP *** [Jd 8d 6d]
LifeisagameX: checks
19woody58: checks
*** TURN *** [Jd 8d 6d] [2d]
LifeisagameX: checks
19woody58: bets $6
LifeisagameX: calls $6
*** RIVER *** [Jd 8d 6d 2d] [Td]
LifeisagameX: checks
19woody58: checks
*** SHOW DOWN ***
LifeisagameX: shows [4h 7d] (a flush, Jack high)
19woody58: mucks hand
LifeisagameX collected $17.64 from pot
*** SUMMARY ***
Total pot $18 | Rake $0.36
Board [Jd 8d 6d 2d Td]
Seat 1: LifeisagameX (big blind) showed [4h 7d] and won ($17.64) with a flush, Jack high
Seat 6: 19woody58 (button) (small blind) mucked


PokerStars Hand #153478829084:  Hold'em Limit ($3/$6 USD) - 2016/05/18 1:41:36 ET
Table 'Minnaert' 6-max Seat #6 is the button
Seat 1: LifeisagameX ($71.64 in chips)
Seat 6: 19woody58 ($108 in chips)
19woody58: posts small blind $1
LifeisagameX: posts big blind $3
*** HOLE CARDS ***
VolkovDmitri joins the table at seat #2
19woody58: calls $2
LifeisagameX: checks
*** FLOP *** [5h Js 4d]
LifeisagameX: checks
19woody58: checks
*** TURN *** [5h Js 4d] [3c]
LifeisagameX: checks
19woody58: checks
*** RIVER *** [5h Js 4d 3c] [Ad]
LifeisagameX: bets $6
19woody58: folds
Uncalled bet ($6) returned to LifeisagameX
LifeisagameX collected $5.88 from pot
*** SUMMARY ***
Total pot $6 | Rake $0.12
Board [5h Js 4d 3c Ad]
Seat 1: LifeisagameX (big blind) collected ($5.88)
Seat 6: 19woody58 (button) (small blind) folded on the River


PokerStars Hand #153478823505:  Hold'em Limit ($3/$6 USD) - 2016/05/18 1:41:14 ET
Table 'Minnaert' 6-max Seat #1 is the button
Seat 1: LifeisagameX ($68.64 in chips)
Seat 6: 19woody58 ($111 in chips)
LifeisagameX: posts small blind $1
19woody58: posts big blind $3
*** HOLE CARDS ***
LifeisagameX: raises $3 to $6
19woody58: folds
Uncalled bet ($3) returned to LifeisagameX
LifeisagameX collected $6 from pot
LifeisagameX: doesn't show hand
*** SUMMARY ***
Total pot $6 | Rake $0
Seat 1: LifeisagameX (button) (small blind) collected ($6)
Seat 6: 19woody58 (big blind) folded before Flop


PokerStars Hand #153478855088:  Hold'em Limit ($3/$6 USD) - 2016/05/18 1:43:21 ET
Table 'Minnaert' 6-max Seat #2 is the button
Seat 2: VolkovDmitri ($120 in chips)
Seat 6: 19woody58 ($128.53 in chips)
VolkovDmitri: posts small blind $1
19woody58: posts big blind $3
*** HOLE CARDS ***
VolkovDmitri: raises $3 to $6
19woody58: folds
Uncalled bet ($3) returned to VolkovDmitri
VolkovDmitri collected $6 from pot
VolkovDmitri: doesn't show hand
*** SUMMARY ***
Total pot $6 | Rake $0
Seat 2: VolkovDmitri (button) (small blind) collected ($6)
Seat 6: 19woody58 (big blind) folded before Flop


PokerStars Hand #153478857541:  Hold'em Limit ($3/$6 USD) - 2016/05/18 1:43:31 ET
Table 'Minnaert' 6-max Seat #6 is the button
Seat 2: VolkovDmitri ($123 in chips)
Seat 6: 19woody58 ($125.53 in chips)
19woody58: posts small blind $1
VolkovDmitri: posts big blind $3
*** HOLE CARDS ***
19woody58: folds
Uncalled bet ($2) returned to VolkovDmitri
VolkovDmitri collected $2 from pot
VolkovDmitri: doesn't show hand
*** SUMMARY ***
Total pot $2 | Rake $0
Seat 2: VolkovDmitri (big blind) collected ($2)
Seat 6: 19woody58 (button) (small blind) folded before Flop


PokerStars Hand #153478860030:  Hold'em Limit ($3/$6 USD) - 2016/05/18 1:43:41 ET
Table 'Minnaert' 6-max Seat #2 is the button
Seat 2: VolkovDmitri ($124 in chips)
Seat 6: 19woody58 ($124.53 in chips)
VolkovDmitri: posts small blind $1
19woody58: posts big blind $3
*** HOLE CARDS ***
VolkovDmitri: raises $3 to $6
19woody58: calls $3
*** FLOP *** [Qd 6c 5h]
19woody58: checks
VolkovDmitri: bets $3
19woody58: calls $3
*** TURN *** [Qd 6c 5h] [Jh]
19woody58: checks
VolkovDmitri: bets $6
19woody58: calls $6
*** RIVER *** [Qd 6c 5h Jh] [7s]
19woody58: checks
VolkovDmitri: bets $6
19woody58: calls $6
*** SHOW DOWN ***
VolkovDmitri: shows [Jd 2d] (a pair of Jacks)
19woody58: shows [Qs 3h] (a pair of Queens)
19woody58 collected $41.50 from pot
*** SUMMARY ***
Total pot $42 | Rake $0.50
Board [Qd 6c 5h Jh 7s]
Seat 2: VolkovDmitri (button) (small blind) showed [Jd 2d] and lost with a pair of Jacks
Seat 6: 19woody58 (big blind) showed [Qs 3h] and won ($41.50) with a pair of Queens


PokerStars Hand #153478884831:  Hold'em Limit ($3/$6 USD) - 2016/05/18 1:45:21 ET
Table 'Minnaert' 6-max Seat #2 is the button
Seat 2: VolkovDmitri ($128 in chips)
Seat 6: 19woody58 ($140.03 in chips)
VolkovDmitri: posts small blind $1
19woody58: posts big blind $3
*** HOLE CARDS ***
VolkovDmitri: folds
Uncalled bet ($2) returned to 19woody58
19woody58 collected $2 from pot
*** SUMMARY ***
Total pot $2 | Rake $0
Seat 2: VolkovDmitri (button) (small blind) folded before Flop
Seat 6: 19woody58 (big blind) collected ($2)


PokerStars Hand #153478882817:  Hold'em Limit ($3/$6 USD) - 2016/05/18 1:45:14 ET
Table 'Minnaert' 6-max Seat #6 is the button
Seat 2: VolkovDmitri ($127 in chips)
Seat 6: 19woody58 ($141.03 in chips)
19woody58: posts small blind $1
VolkovDmitri: posts big blind $3
*** HOLE CARDS ***
19woody58: folds
Uncalled bet ($2) returned to VolkovDmitri
VolkovDmitri collected $2 from pot
VolkovDmitri: doesn't show hand
*** SUMMARY ***
Total pot $2 | Rake $0
Seat 2: VolkovDmitri (big blind) collected ($2)
Seat 6: 19woody58 (button) (small blind) folded before Flop


PokerStars Hand #153478879362:  Hold'em Limit ($3/$6 USD) - 2016/05/18 1:44:59 ET
Table 'Minnaert' 6-max Seat #2 is the button
Seat 2: VolkovDmitri ($124 in chips)
Seat 6: 19woody58 ($144.03 in chips)
VolkovDmitri: posts small blind $1
19woody58: posts big blind $3
*** HOLE CARDS ***
VolkovDmitri: raises $3 to $6
19woody58: folds
Uncalled bet ($3) returned to VolkovDmitri
VolkovDmitri collected $6 from pot
VolkovDmitri: doesn't show hand
*** SUMMARY ***
Total pot $6 | Rake $0
Seat 2: VolkovDmitri (button) (small blind) collected ($6)
Seat 6: 19woody58 (big blind) folded before Flop


PokerStars Hand #153478877144:  Hold'em Limit ($3/$6 USD) - 2016/05/18 1:44:50 ET
Table 'Minnaert' 6-max Seat #6 is the button
Seat 2: VolkovDmitri ($123 in chips)
Seat 6: 19woody58 ($145.03 in chips)
19woody58: posts small blind $1
VolkovDmitri: posts big blind $3
*** HOLE CARDS ***
19woody58: folds
Uncalled bet ($2) returned to VolkovDmitri
VolkovDmitri collected $2 from pot
VolkovDmitri: doesn't show hand
*** SUMMARY ***
Total pot $2 | Rake $0
Seat 2: VolkovDmitri (big blind) collected ($2)
Seat 6: 19woody58 (button) (small blind) folded before Flop


PokerStars Hand #153478875126:  Hold'em Limit ($3/$6 USD) - 2016/05/18 1:44:42 ET
Table 'Minnaert' 6-max Seat #2 is the button
Seat 2: VolkovDmitri ($120 in chips)
Seat 6: 19woody58 ($148.03 in chips)
VolkovDmitri: posts small blind $1
19woody58: posts big blind $3
*** HOLE CARDS ***
VolkovDmitri: raises $3 to $6
19woody58: folds
Uncalled bet ($3) returned to VolkovDmitri
VolkovDmitri collected $6 from pot
VolkovDmitri: doesn't show hand
*** SUMMARY ***
Total pot $6 | Rake $0
Seat 2: VolkovDmitri (button) (small blind) collected ($6)
Seat 6: 19woody58 (big blind) folded before Flop


PokerStars Hand #153478886705:  Hold'em Limit ($3/$6 USD) - 2016/05/18 1:45:29 ET
Table 'Minnaert' 6-max Seat #6 is the button
Seat 2: VolkovDmitri ($127 in chips)
Seat 6: 19woody58 ($141.03 in chips)
19woody58: posts small blind $1
VolkovDmitri: posts big blind $3
*** HOLE CARDS ***
19woody58: raises $3 to $6
VolkovDmitri: calls $3
*** FLOP *** [Kd Ts 3h]
VolkovDmitri: bets $3
19woody58: folds
Uncalled bet ($3) returned to VolkovDmitri
VolkovDmitri collected $11.76 from pot
VolkovDmitri: doesn't show hand
*** SUMMARY ***
Total pot $12 | Rake $0.24
Board [Kd Ts 3h]
Seat 2: VolkovDmitri (big blind) collected ($11.76)
Seat 6: 19woody58 (button) (small blind) folded on the Flop


PokerStars Hand #153478905646:  Hold'em Limit ($3/$6 USD) - 2016/05/18 1:46:46 ET
Table 'Minnaert' 6-max Seat #6 is the button
Seat 2: VolkovDmitri ($147.26 in chips)
Seat 6: 19woody58 ($120.03 in chips)
19woody58: posts small blind $1
VolkovDmitri: posts big blind $3
*** HOLE CARDS ***
19woody58: folds
Uncalled bet ($2) returned to VolkovDmitri
VolkovDmitri collected $2 from pot
VolkovDmitri: doesn't show hand
*** SUMMARY ***
Total pot $2 | Rake $0
Seat 2: VolkovDmitri (big blind) collected ($2)
Seat 6: 19woody58 (button) (small blind) folded before Flop


PokerStars Hand #153478892258:  Hold'em Limit ($3/$6 USD) - 2016/05/18 1:45:52 ET
Table 'Minnaert' 6-max Seat #2 is the button
Seat 2: VolkovDmitri ($132.76 in chips)
Seat 6: 19woody58 ($135.03 in chips)
VolkovDmitri: posts small blind $1
19woody58: posts big blind $3
*** HOLE CARDS ***
VolkovDmitri: raises $3 to $6
19woody58: calls $3
*** FLOP *** [Jc Ts 6h]
19woody58: checks
VolkovDmitri: bets $3
19woody58: calls $3
*** TURN *** [Jc Ts 6h] [7d]
19woody58: checks
VolkovDmitri: bets $6
19woody58: calls $6
*** RIVER *** [Jc Ts 6h 7d] [Qc]
19woody58: checks
VolkovDmitri: bets $6
19woody58: folds
Uncalled bet ($6) returned to VolkovDmitri
VolkovDmitri collected $29.50 from pot
VolkovDmitri: doesn't show hand
*** SUMMARY ***
Total pot $30 | Rake $0.50
Board [Jc Ts 6h 7d Qc]
Seat 2: VolkovDmitri (button) (small blind) collected ($29.50)
Seat 6: 19woody58 (big blind) folded on the River


PokerStars Hand #153478920465:  Hold'em Limit ($3/$6 USD) - 2016/05/18 1:47:45 ET
Table 'Minnaert' 6-max Seat #6 is the button
Seat 2: VolkovDmitri ($168.76 in chips)
Seat 6: 19woody58 ($98.03 in chips)
19woody58: posts small blind $1
VolkovDmitri: posts big blind $3
*** HOLE CARDS ***
19woody58: raises $3 to $6
VolkovDmitri: calls $3
*** FLOP *** [6h 6s 3d]
VolkovDmitri: checks
19woody58: bets $3
VolkovDmitri: folds
Uncalled bet ($3) returned to 19woody58
19woody58 collected $11.76 from pot
*** SUMMARY ***
Total pot $12 | Rake $0.24
Board [6h 6s 3d]
Seat 2: VolkovDmitri (big blind) folded on the Flop
Seat 6: 19woody58 (button) (small blind) collected ($11.76)


PokerStars Hand #153478907324:  Hold'em Limit ($3/$6 USD) - 2016/05/18 1:46:53 ET
Table 'Minnaert' 6-max Seat #2 is the button
Seat 2: VolkovDmitri ($148.26 in chips)
Seat 6: 19woody58 ($119.03 in chips)
VolkovDmitri: posts small blind $1
19woody58: posts big blind $3
*** HOLE CARDS ***
VolkovDmitri: raises $3 to $6
19woody58: calls $3
*** FLOP *** [9c 7d 3s]
19woody58: checks
VolkovDmitri: bets $3
19woody58: calls $3
*** TURN *** [9c 7d 3s] [Ad]
19woody58: checks
VolkovDmitri: bets $6
19woody58: calls $6
*** RIVER *** [9c 7d 3s Ad] [3c]
19woody58: checks
VolkovDmitri: bets $6
19woody58: calls $6
*** SHOW DOWN ***
VolkovDmitri: shows [7s 3h] (a full house, Threes full of Sevens)
19woody58: mucks hand
VolkovDmitri collected $41.50 from pot
*** SUMMARY ***
Total pot $42 | Rake $0.50
Board [9c 7d 3s Ad 3c]
Seat 2: VolkovDmitri (button) (small blind) showed [7s 3h] and won ($41.50) with a full house, Threes full of Sevens
Seat 6: 19woody58 (big blind) mucked


PokerStars Hand #153478945840:  Hold'em Limit ($3/$6 USD) - 2016/05/18 1:49:26 ET
Table 'Minnaert' 6-max Seat #6 is the button
Seat 2: VolkovDmitri ($147.76 in chips)
Seat 6: 19woody58 ($118.29 in chips)
19woody58: posts small blind $1
VolkovDmitri: posts big blind $3
*** HOLE CARDS ***
19woody58: folds
Uncalled bet ($2) returned to VolkovDmitri
VolkovDmitri collected $2 from pot
VolkovDmitri: doesn't show hand
*** SUMMARY ***
Total pot $2 | Rake $0
Seat 2: VolkovDmitri (big blind) collected ($2)
Seat 6: 19woody58 (button) (small blind) folded before Flop


PokerStars Hand #153478944173:  Hold'em Limit ($3/$6 USD) - 2016/05/18 1:49:20 ET
Table 'Minnaert' 6-max Seat #2 is the button
Seat 2: VolkovDmitri ($148.76 in chips)
Seat 6: 19woody58 ($117.29 in chips)
VolkovDmitri: posts small blind $1
19woody58: posts big blind $3
*** HOLE CARDS ***
VolkovDmitri: folds
Uncalled bet ($2) returned to 19woody58
19woody58 collected $2 from pot
*** SUMMARY ***
Total pot $2 | Rake $0
Seat 2: VolkovDmitri (button) (small blind) folded before Flop
Seat 6: 19woody58 (big blind) collected ($2)


PokerStars Hand #153478942267:  Hold'em Limit ($3/$6 USD) - 2016/05/18 1:49:12 ET
Table 'Minnaert' 6-max Seat #6 is the button
Seat 2: VolkovDmitri ($147.76 in chips)
Seat 6: 19woody58 ($118.29 in chips)
19woody58: posts small blind $1
VolkovDmitri: posts big blind $3
*** HOLE CARDS ***
19woody58: folds
Uncalled bet ($2) returned to VolkovDmitri
VolkovDmitri collected $2 from pot
VolkovDmitri: doesn't show hand
*** SUMMARY ***
Total pot $2 | Rake $0
Seat 2: VolkovDmitri (big blind) collected ($2)
Seat 6: 19woody58 (button) (small blind) folded before Flop


PokerStars Hand #153478939192:  Hold'em Limit ($3/$6 USD) - 2016/05/18 1:48:59 ET
Table 'Minnaert' 6-max Seat #2 is the button
Seat 2: VolkovDmitri ($148.76 in chips)
Seat 6: 19woody58 ($117.29 in chips)
VolkovDmitri: posts small blind $1
19woody58: posts big blind $3
*** HOLE CARDS ***
VolkovDmitri: folds
Uncalled bet ($2) returned to 19woody58
19woody58 collected $2 from pot
*** SUMMARY ***
Total pot $2 | Rake $0
Seat 2: VolkovDmitri (button) (small blind) folded before Flop
Seat 6: 19woody58 (big blind) collected ($2)


PokerStars Hand #153478937445:  Hold'em Limit ($3/$6 USD) - 2016/05/18 1:48:52 ET
Table 'Minnaert' 6-max Seat #6 is the button
Seat 2: VolkovDmitri ($147.76 in chips)
Seat 6: 19woody58 ($118.29 in chips)
19woody58: posts small blind $1
VolkovDmitri: posts big blind $3
*** HOLE CARDS ***
19woody58: folds
Uncalled bet ($2) returned to VolkovDmitri
VolkovDmitri collected $2 from pot
VolkovDmitri: doesn't show hand
*** SUMMARY ***
Total pot $2 | Rake $0
Seat 2: VolkovDmitri (big blind) collected ($2)
Seat 6: 19woody58 (button) (small blind) folded before Flop


PokerStars Hand #153478927662:  Hold'em Limit ($3/$6 USD) - 2016/05/18 1:48:13 ET
Table 'Minnaert' 6-max Seat #2 is the button
Seat 2: VolkovDmitri ($162.76 in chips)
Seat 6: 19woody58 ($103.79 in chips)
VolkovDmitri: posts small blind $1
19woody58: posts big blind $3
*** HOLE CARDS ***
VolkovDmitri: raises $3 to $6
19woody58: calls $3
*** FLOP *** [7c 6s 2h]
19woody58: checks
VolkovDmitri: bets $3
19woody58: calls $3
*** TURN *** [7c 6s 2h] [Kd]
19woody58: checks
VolkovDmitri: bets $6
19woody58: calls $6
*** RIVER *** [7c 6s 2h Kd] [3s]
19woody58: checks
VolkovDmitri: checks
*** SHOW DOWN ***
19woody58: shows [7s Th] (a pair of Sevens)
VolkovDmitri: mucks hand
19woody58 collected $29.50 from pot
*** SUMMARY ***
Total pot $30 | Rake $0.50
Board [7c 6s 2h Kd 3s]
Seat 2: VolkovDmitri (button) (small blind) mucked
Seat 6: 19woody58 (big blind) showed [7s Th] and won ($29.50) with a pair of Sevens


PokerStars Hand #153478950456:  Hold'em Limit ($3/$6 USD) - 2016/05/18 1:49:45 ET
Table 'Minnaert' 6-max Seat #6 is the button
Seat 2: VolkovDmitri ($151.76 in chips)
Seat 6: 19woody58 ($114.29 in chips)
19woody58: posts small blind $1
VolkovDmitri: posts big blind $3
*** HOLE CARDS ***
19woody58: folds
Uncalled bet ($2) returned to VolkovDmitri
anetkaapro joins the table at seat #1
VolkovDmitri collected $2 from pot
VolkovDmitri: doesn't show hand
*** SUMMARY ***
Total pot $2 | Rake $0
Seat 2: VolkovDmitri (big blind) collected ($2)
Seat 6: 19woody58 (button) (small blind) folded before Flop


PokerStars Hand #153478947735:  Hold'em Limit ($3/$6 USD) - 2016/05/18 1:49:34 ET
Table 'Minnaert' 6-max Seat #2 is the button
Seat 2: VolkovDmitri ($148.76 in chips)
Seat 6: 19woody58 ($117.29 in chips)
VolkovDmitri: posts small blind $1
19woody58: posts big blind $3
*** HOLE CARDS ***
VolkovDmitri: raises $3 to $6
19woody58: folds
Uncalled bet ($3) returned to VolkovDmitri
VolkovDmitri collected $6 from pot
VolkovDmitri: doesn't show hand
*** SUMMARY ***
Total pot $6 | Rake $0
Seat 2: VolkovDmitri (button) (small blind) collected ($6)
Seat 6: 19woody58 (big blind) folded before Flop


PokerStars Hand #153478952520:  Hold'em Limit ($3/$6 USD) - 2016/05/18 1:49:53 ET
Table 'Minnaert' 6-max Seat #2 is the button
Seat 2: VolkovDmitri ($152.76 in chips)
Seat 6: 19woody58 ($113.29 in chips)
VolkovDmitri: posts small blind $1
19woody58: posts big blind $3
*** HOLE CARDS ***
VolkovDmitri: raises $3 to $6
19woody58: calls $3
*** FLOP *** [Jh Kh 2c]
19woody58: checks
VolkovDmitri: bets $3
19woody58: calls $3
*** TURN *** [Jh Kh 2c] [8s]
19woody58: checks
VolkovDmitri: bets $6
19woody58: calls $6
*** RIVER *** [Jh Kh 2c 8s] [Qs]
19woody58: checks
VolkovDmitri: checks
*** SHOW DOWN ***
19woody58: shows [9d Kd] (a pair of Kings)
VolkovDmitri: mucks hand
19woody58 collected $29.50 from pot
*** SUMMARY ***
Total pot $30 | Rake $0.50
Board [Jh Kh 2c 8s Qs]
Seat 2: VolkovDmitri (button) (small blind) mucked
Seat 6: 19woody58 (big blind) showed [9d Kd] and won ($29.50) with a pair of Kings


