PokerStars Hand #153727059368:  Hold'em Limit ($3/$6 USD) - 2016/05/23 9:56:48 ET
Table 'Minnaert II' 6-max Seat #4 is the button
Seat 3: BrokeJokeTim ($78.64 in chips)
Seat 4: Agrotait ($63 in chips)
Agrotait: posts small blind $1
BrokeJokeTim: posts big blind $3
*** HOLE CARDS ***
Agrotait: raises $3 to $6
BrokeJokeTim: calls $3
*** FLOP *** [Th 2h 5d]
BrokeJokeTim: checks
Agrotait: checks
*** TURN *** [Th 2h 5d] [3d]
BrokeJokeTim: checks
Agrotait: bets $6
BrokeJokeTim: folds
Uncalled bet ($6) returned to Agrotait
Agrotait collected $11.76 from pot
Agrotait: doesn't show hand
*** SUMMARY ***
Total pot $12 | Rake $0.24
Board [Th 2h 5d 3d]
Seat 3: BrokeJokeTim (big blind) folded on the Turn
Seat 4: Agrotait (button) (small blind) collected ($11.76)


PokerStars Hand #153727048855:  Hold'em Limit ($3/$6 USD) - 2016/05/23 9:56:27 ET
Table 'Minnaert II' 6-max Seat #3 is the button
Seat 3: BrokeJokeTim ($70 in chips)
Seat 4: Agrotait ($72 in chips)
BrokeJokeTim: posts small blind $1
Agrotait: posts big blind $3
*** HOLE CARDS ***
BrokeJokeTim: raises $3 to $6
Agrotait: calls $3
*** FLOP *** [4d 2c 5d]
Agrotait: checks
BrokeJokeTim: bets $3
Agrotait: calls $3
*** TURN *** [4d 2c 5d] [2h]
Agrotait: checks
BrokeJokeTim: bets $6
Agrotait: folds
Uncalled bet ($6) returned to BrokeJokeTim
BrokeJokeTim collected $17.64 from pot
*** SUMMARY ***
Total pot $18 | Rake $0.36
Board [4d 2c 5d 2h]
Seat 3: BrokeJokeTim (button) (small blind) collected ($17.64)
Seat 4: Agrotait (big blind) folded on the Turn


PokerStars Hand #153727085143:  Hold'em Limit ($3/$6 USD) - 2016/05/23 9:57:40 ET
Table 'Minnaert II' 6-max Seat #3 is the button
Seat 3: BrokeJokeTim ($52.64 in chips)
Seat 4: Agrotait ($88.26 in chips)
BrokeJokeTim: posts small blind $1
Agrotait: posts big blind $3
*** HOLE CARDS ***
BrokeJokeTim: raises $3 to $6
Agrotait: calls $3
*** FLOP *** [9s 2h Ks]
Agrotait: checks
BrokeJokeTim: checks
*** TURN *** [9s 2h Ks] [3d]
Agrotait: checks
BrokeJokeTim: checks
*** RIVER *** [9s 2h Ks 3d] [Kc]
Agrotait: bets $6
BrokeJokeTim: raises $6 to $12
Agrotait: calls $6
*** SHOW DOWN ***
BrokeJokeTim: shows [8h Jd] (a pair of Kings)
Agrotait: shows [8c 9d] (two pair, Kings and Nines)
Agrotait collected $35.50 from pot
*** SUMMARY ***
Total pot $36 | Rake $0.50
Board [9s 2h Ks 3d Kc]
Seat 3: BrokeJokeTim (button) (small blind) showed [8h Jd] and lost with a pair of Kings
Seat 4: Agrotait (big blind) showed [8c 9d] and won ($35.50) with two pair, Kings and Nines


PokerStars Hand #153727081488:  Hold'em Limit ($3/$6 USD) - 2016/05/23 9:57:33 ET
Table 'Minnaert II' 6-max Seat #4 is the button
Seat 3: BrokeJokeTim ($51.64 in chips)
Seat 4: Agrotait ($89.26 in chips)
Agrotait: posts small blind $1
BrokeJokeTim: posts big blind $3
*** HOLE CARDS ***
Agrotait: folds
Uncalled bet ($2) returned to BrokeJokeTim
BrokeJokeTim collected $2 from pot
BrokeJokeTim: doesn't show hand
*** SUMMARY ***
Total pot $2 | Rake $0
Seat 3: BrokeJokeTim (big blind) collected ($2)
Seat 4: Agrotait (button) (small blind) folded before Flop


PokerStars Hand #153727066501:  Hold'em Limit ($3/$6 USD) - 2016/05/23 9:57:03 ET
Table 'Minnaert II' 6-max Seat #3 is the button
Seat 3: BrokeJokeTim ($72.64 in chips)
Seat 4: Agrotait ($68.76 in chips)
BrokeJokeTim: posts small blind $1
Agrotait: posts big blind $3
*** HOLE CARDS ***
BrokeJokeTim: raises $3 to $6
Agrotait: calls $3
*** FLOP *** [Kh 8d Qc]
Agrotait: checks
BrokeJokeTim: bets $3
Agrotait: calls $3
*** TURN *** [Kh 8d Qc] [Qh]
Agrotait: checks
BrokeJokeTim: bets $6
Agrotait: calls $6
*** RIVER *** [Kh 8d Qc Qh] [Jh]
Agrotait: checks
BrokeJokeTim: bets $6
Agrotait: calls $6
*** SHOW DOWN ***
BrokeJokeTim: shows [Ah 3d] (a pair of Queens)
Agrotait: shows [8h Jd] (two pair, Queens and Jacks)
Agrotait collected $41.50 from pot
*** SUMMARY ***
Total pot $42 | Rake $0.50
Board [Kh 8d Qc Qh Jh]
Seat 3: BrokeJokeTim (button) (small blind) showed [Ah 3d] and lost with a pair of Queens
Seat 4: Agrotait (big blind) showed [8h Jd] and won ($41.50) with two pair, Queens and Jacks


PokerStars Hand #153727109715:  Hold'em Limit ($3/$6 USD) - 2016/05/23 9:58:30 ET
Table 'Minnaert II' 6-max Seat #3 is the button
Seat 3: BrokeJokeTim ($28.64 in chips)
Seat 4: Agrotait ($111.52 in chips)
BrokeJokeTim: posts small blind $1
Agrotait: posts big blind $3
*** HOLE CARDS ***
BrokeJokeTim: raises $3 to $6
Agrotait: raises $3 to $9
BrokeJokeTim: raises $3 to $12
Betting is capped
Agrotait: calls $3
*** FLOP *** [7s Td 6s]
Agrotait: checks
BrokeJokeTim: bets $3
Agrotait: raises $3 to $6
BrokeJokeTim: calls $3
*** TURN *** [7s Td 6s] [9h]
Agrotait: checks
BrokeJokeTim: checks
*** RIVER *** [7s Td 6s 9h] [2h]
Agrotait: bets $6
BrokeJokeTim: folds
Uncalled bet ($6) returned to Agrotait
Agrotait collected $35.50 from pot
Agrotait: doesn't show hand
*** SUMMARY ***
Total pot $36 | Rake $0.50
Board [7s Td 6s 9h 2h]
Seat 3: BrokeJokeTim (button) (small blind) folded on the River
Seat 4: Agrotait (big blind) collected ($35.50)


PokerStars Hand #153727099180:  Hold'em Limit ($3/$6 USD) - 2016/05/23 9:58:09 ET
Table 'Minnaert II' 6-max Seat #4 is the button
Seat 3: BrokeJokeTim ($34.64 in chips)
Seat 4: Agrotait ($105.76 in chips)
Agrotait: posts small blind $1
BrokeJokeTim: posts big blind $3
*** HOLE CARDS ***
Agrotait: raises $3 to $6
BrokeJokeTim: calls $3
*** FLOP *** [3h 9h 9d]
BrokeJokeTim: checks
Agrotait: checks
*** TURN *** [3h 9h 9d] [4h]
BrokeJokeTim: checks
Agrotait: checks
*** RIVER *** [3h 9h 9d 4h] [5c]
BrokeJokeTim: checks
Agrotait: checks
*** SHOW DOWN ***
BrokeJokeTim: shows [Jd Th] (a pair of Nines)
Agrotait: shows [Qh 6s] (a pair of Nines - Queen kicker)
Agrotait collected $11.76 from pot
*** SUMMARY ***
Total pot $12 | Rake $0.24
Board [3h 9h 9d 4h 5c]
Seat 3: BrokeJokeTim (big blind) showed [Jd Th] and lost with a pair of Nines
Seat 4: Agrotait (button) (small blind) showed [Qh 6s] and won ($11.76) with a pair of Nines


PokerStars Hand #153727120345:  Hold'em Limit ($3/$6 USD) - 2016/05/23 9:58:52 ET
Table 'Minnaert II' 6-max Seat #4 is the button
Seat 3: BrokeJokeTim ($10.64 in chips)
Seat 4: Agrotait ($129.02 in chips)
Agrotait: posts small blind $1
BrokeJokeTim: posts big blind $3
*** HOLE CARDS ***
Agrotait: raises $3 to $6
BrokeJokeTim: raises $3 to $9
Agrotait: raises $3 to $12
Betting is capped
BrokeJokeTim: calls $1.64 and is all-in
Uncalled bet ($1.36) returned to Agrotait
*** FLOP *** [Js 6h 5d]
*** TURN *** [Js 6h 5d] [7h]
*** RIVER *** [Js 6h 5d 7h] [Jc]
*** SHOW DOWN ***
BrokeJokeTim: shows [8d 9c] (a straight, Five to Nine)
Agrotait: shows [9d Kc] (a pair of Jacks)
BrokeJokeTim collected $20.85 from pot
*** SUMMARY ***
Total pot $21.28 | Rake $0.43
Board [Js 6h 5d 7h Jc]
Seat 3: BrokeJokeTim (big blind) showed [8d 9c] and won ($20.85) with a straight, Five to Nine
Seat 4: Agrotait (button) (small blind) showed [9d Kc] and lost with a pair of Jacks


PokerStars Hand #153727148653:  Hold'em Limit ($3/$6 USD) - 2016/05/23 9:59:46 ET
Table 'Minnaert II' 6-max Seat #3 is the button
Seat 3: BrokeJokeTim ($35.20 in chips)
Seat 4: Agrotait ($103.29 in chips)
BrokeJokeTim: posts small blind $1
Agrotait: posts big blind $3
*** HOLE CARDS ***
BrokeJokeTim: raises $3 to $6
Agrotait: raises $3 to $9
BrokeJokeTim: calls $3
*** FLOP *** [4s 6s 7c]
Agrotait: bets $3
BrokeJokeTim: raises $3 to $6
Agrotait: calls $3
*** TURN *** [4s 6s 7c] [3c]
Agrotait: checks
BrokeJokeTim: bets $6
Agrotait: folds
Uncalled bet ($6) returned to BrokeJokeTim
BrokeJokeTim collected $29.50 from pot
*** SUMMARY ***
Total pot $30 | Rake $0.50
Board [4s 6s 7c 3c]
Seat 3: BrokeJokeTim (button) (small blind) collected ($29.50)
Seat 4: Agrotait (big blind) folded on the Turn


PokerStars Hand #153727137575:  Hold'em Limit ($3/$6 USD) - 2016/05/23 9:59:26 ET
Table 'Minnaert II' 6-max Seat #4 is the button
Seat 3: BrokeJokeTim ($41.20 in chips)
Seat 4: Agrotait ($97.53 in chips)
Agrotait: posts small blind $1
BrokeJokeTim: posts big blind $3
*** HOLE CARDS ***
Agrotait: raises $3 to $6
BrokeJokeTim: calls $3
*** FLOP *** [9d 8h Qh]
BrokeJokeTim: checks
Agrotait: checks
*** TURN *** [9d 8h Qh] [3d]
BrokeJokeTim: checks
Agrotait: bets $6
BrokeJokeTim: folds
Uncalled bet ($6) returned to Agrotait
Agrotait collected $11.76 from pot
Agrotait: doesn't show hand
*** SUMMARY ***
Total pot $12 | Rake $0.24
Board [9d 8h Qh 3d]
Seat 3: BrokeJokeTim (big blind) folded on the Turn
Seat 4: Agrotait (button) (small blind) collected ($11.76)


PokerStars Hand #153727128037:  Hold'em Limit ($3/$6 USD) - 2016/05/23 9:59:07 ET
Table 'Minnaert II' 6-max Seat #3 is the button
Seat 3: BrokeJokeTim ($20.85 in chips)
Seat 4: Agrotait ($118.38 in chips)
BrokeJokeTim: posts small blind $1
Agrotait: posts big blind $3
*** HOLE CARDS ***
BrokeJokeTim: raises $3 to $6
Agrotait: calls $3
*** FLOP *** [9h 8c 4h]
Agrotait: checks
BrokeJokeTim: bets $3
Agrotait: calls $3
*** TURN *** [9h 8c 4h] [Js]
Agrotait: checks
BrokeJokeTim: bets $6
Agrotait: raises $6 to $12
BrokeJokeTim: calls $5.85 and is all-in
Uncalled bet ($0.15) returned to Agrotait
*** RIVER *** [9h 8c 4h Js] [7d]
*** SHOW DOWN ***
Agrotait: shows [Jh 3h] (a pair of Jacks)
BrokeJokeTim: shows [Td 9s] (a straight, Seven to Jack)
BrokeJokeTim collected $41.20 from pot
*** SUMMARY ***
Total pot $41.70 | Rake $0.50
Board [9h 8c 4h Js 7d]
Seat 3: BrokeJokeTim (button) (small blind) showed [Td 9s] and won ($41.20) with a straight, Seven to Jack
Seat 4: Agrotait (big blind) showed [Jh 3h] and lost with a pair of Jacks


PokerStars Hand #153727173077:  Hold'em Limit ($3/$6 USD) - 2016/05/23 10:00:34 ET
Table 'Minnaert II' 6-max Seat #3 is the button
Seat 3: BrokeJokeTim ($16.70 in chips)
Seat 4: Agrotait ($120.79 in chips)
BrokeJokeTim: posts small blind $1
Agrotait: posts big blind $3
*** HOLE CARDS ***
BrokeJokeTim: raises $3 to $6
Agrotait: raises $3 to $9
BrokeJokeTim: raises $3 to $12
Betting is capped
Agrotait: calls $3
*** FLOP *** [2h 9s Qh]
Agrotait: checks
BrokeJokeTim: bets $3
Agrotait: calls $3
*** TURN *** [2h 9s Qh] [7s]
Agrotait: checks
BrokeJokeTim: bets $1.70 and is all-in
Agrotait: calls $1.70
*** RIVER *** [2h 9s Qh 7s] [Qc]
*** SHOW DOWN ***
Agrotait: shows [As Jc] (a pair of Queens)
BrokeJokeTim: shows [5s Ad] (a pair of Queens - lower kicker)
Agrotait collected $32.90 from pot
*** SUMMARY ***
Total pot $33.40 | Rake $0.50
Board [2h 9s Qh 7s Qc]
Seat 3: BrokeJokeTim (button) (small blind) showed [5s Ad] and lost with a pair of Queens
Seat 4: Agrotait (big blind) showed [As Jc] and won ($32.90) with a pair of Queens


PokerStars Hand #153727159760:  Hold'em Limit ($3/$6 USD) - 2016/05/23 10:00:08 ET
Table 'Minnaert II' 6-max Seat #4 is the button
Seat 3: BrokeJokeTim ($49.70 in chips)
Seat 4: Agrotait ($88.29 in chips)
Agrotait: posts small blind $1
BrokeJokeTim: posts big blind $3
*** HOLE CARDS ***
Agrotait: raises $3 to $6
BrokeJokeTim: raises $3 to $9
Agrotait: calls $3
*** FLOP *** [Jh As 4d]
BrokeJokeTim: checks
Agrotait: bets $3
BrokeJokeTim: raises $3 to $6
Agrotait: raises $3 to $9
BrokeJokeTim: raises $3 to $12
Betting is capped
Agrotait: calls $3
*** TURN *** [Jh As 4d] [7d]
BrokeJokeTim: bets $6
Agrotait: calls $6
*** RIVER *** [Jh As 4d 7d] [7c]
BrokeJokeTim: bets $6
Agrotait: calls $6
*** SHOW DOWN ***
BrokeJokeTim: shows [Tc Qh] (a pair of Sevens)
Agrotait: shows [4c Ac] (two pair, Aces and Sevens)
Agrotait collected $65.50 from pot
*** SUMMARY ***
Total pot $66 | Rake $0.50
Board [Jh As 4d 7d 7c]
Seat 3: BrokeJokeTim (big blind) showed [Tc Qh] and lost with a pair of Sevens
Seat 4: Agrotait (button) (small blind) showed [4c Ac] and won ($65.50) with two pair, Aces and Sevens


