PokerStars Hand #165637535961:  Hold'em Limit ($3/$6 USD) - 2017/02/03 18:16:18 ET
Table 'Minnaert' 6-max Seat #1 is the button
Seat 1: Chessnok ($203.80 in chips)
Seat 3: Barmaley007 ($34.99 in chips)
Chessnok: posts small blind $1
Barmaley007: posts big blind $3
*** HOLE CARDS ***
Chessnok: raises $3 to $6
Barmaley007: calls $3
*** FLOP *** [4s 9d Kd]
Barmaley007: checks
Chessnok: bets $3
Barmaley007: calls $3
*** TURN *** [4s 9d Kd] [As]
Barmaley007: checks
Chessnok: bets $6
Barmaley007: calls $6
*** RIVER *** [4s 9d Kd As] [7c]
Barmaley007: checks
Chessnok: checks
*** SHOW DOWN ***
Barmaley007: shows [9c 2c] (a pair of Nines)
Chessnok: mucks hand
Barmaley007 collected $29.50 from pot
*** SUMMARY ***
Total pot $30 | Rake $0.50
Board [4s 9d Kd As 7c]
Seat 1: Chessnok (button) (small blind) mucked
Seat 3: Barmaley007 (big blind) showed [9c 2c] and won ($29.50) with a pair of Nines


PokerStars Hand #165637572795:  Hold'em Limit ($3/$6 USD) - 2017/02/03 18:17:02 ET
Table 'Minnaert' 6-max Seat #3 is the button
Seat 1: Chessnok ($188.80 in chips)
Seat 3: Barmaley007 ($49.49 in chips)
Barmaley007: posts small blind $1
Chessnok: posts big blind $3
*** HOLE CARDS ***
Barmaley007: raises $3 to $6
Chessnok: calls $3
*** FLOP *** [6d 9h Qc]
Chessnok: checks
Barmaley007: bets $3
Chessnok: raises $3 to $6
Barmaley007: calls $3
*** TURN *** [6d 9h Qc] [3h]
Chessnok: bets $6
Barmaley007: calls $6
*** RIVER *** [6d 9h Qc 3h] [7c]
Chessnok: bets $6
Barmaley007: raises $6 to $12
Chessnok: calls $6
*** SHOW DOWN ***
Barmaley007: shows [6s 7s] (two pair, Sevens and Sixes)
Chessnok: mucks hand
Barmaley007 collected $59.50 from pot
*** SUMMARY ***
Total pot $60 | Rake $0.50
Board [6d 9h Qc 3h 7c]
Seat 1: Chessnok (big blind) mucked
Seat 3: Barmaley007 (button) (small blind) showed [6s 7s] and won ($59.50) with two pair, Sevens and Sixes


PokerStars Hand #165637594844:  Hold'em Limit ($3/$6 USD) - 2017/02/03 18:17:28 ET
Table 'Minnaert' 6-max Seat #1 is the button
Seat 1: Chessnok ($158.80 in chips)
Seat 3: Barmaley007 ($78.99 in chips)
Chessnok: posts small blind $1
Barmaley007: posts big blind $3
*** HOLE CARDS ***
Chessnok: raises $3 to $6
Barmaley007: calls $3
*** FLOP *** [Ts 7s 2c]
Barmaley007: checks
Chessnok: bets $3
Barmaley007: calls $3
*** TURN *** [Ts 7s 2c] [9h]
Barmaley007: checks
Chessnok: bets $6
Barmaley007: raises $6 to $12
Chessnok: calls $6
*** RIVER *** [Ts 7s 2c 9h] [Ac]
KristinaMH joins the table at seat #4
Barmaley007: bets $6
Chessnok: raises $6 to $12
Barmaley007: calls $6
*** SHOW DOWN ***
Chessnok: shows [Ah Jc] (a pair of Aces)
Barmaley007: mucks hand
Chessnok collected $65.50 from pot
*** SUMMARY ***
Total pot $66 | Rake $0.50
Board [Ts 7s 2c 9h Ac]
Seat 1: Chessnok (button) (small blind) showed [Ah Jc] and won ($65.50) with a pair of Aces
Seat 3: Barmaley007 (big blind) mucked


