PokerStars Hand #162284270509:  Hold'em Limit ($3/$6 USD) - 2016/12/02 7:15:55 ET
Table 'Minnaert' 6-max Seat #1 is the button
Seat 1: Ilham7715 ($72 in chips)
Seat 4: Agrotait ($72 in chips)
Ilham7715: posts small blind $1
Agrotait: posts big blind $3
*** HOLE CARDS ***
Ilham7715: raises $3 to $6
Agrotait: folds
Uncalled bet ($3) returned to Ilham7715
Ilham7715 collected $6 from pot
*** SUMMARY ***
Total pot $6 | Rake $0
Seat 1: Ilham7715 (button) (small blind) collected ($6)
Seat 4: Agrotait (big blind) folded before Flop


PokerStars Hand #162284284088:  Hold'em Limit ($3/$6 USD) - 2016/12/02 7:16:20 ET
Table 'Minnaert' 6-max Seat #1 is the button
Seat 1: Ilham7715 ($76 in chips)
Seat 4: Agrotait ($68 in chips)
Ilham7715: posts small blind $1
Agrotait: posts big blind $3
*** HOLE CARDS ***
Ilham7715: calls $2
Agrotait: checks
*** FLOP *** [Ad 3c 5c]
Agrotait: bets $3
Ilham7715: folds
Uncalled bet ($3) returned to Agrotait
Agrotait collected $5.88 from pot
Agrotait: doesn't show hand
*** SUMMARY ***
Total pot $6 | Rake $0.12
Board [Ad 3c 5c]
Seat 1: Ilham7715 (button) (small blind) folded on the Flop
Seat 4: Agrotait (big blind) collected ($5.88)


PokerStars Hand #162284281217:  Hold'em Limit ($3/$6 USD) - 2016/12/02 7:16:15 ET
Table 'Minnaert' 6-max Seat #4 is the button
Seat 1: Ilham7715 ($75 in chips)
Seat 4: Agrotait ($69 in chips)
Agrotait: posts small blind $1
Ilham7715: posts big blind $3
*** HOLE CARDS ***
Agrotait: folds
Uncalled bet ($2) returned to Ilham7715
Ilham7715 collected $2 from pot
*** SUMMARY ***
Total pot $2 | Rake $0
Seat 1: Ilham7715 (big blind) collected ($2)
Seat 4: Agrotait (button) (small blind) folded before Flop


PokerStars Hand #162284301465:  Hold'em Limit ($3/$6 USD) - 2016/12/02 7:16:53 ET
Table 'Minnaert' 6-max Seat #4 is the button
Seat 1: Ilham7715 ($73 in chips)
Seat 4: Agrotait ($70.88 in chips)
Agrotait: posts small blind $1
Ilham7715: posts big blind $3
*** HOLE CARDS ***
Agrotait: raises $3 to $6
Ilham7715: folds
Uncalled bet ($3) returned to Agrotait
Agrotait collected $6 from pot
Agrotait: doesn't show hand
*** SUMMARY ***
Total pot $6 | Rake $0
Seat 1: Ilham7715 (big blind) folded before Flop
Seat 4: Agrotait (button) (small blind) collected ($6)


PokerStars Hand #162284304852:  Hold'em Limit ($3/$6 USD) - 2016/12/02 7:17:00 ET
Table 'Minnaert' 6-max Seat #1 is the button
Seat 1: Ilham7715 ($70 in chips)
Seat 4: Agrotait ($73.88 in chips)
Ilham7715: posts small blind $1
Agrotait: posts big blind $3
*** HOLE CARDS ***
Ilham7715: calls $2
Agrotait: checks
*** FLOP *** [4s Kh 2s]
Agrotait: checks
Ilham7715: bets $3
Agrotait: folds
Uncalled bet ($3) returned to Ilham7715
Ilham7715 collected $5.88 from pot
*** SUMMARY ***
Total pot $6 | Rake $0.12
Board [4s Kh 2s]
Seat 1: Ilham7715 (button) (small blind) collected ($5.88)
Seat 4: Agrotait (big blind) folded on the Flop


PokerStars Hand #162284325418:  Hold'em Limit ($3/$6 USD) - 2016/12/02 7:17:39 ET
Table 'Minnaert' 6-max Seat #4 is the button
Seat 1: Ilham7715 ($72.88 in chips)
Seat 4: Agrotait ($70.88 in chips)
Agrotait: posts small blind $1
Ilham7715: posts big blind $3
*** HOLE CARDS ***
Agrotait: raises $3 to $6
Ilham7715: calls $3
*** FLOP *** [Td Qh 5d]
Ilham7715: checks
Agrotait: bets $3
Ilham7715: calls $3
*** TURN *** [Td Qh 5d] [4c]
Ilham7715: checks
Agrotait: checks
*** RIVER *** [Td Qh 5d 4c] [4h]
Ilham7715: bets $6
Agrotait: calls $6
*** SHOW DOWN ***
Ilham7715: shows [Tc 7c] (two pair, Tens and Fours)
Agrotait: mucks hand
Ilham7715 collected $29.50 from pot
*** SUMMARY ***
Total pot $30 | Rake $0.50
Board [Td Qh 5d 4c 4h]
Seat 1: Ilham7715 (big blind) showed [Tc 7c] and won ($29.50) with two pair, Tens and Fours
Seat 4: Agrotait (button) (small blind) mucked


PokerStars Hand #162284334610:  Hold'em Limit ($3/$6 USD) - 2016/12/02 7:17:57 ET
Table 'Minnaert' 6-max Seat #1 is the button
Seat 1: Ilham7715 ($87.38 in chips)
Seat 4: Agrotait ($72 in chips)
Ilham7715: posts small blind $1
Agrotait: posts big blind $3
*** HOLE CARDS ***
Ilham7715: raises $3 to $6
Agrotait: folds
Uncalled bet ($3) returned to Ilham7715
Ilham7715 collected $6 from pot
*** SUMMARY ***
Total pot $6 | Rake $0
Seat 1: Ilham7715 (button) (small blind) collected ($6)
Seat 4: Agrotait (big blind) folded before Flop


PokerStars Hand #162284344873:  Hold'em Limit ($3/$6 USD) - 2016/12/02 7:18:16 ET
Table 'Minnaert' 6-max Seat #4 is the button
Seat 1: Ilham7715 ($90.38 in chips)
Seat 4: Agrotait ($69 in chips)
Agrotait: posts small blind $1
Ilham7715: posts big blind $3
*** HOLE CARDS ***
Agrotait: raises $3 to $6
Ilham7715: calls $3
*** FLOP *** [Qc Ac Th]
Ilham7715: checks
Agrotait: bets $3
Ilham7715: folds
Uncalled bet ($3) returned to Agrotait
Agrotait collected $11.76 from pot
Agrotait: doesn't show hand
*** SUMMARY ***
Total pot $12 | Rake $0.24
Board [Qc Ac Th]
Seat 1: Ilham7715 (big blind) folded on the Flop
Seat 4: Agrotait (button) (small blind) collected ($11.76)


PokerStars Hand #162284374934:  Hold'em Limit ($3/$6 USD) - 2016/12/02 7:19:13 ET
Table 'Minnaert' 6-max Seat #4 is the button
Seat 1: Ilham7715 ($78.38 in chips)
Seat 4: Agrotait ($80.52 in chips)
Agrotait: posts small blind $1
Ilham7715: posts big blind $3
*** HOLE CARDS ***
Agrotait: raises $3 to $6
Ilham7715: calls $3
*** FLOP *** [Th Qd 6c]
Ilham7715: checks
Agrotait: bets $3
Ilham7715: folds
Uncalled bet ($3) returned to Agrotait
Agrotait collected $11.76 from pot
Agrotait: doesn't show hand
*** SUMMARY ***
Total pot $12 | Rake $0.24
Board [Th Qd 6c]
Seat 1: Ilham7715 (big blind) folded on the Flop
Seat 4: Agrotait (button) (small blind) collected ($11.76)


PokerStars Hand #162284353149:  Hold'em Limit ($3/$6 USD) - 2016/12/02 7:18:32 ET
Table 'Minnaert' 6-max Seat #1 is the button
Seat 1: Ilham7715 ($84.38 in chips)
Seat 4: Agrotait ($74.76 in chips)
Ilham7715: posts small blind $1
Agrotait: posts big blind $3
*** HOLE CARDS ***
Ilham7715: raises $3 to $6
Agrotait: calls $3
*** FLOP *** [9h Tc Kh]
Agrotait: checks
Ilham7715: checks
*** TURN *** [9h Tc Kh] [7c]
Agrotait: bets $6
Ilham7715: folds
Uncalled bet ($6) returned to Agrotait
Agrotait collected $11.76 from pot
Agrotait: doesn't show hand
*** SUMMARY ***
Total pot $12 | Rake $0.24
Board [9h Tc Kh 7c]
Seat 1: Ilham7715 (button) (small blind) folded on the Turn
Seat 4: Agrotait (big blind) collected ($11.76)


PokerStars Hand #162284406448:  Hold'em Limit ($3/$6 USD) - 2016/12/02 7:20:12 ET
Table 'Minnaert' 6-max Seat #4 is the button
Seat 1: Ilham7715 ($63.38 in chips)
Seat 4: Agrotait ($94.92 in chips)
Agrotait: posts small blind $1
Ilham7715: posts big blind $3
*** HOLE CARDS ***
Agrotait: folds
Uncalled bet ($2) returned to Ilham7715
Ilham7715 collected $2 from pot
*** SUMMARY ***
Total pot $2 | Rake $0
Seat 1: Ilham7715 (big blind) collected ($2)
Seat 4: Agrotait (button) (small blind) folded before Flop


PokerStars Hand #162284409576:  Hold'em Limit ($3/$6 USD) - 2016/12/02 7:20:18 ET
Table 'Minnaert' 6-max Seat #1 is the button
Seat 1: Ilham7715 ($64.38 in chips)
Seat 4: Agrotait ($93.92 in chips)
Ilham7715: posts small blind $1
Agrotait: posts big blind $3
*** HOLE CARDS ***
Ilham7715: folds
Uncalled bet ($2) returned to Agrotait
Agrotait collected $2 from pot
Agrotait: doesn't show hand
*** SUMMARY ***
Total pot $2 | Rake $0
Seat 1: Ilham7715 (button) (small blind) folded before Flop
Seat 4: Agrotait (big blind) collected ($2)


PokerStars Hand #162284395602:  Hold'em Limit ($3/$6 USD) - 2016/12/02 7:19:52 ET
Table 'Minnaert' 6-max Seat #1 is the button
Seat 1: Ilham7715 ($72.38 in chips)
Seat 4: Agrotait ($86.28 in chips)
Ilham7715: posts small blind $1
Agrotait: posts big blind $3
*** HOLE CARDS ***
Ilham7715: raises $3 to $6
Agrotait: raises $3 to $9
Ilham7715: calls $3
*** FLOP *** [7d 6c 5h]
Agrotait: checks
Ilham7715: checks
*** TURN *** [7d 6c 5h] [Th]
Agrotait: checks
Ilham7715: checks
*** RIVER *** [7d 6c 5h Th] [4c]
Agrotait: bets $6
Ilham7715: folds
Uncalled bet ($6) returned to Agrotait
Agrotait collected $17.64 from pot
Agrotait: doesn't show hand
*** SUMMARY ***
Total pot $18 | Rake $0.36
Board [7d 6c 5h Th 4c]
Seat 1: Ilham7715 (button) (small blind) folded on the River
Seat 4: Agrotait (big blind) collected ($17.64)


PokerStars Hand #162284412206:  Hold'em Limit ($3/$6 USD) - 2016/12/02 7:20:23 ET
Table 'Minnaert' 6-max Seat #4 is the button
Seat 1: Ilham7715 ($63.38 in chips)
Seat 4: Agrotait ($94.92 in chips)
Agrotait: posts small blind $1
Ilham7715: posts big blind $3
*** HOLE CARDS ***
Agrotait: raises $3 to $6
Ilham7715: calls $3
*** FLOP *** [9d 5s 2h]
Ilham7715: checks
Agrotait: bets $3
Ilham7715: calls $3
*** TURN *** [9d 5s 2h] [6s]
Ilham7715: checks
Agrotait: bets $6
Ilham7715: folds
Uncalled bet ($6) returned to Agrotait
Agrotait collected $17.64 from pot
Agrotait: doesn't show hand
*** SUMMARY ***
Total pot $18 | Rake $0.36
Board [9d 5s 2h 6s]
Seat 1: Ilham7715 (big blind) folded on the Turn
Seat 4: Agrotait (button) (small blind) collected ($17.64)


PokerStars Hand #162284448139:  Hold'em Limit ($3/$6 USD) - 2016/12/02 7:21:30 ET
Table 'Minnaert' 6-max Seat #1 is the button
Seat 1: Ilham7715 ($74.54 in chips)
Seat 4: Agrotait ($82.56 in chips)
Ilham7715: posts small blind $1
Agrotait: posts big blind $3
*** HOLE CARDS ***
Ilham7715: folds
Uncalled bet ($2) returned to Agrotait
Agrotait collected $2 from pot
Agrotait: doesn't show hand
*** SUMMARY ***
Total pot $2 | Rake $0
Seat 1: Ilham7715 (button) (small blind) folded before Flop
Seat 4: Agrotait (big blind) collected ($2)


PokerStars Hand #162284450809:  Hold'em Limit ($3/$6 USD) - 2016/12/02 7:21:35 ET
Table 'Minnaert' 6-max Seat #4 is the button
Seat 1: Ilham7715 ($73.54 in chips)
Seat 4: Agrotait ($83.56 in chips)
Agrotait: posts small blind $1
Ilham7715: posts big blind $3
*** HOLE CARDS ***
Agrotait: raises $3 to $6
Ilham7715: folds
Uncalled bet ($3) returned to Agrotait
Agrotait collected $6 from pot
Agrotait: doesn't show hand
*** SUMMARY ***
Total pot $6 | Rake $0
Seat 1: Ilham7715 (big blind) folded before Flop
Seat 4: Agrotait (button) (small blind) collected ($6)


PokerStars Hand #162284428171:  Hold'em Limit ($3/$6 USD) - 2016/12/02 7:20:53 ET
Table 'Minnaert' 6-max Seat #1 is the button
Seat 1: Ilham7715 ($54.38 in chips)
Seat 4: Agrotait ($103.56 in chips)
Ilham7715: posts small blind $1
Agrotait: posts big blind $3
*** HOLE CARDS ***
Ilham7715: raises $3 to $6
Agrotait: calls $3
*** FLOP *** [7d 3d 6h]
Agrotait: checks
Ilham7715: checks
*** TURN *** [7d 3d 6h] [2h]
Agrotait: bets $6
Ilham7715: calls $6
*** RIVER *** [7d 3d 6h 2h] [Ac]
Agrotait: checks
Ilham7715: checks
*** SHOW DOWN ***
Agrotait: shows [Th 8s] (high card Ace)
Ilham7715: shows [5c Kd] (high card Ace - King kicker)
Ilham7715 collected $23.52 from pot
*** SUMMARY ***
Total pot $24 | Rake $0.48
Board [7d 3d 6h 2h Ac]
Seat 1: Ilham7715 (button) (small blind) showed [5c Kd] and won ($23.52) with high card Ace
Seat 4: Agrotait (big blind) showed [Th 8s] and lost with high card Ace


PokerStars Hand #162284442154:  Hold'em Limit ($3/$6 USD) - 2016/12/02 7:21:19 ET
Table 'Minnaert' 6-max Seat #4 is the button
Seat 1: Ilham7715 ($65.90 in chips)
Seat 4: Agrotait ($91.56 in chips)
Agrotait: posts small blind $1
Ilham7715: posts big blind $3
*** HOLE CARDS ***
Agrotait: raises $3 to $6
Ilham7715: raises $3 to $9
Agrotait: calls $3
*** FLOP *** [8c Ad 2d]
Ilham7715: bets $3
Agrotait: folds
Uncalled bet ($3) returned to Ilham7715
Ilham7715 collected $17.64 from pot
*** SUMMARY ***
Total pot $18 | Rake $0.36
Board [8c Ad 2d]
Seat 1: Ilham7715 (big blind) collected ($17.64)
Seat 4: Agrotait (button) (small blind) folded on the Flop


PokerStars Hand #162284454995:  Hold'em Limit ($3/$6 USD) - 2016/12/02 7:21:43 ET
Table 'Minnaert' 6-max Seat #1 is the button
Seat 1: Ilham7715 ($70.54 in chips)
Seat 4: Agrotait ($86.56 in chips)
Ilham7715: posts small blind $1
Agrotait: posts big blind $3
*** HOLE CARDS ***
Ilham7715: calls $2
Agrotait: checks
*** FLOP *** [Kd Qc 7s]
Agrotait: checks
Ilham7715: checks
*** TURN *** [Kd Qc 7s] [7h]
Agrotait: checks
Ilham7715: checks
*** RIVER *** [Kd Qc 7s 7h] [4c]
Agrotait: checks
Ilham7715: checks
*** SHOW DOWN ***
Agrotait: shows [5d 3s] (a pair of Sevens)
Ilham7715: shows [8d 5s] (a pair of Sevens - King+Queen+Eight kicker)
Ilham7715 collected $5.88 from pot
*** SUMMARY ***
Total pot $6 | Rake $0.12
Board [Kd Qc 7s 7h 4c]
Seat 1: Ilham7715 (button) (small blind) showed [8d 5s] and won ($5.88) with a pair of Sevens
Seat 4: Agrotait (big blind) showed [5d 3s] and lost with a pair of Sevens


PokerStars Hand #162284480553:  Hold'em Limit ($3/$6 USD) - 2016/12/02 7:22:31 ET
Table 'Minnaert' 6-max Seat #4 is the button
Seat 1: Ilham7715 ($73.42 in chips)
Seat 4: Agrotait ($83.56 in chips)
Agrotait: posts small blind $1
Ilham7715: posts big blind $3
*** HOLE CARDS ***
Agrotait: raises $3 to $6
Ilham7715: calls $3
*** FLOP *** [8d Ts Kh]
Ilham7715: checks
Agrotait: bets $3
Ilham7715: calls $3
*** TURN *** [8d Ts Kh] [5c]
Ilham7715: checks
Agrotait: bets $6
Ilham7715: folds
Uncalled bet ($6) returned to Agrotait
Agrotait collected $17.64 from pot
Agrotait: doesn't show hand
*** SUMMARY ***
Total pot $18 | Rake $0.36
Board [8d Ts Kh 5c]
Seat 1: Ilham7715 (big blind) folded on the Turn
Seat 4: Agrotait (button) (small blind) collected ($17.64)


PokerStars Hand #162284533617:  Hold'em Limit ($3/$6 USD) - 2016/12/02 7:24:10 ET
Table 'Minnaert' 6-max Seat #4 is the button
Seat 1: Ilham7715 ($55.42 in chips)
Seat 4: Agrotait ($100.84 in chips)
Agrotait: posts small blind $1
Ilham7715: posts big blind $3
*** HOLE CARDS ***
Agrotait: folds
Uncalled bet ($2) returned to Ilham7715
Ilham7715 collected $2 from pot
*** SUMMARY ***
Total pot $2 | Rake $0
Seat 1: Ilham7715 (big blind) collected ($2)
Seat 4: Agrotait (button) (small blind) folded before Flop


PokerStars Hand #162284542029:  Hold'em Limit ($3/$6 USD) - 2016/12/02 7:24:26 ET
Table 'Minnaert' 6-max Seat #4 is the button
Seat 1: Ilham7715 ($59.42 in chips)
Seat 4: Agrotait ($96.84 in chips)
Agrotait: posts small blind $1
Ilham7715: posts big blind $3
*** HOLE CARDS ***
Agrotait: folds
Uncalled bet ($2) returned to Ilham7715
Ilham7715 collected $2 from pot
*** SUMMARY ***
Total pot $2 | Rake $0
Seat 1: Ilham7715 (big blind) collected ($2)
Seat 4: Agrotait (button) (small blind) folded before Flop


PokerStars Hand #162284537313:  Hold'em Limit ($3/$6 USD) - 2016/12/02 7:24:17 ET
Table 'Minnaert' 6-max Seat #1 is the button
Seat 1: Ilham7715 ($56.42 in chips)
Seat 4: Agrotait ($99.84 in chips)
Ilham7715: posts small blind $1
Agrotait: posts big blind $3
*** HOLE CARDS ***
Ilham7715: raises $3 to $6
Agrotait: folds
Uncalled bet ($3) returned to Ilham7715
Ilham7715 collected $6 from pot
*** SUMMARY ***
Total pot $6 | Rake $0
Seat 1: Ilham7715 (button) (small blind) collected ($6)
Seat 4: Agrotait (big blind) folded before Flop


PokerStars Hand #162284512083:  Hold'em Limit ($3/$6 USD) - 2016/12/02 7:23:30 ET
Table 'Minnaert' 6-max Seat #1 is the button
Seat 1: Ilham7715 ($64.42 in chips)
Seat 4: Agrotait ($92.20 in chips)
Ilham7715: posts small blind $1
Agrotait: posts big blind $3
*** HOLE CARDS ***
Ilham7715: raises $3 to $6
Agrotait: calls $3
*** FLOP *** [Ad 9s 3c]
Agrotait: checks
Ilham7715: bets $3
Agrotait: calls $3
*** TURN *** [Ad 9s 3c] [7h]
Agrotait: checks
Ilham7715: checks
*** RIVER *** [Ad 9s 3c 7h] [Tc]
Agrotait: bets $6
Ilham7715: folds
Uncalled bet ($6) returned to Agrotait
Agrotait collected $17.64 from pot
Agrotait: doesn't show hand
*** SUMMARY ***
Total pot $18 | Rake $0.36
Board [Ad 9s 3c 7h Tc]
Seat 1: Ilham7715 (button) (small blind) folded on the River
Seat 4: Agrotait (big blind) collected ($17.64)


PokerStars Hand #162284574399:  Hold'em Limit ($3/$6 USD) - 2016/12/02 7:25:27 ET
Table 'Minnaert' 6-max Seat #1 is the button
Seat 1: Ilham7715 ($75.92 in chips)
Seat 4: Agrotait ($79.84 in chips)
Ilham7715: posts small blind $1
Agrotait: posts big blind $3
*** HOLE CARDS ***
Ilham7715: calls $2
Agrotait: checks
*** FLOP *** [8s 2d 6h]
Agrotait: bets $3
Ilham7715: folds
Uncalled bet ($3) returned to Agrotait
Agrotait collected $5.88 from pot
Agrotait: doesn't show hand
*** SUMMARY ***
Total pot $6 | Rake $0.12
Board [8s 2d 6h]
Seat 1: Ilham7715 (button) (small blind) folded on the Flop
Seat 4: Agrotait (big blind) collected ($5.88)


PokerStars Hand #162284546091:  Hold'em Limit ($3/$6 USD) - 2016/12/02 7:24:34 ET
Table 'Minnaert' 6-max Seat #1 is the button
Seat 1: Ilham7715 ($60.42 in chips)
Seat 4: Agrotait ($95.84 in chips)
Ilham7715: posts small blind $1
Agrotait: posts big blind $3
*** HOLE CARDS ***
Ilham7715: calls $2
Agrotait: raises $3 to $6
Ilham7715: calls $3
*** FLOP *** [7s Qc 8h]
Agrotait: bets $3
Ilham7715: calls $3
*** TURN *** [7s Qc 8h] [7c]
Agrotait: bets $6
Ilham7715: calls $6
*** RIVER *** [7s Qc 8h 7c] [9c]
Agrotait: checks
Ilham7715: checks
*** SHOW DOWN ***
Agrotait: shows [Ah Th] (a pair of Sevens)
Ilham7715: shows [8d Jh] (two pair, Eights and Sevens)
Ilham7715 collected $29.50 from pot
*** SUMMARY ***
Total pot $30 | Rake $0.50
Board [7s Qc 8h 7c 9c]
Seat 1: Ilham7715 (button) (small blind) showed [8d Jh] and won ($29.50) with two pair, Eights and Sevens
Seat 4: Agrotait (big blind) showed [Ah Th] and lost with a pair of Sevens


PokerStars Hand #162284571701:  Hold'em Limit ($3/$6 USD) - 2016/12/02 7:25:22 ET
Table 'Minnaert' 6-max Seat #4 is the button
Seat 1: Ilham7715 ($74.92 in chips)
Seat 4: Agrotait ($80.84 in chips)
Agrotait: posts small blind $1
Ilham7715: posts big blind $3
*** HOLE CARDS ***
Agrotait: folds
Uncalled bet ($2) returned to Ilham7715
Ilham7715 collected $2 from pot
*** SUMMARY ***
Total pot $2 | Rake $0
Seat 1: Ilham7715 (big blind) collected ($2)
Seat 4: Agrotait (button) (small blind) folded before Flop


PokerStars Hand #162284591082:  Hold'em Limit ($3/$6 USD) - 2016/12/02 7:25:58 ET
Table 'Minnaert' 6-max Seat #4 is the button
Seat 1: Ilham7715 ($72.92 in chips)
Seat 4: Agrotait ($82.72 in chips)
Agrotait: posts small blind $1
Ilham7715: posts big blind $3
*** HOLE CARDS ***
Agrotait: raises $3 to $6
Ilham7715: raises $3 to $9
Agrotait: calls $3
*** FLOP *** [Ad 4c As]
Ilham7715: bets $3
Agrotait: calls $3
*** TURN *** [Ad 4c As] [4d]
Ilham7715: bets $6
Agrotait: folds
Uncalled bet ($6) returned to Ilham7715
Ilham7715 collected $23.52 from pot
*** SUMMARY ***
Total pot $24 | Rake $0.48
Board [Ad 4c As 4d]
Seat 1: Ilham7715 (big blind) collected ($23.52)
Seat 4: Agrotait (button) (small blind) folded on the Turn


PokerStars Hand #162284608254:  Hold'em Limit ($3/$6 USD) - 2016/12/02 7:26:30 ET
Table 'Minnaert' 6-max Seat #1 is the button
Seat 1: Ilham7715 ($84.44 in chips)
Seat 4: Agrotait ($70.72 in chips)
Ilham7715: posts small blind $1
Agrotait: posts big blind $3
*** HOLE CARDS ***
Ilham7715: calls $2
Agrotait: checks
*** FLOP *** [Ad 3c Td]
Agrotait: bets $3
Ilham7715: calls $3
*** TURN *** [Ad 3c Td] [Th]
Agrotait: bets $6
Ilham7715: raises $6 to $12
Agrotait: calls $6
*** RIVER *** [Ad 3c Td Th] [Qh]
Agrotait: checks
Ilham7715: bets $6
Agrotait: raises $6 to $12
Ilham7715: raises $6 to $18
Agrotait: calls $6
*** SHOW DOWN ***
Ilham7715: shows [3s 3d] (a full house, Threes full of Tens)
Agrotait: mucks hand
Ilham7715 collected $71.50 from pot
*** SUMMARY ***
Total pot $72 | Rake $0.50
Board [Ad 3c Td Th Qh]
Seat 1: Ilham7715 (button) (small blind) showed [3s 3d] and won ($71.50) with a full house, Threes full of Tens
Seat 4: Agrotait (big blind) mucked


PokerStars Hand #162284636124:  Hold'em Limit ($3/$6 USD) - 2016/12/02 7:27:22 ET
Table 'Minnaert' 6-max Seat #4 is the button
Seat 1: Ilham7715 ($119.94 in chips)
Seat 4: Agrotait ($72 in chips)
Agrotait: posts small blind $1
Ilham7715: posts big blind $3
*** HOLE CARDS ***
Agrotait: folds
Uncalled bet ($2) returned to Ilham7715
Ilham7715 collected $2 from pot
*** SUMMARY ***
Total pot $2 | Rake $0
Seat 1: Ilham7715 (big blind) collected ($2)
Seat 4: Agrotait (button) (small blind) folded before Flop


PokerStars Hand #162284666273:  Hold'em Limit ($3/$6 USD) - 2016/12/02 7:28:19 ET
Table 'Minnaert' 6-max Seat #4 is the button
Seat 1: Ilham7715 ($102.94 in chips)
Seat 4: Agrotait ($88.50 in chips)
Agrotait: posts small blind $1
Ilham7715: posts big blind $3
*** HOLE CARDS ***
Agrotait: raises $3 to $6
Ilham7715: raises $3 to $9
Agrotait: calls $3
*** FLOP *** [Js 2d 9h]
Ilham7715: bets $3
Agrotait: calls $3
*** TURN *** [Js 2d 9h] [7d]
Ilham7715: bets $6
Agrotait: calls $6
*** RIVER *** [Js 2d 9h 7d] [8c]
Ilham7715: bets $6
Agrotait: raises $6 to $12
Ilham7715: calls $6
*** SHOW DOWN ***
Agrotait: shows [Td Kd] (a straight, Seven to Jack)
Ilham7715: shows [Jh Ts] (a straight, Seven to Jack)
Ilham7715 collected $29.75 from pot
Agrotait collected $29.75 from pot
*** SUMMARY ***
Total pot $60 | Rake $0.50
Board [Js 2d 9h 7d 8c]
Seat 1: Ilham7715 (big blind) showed [Jh Ts] and won ($29.75) with a straight, Seven to Jack
Seat 4: Agrotait (button) (small blind) showed [Td Kd] and won ($29.75) with a straight, Seven to Jack


PokerStars Hand #162284638934:  Hold'em Limit ($3/$6 USD) - 2016/12/02 7:27:27 ET
Table 'Minnaert' 6-max Seat #1 is the button
Seat 1: Ilham7715 ($120.94 in chips)
Seat 4: Agrotait ($71 in chips)
Ilham7715: posts small blind $1
Agrotait: posts big blind $3
*** HOLE CARDS ***
kolaz03 joins the table at seat #2
Ilham7715: raises $3 to $6
Agrotait: calls $3
*** FLOP *** [4h 6d Qs]
Agrotait: checks
Ilham7715: checks
*** TURN *** [4h 6d Qs] [Qd]
Agrotait: bets $6
Ilham7715: calls $6
*** RIVER *** [4h 6d Qs Qd] [Ks]
Agrotait: bets $6
Ilham7715: calls $6
*** SHOW DOWN ***
Agrotait: shows [Qc 7d] (three of a kind, Queens)
Ilham7715: mucks hand
Agrotait collected $35.50 from pot
*** SUMMARY ***
Total pot $36 | Rake $0.50
Board [4h 6d Qs Qd Ks]
Seat 1: Ilham7715 (button) (small blind) mucked
Seat 4: Agrotait (big blind) showed [Qc 7d] and won ($35.50) with three of a kind, Queens


PokerStars Hand #162285310959:  Hold'em Limit ($3/$6 USD) - 2016/12/02 7:48:08 ET
Table 'Minnaert' 6-max Seat #3 is the button
Seat 3: WillemDuit ($93.85 in chips)
Seat 4: Agrotait ($67 in chips)
WillemDuit: posts small blind $1
Agrotait: posts big blind $3
*** HOLE CARDS ***
WillemDuit: raises $3 to $6
Agrotait: calls $3
*** FLOP *** [9h Kh Js]
Agrotait: checks
WillemDuit: checks
*** TURN *** [9h Kh Js] [7h]
Agrotait: bets $6
WillemDuit: folds
Uncalled bet ($6) returned to Agrotait
Agrotait collected $11.76 from pot
Agrotait: doesn't show hand
*** SUMMARY ***
Total pot $12 | Rake $0.24
Board [9h Kh Js 7h]
Seat 3: WillemDuit (button) (small blind) folded on the Turn
Seat 4: Agrotait (big blind) collected ($11.76)


PokerStars Hand #162285330134:  Hold'em Limit ($3/$6 USD) - 2016/12/02 7:48:42 ET
Table 'Minnaert' 6-max Seat #4 is the button
Seat 3: WillemDuit ($83.85 in chips)
Seat 4: Agrotait ($76.76 in chips)
Agrotait: posts small blind $1
WillemDuit: posts big blind $3
*** HOLE CARDS ***
Agrotait: folds
Uncalled bet ($2) returned to WillemDuit
WillemDuit collected $2 from pot
WillemDuit: doesn't show hand
*** SUMMARY ***
Total pot $2 | Rake $0
Seat 3: WillemDuit (big blind) collected ($2)
Seat 4: Agrotait (button) (small blind) folded before Flop


PokerStars Hand #162285306481:  Hold'em Limit ($3/$6 USD) - 2016/12/02 7:48:00 ET
Table 'Minnaert' 6-max Seat #4 is the button
Seat 3: WillemDuit ($96.85 in chips)
Seat 4: Agrotait ($64 in chips)
Agrotait: posts small blind $1
WillemDuit: posts big blind $3
*** HOLE CARDS ***
Agrotait: raises $3 to $6
WillemDuit: folds
Uncalled bet ($3) returned to Agrotait
Agrotait collected $6 from pot
Agrotait: doesn't show hand
*** SUMMARY ***
Total pot $6 | Rake $0
Seat 3: WillemDuit (big blind) folded before Flop
Seat 4: Agrotait (button) (small blind) collected ($6)


PokerStars Hand #162285321646:  Hold'em Limit ($3/$6 USD) - 2016/12/02 7:48:27 ET
Table 'Minnaert' 6-max Seat #4 is the button
Seat 3: WillemDuit ($87.85 in chips)
Seat 4: Agrotait ($72.76 in chips)
Agrotait: posts small blind $1
WillemDuit: posts big blind $3
*** HOLE CARDS ***
Agrotait: raises $3 to $6
WillemDuit: folds
Uncalled bet ($3) returned to Agrotait
Agrotait collected $6 from pot
Agrotait: doesn't show hand
*** SUMMARY ***
Total pot $6 | Rake $0
Seat 3: WillemDuit (big blind) folded before Flop
Seat 4: Agrotait (button) (small blind) collected ($6)


PokerStars Hand #162285332812:  Hold'em Limit ($3/$6 USD) - 2016/12/02 7:48:47 ET
Table 'Minnaert' 6-max Seat #3 is the button
Seat 3: WillemDuit ($84.85 in chips)
Seat 4: Agrotait ($75.76 in chips)
WillemDuit: posts small blind $1
Agrotait: posts big blind $3
*** HOLE CARDS ***
WillemDuit: raises $3 to $6
Agrotait: calls $3
*** FLOP *** [Jc 7h Qh]
Agrotait: bets $3
WillemDuit: folds
Uncalled bet ($3) returned to Agrotait
Agrotait collected $11.76 from pot
Agrotait: doesn't show hand
*** SUMMARY ***
Total pot $12 | Rake $0.24
Board [Jc 7h Qh]
Seat 3: WillemDuit (button) (small blind) folded on the Flop
Seat 4: Agrotait (big blind) collected ($11.76)


PokerStars Hand #162285326114:  Hold'em Limit ($3/$6 USD) - 2016/12/02 7:48:35 ET
Table 'Minnaert' 6-max Seat #3 is the button
Seat 3: WillemDuit ($84.85 in chips)
Seat 4: Agrotait ($75.76 in chips)
WillemDuit: posts small blind $1
Agrotait: posts big blind $3
*** HOLE CARDS ***
WillemDuit: folds
Uncalled bet ($2) returned to Agrotait
Agrotait collected $2 from pot
Agrotait: doesn't show hand
*** SUMMARY ***
Total pot $2 | Rake $0
Seat 3: WillemDuit (button) (small blind) folded before Flop
Seat 4: Agrotait (big blind) collected ($2)


PokerStars Hand #162285347569:  Hold'em Limit ($3/$6 USD) - 2016/12/02 7:49:14 ET
Table 'Minnaert' 6-max Seat #3 is the button
Seat 3: WillemDuit ($75.85 in chips)
Seat 4: Agrotait ($84.52 in chips)
WillemDuit: posts small blind $1
Agrotait: posts big blind $3
*** HOLE CARDS ***
vestimokrec joins the table at seat #5
WillemDuit: raises $3 to $6
zeldar joins the table at seat #2
Agrotait: folds
Uncalled bet ($3) returned to WillemDuit
WillemDuit collected $6 from pot
WillemDuit: doesn't show hand
*** SUMMARY ***
Total pot $6 | Rake $0
Seat 3: WillemDuit (button) (small blind) collected ($6)
Seat 4: Agrotait (big blind) folded before Flop


PokerStars Hand #162285342214:  Hold'em Limit ($3/$6 USD) - 2016/12/02 7:49:04 ET
Table 'Minnaert' 6-max Seat #4 is the button
Seat 3: WillemDuit ($78.85 in chips)
Seat 4: Agrotait ($81.52 in chips)
Agrotait: posts small blind $1
WillemDuit: posts big blind $3
*** HOLE CARDS ***
Agrotait: raises $3 to $6
WillemDuit: folds
Uncalled bet ($3) returned to Agrotait
Agrotait collected $6 from pot
Agrotait: doesn't show hand
*** SUMMARY ***
Total pot $6 | Rake $0
Seat 3: WillemDuit (big blind) folded before Flop
Seat 4: Agrotait (button) (small blind) collected ($6)


PokerStars Hand #162285915862:  Hold'em Limit ($3/$6 USD) - 2016/12/02 8:06:54 ET
Table 'Minnaert' 6-max Seat #5 is the button
Seat 2: zeldar ($67.06 in chips)
Seat 5: vestimokrec ($164.43 in chips)
vestimokrec: posts small blind $1
kub1k27401 is disconnected
kub1k27401 has timed out while disconnected
kub1k27401: is sitting out
zeldar: posts big blind $3
*** HOLE CARDS ***
vestimokrec: raises $3 to $6
zeldar: calls $3
*** FLOP *** [Jh 7s 7d]
zeldar: checks
vestimokrec: bets $3
zeldar: folds
Uncalled bet ($3) returned to vestimokrec
zeldar leaves the table
vestimokrec collected $11.76 from pot
vestimokrec: doesn't show hand
*** SUMMARY ***
Total pot $12 | Rake $0.24
Board [Jh 7s 7d]
Seat 2: zeldar (big blind) folded on the Flop
Seat 5: vestimokrec (button) (small blind) collected ($11.76)


