PokerStars Hand #169736362199:  Hold'em Limit ($3/$6 USD) - 2017/04/29 18:18:15 ET
Table 'Minnaert' 10-max Seat #5 is the button
Seat 5: simper11 ($120 in chips)
Seat 6: leungting684 ($120 in chips)
simper11: posts small blind $1
leungting684: posts big blind $3
*** HOLE CARDS ***
simper11: raises $3 to $6
leungting684: calls $3
*** FLOP *** [6c Jh Ad]
leungting684: bets $3
simper11: raises $3 to $6
leungting684: calls $3
*** TURN *** [6c Jh Ad] [9h]
leungting684: checks
simper11: bets $6
leungting684: calls $6
*** RIVER *** [6c Jh Ad 9h] [3c]
leungting684: checks
simper11: bets $6
leungting684: calls $6
GoliafUa joins the table at seat #7
*** SHOW DOWN ***
simper11: shows [As 6s] (two pair, Aces and Sixes)
leungting684: mucks hand
simper11 collected $47.50 from pot
*** SUMMARY ***
Total pot $48 | Rake $0.50
Board [6c Jh Ad 9h 3c]
Seat 5: simper11 (button) (small blind) showed [As 6s] and won ($47.50) with two pair, Aces and Sixes
Seat 6: leungting684 (big blind) mucked


