PokerStars Hand #164633951508:  Hold'em Limit ($3/$6 USD) - 2017/01/15 15:32:48 ET
Table 'Mintaka' 6-max Seat #5 is the button
Seat 3: Chessnok ($97.25 in chips)
Seat 5: Great_Kang ($145.21 in chips)
Great_Kang: posts small blind $1
rascal_319: is sitting out
Chessnok: posts big blind $3
*** HOLE CARDS ***
Great_Kang: raises $3 to $6
Chessnok: folds
Uncalled bet ($3) returned to Great_Kang
Great_Kang collected $6 from pot
Great_Kang: doesn't show hand
*** SUMMARY ***
Total pot $6 | Rake $0
Seat 3: Chessnok (big blind) folded before Flop
Seat 5: Great_Kang (button) (small blind) collected ($6)


PokerStars Hand #164633973469:  Hold'em Limit ($3/$6 USD) - 2017/01/15 15:33:07 ET
Table 'Mintaka' 6-max Seat #3 is the button
Seat 3: Chessnok ($94.25 in chips)
Seat 5: Great_Kang ($148.21 in chips)
Chessnok: posts small blind $1
Great_Kang: posts big blind $3
*** HOLE CARDS ***
Chessnok: raises $3 to $6
Great_Kang: calls $3
*** FLOP *** [3c 9s Td]
Great_Kang: checks
Chessnok: bets $3
Great_Kang: calls $3
*** TURN *** [3c 9s Td] [4d]
Great_Kang: checks
Chessnok: bets $6
Great_Kang: folds
Uncalled bet ($6) returned to Chessnok
Chessnok collected $17.64 from pot
Chessnok: doesn't show hand
*** SUMMARY ***
Total pot $18 | Rake $0.36
Board [3c 9s Td 4d]
Seat 3: Chessnok (button) (small blind) collected ($17.64)
Seat 5: Great_Kang (big blind) folded on the Turn


