PokerStars Hand #166760633425:  Hold'em Limit ($3/$6 USD) - 2017/02/25 14:02:12 ET
Table 'Mirach II' 6-max Seat #6 is the button
Seat 5: Chessnok ($130.74 in chips)
Seat 6: bolbess ($81.32 in chips)
bolbess: posts small blind $1
Velbor107: is sitting out
Chessnok: posts big blind $3
*** HOLE CARDS ***
bolbess: raises $3 to $6
Chessnok: folds
Uncalled bet ($3) returned to bolbess
Velbor107 leaves the table
bolbess collected $6 from pot
bolbess: doesn't show hand
*** SUMMARY ***
Total pot $6 | Rake $0
Seat 5: Chessnok (big blind) folded before Flop
Seat 6: bolbess (button) (small blind) collected ($6)


PokerStars Hand #166760639132:  Hold'em Limit ($3/$6 USD) - 2017/02/25 14:02:19 ET
Table 'Mirach II' 6-max Seat #5 is the button
Seat 5: Chessnok ($127.74 in chips)
Seat 6: bolbess ($84.32 in chips)
Chessnok: posts small blind $1
bolbess: posts big blind $3
*** HOLE CARDS ***
Chessnok: raises $3 to $6
bolbess: calls $3
*** FLOP *** [Ad 6s Th]
bolbess: checks
Chessnok: bets $3
bolbess: calls $3
*** TURN *** [Ad 6s Th] [Js]
bolbess: checks
Chessnok: bets $6
bolbess: folds
Uncalled bet ($6) returned to Chessnok
Chessnok collected $17.64 from pot
Chessnok: doesn't show hand
*** SUMMARY ***
Total pot $18 | Rake $0.36
Board [Ad 6s Th Js]
Seat 5: Chessnok (button) (small blind) collected ($17.64)
Seat 6: bolbess (big blind) folded on the Turn


PokerStars Hand #166760651287:  Hold'em Limit ($3/$6 USD) - 2017/02/25 14:02:34 ET
Table 'Mirach II' 6-max Seat #6 is the button
Seat 5: Chessnok ($136.38 in chips)
Seat 6: bolbess ($75.32 in chips)
bolbess: posts small blind $1
Chessnok: posts big blind $3
*** HOLE CARDS ***
bolbess: raises $3 to $6
Chessnok: calls $3
*** FLOP *** [3s Ad 7h]
Chessnok: bets $3
bolbess: raises $3 to $6
Chessnok: folds
Uncalled bet ($3) returned to bolbess
bolbess collected $17.64 from pot
bolbess: doesn't show hand
*** SUMMARY ***
Total pot $18 | Rake $0.36
Board [3s Ad 7h]
Seat 5: Chessnok (big blind) folded on the Flop
Seat 6: bolbess (button) (small blind) collected ($17.64)


PokerStars Hand #166760661248:  Hold'em Limit ($3/$6 USD) - 2017/02/25 14:02:45 ET
Table 'Mirach II' 6-max Seat #5 is the button
Seat 5: Chessnok ($127.38 in chips)
Seat 6: bolbess ($83.96 in chips)
Chessnok: posts small blind $1
bolbess: posts big blind $3
*** HOLE CARDS ***
Chessnok: raises $3 to $6
bolbess: calls $3
*** FLOP *** [7s Qd Td]
bolbess: checks
Chessnok: checks
*** TURN *** [7s Qd Td] [6s]
bolbess: bets $6
Chessnok: calls $6
*** RIVER *** [7s Qd Td 6s] [Kh]
bolbess: bets $6
Chessnok: raises $6 to $12
bolbess: folds
Uncalled bet ($6) returned to Chessnok
Chessnok collected $35.50 from pot
Chessnok: doesn't show hand
*** SUMMARY ***
Total pot $36 | Rake $0.50
Board [7s Qd Td 6s Kh]
Seat 5: Chessnok (button) (small blind) collected ($35.50)
Seat 6: bolbess (big blind) folded on the River


PokerStars Hand #166760692632:  Hold'em Limit ($3/$6 USD) - 2017/02/25 14:03:18 ET
Table 'Mirach II' 6-max Seat #6 is the button
Seat 5: Chessnok ($148.88 in chips)
Seat 6: bolbess ($61.96 in chips)
bolbess: posts small blind $1
Chessnok: posts big blind $3
*** HOLE CARDS ***
bolbess: raises $3 to $6
Chessnok: calls $3
*** FLOP *** [8c Td 9h]
Chessnok: checks
bolbess: bets $3
Chessnok: calls $3
*** TURN *** [8c Td 9h] [2h]
Chessnok: checks
bolbess: bets $6
Chessnok: calls $6
*** RIVER *** [8c Td 9h 2h] [4d]
Chessnok: checks
bolbess: checks
*** SHOW DOWN ***
Chessnok: shows [Ah Js] (high card Ace)
bolbess: shows [2d 7c] (a pair of Deuces)
bolbess collected $29.50 from pot
*** SUMMARY ***
Total pot $30 | Rake $0.50
Board [8c Td 9h 2h 4d]
Seat 5: Chessnok (big blind) showed [Ah Js] and lost with high card Ace
Seat 6: bolbess (button) (small blind) showed [2d 7c] and won ($29.50) with a pair of Deuces


PokerStars Hand #166760687036:  Hold'em Limit ($3/$6 USD) - 2017/02/25 14:03:11 ET
Table 'Mirach II' 6-max Seat #5 is the button
Seat 5: Chessnok ($145.88 in chips)
Seat 6: bolbess ($64.96 in chips)
Chessnok: posts small blind $1
bolbess: posts big blind $3
*** HOLE CARDS ***
Chessnok: raises $3 to $6
bolbess: folds
Uncalled bet ($3) returned to Chessnok
Chessnok collected $6 from pot
Chessnok: doesn't show hand
*** SUMMARY ***
Total pot $6 | Rake $0
Seat 5: Chessnok (button) (small blind) collected ($6)
Seat 6: bolbess (big blind) folded before Flop


PokerStars Hand #166760680033:  Hold'em Limit ($3/$6 USD) - 2017/02/25 14:03:06 ET
Table 'Mirach II' 6-max Seat #6 is the button
Seat 5: Chessnok ($144.88 in chips)
Seat 6: bolbess ($65.96 in chips)
bolbess: posts small blind $1
Chessnok: posts big blind $3
*** HOLE CARDS ***
bolbess: folds
Uncalled bet ($2) returned to Chessnok
Chessnok collected $2 from pot
Chessnok: doesn't show hand
*** SUMMARY ***
Total pot $2 | Rake $0
Seat 5: Chessnok (big blind) collected ($2)
Seat 6: bolbess (button) (small blind) folded before Flop


PokerStars Hand #166760709455:  Hold'em Limit ($3/$6 USD) - 2017/02/25 14:03:37 ET
Table 'Mirach II' 6-max Seat #5 is the button
Seat 5: Chessnok ($133.88 in chips)
Seat 6: bolbess ($76.46 in chips)
Chessnok: posts small blind $1
bolbess: posts big blind $3
*** HOLE CARDS ***
Chessnok: raises $3 to $6
bolbess: calls $3
*** FLOP *** [5d 6d 3d]
bolbess: checks
Chessnok: bets $3
bolbess: raises $3 to $6
Chessnok: calls $3
*** TURN *** [5d 6d 3d] [Jh]
bolbess: checks
Chessnok: bets $6
bolbess: raises $6 to $12
Chessnok: calls $6
*** RIVER *** [5d 6d 3d Jh] [4d]
bolbess: bets $6
Chessnok: calls $6
*** SHOW DOWN ***
bolbess: shows [Ts 5c] (a pair of Fives)
Chessnok: shows [5s Qd] (a flush, Queen high)
Chessnok collected $59.50 from pot
*** SUMMARY ***
Total pot $60 | Rake $0.50
Board [5d 6d 3d Jh 4d]
Seat 5: Chessnok (button) (small blind) showed [5s Qd] and won ($59.50) with a flush, Queen high
Seat 6: bolbess (big blind) showed [Ts 5c] and lost with a pair of Fives


PokerStars Hand #166760730232:  Hold'em Limit ($3/$6 USD) - 2017/02/25 14:04:00 ET
Table 'Mirach II' 6-max Seat #6 is the button
Seat 5: Chessnok ($163.38 in chips)
Seat 6: bolbess ($46.46 in chips)
bolbess: posts small blind $1
Chessnok: posts big blind $3
*** HOLE CARDS ***
bolbess: folds
Uncalled bet ($2) returned to Chessnok
Chessnok collected $2 from pot
Chessnok: doesn't show hand
*** SUMMARY ***
Total pot $2 | Rake $0
Seat 5: Chessnok (big blind) collected ($2)
Seat 6: bolbess (button) (small blind) folded before Flop


PokerStars Hand #166760752932:  Hold'em Limit ($3/$6 USD) - 2017/02/25 14:04:25 ET
Table 'Mirach II' 6-max Seat #6 is the button
Seat 5: Chessnok ($164.13 in chips)
Seat 6: bolbess ($45.21 in chips)
bolbess: posts small blind $1
Chessnok: posts big blind $3
*** HOLE CARDS ***
bolbess: raises $3 to $6
Chessnok: calls $3
*** FLOP *** [Qd 9h 4h]
Chessnok: checks
bolbess: bets $3
Chessnok: raises $3 to $6
bolbess: calls $3
*** TURN *** [Qd 9h 4h] [8c]
Chessnok: bets $6
bolbess: calls $6
*** RIVER *** [Qd 9h 4h 8c] [7s]
Chessnok: checks
bolbess: checks
*** SHOW DOWN ***
Chessnok: shows [Kh 4c] (a pair of Fours)
bolbess: shows [Ac 8h] (a pair of Eights)
bolbess collected $35.50 from pot
*** SUMMARY ***
Total pot $36 | Rake $0.50
Board [Qd 9h 4h 8c 7s]
Seat 5: Chessnok (big blind) showed [Kh 4c] and lost with a pair of Fours
Seat 6: bolbess (button) (small blind) showed [Ac 8h] and won ($35.50) with a pair of Eights


PokerStars Hand #166760735131:  Hold'em Limit ($3/$6 USD) - 2017/02/25 14:04:06 ET
Table 'Mirach II' 6-max Seat #5 is the button
Seat 5: Chessnok ($164.38 in chips)
Seat 6: bolbess ($45.46 in chips)
Chessnok: posts small blind $1
bolbess: posts big blind $3
*** HOLE CARDS ***
Chessnok: raises $3 to $6
bolbess: raises $3 to $9
Chessnok: calls $3
*** FLOP *** [Ah 7h Qs]
bolbess: bets $3
Chessnok: calls $3
*** TURN *** [Ah 7h Qs] [Qd]
bolbess: checks
Chessnok: bets $6
bolbess: calls $6
*** RIVER *** [Ah 7h Qs Qd] [Kc]
bolbess: checks
Chessnok: bets $6
bolbess: calls $6
*** SHOW DOWN ***
Chessnok: shows [3c As] (two pair, Aces and Queens)
bolbess: shows [5s Ad] (two pair, Aces and Queens)
bolbess collected $23.75 from pot
Chessnok collected $23.75 from pot
*** SUMMARY ***
Total pot $48 | Rake $0.50
Board [Ah 7h Qs Qd Kc]
Seat 5: Chessnok (button) (small blind) showed [3c As] and won ($23.75) with two pair, Aces and Queens
Seat 6: bolbess (big blind) showed [5s Ad] and won ($23.75) with two pair, Aces and Queens


PokerStars Hand #166760767230:  Hold'em Limit ($3/$6 USD) - 2017/02/25 14:04:41 ET
Table 'Mirach II' 6-max Seat #5 is the button
Seat 5: Chessnok ($146.13 in chips)
Seat 6: bolbess ($62.71 in chips)
Chessnok: posts small blind $1
bolbess: posts big blind $3
*** HOLE CARDS ***
Chessnok: raises $3 to $6
bolbess: calls $3
*** FLOP *** [Tc 5h Qc]
bolbess: bets $3
Chessnok: calls $3
*** TURN *** [Tc 5h Qc] [5s]
bolbess: bets $6
Chessnok: raises $6 to $12
bolbess: calls $6
*** RIVER *** [Tc 5h Qc 5s] [4d]
bolbess: checks
Chessnok: bets $6
bolbess: calls $6
*** SHOW DOWN ***
Chessnok: shows [Qs 7d] (two pair, Queens and Fives)
bolbess: mucks hand
Chessnok collected $53.50 from pot
*** SUMMARY ***
Total pot $54 | Rake $0.50
Board [Tc 5h Qc 5s 4d]
Seat 5: Chessnok (button) (small blind) showed [Qs 7d] and won ($53.50) with two pair, Queens and Fives
Seat 6: bolbess (big blind) mucked


PokerStars Hand #166760782592:  Hold'em Limit ($3/$6 USD) - 2017/02/25 14:04:57 ET
Table 'Mirach II' 6-max Seat #6 is the button
Seat 5: Chessnok ($172.63 in chips)
Seat 6: bolbess ($35.71 in chips)
bolbess: posts small blind $1
Chessnok: posts big blind $3
*** HOLE CARDS ***
bolbess: folds
Uncalled bet ($2) returned to Chessnok
Chessnok collected $2 from pot
Chessnok: doesn't show hand
*** SUMMARY ***
Total pot $2 | Rake $0
Seat 5: Chessnok (big blind) collected ($2)
Seat 6: bolbess (button) (small blind) folded before Flop


PokerStars Hand #166760801843:  Hold'em Limit ($3/$6 USD) - 2017/02/25 14:05:18 ET
Table 'Mirach II' 6-max Seat #5 is the button
Seat 5: Chessnok ($165.63 in chips)
Seat 6: bolbess ($42.35 in chips)
Chessnok: posts small blind $1
bolbess: posts big blind $3
*** HOLE CARDS ***
Chessnok: raises $3 to $6
bolbess: calls $3
*** FLOP *** [9d Qh Tc]
bolbess: checks
Chessnok: bets $3
kolaz03 joins the table at seat #1
bolbess: calls $3
*** TURN *** [9d Qh Tc] [2c]
bolbess: checks
Chessnok: bets $6
bolbess: raises $6 to $12
Chessnok: calls $6
*** RIVER *** [9d Qh Tc 2c] [7s]
bolbess: bets $6
Chessnok: calls $6
*** SHOW DOWN ***
bolbess: shows [7h Kc] (a pair of Sevens)
Chessnok: shows [Th Kh] (a pair of Tens)
Chessnok collected $53.50 from pot
*** SUMMARY ***
Total pot $54 | Rake $0.50
Board [9d Qh Tc 2c 7s]
Seat 5: Chessnok (button) (small blind) showed [Th Kh] and won ($53.50) with a pair of Tens
Seat 6: bolbess (big blind) showed [7h Kc] and lost with a pair of Sevens


PokerStars Hand #166760797594:  Hold'em Limit ($3/$6 USD) - 2017/02/25 14:05:13 ET
Table 'Mirach II' 6-max Seat #6 is the button
Seat 5: Chessnok ($164.63 in chips)
Seat 6: bolbess ($43.35 in chips)
bolbess: posts small blind $1
Chessnok: posts big blind $3
*** HOLE CARDS ***
bolbess: folds
Uncalled bet ($2) returned to Chessnok
Chessnok collected $2 from pot
Chessnok: doesn't show hand
*** SUMMARY ***
Total pot $2 | Rake $0
Seat 5: Chessnok (big blind) collected ($2)
Seat 6: bolbess (button) (small blind) folded before Flop


PokerStars Hand #166760787475:  Hold'em Limit ($3/$6 USD) - 2017/02/25 14:05:02 ET
Table 'Mirach II' 6-max Seat #5 is the button
Seat 5: Chessnok ($173.63 in chips)
Seat 6: bolbess ($34.71 in chips)
Chessnok: posts small blind $1
bolbess: posts big blind $3
*** HOLE CARDS ***
Chessnok: raises $3 to $6
bolbess: raises $3 to $9
Chessnok: calls $3
*** FLOP *** [7c 9d 4d]
bolbess: bets $3
Chessnok: folds
Uncalled bet ($3) returned to bolbess
bolbess collected $17.64 from pot
bolbess: doesn't show hand
*** SUMMARY ***
Total pot $18 | Rake $0.36
Board [7c 9d 4d]
Seat 5: Chessnok (button) (small blind) folded on the Flop
Seat 6: bolbess (big blind) collected ($17.64)


PokerStars Hand #166762511003:  Hold'em Limit ($3/$6 USD) - 2017/02/25 14:36:13 ET
Table 'Mirach II' 6-max Seat #2 is the button
Seat 1: kolaz03 ($187 in chips)
Seat 2: makimaki ($37.43 in chips)
makimaki: posts small blind $1
kolaz03: posts big blind $3
*** HOLE CARDS ***
makimaki: raises $3 to $6
kolaz03: folds
Uncalled bet ($3) returned to makimaki
makimaki collected $6 from pot
makimaki: doesn't show hand
*** SUMMARY ***
Total pot $6 | Rake $0
Seat 1: kolaz03 (big blind) folded before Flop
Seat 2: makimaki (button) (small blind) collected ($6)


