PokerStars Hand #147137207407:  Hold'em Limit ($3/$6 USD) - 2016/01/16 10:38:55 ET
Table 'Mirach III' 2-max Seat #1 is the button
Seat 1: BigYelloFish ($109.50 in chips)
Seat 2: Alex119387 ($249.02 in chips)
BigYelloFish: posts small blind $1
Alex119387: posts big blind $3
*** HOLE CARDS ***
BigYelloFish: raises $3 to $6
Alex119387: calls $3
*** FLOP *** [7c Qs Td]
Alex119387: checks
BigYelloFish: bets $3
Alex119387: raises $3 to $6
BigYelloFish: calls $3
*** TURN *** [7c Qs Td] [3h]
Alex119387: bets $6
BigYelloFish: calls $6
*** RIVER *** [7c Qs Td 3h] [2h]
Alex119387: checks
BigYelloFish: checks
*** SHOW DOWN ***
Alex119387: shows [7h 4h] (a pair of Sevens)
BigYelloFish: shows [Tc 8c] (a pair of Tens)
BigYelloFish collected $35.50 from pot
*** SUMMARY ***
Total pot $36 | Rake $0.50
Board [7c Qs Td 3h 2h]
Seat 1: BigYelloFish (button) (small blind) showed [Tc 8c] and won ($35.50) with a pair of Tens
Seat 2: Alex119387 (big blind) showed [7h 4h] and lost with a pair of Sevens


PokerStars Hand #147137196172:  Hold'em Limit ($3/$6 USD) - 2016/01/16 10:38:42 ET
Table 'Mirach III' 2-max Seat #2 is the button
Seat 1: BigYelloFish ($89 in chips)
Seat 2: Alex119387 ($270.02 in chips)
Alex119387: posts small blind $1
BigYelloFish: posts big blind $3
*** HOLE CARDS ***
Alex119387: calls $2
BigYelloFish: raises $3 to $6
Alex119387: calls $3
*** FLOP *** [6c Qs 6h]
BigYelloFish: bets $3
Alex119387: calls $3
*** TURN *** [6c Qs 6h] [9h]
BigYelloFish: checks
Alex119387: bets $6
BigYelloFish: calls $6
*** RIVER *** [6c Qs 6h 9h] [Jd]
BigYelloFish: checks
Alex119387: bets $6
BigYelloFish: calls $6
*** SHOW DOWN ***
Alex119387: shows [2h 3h] (a pair of Sixes)
BigYelloFish: shows [5d 5h] (two pair, Sixes and Fives)
BigYelloFish collected $41.50 from pot
*** SUMMARY ***
Total pot $42 | Rake $0.50
Board [6c Qs 6h 9h Jd]
Seat 1: BigYelloFish (big blind) showed [5d 5h] and won ($41.50) with two pair, Sixes and Fives
Seat 2: Alex119387 (button) (small blind) showed [2h 3h] and lost with a pair of Sixes


PokerStars Hand #147137242493:  Hold'em Limit ($3/$6 USD) - 2016/01/16 10:39:36 ET
Table 'Mirach III' 2-max Seat #1 is the button
Seat 1: BigYelloFish ($89 in chips)
Seat 2: Alex119387 ($268.04 in chips)
BigYelloFish: posts small blind $1
Alex119387: posts big blind $3
*** HOLE CARDS ***
BigYelloFish: raises $3 to $6
Alex119387: folds
Uncalled bet ($3) returned to BigYelloFish
BigYelloFish collected $6 from pot
BigYelloFish: doesn't show hand
*** SUMMARY ***
Total pot $6 | Rake $0
Seat 1: BigYelloFish (button) (small blind) collected ($6)
Seat 2: Alex119387 (big blind) folded before Flop


PokerStars Hand #147137231267:  Hold'em Limit ($3/$6 USD) - 2016/01/16 10:39:23 ET
Table 'Mirach III' 2-max Seat #2 is the button
Seat 1: BigYelloFish ($116 in chips)
Seat 2: Alex119387 ($241.54 in chips)
Alex119387: posts small blind $1
BigYelloFish: posts big blind $3
*** HOLE CARDS ***
Alex119387: raises $3 to $6
BigYelloFish: raises $3 to $9
Alex119387: calls $3
*** FLOP *** [7s 8c 6c]
BigYelloFish: bets $3
Alex119387: raises $3 to $6
BigYelloFish: calls $3
*** TURN *** [7s 8c 6c] [9d]
BigYelloFish: checks
Alex119387: bets $6
BigYelloFish: calls $6
*** RIVER *** [7s 8c 6c 9d] [Tc]
BigYelloFish: checks
Alex119387: bets $6
BigYelloFish: calls $6
*** SHOW DOWN ***
Alex119387: shows [Jc Th] (a straight, Seven to Jack)
BigYelloFish: mucks hand
Alex119387 collected $53.50 from pot
*** SUMMARY ***
Total pot $54 | Rake $0.50
Board [7s 8c 6c 9d Tc]
Seat 1: BigYelloFish (big blind) mucked
Seat 2: Alex119387 (button) (small blind) showed [Jc Th] and won ($53.50) with a straight, Seven to Jack


PokerStars Hand #147137221441:  Hold'em Limit ($3/$6 USD) - 2016/01/16 10:39:11 ET
Table 'Mirach III' 2-max Seat #1 is the button
Seat 1: BigYelloFish ($128 in chips)
Seat 2: Alex119387 ($230.02 in chips)
BigYelloFish: posts small blind $1
Alex119387: posts big blind $3
*** HOLE CARDS ***
BigYelloFish: raises $3 to $6
Alex119387: calls $3
*** FLOP *** [7h 6c 5s]
Alex119387: checks
BigYelloFish: checks
*** TURN *** [7h 6c 5s] [6h]
Alex119387: bets $6
BigYelloFish: calls $6
*** RIVER *** [7h 6c 5s 6h] [3c]
Alex119387: checks
BigYelloFish: checks
*** SHOW DOWN ***
Alex119387: shows [3h Ad] (two pair, Sixes and Threes)
BigYelloFish: mucks hand
Alex119387 collected $23.52 from pot
*** SUMMARY ***
Total pot $24 | Rake $0.48
Board [7h 6c 5s 6h 3c]
Seat 1: BigYelloFish (button) (small blind) mucked
Seat 2: Alex119387 (big blind) showed [3h Ad] and won ($23.52) with two pair, Sixes and Threes


PokerStars Hand #147137217872:  Hold'em Limit ($3/$6 USD) - 2016/01/16 10:39:07 ET
Table 'Mirach III' 2-max Seat #2 is the button
Seat 1: BigYelloFish ($127 in chips)
Seat 2: Alex119387 ($231.02 in chips)
Alex119387: posts small blind $1
BigYelloFish: posts big blind $3
*** HOLE CARDS ***
Alex119387: folds
Uncalled bet ($2) returned to BigYelloFish
BigYelloFish collected $2 from pot
BigYelloFish: doesn't show hand
*** SUMMARY ***
Total pot $2 | Rake $0
Seat 1: BigYelloFish (big blind) collected ($2)
Seat 2: Alex119387 (button) (small blind) folded before Flop


PokerStars Hand #147139143856:  Hold'em Limit ($3/$6 USD) - 2016/01/16 11:14:33 ET
Table 'Mirach III' 2-max Seat #1 is the button
Seat 1: BigYelloFish ($163.03 in chips)
Seat 2: _fayzulllo_ ($59.63 in chips)
BigYelloFish: posts small blind $1
_fayzulllo_: posts big blind $3
*** HOLE CARDS ***
BigYelloFish: raises $3 to $6
_fayzulllo_: calls $3
*** FLOP *** [6h 5h 2c]
_fayzulllo_: checks
BigYelloFish: checks
*** TURN *** [6h 5h 2c] [3d]
_fayzulllo_: bets $6
BigYelloFish: folds
Uncalled bet ($6) returned to _fayzulllo_
_fayzulllo_ collected $11.76 from pot
_fayzulllo_: doesn't show hand
*** SUMMARY ***
Total pot $12 | Rake $0.24
Board [6h 5h 2c 3d]
Seat 1: BigYelloFish (button) (small blind) folded on the Turn
Seat 2: _fayzulllo_ (big blind) collected ($11.76)


PokerStars Hand #147139122154:  Hold'em Limit ($3/$6 USD) - 2016/01/16 11:14:10 ET
Table 'Mirach III' 2-max Seat #2 is the button
Seat 1: BigYelloFish ($154.39 in chips)
Seat 2: _fayzulllo_ ($68.63 in chips)
_fayzulllo_: posts small blind $1
BigYelloFish: posts big blind $3
*** HOLE CARDS ***
_fayzulllo_: calls $2
BigYelloFish: raises $3 to $6
_fayzulllo_: calls $3
*** FLOP *** [3h 7c 8s]
BigYelloFish: bets $3
_fayzulllo_: calls $3
*** TURN *** [3h 7c 8s] [Ts]
BigYelloFish: bets $6
_fayzulllo_: folds
Uncalled bet ($6) returned to BigYelloFish
BigYelloFish collected $17.64 from pot
BigYelloFish: doesn't show hand
*** SUMMARY ***
Total pot $18 | Rake $0.36
Board [3h 7c 8s Ts]
Seat 1: BigYelloFish (big blind) collected ($17.64)
Seat 2: _fayzulllo_ (button) (small blind) folded on the Turn


PokerStars Hand #147139107529:  Hold'em Limit ($3/$6 USD) - 2016/01/16 11:13:55 ET
Table 'Mirach III' 2-max Seat #1 is the button
Seat 1: BigYelloFish ($157.39 in chips)
Seat 2: _fayzulllo_ ($65.75 in chips)
BigYelloFish: posts small blind $1
_fayzulllo_: posts big blind $3
*** HOLE CARDS ***
BigYelloFish: calls $2
_fayzulllo_: checks
*** FLOP *** [2d Jc 8c]
_fayzulllo_: checks
BigYelloFish: checks
*** TURN *** [2d Jc 8c] [2s]
_fayzulllo_: bets $6
BigYelloFish: folds
Uncalled bet ($6) returned to _fayzulllo_
_fayzulllo_ collected $5.88 from pot
_fayzulllo_: doesn't show hand
*** SUMMARY ***
Total pot $6 | Rake $0.12
Board [2d Jc 8c 2s]
Seat 1: BigYelloFish (button) (small blind) folded on the Turn
Seat 2: _fayzulllo_ (big blind) collected ($5.88)


PokerStars Hand #147139094065:  Hold'em Limit ($3/$6 USD) - 2016/01/16 11:13:41 ET
Table 'Mirach III' 2-max Seat #2 is the button
Seat 1: BigYelloFish ($148.75 in chips)
Seat 2: _fayzulllo_ ($74.75 in chips)
_fayzulllo_: posts small blind $1
BigYelloFish: posts big blind $3
*** HOLE CARDS ***
_fayzulllo_: calls $2
BigYelloFish: checks
*** FLOP *** [5s 5c Ac]
BigYelloFish: checks
_fayzulllo_: checks
*** TURN *** [5s 5c Ac] [Ad]
BigYelloFish: checks
_fayzulllo_: checks
*** RIVER *** [5s 5c Ac Ad] [Tc]
BigYelloFish: bets $6
_fayzulllo_: calls $6
*** SHOW DOWN ***
BigYelloFish: shows [3c 4c] (a flush, Ace high)
_fayzulllo_: mucks hand
BigYelloFish collected $17.64 from pot
*** SUMMARY ***
Total pot $18 | Rake $0.36
Board [5s 5c Ac Ad Tc]
Seat 1: BigYelloFish (big blind) showed [3c 4c] and won ($17.64) with a flush, Ace high
Seat 2: _fayzulllo_ (button) (small blind) mucked


PokerStars Hand #147139198756:  Hold'em Limit ($3/$6 USD) - 2016/01/16 11:15:30 ET
Table 'Mirach III' 2-max Seat #1 is the button
Seat 1: BigYelloFish ($147.91 in chips)
Seat 2: _fayzulllo_ ($73.91 in chips)
BigYelloFish: posts small blind $1
_fayzulllo_: posts big blind $3
*** HOLE CARDS ***
BigYelloFish: calls $2
_fayzulllo_: raises $3 to $6
BigYelloFish: calls $3
*** FLOP *** [Jc 6c 3d]
_fayzulllo_: bets $3
BigYelloFish: folds
Uncalled bet ($3) returned to _fayzulllo_
_fayzulllo_ collected $11.76 from pot
_fayzulllo_: doesn't show hand
*** SUMMARY ***
Total pot $12 | Rake $0.24
Board [Jc 6c 3d]
Seat 1: BigYelloFish (button) (small blind) folded on the Flop
Seat 2: _fayzulllo_ (big blind) collected ($11.76)


PokerStars Hand #147139183786:  Hold'em Limit ($3/$6 USD) - 2016/01/16 11:15:14 ET
Table 'Mirach III' 2-max Seat #2 is the button
Seat 1: BigYelloFish ($156.91 in chips)
Seat 2: _fayzulllo_ ($65.27 in chips)
_fayzulllo_: posts small blind $1
BigYelloFish: posts big blind $3
*** HOLE CARDS ***
_fayzulllo_: raises $3 to $6
BigYelloFish: calls $3
*** FLOP *** [8s 6d 7d]
BigYelloFish: checks
_fayzulllo_: bets $3
BigYelloFish: calls $3
*** TURN *** [8s 6d 7d] [Qd]
BigYelloFish: checks
_fayzulllo_: bets $6
BigYelloFish: folds
Uncalled bet ($6) returned to _fayzulllo_
_fayzulllo_ collected $17.64 from pot
_fayzulllo_: doesn't show hand
*** SUMMARY ***
Total pot $18 | Rake $0.36
Board [8s 6d 7d Qd]
Seat 1: BigYelloFish (big blind) folded on the Turn
Seat 2: _fayzulllo_ (button) (small blind) collected ($17.64)


PokerStars Hand #147139167357:  Hold'em Limit ($3/$6 USD) - 2016/01/16 11:14:57 ET
Table 'Mirach III' 2-max Seat #1 is the button
Seat 1: BigYelloFish ($154.03 in chips)
Seat 2: _fayzulllo_ ($68.27 in chips)
BigYelloFish: posts small blind $1
_fayzulllo_: posts big blind $3
*** HOLE CARDS ***
BigYelloFish: calls $2
_fayzulllo_: checks
*** FLOP *** [Ks 3d 3h]
_fayzulllo_: checks
BigYelloFish: checks
*** TURN *** [Ks 3d 3h] [Qd]
_fayzulllo_: checks
BigYelloFish: checks
*** RIVER *** [Ks 3d 3h Qd] [5s]
_fayzulllo_: checks
BigYelloFish: checks
*** SHOW DOWN ***
_fayzulllo_: shows [2d 6h] (a pair of Threes)
BigYelloFish: shows [2c Jc] (a pair of Threes - King+Queen+Jack kicker)
BigYelloFish collected $5.88 from pot
*** SUMMARY ***
Total pot $6 | Rake $0.12
Board [Ks 3d 3h Qd 5s]
Seat 1: BigYelloFish (button) (small blind) showed [2c Jc] and won ($5.88) with a pair of Threes
Seat 2: _fayzulllo_ (big blind) showed [2d 6h] and lost with a pair of Threes


PokerStars Hand #147139155444:  Hold'em Limit ($3/$6 USD) - 2016/01/16 11:14:45 ET
Table 'Mirach III' 2-max Seat #2 is the button
Seat 1: BigYelloFish ($157.03 in chips)
Seat 2: _fayzulllo_ ($65.39 in chips)
_fayzulllo_: posts small blind $1
BigYelloFish: posts big blind $3
*** HOLE CARDS ***
_fayzulllo_: calls $2
BigYelloFish: checks
*** FLOP *** [9h 3d Ad]
BigYelloFish: checks
_fayzulllo_: checks
*** TURN *** [9h 3d Ad] [5c]
BigYelloFish: checks
_fayzulllo_: bets $6
BigYelloFish: folds
Uncalled bet ($6) returned to _fayzulllo_
_fayzulllo_ collected $5.88 from pot
_fayzulllo_: doesn't show hand
*** SUMMARY ***
Total pot $6 | Rake $0.12
Board [9h 3d Ad 5c]
Seat 1: BigYelloFish (big blind) folded on the Turn
Seat 2: _fayzulllo_ (button) (small blind) collected ($5.88)


PokerStars Hand #147139256295:  Hold'em Limit ($3/$6 USD) - 2016/01/16 11:16:29 ET
Table 'Mirach III' 2-max Seat #2 is the button
Seat 1: BigYelloFish ($117.91 in chips)
Seat 2: _fayzulllo_ ($102.81 in chips)
_fayzulllo_: posts small blind $1
BigYelloFish: posts big blind $3
*** HOLE CARDS ***
_fayzulllo_: calls $2
BigYelloFish: raises $3 to $6
_fayzulllo_: calls $3
*** FLOP *** [4h 5h 5d]
BigYelloFish: bets $3
_fayzulllo_: calls $3
*** TURN *** [4h 5h 5d] [6c]
BigYelloFish: bets $6
_fayzulllo_: calls $6
*** RIVER *** [4h 5h 5d 6c] [3d]
BigYelloFish: bets $6
_fayzulllo_: calls $6
*** SHOW DOWN ***
BigYelloFish: shows [Ks Kd] (two pair, Kings and Fives)
_fayzulllo_: mucks hand
BigYelloFish collected $41.50 from pot
*** SUMMARY ***
Total pot $42 | Rake $0.50
Board [4h 5h 5d 6c 3d]
Seat 1: BigYelloFish (big blind) showed [Ks Kd] and won ($41.50) with two pair, Kings and Fives
Seat 2: _fayzulllo_ (button) (small blind) mucked


PokerStars Hand #147139239221:  Hold'em Limit ($3/$6 USD) - 2016/01/16 11:16:12 ET
Table 'Mirach III' 2-max Seat #1 is the button
Seat 1: BigYelloFish ($126.91 in chips)
Seat 2: _fayzulllo_ ($94.17 in chips)
BigYelloFish: posts small blind $1
_fayzulllo_: posts big blind $3
*** HOLE CARDS ***
BigYelloFish: raises $3 to $6
_fayzulllo_: calls $3
*** FLOP *** [Jc Ah 8h]
_fayzulllo_: checks
BigYelloFish: bets $3
_fayzulllo_: calls $3
*** TURN *** [Jc Ah 8h] [Qc]
_fayzulllo_: checks
BigYelloFish: checks
*** RIVER *** [Jc Ah 8h Qc] [8d]
_fayzulllo_: bets $6
BigYelloFish: folds
Uncalled bet ($6) returned to _fayzulllo_
_fayzulllo_ collected $17.64 from pot
_fayzulllo_: doesn't show hand
*** SUMMARY ***
Total pot $18 | Rake $0.36
Board [Jc Ah 8h Qc 8d]
Seat 1: BigYelloFish (button) (small blind) folded on the River
Seat 2: _fayzulllo_ (big blind) collected ($17.64)


PokerStars Hand #147139208306:  Hold'em Limit ($3/$6 USD) - 2016/01/16 11:15:40 ET
Table 'Mirach III' 2-max Seat #2 is the button
Seat 1: BigYelloFish ($141.91 in chips)
Seat 2: _fayzulllo_ ($79.67 in chips)
_fayzulllo_: posts small blind $1
BigYelloFish: posts big blind $3
*** HOLE CARDS ***
_fayzulllo_: calls $2
BigYelloFish: raises $3 to $6
_fayzulllo_: calls $3
*** FLOP *** [4s 2h 6s]
BigYelloFish: checks
_fayzulllo_: bets $3
BigYelloFish: calls $3
*** TURN *** [4s 2h 6s] [7d]
BigYelloFish: checks
_fayzulllo_: bets $6
BigYelloFish: calls $6
*** RIVER *** [4s 2h 6s 7d] [Js]
BigYelloFish: checks
_fayzulllo_: checks
*** SHOW DOWN ***
BigYelloFish: shows [9c 8d] (high card Jack)
_fayzulllo_: shows [6c Kd] (a pair of Sixes)
_fayzulllo_ collected $29.50 from pot
*** SUMMARY ***
Total pot $30 | Rake $0.50
Board [4s 2h 6s 7d Js]
Seat 1: BigYelloFish (big blind) showed [9c 8d] and lost with high card Jack
Seat 2: _fayzulllo_ (button) (small blind) showed [6c Kd] and won ($29.50) with a pair of Sixes


PokerStars Hand #147139293388:  Hold'em Limit ($3/$6 USD) - 2016/01/16 11:17:08 ET
Table 'Mirach III' 2-max Seat #2 is the button
Seat 1: BigYelloFish ($158.91 in chips)
Seat 2: _fayzulllo_ ($60.81 in chips)
_fayzulllo_: posts small blind $1
BigYelloFish: posts big blind $3
*** HOLE CARDS ***
_fayzulllo_: folds
Uncalled bet ($2) returned to BigYelloFish
BigYelloFish collected $2 from pot
BigYelloFish: doesn't show hand
*** SUMMARY ***
Total pot $2 | Rake $0
Seat 1: BigYelloFish (big blind) collected ($2)
Seat 2: _fayzulllo_ (button) (small blind) folded before Flop


PokerStars Hand #147139273733:  Hold'em Limit ($3/$6 USD) - 2016/01/16 11:16:47 ET
Table 'Mirach III' 2-max Seat #1 is the button
Seat 1: BigYelloFish ($138.41 in chips)
Seat 2: _fayzulllo_ ($81.81 in chips)
BigYelloFish: posts small blind $1
_fayzulllo_: posts big blind $3
*** HOLE CARDS ***
BigYelloFish: raises $3 to $6
_fayzulllo_: calls $3
*** FLOP *** [8c 2s 4d]
_fayzulllo_: checks
BigYelloFish: bets $3
_fayzulllo_: calls $3
*** TURN *** [8c 2s 4d] [6s]
_fayzulllo_: checks
BigYelloFish: bets $6
_fayzulllo_: calls $6
*** RIVER *** [8c 2s 4d 6s] [8d]
_fayzulllo_: checks
BigYelloFish: bets $6
_fayzulllo_: calls $6
*** SHOW DOWN ***
BigYelloFish: shows [6c Ah] (two pair, Eights and Sixes)
_fayzulllo_: mucks hand
BigYelloFish collected $41.50 from pot
*** SUMMARY ***
Total pot $42 | Rake $0.50
Board [8c 2s 4d 6s 8d]
Seat 1: BigYelloFish (button) (small blind) showed [6c Ah] and won ($41.50) with two pair, Eights and Sixes
Seat 2: _fayzulllo_ (big blind) mucked


PokerStars Hand #147139298418:  Hold'em Limit ($3/$6 USD) - 2016/01/16 11:17:13 ET
Table 'Mirach III' 2-max Seat #1 is the button
Seat 1: BigYelloFish ($159.91 in chips)
Seat 2: _fayzulllo_ ($59.81 in chips)
BigYelloFish: posts small blind $1
_fayzulllo_: posts big blind $3
*** HOLE CARDS ***
BigYelloFish: raises $3 to $6
_fayzulllo_: raises $3 to $9
BigYelloFish: raises $3 to $12
Betting is capped
_fayzulllo_: calls $3
*** FLOP *** [Jd 4h 3c]
_fayzulllo_: checks
BigYelloFish: bets $3
_fayzulllo_: calls $3
*** TURN *** [Jd 4h 3c] [2c]
_fayzulllo_: checks
BigYelloFish: bets $6
_fayzulllo_: calls $6
*** RIVER *** [Jd 4h 3c 2c] [9s]
_fayzulllo_: checks
BigYelloFish: bets $6
_fayzulllo_: calls $6
*** SHOW DOWN ***
BigYelloFish: shows [Ts Th] (a pair of Tens)
_fayzulllo_: shows [Js Qs] (a pair of Jacks)
_fayzulllo_ collected $53.50 from pot
*** SUMMARY ***
Total pot $54 | Rake $0.50
Board [Jd 4h 3c 2c 9s]
Seat 1: BigYelloFish (button) (small blind) showed [Ts Th] and lost with a pair of Tens
Seat 2: _fayzulllo_ (big blind) showed [Js Qs] and won ($53.50) with a pair of Jacks


PokerStars Hand #147139339492:  Hold'em Limit ($3/$6 USD) - 2016/01/16 11:17:56 ET
Table 'Mirach III' 2-max Seat #1 is the button
Seat 1: BigYelloFish ($129.91 in chips)
Seat 2: _fayzulllo_ ($89.19 in chips)
BigYelloFish: posts small blind $1
_fayzulllo_: posts big blind $3
*** HOLE CARDS ***
BigYelloFish: folds
Uncalled bet ($2) returned to _fayzulllo_
_fayzulllo_ collected $2 from pot
_fayzulllo_: doesn't show hand
*** SUMMARY ***
Total pot $2 | Rake $0
Seat 1: BigYelloFish (button) (small blind) folded before Flop
Seat 2: _fayzulllo_ (big blind) collected ($2)


PokerStars Hand #147139324059:  Hold'em Limit ($3/$6 USD) - 2016/01/16 11:17:40 ET
Table 'Mirach III' 2-max Seat #2 is the button
Seat 1: BigYelloFish ($132.91 in chips)
Seat 2: _fayzulllo_ ($86.31 in chips)
_fayzulllo_: posts small blind $1
BigYelloFish: posts big blind $3
*** HOLE CARDS ***
_fayzulllo_: calls $2
BigYelloFish: checks
*** FLOP *** [9d 4h 3s]
BigYelloFish: checks
_fayzulllo_: bets $3
BigYelloFish: folds
Uncalled bet ($3) returned to _fayzulllo_
_fayzulllo_ collected $5.88 from pot
_fayzulllo_: doesn't show hand
*** SUMMARY ***
Total pot $6 | Rake $0.12
Board [9d 4h 3s]
Seat 1: BigYelloFish (big blind) folded on the Flop
Seat 2: _fayzulllo_ (button) (small blind) collected ($5.88)


PokerStars Hand #147139343933:  Hold'em Limit ($3/$6 USD) - 2016/01/16 11:18:00 ET
Table 'Mirach III' 2-max Seat #2 is the button
Seat 1: BigYelloFish ($128.91 in chips)
Seat 2: _fayzulllo_ ($90.19 in chips)
_fayzulllo_: posts small blind $1
BigYelloFish: posts big blind $3
*** HOLE CARDS ***
_fayzulllo_: calls $2
BigYelloFish: checks
*** FLOP *** [9h As 4c]
BigYelloFish: checks
_fayzulllo_: checks
*** TURN *** [9h As 4c] [8h]
BigYelloFish: checks
_fayzulllo_: bets $6
BigYelloFish: raises $6 to $12
_fayzulllo_: calls $6
*** RIVER *** [9h As 4c 8h] [Kh]
BigYelloFish: bets $6
_fayzulllo_: calls $6
*** SHOW DOWN ***
BigYelloFish: shows [4h 4d] (three of a kind, Fours)
_fayzulllo_: mucks hand
BigYelloFish collected $41.50 from pot
*** SUMMARY ***
Total pot $42 | Rake $0.50
Board [9h As 4c 8h Kh]
Seat 1: BigYelloFish (big blind) showed [4h 4d] and won ($41.50) with three of a kind, Fours
Seat 2: _fayzulllo_ (button) (small blind) mucked


PokerStars Hand #147139380432:  Hold'em Limit ($3/$6 USD) - 2016/01/16 11:18:38 ET
Table 'Mirach III' 2-max Seat #2 is the button
Seat 1: BigYelloFish ($137.41 in chips)
Seat 2: _fayzulllo_ ($80.71 in chips)
_fayzulllo_: posts small blind $1
BigYelloFish: posts big blind $3
*** HOLE CARDS ***
_fayzulllo_: folds
Uncalled bet ($2) returned to BigYelloFish
BigYelloFish collected $2 from pot
BigYelloFish: doesn't show hand
*** SUMMARY ***
Total pot $2 | Rake $0
Seat 1: BigYelloFish (big blind) collected ($2)
Seat 2: _fayzulllo_ (button) (small blind) folded before Flop


PokerStars Hand #147139361232:  Hold'em Limit ($3/$6 USD) - 2016/01/16 11:18:18 ET
Table 'Mirach III' 2-max Seat #1 is the button
Seat 1: BigYelloFish ($149.41 in chips)
Seat 2: _fayzulllo_ ($69.19 in chips)
BigYelloFish: posts small blind $1
_fayzulllo_: posts big blind $3
*** HOLE CARDS ***
BigYelloFish: raises $3 to $6
_fayzulllo_: calls $3
*** FLOP *** [8s Qd 9d]
_fayzulllo_: checks
BigYelloFish: bets $3
_fayzulllo_: raises $3 to $6
BigYelloFish: calls $3
*** TURN *** [8s Qd 9d] [Ac]
_fayzulllo_: checks
BigYelloFish: checks
*** RIVER *** [8s Qd 9d Ac] [3s]
_fayzulllo_: bets $6
BigYelloFish: folds
Uncalled bet ($6) returned to _fayzulllo_
_fayzulllo_ collected $23.52 from pot
_fayzulllo_: doesn't show hand
*** SUMMARY ***
Total pot $24 | Rake $0.48
Board [8s Qd 9d Ac 3s]
Seat 1: BigYelloFish (button) (small blind) folded on the River
Seat 2: _fayzulllo_ (big blind) collected ($23.52)


PokerStars Hand #147139385945:  Hold'em Limit ($3/$6 USD) - 2016/01/16 11:18:44 ET
Table 'Mirach III' 2-max Seat #1 is the button
Seat 1: BigYelloFish ($138.41 in chips)
Seat 2: _fayzulllo_ ($79.71 in chips)
BigYelloFish: posts small blind $1
_fayzulllo_: posts big blind $3
*** HOLE CARDS ***
BigYelloFish: raises $3 to $6
_fayzulllo_: calls $3
*** FLOP *** [3s Ts As]
_fayzulllo_: checks
BigYelloFish: bets $3
_fayzulllo_: calls $3
*** TURN *** [3s Ts As] [5d]
_fayzulllo_: checks
BigYelloFish: bets $6
_fayzulllo_: calls $6
*** RIVER *** [3s Ts As 5d] [Ad]
_fayzulllo_: checks
BigYelloFish: bets $6
_fayzulllo_: calls $6
*** SHOW DOWN ***
BigYelloFish: shows [7d Ah] (three of a kind, Aces)
_fayzulllo_: mucks hand
BigYelloFish collected $41.50 from pot
*** SUMMARY ***
Total pot $42 | Rake $0.50
Board [3s Ts As 5d Ad]
Seat 1: BigYelloFish (button) (small blind) showed [7d Ah] and won ($41.50) with three of a kind, Aces
Seat 2: _fayzulllo_ (big blind) mucked


PokerStars Hand #147139405554:  Hold'em Limit ($3/$6 USD) - 2016/01/16 11:19:04 ET
Table 'Mirach III' 2-max Seat #2 is the button
Seat 1: BigYelloFish ($158.91 in chips)
Seat 2: _fayzulllo_ ($58.71 in chips)
_fayzulllo_: posts small blind $1
BigYelloFish: posts big blind $3
*** HOLE CARDS ***
_fayzulllo_: folds
Uncalled bet ($2) returned to BigYelloFish
BigYelloFish collected $2 from pot
BigYelloFish: doesn't show hand
*** SUMMARY ***
Total pot $2 | Rake $0
Seat 1: BigYelloFish (big blind) collected ($2)
Seat 2: _fayzulllo_ (button) (small blind) folded before Flop


PokerStars Hand #147139411199:  Hold'em Limit ($3/$6 USD) - 2016/01/16 11:19:10 ET
Table 'Mirach III' 2-max Seat #1 is the button
Seat 1: BigYelloFish ($159.91 in chips)
Seat 2: _fayzulllo_ ($57.71 in chips)
BigYelloFish: posts small blind $1
_fayzulllo_: posts big blind $3
*** HOLE CARDS ***
BigYelloFish: raises $3 to $6
_fayzulllo_: calls $3
*** FLOP *** [Qc 4s Qd]
_fayzulllo_: checks
BigYelloFish: bets $3
_fayzulllo_: calls $3
*** TURN *** [Qc 4s Qd] [Td]
_fayzulllo_: checks
BigYelloFish: checks
*** RIVER *** [Qc 4s Qd Td] [5s]
_fayzulllo_: bets $6
BigYelloFish: calls $6
*** SHOW DOWN ***
_fayzulllo_: shows [Ac 4c] (two pair, Queens and Fours)
BigYelloFish: shows [As 5h] (two pair, Queens and Fives)
BigYelloFish collected $29.50 from pot
*** SUMMARY ***
Total pot $30 | Rake $0.50
Board [Qc 4s Qd Td 5s]
Seat 1: BigYelloFish (button) (small blind) showed [As 5h] and won ($29.50) with two pair, Queens and Fives
Seat 2: _fayzulllo_ (big blind) showed [Ac 4c] and lost with two pair, Queens and Fours


PokerStars Hand #147139426411:  Hold'em Limit ($3/$6 USD) - 2016/01/16 11:19:26 ET
Table 'Mirach III' 2-max Seat #2 is the button
Seat 1: BigYelloFish ($174.41 in chips)
Seat 2: _fayzulllo_ ($42.71 in chips)
_fayzulllo_: posts small blind $1
BigYelloFish: posts big blind $3
*** HOLE CARDS ***
_fayzulllo_: raises $3 to $6
BigYelloFish: calls $3
*** FLOP *** [4c Ac Qc]
BigYelloFish: checks
_fayzulllo_: bets $3
BigYelloFish: calls $3
*** TURN *** [4c Ac Qc] [5d]
BigYelloFish: checks
_fayzulllo_: bets $6
BigYelloFish: raises $6 to $12
_fayzulllo_: calls $6
*** RIVER *** [4c Ac Qc 5d] [Js]
BigYelloFish: bets $6
_fayzulllo_: calls $6
*** SHOW DOWN ***
BigYelloFish: shows [Kc 6c] (a flush, Ace high)
_fayzulllo_: mucks hand
BigYelloFish collected $53.50 from pot
*** SUMMARY ***
Total pot $54 | Rake $0.50
Board [4c Ac Qc 5d Js]
Seat 1: BigYelloFish (big blind) showed [Kc 6c] and won ($53.50) with a flush, Ace high
Seat 2: _fayzulllo_ (button) (small blind) mucked


PokerStars Hand #147139460814:  Hold'em Limit ($3/$6 USD) - 2016/01/16 11:20:02 ET
Table 'Mirach III' 2-max Seat #1 is the button
Seat 1: BigYelloFish ($200.91 in chips)
Seat 2: _fayzulllo_ ($15.71 in chips)
BigYelloFish: posts small blind $1
_fayzulllo_: posts big blind $3
*** HOLE CARDS ***
BigYelloFish: raises $3 to $6
_fayzulllo_: raises $3 to $9
BigYelloFish: calls $3
*** FLOP *** [4h Kd 2h]
_fayzulllo_: checks
BigYelloFish: checks
*** TURN *** [4h Kd 2h] [2s]
_fayzulllo_: bets $6
BigYelloFish: folds
Uncalled bet ($6) returned to _fayzulllo_
_fayzulllo_ collected $17.64 from pot
_fayzulllo_: doesn't show hand
*** SUMMARY ***
Total pot $18 | Rake $0.36
Board [4h Kd 2h 2s]
Seat 1: BigYelloFish (button) (small blind) folded on the Turn
Seat 2: _fayzulllo_ (big blind) collected ($17.64)


PokerStars Hand #147139512917:  Hold'em Limit ($3/$6 USD) - 2016/01/16 11:20:56 ET
Table 'Mirach III' 2-max Seat #2 is the button
Seat 1: BigYelloFish ($191.79 in chips)
Seat 2: _fayzulllo_ ($24.23 in chips)
_fayzulllo_: posts small blind $1
BigYelloFish: posts big blind $3
*** HOLE CARDS ***
_fayzulllo_: calls $2
BigYelloFish: checks
*** FLOP *** [6s Tc 7c]
BigYelloFish: bets $3
_fayzulllo_: calls $3
*** TURN *** [6s Tc 7c] [2c]
BigYelloFish: checks
_fayzulllo_: checks
*** RIVER *** [6s Tc 7c 2c] [Ts]
BigYelloFish: checks
_fayzulllo_: bets $6
BigYelloFish: calls $6
*** SHOW DOWN ***
_fayzulllo_: shows [6c 9s] (two pair, Tens and Sixes)
BigYelloFish: shows [Qh 7d] (two pair, Tens and Sevens)
BigYelloFish collected $23.52 from pot
*** SUMMARY ***
Total pot $24 | Rake $0.48
Board [6s Tc 7c 2c Ts]
Seat 1: BigYelloFish (big blind) showed [Qh 7d] and won ($23.52) with two pair, Tens and Sevens
Seat 2: _fayzulllo_ (button) (small blind) showed [6c 9s] and lost with two pair, Tens and Sixes


PokerStars Hand #147139535364:  Hold'em Limit ($3/$6 USD) - 2016/01/16 11:21:20 ET
Table 'Mirach III' 2-max Seat #1 is the button
Seat 1: BigYelloFish ($203.31 in chips)
Seat 2: _fayzulllo_ ($12.23 in chips)
BigYelloFish: posts small blind $1
_fayzulllo_: posts big blind $3
*** HOLE CARDS ***
BigYelloFish: raises $3 to $6
_fayzulllo_: raises $3 to $9
BigYelloFish: calls $3
*** FLOP *** [Qs 3s 4s]
_fayzulllo_: bets $3
BigYelloFish: calls $3
*** TURN *** [Qs 3s 4s] [3h]
_fayzulllo_: bets $0.23 and is all-in
BigYelloFish: calls $0.23
*** RIVER *** [Qs 3s 4s 3h] [Kh]
*** SHOW DOWN ***
_fayzulllo_: shows [4d Ad] (two pair, Fours and Threes)
BigYelloFish: shows [8h Qc] (two pair, Queens and Threes)
BigYelloFish collected $23.97 from pot
*** SUMMARY ***
Total pot $24.46 | Rake $0.49
Board [Qs 3s 4s 3h Kh]
Seat 1: BigYelloFish (button) (small blind) showed [8h Qc] and won ($23.97) with two pair, Queens and Threes
Seat 2: _fayzulllo_ (big blind) showed [4d Ad] and lost with two pair, Fours and Threes


PokerStars Hand #147139988440:  Hold'em Limit ($3/$6 USD) - 2016/01/16 11:29:14 ET
Table 'Mirach III' 2-max Seat #1 is the button
Seat 1: BigYelloFish ($224.55 in chips)
Seat 2: Alex119387 ($219.64 in chips)
BigYelloFish: posts small blind $1
Alex119387: posts big blind $3
*** HOLE CARDS ***
BigYelloFish: raises $3 to $6
Alex119387: calls $3
*** FLOP *** [3c 6d 2c]
Alex119387: checks
BigYelloFish: checks
*** TURN *** [3c 6d 2c] [7h]
Alex119387: bets $6
BigYelloFish: folds
Uncalled bet ($6) returned to Alex119387
Alex119387 collected $11.76 from pot
Alex119387: doesn't show hand
*** SUMMARY ***
Total pot $12 | Rake $0.24
Board [3c 6d 2c 7h]
Seat 1: BigYelloFish (button) (small blind) folded on the Turn
Seat 2: Alex119387 (big blind) collected ($11.76)


PokerStars Hand #147139984214:  Hold'em Limit ($3/$6 USD) - 2016/01/16 11:29:09 ET
Table 'Mirach III' 2-max Seat #2 is the button
Seat 1: BigYelloFish ($223.55 in chips)
Seat 2: Alex119387 ($220.64 in chips)
Alex119387: posts small blind $1
BigYelloFish: posts big blind $3
*** HOLE CARDS ***
Alex119387: folds
Uncalled bet ($2) returned to BigYelloFish
BigYelloFish collected $2 from pot
BigYelloFish: doesn't show hand
*** SUMMARY ***
Total pot $2 | Rake $0
Seat 1: BigYelloFish (big blind) collected ($2)
Seat 2: Alex119387 (button) (small blind) folded before Flop


PokerStars Hand #147139976823:  Hold'em Limit ($3/$6 USD) - 2016/01/16 11:29:02 ET
Table 'Mirach III' 2-max Seat #1 is the button
Seat 1: BigYelloFish ($220.55 in chips)
Seat 2: Alex119387 ($223.64 in chips)
BigYelloFish: posts small blind $1
Alex119387: posts big blind $3
*** HOLE CARDS ***
BigYelloFish: raises $3 to $6
Alex119387: folds
Uncalled bet ($3) returned to BigYelloFish
BigYelloFish collected $6 from pot
BigYelloFish: doesn't show hand
*** SUMMARY ***
Total pot $6 | Rake $0
Seat 1: BigYelloFish (button) (small blind) collected ($6)
Seat 2: Alex119387 (big blind) folded before Flop


PokerStars Hand #147139972201:  Hold'em Limit ($3/$6 USD) - 2016/01/16 11:28:57 ET
Table 'Mirach III' 2-max Seat #2 is the button
Seat 1: BigYelloFish ($223.55 in chips)
Seat 2: Alex119387 ($220.64 in chips)
Alex119387: posts small blind $1
BigYelloFish: posts big blind $3
*** HOLE CARDS ***
Alex119387: raises $3 to $6
BigYelloFish: folds
Uncalled bet ($3) returned to Alex119387
Alex119387 collected $6 from pot
Alex119387: doesn't show hand
*** SUMMARY ***
Total pot $6 | Rake $0
Seat 1: BigYelloFish (big blind) folded before Flop
Seat 2: Alex119387 (button) (small blind) collected ($6)


PokerStars Hand #147139952451:  Hold'em Limit ($3/$6 USD) - 2016/01/16 11:28:36 ET
Table 'Mirach III' 2-max Seat #1 is the button
Seat 1: BigYelloFish ($206.05 in chips)
Seat 2: Alex119387 ($238.64 in chips)
BigYelloFish: posts small blind $1
Alex119387: posts big blind $3
*** HOLE CARDS ***
BigYelloFish: raises $3 to $6
Alex119387: raises $3 to $9
BigYelloFish: calls $3
*** FLOP *** [6c Kh 4s]
Alex119387: bets $3
BigYelloFish: calls $3
*** TURN *** [6c Kh 4s] [Ks]
Alex119387: bets $6
BigYelloFish: calls $6
*** RIVER *** [6c Kh 4s Ks] [Kd]
Alex119387: checks
BigYelloFish: checks
*** SHOW DOWN ***
Alex119387: shows [Ad 8h] (three of a kind, Kings)
BigYelloFish: shows [Ah Jh] (three of a kind, Kings - Ace+Jack kicker)
BigYelloFish collected $35.50 from pot
*** SUMMARY ***
Total pot $36 | Rake $0.50
Board [6c Kh 4s Ks Kd]
Seat 1: BigYelloFish (button) (small blind) showed [Ah Jh] and won ($35.50) with three of a kind, Kings
Seat 2: Alex119387 (big blind) showed [Ad 8h] and lost with three of a kind, Kings


PokerStars Hand #147140006944:  Hold'em Limit ($3/$6 USD) - 2016/01/16 11:29:33 ET
Table 'Mirach III' 2-max Seat #2 is the button
Seat 1: BigYelloFish ($218.55 in chips)
Seat 2: Alex119387 ($225.40 in chips)
Alex119387: posts small blind $1
BigYelloFish: posts big blind $3
*** HOLE CARDS ***
Alex119387: raises $3 to $6
BigYelloFish: raises $3 to $9
Alex119387: calls $3
*** FLOP *** [8s As 5d]
BigYelloFish: bets $3
Alex119387: calls $3
*** TURN *** [8s As 5d] [3d]
BigYelloFish: bets $6
Alex119387: calls $6
*** RIVER *** [8s As 5d 3d] [2s]
BigYelloFish: checks
Alex119387: bets $6
BigYelloFish: folds
Uncalled bet ($6) returned to Alex119387
Alex119387 collected $35.50 from pot
Alex119387: doesn't show hand
*** SUMMARY ***
Total pot $36 | Rake $0.50
Board [8s As 5d 3d 2s]
Seat 1: BigYelloFish (big blind) folded on the River
Seat 2: Alex119387 (button) (small blind) collected ($35.50)


