PokerStars Hand #164425988053:  Hold'em Limit ($3/$6 USD) - 2017/01/11 17:49:38 ET
Table 'Mira' 10-max Seat #10 is the button
Seat 6: B_loJkl ($137 in chips)
Seat 10: LotsaBalls12 ($40.05 in chips)
LotsaBalls12: posts small blind $1
MobutuSeSe: is sitting out
B_loJkl: posts big blind $3
*** HOLE CARDS ***
LotsaBalls12: folds
Uncalled bet ($2) returned to B_loJkl
B_loJkl collected $2 from pot
B_loJkl: doesn't show hand
*** SUMMARY ***
Total pot $2 | Rake $0
Seat 6: B_loJkl (big blind) collected ($2)
Seat 10: LotsaBalls12 (button) (small blind) folded before Flop


PokerStars Hand #164426015573:  Hold'em Limit ($3/$6 USD) - 2017/01/11 17:50:09 ET
Table 'Mira' 10-max Seat #10 is the button
Seat 6: B_loJkl ($158.50 in chips)
Seat 10: LotsaBalls12 ($18.05 in chips)
LotsaBalls12: posts small blind $1
B_loJkl: posts big blind $3
*** HOLE CARDS ***
LotsaBalls12: raises $3 to $6
B_loJkl: calls $3
*** FLOP *** [Qh 3c 8h]
B_loJkl: checks
LotsaBalls12: bets $3
B_loJkl: folds
Uncalled bet ($3) returned to LotsaBalls12
LotsaBalls12 collected $11.76 from pot
LotsaBalls12: doesn't show hand
*** SUMMARY ***
Total pot $12 | Rake $0.24
Board [Qh 3c 8h]
Seat 6: B_loJkl (big blind) folded on the Flop
Seat 10: LotsaBalls12 (button) (small blind) collected ($11.76)


PokerStars Hand #164425992618:  Hold'em Limit ($3/$6 USD) - 2017/01/11 17:49:44 ET
Table 'Mira' 10-max Seat #6 is the button
Seat 6: B_loJkl ($138 in chips)
Seat 10: LotsaBalls12 ($39.05 in chips)
MobutuSeSe leaves the table
B_loJkl: posts small blind $1
LotsaBalls12: posts big blind $3
*** HOLE CARDS ***
B_loJkl: raises $3 to $6
LotsaBalls12: calls $3
*** FLOP *** [Kh 5c 5s]
LotsaBalls12: checks
B_loJkl: bets $3
LotsaBalls12: calls $3
*** TURN *** [Kh 5c 5s] [3h]
LotsaBalls12: checks
B_loJkl: bets $6
LotsaBalls12: calls $6
*** RIVER *** [Kh 5c 5s 3h] [Ad]
LotsaBalls12: checks
B_loJkl: bets $6
LotsaBalls12: calls $6
*** SHOW DOWN ***
B_loJkl: shows [Ac Ah] (a full house, Aces full of Fives)
LotsaBalls12: mucks hand
B_loJkl collected $41.50 from pot
*** SUMMARY ***
Total pot $42 | Rake $0.50
Board [Kh 5c 5s 3h Ad]
Seat 6: B_loJkl (button) (small blind) showed [Ac Ah] and won ($41.50) with a full house, Aces full of Fives
Seat 10: LotsaBalls12 (big blind) mucked


PokerStars Hand #164426056445:  Hold'em Limit ($3/$6 USD) - 2017/01/11 17:50:55 ET
Table 'Mira' 10-max Seat #10 is the button
Seat 6: B_loJkl ($170 in chips)
Seat 10: LotsaBalls12 ($5.81 in chips)
LotsaBalls12: posts small blind $1
B_loJkl: posts big blind $3
*** HOLE CARDS ***
LotsaBalls12: raises $2.81 to $5.81 and is all-in
B_loJkl: calls $2.81
*** FLOP *** [9s Ah 2c]
*** TURN *** [9s Ah 2c] [Tc]
*** RIVER *** [9s Ah 2c Tc] [Kc]
*** SHOW DOWN ***
B_loJkl: shows [Ad Kh] (two pair, Aces and Kings)
LotsaBalls12: shows [6s Kd] (a pair of Kings)
B_loJkl collected $11.39 from pot
*** SUMMARY ***
Total pot $11.62 | Rake $0.23
Board [9s Ah 2c Tc Kc]
Seat 6: B_loJkl (big blind) showed [Ad Kh] and won ($11.39) with two pair, Aces and Kings
Seat 10: LotsaBalls12 (button) (small blind) showed [6s Kd] and lost with a pair of Kings


PokerStars Hand #164426028607:  Hold'em Limit ($3/$6 USD) - 2017/01/11 17:50:24 ET
Table 'Mira' 10-max Seat #6 is the button
Seat 6: B_loJkl ($152.50 in chips)
Seat 10: LotsaBalls12 ($23.81 in chips)
B_loJkl: posts small blind $1
LotsaBalls12: posts big blind $3
*** HOLE CARDS ***
B_loJkl: raises $3 to $6
LotsaBalls12: calls $3
*** FLOP *** [Jc Th Ac]
LotsaBalls12: checks
B_loJkl: checks
*** TURN *** [Jc Th Ac] [6d]
LotsaBalls12: bets $6
B_loJkl: calls $6
*** RIVER *** [Jc Th Ac 6d] [8s]
LotsaBalls12: bets $6
B_loJkl: calls $6
*** SHOW DOWN ***
LotsaBalls12: shows [7c 3c] (high card Ace)
B_loJkl: shows [7s 6h] (a pair of Sixes)
B_loJkl collected $35.50 from pot
*** SUMMARY ***
Total pot $36 | Rake $0.50
Board [Jc Th Ac 6d 8s]
Seat 6: B_loJkl (button) (small blind) showed [7s 6h] and won ($35.50) with a pair of Sixes
Seat 10: LotsaBalls12 (big blind) showed [7c 3c] and lost with high card Ace


