PokerStars Hand #150849420216:  Hold'em Limit ($3/$6 USD) - 2016/03/24 9:50:36 ET
Table 'Miram' 6-max Seat #3 is the button
Seat 3: Piparipoker ($72 in chips)
Seat 4: TbIP-TbIP 88 ($89.50 in chips)
Piparipoker: posts small blind $1
TbIP-TbIP 88: posts big blind $3
*** HOLE CARDS ***
Piparipoker: folds
Uncalled bet ($2) returned to TbIP-TbIP 88
TbIP-TbIP 88 collected $2 from pot
TbIP-TbIP 88: doesn't show hand
*** SUMMARY ***
Total pot $2 | Rake $0
Seat 3: Piparipoker (button) (small blind) folded before Flop
Seat 4: TbIP-TbIP 88 (big blind) collected ($2)


PokerStars Hand #150849415975:  Hold'em Limit ($3/$6 USD) - 2016/03/24 9:50:29 ET
Table 'Miram' 6-max Seat #4 is the button
Seat 3: Piparipoker ($75 in chips)
Seat 4: TbIP-TbIP 88 ($86.50 in chips)
TbIP-TbIP 88: posts small blind $1
Piparipoker: posts big blind $3
*** HOLE CARDS ***
TbIP-TbIP 88: raises $3 to $6
Piparipoker: folds
Uncalled bet ($3) returned to TbIP-TbIP 88
TbIP-TbIP 88 collected $6 from pot
TbIP-TbIP 88: doesn't show hand
*** SUMMARY ***
Total pot $6 | Rake $0
Seat 3: Piparipoker (big blind) folded before Flop
Seat 4: TbIP-TbIP 88 (button) (small blind) collected ($6)


PokerStars Hand #150849423235:  Hold'em Limit ($3/$6 USD) - 2016/03/24 9:50:41 ET
Table 'Miram' 6-max Seat #4 is the button
Seat 3: Piparipoker ($71 in chips)
Seat 4: TbIP-TbIP 88 ($90.50 in chips)
TbIP-TbIP 88: posts small blind $1
Piparipoker: posts big blind $3
*** HOLE CARDS ***
TbIP-TbIP 88: raises $3 to $6
Piparipoker: calls $3
*** FLOP *** [Kc 7d Ts]
Piparipoker: checks
TbIP-TbIP 88: bets $3
Piparipoker: folds
Uncalled bet ($3) returned to TbIP-TbIP 88
TbIP-TbIP 88 collected $11.76 from pot
TbIP-TbIP 88: doesn't show hand
*** SUMMARY ***
Total pot $12 | Rake $0.24
Board [Kc 7d Ts]
Seat 3: Piparipoker (big blind) folded on the Flop
Seat 4: TbIP-TbIP 88 (button) (small blind) collected ($11.76)


PokerStars Hand #150849452836:  Hold'em Limit ($3/$6 USD) - 2016/03/24 9:51:28 ET
Table 'Miram' 6-max Seat #3 is the button
Seat 3: Piparipoker ($75.52 in chips)
Seat 4: TbIP-TbIP 88 ($85.26 in chips)
Piparipoker: posts small blind $1
TbIP-TbIP 88: posts big blind $3
*** HOLE CARDS ***
Piparipoker: folds
Uncalled bet ($2) returned to TbIP-TbIP 88
TbIP-TbIP 88 collected $2 from pot
TbIP-TbIP 88: doesn't show hand
*** SUMMARY ***
Total pot $2 | Rake $0
Seat 3: Piparipoker (button) (small blind) folded before Flop
Seat 4: TbIP-TbIP 88 (big blind) collected ($2)


PokerStars Hand #150849438431:  Hold'em Limit ($3/$6 USD) - 2016/03/24 9:51:05 ET
Table 'Miram' 6-max Seat #4 is the button
Seat 3: Piparipoker ($64 in chips)
Seat 4: TbIP-TbIP 88 ($97.26 in chips)
TbIP-TbIP 88: posts small blind $1
Piparipoker: posts big blind $3
*** HOLE CARDS ***
TbIP-TbIP 88: raises $3 to $6
Piparipoker: raises $3 to $9
TbIP-TbIP 88: calls $3
*** FLOP *** [9c Qh Ah]
Piparipoker: bets $3
TbIP-TbIP 88: calls $3
*** TURN *** [9c Qh Ah] [7s]
Piparipoker: bets $6
TbIP-TbIP 88: folds
Uncalled bet ($6) returned to Piparipoker
Piparipoker collected $23.52 from pot
Piparipoker: doesn't show hand
*** SUMMARY ***
Total pot $24 | Rake $0.48
Board [9c Qh Ah 7s]
Seat 3: Piparipoker (big blind) collected ($23.52)
Seat 4: TbIP-TbIP 88 (button) (small blind) folded on the Turn


PokerStars Hand #150849435207:  Hold'em Limit ($3/$6 USD) - 2016/03/24 9:51:00 ET
Table 'Miram' 6-max Seat #3 is the button
Seat 3: Piparipoker ($65 in chips)
Seat 4: TbIP-TbIP 88 ($96.26 in chips)
Piparipoker: posts small blind $1
TbIP-TbIP 88: posts big blind $3
*** HOLE CARDS ***
Piparipoker: folds
Uncalled bet ($2) returned to TbIP-TbIP 88
TbIP-TbIP 88 collected $2 from pot
TbIP-TbIP 88: doesn't show hand
*** SUMMARY ***
Total pot $2 | Rake $0
Seat 3: Piparipoker (button) (small blind) folded before Flop
Seat 4: TbIP-TbIP 88 (big blind) collected ($2)


PokerStars Hand #150849490084:  Hold'em Limit ($3/$6 USD) - 2016/03/24 9:52:27 ET
Table 'Miram' 6-max Seat #4 is the button
Seat 3: Piparipoker ($95.02 in chips)
Seat 4: TbIP-TbIP 88 ($72 in chips)
TbIP-TbIP 88: posts small blind $1
Piparipoker: posts big blind $3
*** HOLE CARDS ***
TbIP-TbIP 88: folds
Uncalled bet ($2) returned to Piparipoker
Piparipoker collected $2 from pot
Piparipoker: doesn't show hand
*** SUMMARY ***
Total pot $2 | Rake $0
Seat 3: Piparipoker (big blind) collected ($2)
Seat 4: TbIP-TbIP 88 (button) (small blind) folded before Flop


PokerStars Hand #150849456188:  Hold'em Limit ($3/$6 USD) - 2016/03/24 9:51:33 ET
Table 'Miram' 6-max Seat #4 is the button
Seat 3: Piparipoker ($74.52 in chips)
Seat 4: TbIP-TbIP 88 ($86.26 in chips)
TbIP-TbIP 88: posts small blind $1
Piparipoker: posts big blind $3
*** HOLE CARDS ***
TbIP-TbIP 88: raises $3 to $6
Piparipoker: raises $3 to $9
TbIP-TbIP 88: calls $3
*** FLOP *** [2s 2d 8s]
Piparipoker: bets $3
TbIP-TbIP 88: calls $3
*** TURN *** [2s 2d 8s] [4c]
Piparipoker: checks
TbIP-TbIP 88: checks
*** RIVER *** [2s 2d 8s 4c] [6d]
Piparipoker: bets $6
TbIP-TbIP 88: calls $6
*** SHOW DOWN ***
Piparipoker: shows [Jh Ks] (a pair of Deuces)
TbIP-TbIP 88: mucks hand
Piparipoker collected $35.50 from pot
*** SUMMARY ***
Total pot $36 | Rake $0.50
Board [2s 2d 8s 4c 6d]
Seat 3: Piparipoker (big blind) showed [Jh Ks] and won ($35.50) with a pair of Deuces
Seat 4: TbIP-TbIP 88 (button) (small blind) mucked


PokerStars Hand #150849524414:  Hold'em Limit ($3/$6 USD) - 2016/03/24 9:53:21 ET
Table 'Miram' 6-max Seat #4 is the button
Seat 3: Piparipoker ($122.52 in chips)
Seat 4: TbIP-TbIP 88 ($72 in chips)
TbIP-TbIP 88: posts small blind $1
Piparipoker: posts big blind $3
*** HOLE CARDS ***
TbIP-TbIP 88: raises $3 to $6
Piparipoker: calls $3
*** FLOP *** [3c 4c 3d]
Piparipoker: checks
TbIP-TbIP 88: checks
*** TURN *** [3c 4c 3d] [4s]
Piparipoker: checks
TbIP-TbIP 88: checks
*** RIVER *** [3c 4c 3d 4s] [8s]
Piparipoker: checks
TbIP-TbIP 88: bets $6
Piparipoker: folds
Uncalled bet ($6) returned to TbIP-TbIP 88
TbIP-TbIP 88 collected $11.76 from pot
TbIP-TbIP 88: doesn't show hand
*** SUMMARY ***
Total pot $12 | Rake $0.24
Board [3c 4c 3d 4s 8s]
Seat 3: Piparipoker (big blind) folded on the River
Seat 4: TbIP-TbIP 88 (button) (small blind) collected ($11.76)


PokerStars Hand #150849498713:  Hold'em Limit ($3/$6 USD) - 2016/03/24 9:52:40 ET
Table 'Miram' 6-max Seat #3 is the button
Seat 3: Piparipoker ($96.02 in chips)
Seat 4: TbIP-TbIP 88 ($72 in chips)
Piparipoker: posts small blind $1
TbIP-TbIP 88: posts big blind $3
*** HOLE CARDS ***
Piparipoker: raises $3 to $6
TbIP-TbIP 88: calls $3
*** FLOP *** [2s 6h 8s]
TbIP-TbIP 88: checks
Piparipoker: bets $3
TbIP-TbIP 88: raises $3 to $6
Piparipoker: raises $3 to $9
TbIP-TbIP 88: calls $3
*** TURN *** [2s 6h 8s] [5d]
TbIP-TbIP 88: checks
Piparipoker: bets $6
TbIP-TbIP 88: calls $6
*** RIVER *** [2s 6h 8s 5d] [4s]
TbIP-TbIP 88: checks
Piparipoker: bets $6
TbIP-TbIP 88: calls $6
*** SHOW DOWN ***
Piparipoker: shows [7s Js] (a flush, Jack high)
TbIP-TbIP 88: mucks hand
Piparipoker collected $53.50 from pot
*** SUMMARY ***
Total pot $54 | Rake $0.50
Board [2s 6h 8s 5d 4s]
Seat 3: Piparipoker (button) (small blind) showed [7s Js] and won ($53.50) with a flush, Jack high
Seat 4: TbIP-TbIP 88 (big blind) mucked


PokerStars Hand #150849541521:  Hold'em Limit ($3/$6 USD) - 2016/03/24 9:53:47 ET
Table 'Miram' 6-max Seat #4 is the button
Seat 3: Piparipoker ($115.52 in chips)
Seat 4: TbIP-TbIP 88 ($78.76 in chips)
TbIP-TbIP 88: posts small blind $1
Piparipoker: posts big blind $3
*** HOLE CARDS ***
TbIP-TbIP 88: raises $3 to $6
Piparipoker: raises $3 to $9
TbIP-TbIP 88: calls $3
*** FLOP *** [6s 7c 8h]
Piparipoker: bets $3
TbIP-TbIP 88: calls $3
*** TURN *** [6s 7c 8h] [As]
Piparipoker: bets $6
TbIP-TbIP 88: calls $6
*** RIVER *** [6s 7c 8h As] [3s]
Piparipoker: checks
TbIP-TbIP 88: bets $6
Piparipoker: calls $6
*** SHOW DOWN ***
TbIP-TbIP 88: shows [4s Ad] (a pair of Aces)
Piparipoker: mucks hand
TbIP-TbIP 88 collected $47.50 from pot
*** SUMMARY ***
Total pot $48 | Rake $0.50
Board [6s 7c 8h As 3s]
Seat 3: Piparipoker (big blind) mucked
Seat 4: TbIP-TbIP 88 (button) (small blind) showed [4s Ad] and won ($47.50) with a pair of Aces


PokerStars Hand #150849537373:  Hold'em Limit ($3/$6 USD) - 2016/03/24 9:53:41 ET
Table 'Miram' 6-max Seat #3 is the button
Seat 3: Piparipoker ($116.52 in chips)
Seat 4: TbIP-TbIP 88 ($77.76 in chips)
Piparipoker: posts small blind $1
TbIP-TbIP 88: posts big blind $3
*** HOLE CARDS ***
Piparipoker: folds
Uncalled bet ($2) returned to TbIP-TbIP 88
TbIP-TbIP 88 collected $2 from pot
TbIP-TbIP 88: doesn't show hand
*** SUMMARY ***
Total pot $2 | Rake $0
Seat 3: Piparipoker (button) (small blind) folded before Flop
Seat 4: TbIP-TbIP 88 (big blind) collected ($2)


PokerStars Hand #150849593147:  Hold'em Limit ($3/$6 USD) - 2016/03/24 9:55:08 ET
Table 'Miram' 6-max Seat #4 is the button
Seat 3: Piparipoker ($112.02 in chips)
Seat 4: TbIP-TbIP 88 ($81.26 in chips)
TbIP-TbIP 88: posts small blind $1
Piparipoker: posts big blind $3
*** HOLE CARDS ***
TbIP-TbIP 88: folds
Uncalled bet ($2) returned to Piparipoker
Piparipoker collected $2 from pot
Piparipoker: doesn't show hand
*** SUMMARY ***
Total pot $2 | Rake $0
Seat 3: Piparipoker (big blind) collected ($2)
Seat 4: TbIP-TbIP 88 (button) (small blind) folded before Flop


PokerStars Hand #150849566281:  Hold'em Limit ($3/$6 USD) - 2016/03/24 9:54:26 ET
Table 'Miram' 6-max Seat #3 is the button
Seat 3: Piparipoker ($91.52 in chips)
Seat 4: TbIP-TbIP 88 ($102.26 in chips)
Piparipoker: posts small blind $1
TbIP-TbIP 88: posts big blind $3
*** HOLE CARDS ***
Piparipoker: raises $3 to $6
TbIP-TbIP 88: calls $3
*** FLOP *** [3s 5c As]
TbIP-TbIP 88: checks
Piparipoker: bets $3
TbIP-TbIP 88: calls $3
*** TURN *** [3s 5c As] [Kc]
TbIP-TbIP 88: checks
Piparipoker: bets $6
TbIP-TbIP 88: calls $6
*** RIVER *** [3s 5c As Kc] [9s]
TbIP-TbIP 88: checks
Piparipoker: bets $6
TbIP-TbIP 88: calls $6
*** SHOW DOWN ***
Piparipoker: shows [Ac 8c] (a pair of Aces)
TbIP-TbIP 88: mucks hand
Piparipoker collected $41.50 from pot
*** SUMMARY ***
Total pot $42 | Rake $0.50
Board [3s 5c As Kc 9s]
Seat 3: Piparipoker (button) (small blind) showed [Ac 8c] and won ($41.50) with a pair of Aces
Seat 4: TbIP-TbIP 88 (big blind) mucked


PokerStars Hand #150849599821:  Hold'em Limit ($3/$6 USD) - 2016/03/24 9:55:19 ET
Table 'Miram' 6-max Seat #3 is the button
Seat 3: Piparipoker ($113.02 in chips)
Seat 4: TbIP-TbIP 88 ($80.26 in chips)
Piparipoker: posts small blind $1
TbIP-TbIP 88: posts big blind $3
*** HOLE CARDS ***
Piparipoker: raises $3 to $6
TbIP-TbIP 88: calls $3
*** FLOP *** [Ks 8d Ac]
TbIP-TbIP 88: checks
Piparipoker: bets $3
TbIP-TbIP 88: calls $3
*** TURN *** [Ks 8d Ac] [8h]
TbIP-TbIP 88: checks
Piparipoker: bets $6
liza3008 joins the table at seat #5
TbIP-TbIP 88: raises $6 to $12
Piparipoker: calls $6
*** RIVER *** [Ks 8d Ac 8h] [Jh]
TbIP-TbIP 88: bets $6
Piparipoker: calls $6
*** SHOW DOWN ***
TbIP-TbIP 88: shows [8s Qd] (three of a kind, Eights)
Piparipoker: mucks hand
TbIP-TbIP 88 collected $53.50 from pot
*** SUMMARY ***
Total pot $54 | Rake $0.50
Board [Ks 8d Ac 8h Jh]
Seat 3: Piparipoker (button) (small blind) mucked
Seat 4: TbIP-TbIP 88 (big blind) showed [8s Qd] and won ($53.50) with three of a kind, Eights


PokerStars Hand #150849721785:  Hold'em Limit ($3/$6 USD) - 2016/03/24 9:59:05 ET
Table 'Miram' 6-max Seat #3 is the button
Seat 3: Piparipoker ($138.59 in chips)
Seat 4: TbIP-TbIP 88 ($72 in chips)
kolaz03 will be allowed to play after the button
B_loJkl will be allowed to play after the button
Piparipoker: posts small blind $1
Vaboss63 joins the table at seat #2
TbIP-TbIP 88: posts big blind $3
*** HOLE CARDS ***
liza3008 leaves the table
Piparipoker: raises $3 to $6
TbIP-TbIP 88: folds
Uncalled bet ($3) returned to Piparipoker
Piparipoker collected $6 from pot
Piparipoker: doesn't show hand
*** SUMMARY ***
Total pot $6 | Rake $0
Seat 3: Piparipoker (button) (small blind) collected ($6)
Seat 4: TbIP-TbIP 88 (big blind) folded before Flop


PokerStars Hand #150849875294:  Hold'em Limit ($3/$6 USD) - 2016/03/24 10:03:22 ET
Table 'Miram' 6-max Seat #4 is the button
Seat 3: Piparipoker ($96.85 in chips)
Seat 4: TbIP-TbIP 88 ($133.07 in chips)
TbIP-TbIP 88: posts small blind $1
Piparipoker: posts big blind $3
*** HOLE CARDS ***
TbIP-TbIP 88: raises $3 to $6
Piparipoker: calls $3
*** FLOP *** [7d Qc 5h]
Piparipoker: checks
TbIP-TbIP 88: bets $3
Piparipoker: calls $3
*** TURN *** [7d Qc 5h] [2h]
Piparipoker: checks
TbIP-TbIP 88: checks
*** RIVER *** [7d Qc 5h 2h] [9h]
Piparipoker: checks
TbIP-TbIP 88: bets $6
Piparipoker: calls $6
*** SHOW DOWN ***
TbIP-TbIP 88: shows [Kh Ad] (high card Ace)
Piparipoker: mucks hand
TbIP-TbIP 88 collected $29.50 from pot
*** SUMMARY ***
Total pot $30 | Rake $0.50
Board [7d Qc 5h 2h 9h]
Seat 3: Piparipoker (big blind) mucked
Seat 4: TbIP-TbIP 88 (button) (small blind) showed [Kh Ad] and won ($29.50) with high card Ace


PokerStars Hand #150849863210:  Hold'em Limit ($3/$6 USD) - 2016/03/24 10:03:03 ET
Table 'Miram' 6-max Seat #3 is the button
Seat 3: Piparipoker ($108.85 in chips)
Seat 4: TbIP-TbIP 88 ($121.55 in chips)
Piparipoker: posts small blind $1
TbIP-TbIP 88: posts big blind $3
*** HOLE CARDS ***
Piparipoker: raises $3 to $6
TbIP-TbIP 88: calls $3
*** FLOP *** [7c 8c 5h]
TbIP-TbIP 88: checks
Piparipoker: checks
*** TURN *** [7c 8c 5h] [8h]
TbIP-TbIP 88: bets $6
Piparipoker: calls $6
*** RIVER *** [7c 8c 5h 8h] [9s]
TbIP-TbIP 88: checks
Piparipoker: checks
*** SHOW DOWN ***
TbIP-TbIP 88: shows [7s Kc] (two pair, Eights and Sevens)
Piparipoker: mucks hand
TbIP-TbIP 88 collected $23.52 from pot
*** SUMMARY ***
Total pot $24 | Rake $0.48
Board [7c 8c 5h 8h 9s]
Seat 3: Piparipoker (button) (small blind) mucked
Seat 4: TbIP-TbIP 88 (big blind) showed [7s Kc] and won ($23.52) with two pair, Eights and Sevens


PokerStars Hand #150849854291:  Hold'em Limit ($3/$6 USD) - 2016/03/24 10:02:49 ET
Table 'Miram' 6-max Seat #4 is the button
Seat 3: Piparipoker ($107.85 in chips)
Seat 4: TbIP-TbIP 88 ($122.55 in chips)
TbIP-TbIP 88: posts small blind $1
Ale4o: is sitting out
Piparipoker: posts big blind $3
*** HOLE CARDS ***
Ale4o leaves the table
TbIP-TbIP 88: folds
Uncalled bet ($2) returned to Piparipoker
Piparipoker collected $2 from pot
Piparipoker: doesn't show hand
*** SUMMARY ***
Total pot $2 | Rake $0
Seat 3: Piparipoker (big blind) collected ($2)
Seat 4: TbIP-TbIP 88 (button) (small blind) folded before Flop


