PokerStars Hand #163499804624:  Hold'em Limit ($3/$6 USD) - 2016/12/25 12:17:15 ET
Table 'Mirach II' 6-max Seat #1 is the button
Seat 1: LifeisagameX ($84 in chips)
Seat 2: paptec ($40 in chips)
LifeisagameX: posts small blind $1
paptec: posts big blind $3
*** HOLE CARDS ***
LifeisagameX: raises $3 to $6
paptec: calls $3
*** FLOP *** [7h Td 2s]
paptec: checks
LifeisagameX: checks
*** TURN *** [7h Td 2s] [8c]
paptec: bets $6
LifeisagameX: raises $6 to $12
paptec: calls $6
*** RIVER *** [7h Td 2s 8c] [3d]
paptec: checks
LifeisagameX: checks
*** SHOW DOWN ***
paptec: shows [5s 9h] (high card Ten)
LifeisagameX: shows [3s 9s] (a pair of Threes)
LifeisagameX collected $35.50 from pot
*** SUMMARY ***
Total pot $36 | Rake $0.50
Board [7h Td 2s 8c 3d]
Seat 1: LifeisagameX (button) (small blind) showed [3s 9s] and won ($35.50) with a pair of Threes
Seat 2: paptec (big blind) showed [5s 9h] and lost with high card Ten


PokerStars Hand #163499844631:  Hold'em Limit ($3/$6 USD) - 2016/12/25 12:18:02 ET
Table 'Mirach II' 6-max Seat #2 is the button
Seat 1: LifeisagameX ($101.50 in chips)
Seat 2: paptec ($22 in chips)
paptec: posts small blind $1
LifeisagameX: posts big blind $3
*** HOLE CARDS ***
paptec: raises $3 to $6
LifeisagameX: calls $3
*** FLOP *** [Qd 3s 2d]
LifeisagameX: checks
paptec: checks
*** TURN *** [Qd 3s 2d] [4c]
LifeisagameX: bets $6
paptec: calls $6
*** RIVER *** [Qd 3s 2d 4c] [Ac]
LifeisagameX: bets $6
paptec: raises $4 to $10 and is all-in
LifeisagameX: calls $4
*** SHOW DOWN ***
paptec: shows [9c 5c] (a straight, Ace to Five)
LifeisagameX: shows [Qh 3c] (two pair, Queens and Threes)
paptec collected $43.50 from pot
*** SUMMARY ***
Total pot $44 | Rake $0.50
Board [Qd 3s 2d 4c Ac]
Seat 1: LifeisagameX (big blind) showed [Qh 3c] and lost with two pair, Queens and Threes
Seat 2: paptec (button) (small blind) showed [9c 5c] and won ($43.50) with a straight, Ace to Five


PokerStars Hand #163499879949:  Hold'em Limit ($3/$6 USD) - 2016/12/25 12:18:44 ET
Table 'Mirach II' 6-max Seat #1 is the button
Seat 1: LifeisagameX ($84 in chips)
Seat 2: paptec ($43.50 in chips)
LifeisagameX: posts small blind $1
paptec: posts big blind $3
*** HOLE CARDS ***
LifeisagameX: folds
Uncalled bet ($2) returned to paptec
paptec collected $2 from pot
*** SUMMARY ***
Total pot $2 | Rake $0
Seat 1: LifeisagameX (button) (small blind) folded before Flop
Seat 2: paptec (big blind) collected ($2)


PokerStars Hand #163499887291:  Hold'em Limit ($3/$6 USD) - 2016/12/25 12:18:53 ET
Table 'Mirach II' 6-max Seat #2 is the button
Seat 1: LifeisagameX ($84 in chips)
Seat 2: paptec ($44.50 in chips)
paptec: posts small blind $1
LifeisagameX: posts big blind $3
*** HOLE CARDS ***
paptec: calls $2
LifeisagameX: raises $3 to $6
paptec: calls $3
*** FLOP *** [9h 8h 5c]
LifeisagameX: bets $3
paptec: raises $3 to $6
LifeisagameX: calls $3
*** TURN *** [9h 8h 5c] [Jh]
LifeisagameX: checks
paptec: bets $6
LifeisagameX: calls $6
*** RIVER *** [9h 8h 5c Jh] [3c]
LifeisagameX: checks
paptec: bets $6
LifeisagameX: calls $6
*** SHOW DOWN ***
paptec: shows [9s 3h] (two pair, Nines and Threes)
LifeisagameX: mucks hand
paptec collected $47.50 from pot
*** SUMMARY ***
Total pot $48 | Rake $0.50
Board [9h 8h 5c Jh 3c]
Seat 1: LifeisagameX (big blind) mucked
Seat 2: paptec (button) (small blind) showed [9s 3h] and won ($47.50) with two pair, Nines and Threes


PokerStars Hand #163499948431:  Hold'em Limit ($3/$6 USD) - 2016/12/25 12:20:06 ET
Table 'Mirach II' 6-max Seat #1 is the button
Seat 1: LifeisagameX ($84 in chips)
Seat 2: paptec ($68 in chips)
LifeisagameX: posts small blind $1
paptec: posts big blind $3
*** HOLE CARDS ***
LifeisagameX: raises $3 to $6
paptec: calls $3
*** FLOP *** [6d 2d 7h]
paptec: checks
LifeisagameX: checks
*** TURN *** [6d 2d 7h] [Qc]
paptec: checks
LifeisagameX: bets $6
paptec: folds
Uncalled bet ($6) returned to LifeisagameX
LifeisagameX collected $11.76 from pot
LifeisagameX: doesn't show hand
*** SUMMARY ***
Total pot $12 | Rake $0.24
Board [6d 2d 7h Qc]
Seat 1: LifeisagameX (button) (small blind) collected ($11.76)
Seat 2: paptec (big blind) folded on the Turn


PokerStars Hand #163499976069:  Hold'em Limit ($3/$6 USD) - 2016/12/25 12:20:39 ET
Table 'Mirach II' 6-max Seat #2 is the button
Seat 1: LifeisagameX ($89.76 in chips)
Seat 2: paptec ($62 in chips)
paptec: posts small blind $1
LifeisagameX: posts big blind $3
*** HOLE CARDS ***
paptec: raises $3 to $6
LifeisagameX: calls $3
*** FLOP *** [Js 2d Jh]
LifeisagameX: checks
paptec: bets $3
LifeisagameX: folds
Uncalled bet ($3) returned to paptec
paptec collected $11.76 from pot
*** SUMMARY ***
Total pot $12 | Rake $0.24
Board [Js 2d Jh]
Seat 1: LifeisagameX (big blind) folded on the Flop
Seat 2: paptec (button) (small blind) collected ($11.76)


PokerStars Hand #163499997859:  Hold'em Limit ($3/$6 USD) - 2016/12/25 12:21:05 ET
Table 'Mirach II' 6-max Seat #1 is the button
Seat 1: LifeisagameX ($84 in chips)
Seat 2: paptec ($67.76 in chips)
LifeisagameX: posts small blind $1
paptec: posts big blind $3
*** HOLE CARDS ***
LifeisagameX: folds
Uncalled bet ($2) returned to paptec
paptec collected $2 from pot
*** SUMMARY ***
Total pot $2 | Rake $0
Seat 1: LifeisagameX (button) (small blind) folded before Flop
Seat 2: paptec (big blind) collected ($2)


PokerStars Hand #163500006099:  Hold'em Limit ($3/$6 USD) - 2016/12/25 12:21:15 ET
Table 'Mirach II' 6-max Seat #2 is the button
Seat 1: LifeisagameX ($84 in chips)
Seat 2: paptec ($68.76 in chips)
paptec: posts small blind $1
LifeisagameX: posts big blind $3
*** HOLE CARDS ***
paptec: raises $3 to $6
LifeisagameX: calls $3
*** FLOP *** [5c Js Ts]
LifeisagameX: checks
paptec: bets $3
LifeisagameX: raises $3 to $6
paptec: calls $3
*** TURN *** [5c Js Ts] [8c]
LifeisagameX: bets $6
paptec: raises $6 to $12
LifeisagameX: calls $6
*** RIVER *** [5c Js Ts 8c] [Ac]
LifeisagameX: checks
paptec: bets $6
LifeisagameX: raises $6 to $12
paptec: calls $6
*** SHOW DOWN ***
LifeisagameX: shows [3c Kc] (a flush, Ace high)
paptec: mucks hand
LifeisagameX collected $71.50 from pot
*** SUMMARY ***
Total pot $72 | Rake $0.50
Board [5c Js Ts 8c Ac]
Seat 1: LifeisagameX (big blind) showed [3c Kc] and won ($71.50) with a flush, Ace high
Seat 2: paptec (button) (small blind) mucked


PokerStars Hand #163500063254:  Hold'em Limit ($3/$6 USD) - 2016/12/25 12:22:22 ET
Table 'Mirach II' 6-max Seat #1 is the button
Seat 1: LifeisagameX ($119.50 in chips)
Seat 2: paptec ($32.76 in chips)
LifeisagameX: posts small blind $1
paptec: posts big blind $3
*** HOLE CARDS ***
LifeisagameX: raises $3 to $6
paptec: raises $3 to $9
LifeisagameX: calls $3
*** FLOP *** [9s 6h 7d]
paptec: bets $3
LifeisagameX: calls $3
*** TURN *** [9s 6h 7d] [7c]
paptec: bets $6
LifeisagameX: calls $6
*** RIVER *** [9s 6h 7d 7c] [9c]
paptec: checks
LifeisagameX: bets $6
paptec: raises $6 to $12
LifeisagameX: calls $6
*** SHOW DOWN ***
paptec: shows [9d 5d] (a full house, Nines full of Sevens)
LifeisagameX: mucks hand
paptec collected $59.50 from pot
*** SUMMARY ***
Total pot $60 | Rake $0.50
Board [9s 6h 7d 7c 9c]
Seat 1: LifeisagameX (button) (small blind) mucked
Seat 2: paptec (big blind) showed [9d 5d] and won ($59.50) with a full house, Nines full of Sevens


PokerStars Hand #163500110469:  Hold'em Limit ($3/$6 USD) - 2016/12/25 12:23:18 ET
Table 'Mirach II' 6-max Seat #2 is the button
Seat 1: LifeisagameX ($89.50 in chips)
Seat 2: paptec ($62.26 in chips)
paptec: posts small blind $1
LifeisagameX: posts big blind $3
*** HOLE CARDS ***
paptec: raises $3 to $6
LifeisagameX: raises $3 to $9
paptec: calls $3
*** FLOP *** [Jd 7s 5s]
LifeisagameX: bets $3
paptec: raises $3 to $6
LifeisagameX: calls $3
*** TURN *** [Jd 7s 5s] [Ks]
LifeisagameX: checks
paptec: bets $6
LifeisagameX: calls $6
*** RIVER *** [Jd 7s 5s Ks] [Kc]
LifeisagameX: bets $6
paptec: calls $6
*** SHOW DOWN ***
LifeisagameX: shows [9s 9c] (two pair, Kings and Nines)
paptec: mucks hand
LifeisagameX collected $53.50 from pot
*** SUMMARY ***
Total pot $54 | Rake $0.50
Board [Jd 7s 5s Ks Kc]
Seat 1: LifeisagameX (big blind) showed [9s 9c] and won ($53.50) with two pair, Kings and Nines
Seat 2: paptec (button) (small blind) mucked


PokerStars Hand #163500153432:  Hold'em Limit ($3/$6 USD) - 2016/12/25 12:24:08 ET
Table 'Mirach II' 6-max Seat #1 is the button
Seat 1: LifeisagameX ($116 in chips)
Seat 2: paptec ($35.26 in chips)
LifeisagameX: posts small blind $1
paptec: posts big blind $3
*** HOLE CARDS ***
LifeisagameX: raises $3 to $6
paptec: calls $3
*** FLOP *** [3h 9c 6s]
paptec: checks
LifeisagameX: checks
*** TURN *** [3h 9c 6s] [7s]
paptec: checks
LifeisagameX: bets $6
paptec: folds
Uncalled bet ($6) returned to LifeisagameX
LifeisagameX collected $11.76 from pot
LifeisagameX: doesn't show hand
*** SUMMARY ***
Total pot $12 | Rake $0.24
Board [3h 9c 6s 7s]
Seat 1: LifeisagameX (button) (small blind) collected ($11.76)
Seat 2: paptec (big blind) folded on the Turn


PokerStars Hand #163500179258:  Hold'em Limit ($3/$6 USD) - 2016/12/25 12:24:40 ET
Table 'Mirach II' 6-max Seat #2 is the button
Seat 1: LifeisagameX ($121.76 in chips)
Seat 2: paptec ($29.26 in chips)
paptec: posts small blind $1
LifeisagameX: posts big blind $3
*** HOLE CARDS ***
paptec: raises $3 to $6
LifeisagameX: calls $3
*** FLOP *** [5c 8d 3s]
LifeisagameX: checks
paptec: bets $3
LifeisagameX: raises $3 to $6
paptec: calls $3
*** TURN *** [5c 8d 3s] [7c]
LifeisagameX: bets $6
paptec: calls $6
*** RIVER *** [5c 8d 3s 7c] [7h]
LifeisagameX: checks
paptec: checks
*** SHOW DOWN ***
LifeisagameX: shows [Qh Jc] (a pair of Sevens)
paptec: shows [2s 3h] (two pair, Sevens and Threes)
paptec collected $35.50 from pot
*** SUMMARY ***
Total pot $36 | Rake $0.50
Board [5c 8d 3s 7c 7h]
Seat 1: LifeisagameX (big blind) showed [Qh Jc] and lost with a pair of Sevens
Seat 2: paptec (button) (small blind) showed [2s 3h] and won ($35.50) with two pair, Sevens and Threes


PokerStars Hand #163500236707:  Hold'em Limit ($3/$6 USD) - 2016/12/25 12:25:48 ET
Table 'Mirach II' 6-max Seat #1 is the button
Seat 1: LifeisagameX ($103.76 in chips)
Seat 2: paptec ($46.76 in chips)
LifeisagameX: posts small blind $1
paptec: posts big blind $3
*** HOLE CARDS ***
LifeisagameX: raises $3 to $6
paptec: calls $3
*** FLOP *** [9d 3h Kh]
paptec: bets $3
LifeisagameX: calls $3
*** TURN *** [9d 3h Kh] [Ac]
paptec: bets $6
LifeisagameX: folds
Uncalled bet ($6) returned to paptec
paptec collected $17.64 from pot
*** SUMMARY ***
Total pot $18 | Rake $0.36
Board [9d 3h Kh Ac]
Seat 1: LifeisagameX (button) (small blind) folded on the Turn
Seat 2: paptec (big blind) collected ($17.64)


PokerStars Hand #163500266281:  Hold'em Limit ($3/$6 USD) - 2016/12/25 12:26:23 ET
Table 'Mirach II' 6-max Seat #2 is the button
Seat 1: LifeisagameX ($94.76 in chips)
Seat 2: paptec ($55.40 in chips)
paptec: posts small blind $1
LifeisagameX: posts big blind $3
*** HOLE CARDS ***
paptec: raises $3 to $6
LifeisagameX: calls $3
*** FLOP *** [5h Td 5s]
LifeisagameX: checks
paptec: bets $3
LifeisagameX: calls $3
*** TURN *** [5h Td 5s] [9s]
LifeisagameX: checks
paptec: checks
*** RIVER *** [5h Td 5s 9s] [Qc]
LifeisagameX: checks
paptec: checks
*** SHOW DOWN ***
LifeisagameX: shows [3c Ac] (a pair of Fives)
paptec: shows [8s As] (a pair of Fives)
LifeisagameX collected $8.82 from pot
paptec collected $8.82 from pot
*** SUMMARY ***
Total pot $18 | Rake $0.36
Board [5h Td 5s 9s Qc]
Seat 1: LifeisagameX (big blind) showed [3c Ac] and won ($8.82) with a pair of Fives
Seat 2: paptec (button) (small blind) showed [8s As] and won ($8.82) with a pair of Fives


PokerStars Hand #163500318355:  Hold'em Limit ($3/$6 USD) - 2016/12/25 12:27:25 ET
Table 'Mirach II' 6-max Seat #2 is the button
Seat 1: LifeisagameX ($93.58 in chips)
Seat 2: paptec ($56.22 in chips)
paptec: posts small blind $1
LifeisagameX: posts big blind $3
*** HOLE CARDS ***
paptec: raises $3 to $6
LifeisagameX: calls $3
*** FLOP *** [Qh 5c 3c]
LifeisagameX: checks
paptec: bets $3
LifeisagameX: folds
Uncalled bet ($3) returned to paptec
paptec collected $11.76 from pot
*** SUMMARY ***
Total pot $12 | Rake $0.24
Board [Qh 5c 3c]
Seat 1: LifeisagameX (big blind) folded on the Flop
Seat 2: paptec (button) (small blind) collected ($11.76)


PokerStars Hand #163500313233:  Hold'em Limit ($3/$6 USD) - 2016/12/25 12:27:19 ET
Table 'Mirach II' 6-max Seat #1 is the button
Seat 1: LifeisagameX ($94.58 in chips)
Seat 2: paptec ($55.22 in chips)
LifeisagameX: posts small blind $1
paptec: posts big blind $3
*** HOLE CARDS ***
LifeisagameX: folds
Uncalled bet ($2) returned to paptec
paptec collected $2 from pot
*** SUMMARY ***
Total pot $2 | Rake $0
Seat 1: LifeisagameX (button) (small blind) folded before Flop
Seat 2: paptec (big blind) collected ($2)


PokerStars Hand #163500355923:  Hold'em Limit ($3/$6 USD) - 2016/12/25 12:28:09 ET
Table 'Mirach II' 6-max Seat #1 is the button
Seat 1: LifeisagameX ($87.58 in chips)
Seat 2: paptec ($61.98 in chips)
LifeisagameX: posts small blind $1
paptec: posts big blind $3
*** HOLE CARDS ***
LifeisagameX: raises $3 to $6
paptec: calls $3
*** FLOP *** [6h Jc 3d]
paptec: checks
LifeisagameX: bets $3
paptec: calls $3
*** TURN *** [6h Jc 3d] [7d]
paptec: checks
LifeisagameX: bets $6
paptec: calls $6
*** RIVER *** [6h Jc 3d 7d] [9d]
paptec: checks
LifeisagameX: bets $6
paptec: raises $6 to $12
hookonhook joins the table at seat #3
LifeisagameX: calls $6
*** SHOW DOWN ***
paptec: shows [Qd Qh] (a pair of Queens)
LifeisagameX: mucks hand
paptec collected $53.50 from pot
*** SUMMARY ***
Total pot $54 | Rake $0.50
Board [6h Jc 3d 7d 9d]
Seat 1: LifeisagameX (button) (small blind) mucked
Seat 2: paptec (big blind) showed [Qd Qh] and won ($53.50) with a pair of Queens


