PokerStars Hand #150238690291:  Hold'em Limit ($3/$6 USD) - 2016/03/12 11:28:36 ET
Table 'Miram II' 6-max Seat #5 is the button
Seat 5: woddy777 ($716.11 in chips)
Seat 6: AzureCaper ($72 in chips)
woddy777: posts small blind $1
AzureCaper: posts big blind $3
*** HOLE CARDS ***
woddy777: raises $3 to $6
AzureCaper: folds
Uncalled bet ($3) returned to woddy777
woddy777 collected $6 from pot
woddy777: doesn't show hand
*** SUMMARY ***
Total pot $6 | Rake $0
Seat 5: woddy777 (button) (small blind) collected ($6)
Seat 6: AzureCaper (big blind) folded before Flop


PokerStars Hand #150238686889:  Hold'em Limit ($3/$6 USD) - 2016/03/12 11:28:32 ET
Table 'Miram II' 6-max Seat #6 is the button
Seat 5: woddy777 ($715.11 in chips)
Seat 6: AzureCaper ($73 in chips)
AzureCaper: posts small blind $1
woddy777: posts big blind $3
*** HOLE CARDS ***
AzureCaper: folds
Uncalled bet ($2) returned to woddy777
woddy777 collected $2 from pot
woddy777: doesn't show hand
*** SUMMARY ***
Total pot $2 | Rake $0
Seat 5: woddy777 (big blind) collected ($2)
Seat 6: AzureCaper (button) (small blind) folded before Flop


PokerStars Hand #150238694432:  Hold'em Limit ($3/$6 USD) - 2016/03/12 11:28:41 ET
Table 'Miram II' 6-max Seat #6 is the button
Seat 5: woddy777 ($719.11 in chips)
Seat 6: AzureCaper ($72 in chips)
AzureCaper: posts small blind $1
woddy777: posts big blind $3
*** HOLE CARDS ***
AzureCaper: folds
Uncalled bet ($2) returned to woddy777
woddy777 collected $2 from pot
woddy777: doesn't show hand
*** SUMMARY ***
Total pot $2 | Rake $0
Seat 5: woddy777 (big blind) collected ($2)
Seat 6: AzureCaper (button) (small blind) folded before Flop


PokerStars Hand #150238697763:  Hold'em Limit ($3/$6 USD) - 2016/03/12 11:28:45 ET
Table 'Miram II' 6-max Seat #5 is the button
Seat 5: woddy777 ($720.11 in chips)
Seat 6: AzureCaper ($72 in chips)
woddy777: posts small blind $1
AzureCaper: posts big blind $3
*** HOLE CARDS ***
xxpiperxx joins the table at seat #3
woddy777: calls $2
AzureCaper: raises $3 to $6
woddy777: calls $3
*** FLOP *** [Qh 3h 5s]
AzureCaper: bets $3
woddy777: calls $3
*** TURN *** [Qh 3h 5s] [7h]
AzureCaper: checks
woddy777: checks
*** RIVER *** [Qh 3h 5s 7h] [6c]
AzureCaper: checks
woddy777: bets $6
AzureCaper: folds
Uncalled bet ($6) returned to woddy777
woddy777 collected $17.64 from pot
woddy777: doesn't show hand
*** SUMMARY ***
Total pot $18 | Rake $0.36
Board [Qh 3h 5s 7h 6c]
Seat 5: woddy777 (button) (small blind) collected ($17.64)
Seat 6: AzureCaper (big blind) folded on the River


PokerStars Hand #150238712831:  Hold'em Limit ($3/$6 USD) - 2016/03/12 11:29:04 ET
Table 'Miram II' 6-max Seat #3 is the button
Seat 3: xxpiperxx ($121 in chips)
Seat 6: AzureCaper ($72 in chips)
woddy777 leaves the table
xxpiperxx: posts small blind $1
AzureCaper: posts big blind $3
*** HOLE CARDS ***
xxpiperxx: folds
Uncalled bet ($2) returned to AzureCaper
AzureCaper collected $2 from pot
AzureCaper: doesn't show hand
*** SUMMARY ***
Total pot $2 | Rake $0
Seat 3: xxpiperxx (button) (small blind) folded before Flop
Seat 6: AzureCaper (big blind) collected ($2)


PokerStars Hand #150238717142:  Hold'em Limit ($3/$6 USD) - 2016/03/12 11:29:09 ET
Table 'Miram II' 6-max Seat #6 is the button
Seat 3: xxpiperxx ($120 in chips)
Seat 6: AzureCaper ($73 in chips)
AzureCaper: posts small blind $1
xxpiperxx: posts big blind $3
*** HOLE CARDS ***
AzureCaper: raises $3 to $6
xxpiperxx: folds
Uncalled bet ($3) returned to AzureCaper
AzureCaper collected $6 from pot
AzureCaper: doesn't show hand
*** SUMMARY ***
Total pot $6 | Rake $0
Seat 3: xxpiperxx (big blind) folded before Flop
Seat 6: AzureCaper (button) (small blind) collected ($6)


