PokerStars Hand #145675533920:  Hold'em Limit ($3/$6 USD) - 2015/12/21 3:30:37 ET
Table 'Mira II' 6-max Seat #1 is the button
Seat 1: VolkovDmitri ($120 in chips)
Seat 2: anebodil ($71.09 in chips)
VolkovDmitri: posts small blind $1
anebodil: posts big blind $3
*** HOLE CARDS ***
VolkovDmitri: raises $3 to $6
anebodil: calls $3
*** FLOP *** [9s 7h 8c]
anebodil: checks
VolkovDmitri: bets $3
anebodil: calls $3
*** TURN *** [9s 7h 8c] [4d]
anebodil: checks
VolkovDmitri: checks
*** RIVER *** [9s 7h 8c 4d] [3h]
anebodil: bets $6
VolkovDmitri: folds
Uncalled bet ($6) returned to anebodil
anebodil collected $17.64 from pot
anebodil: doesn't show hand
*** SUMMARY ***
Total pot $18 | Rake $0.36
Board [9s 7h 8c 4d 3h]
Seat 1: VolkovDmitri (button) (small blind) folded on the River
Seat 2: anebodil (big blind) collected ($17.64)


PokerStars Hand #145675541396:  Hold'em Limit ($3/$6 USD) - 2015/12/21 3:31:02 ET
Table 'Mira II' 6-max Seat #2 is the button
Seat 1: VolkovDmitri ($120 in chips)
Seat 2: anebodil ($79.73 in chips)
anebodil: posts small blind $1
VolkovDmitri: posts big blind $3
*** HOLE CARDS ***
anebodil: folds
Uncalled bet ($2) returned to VolkovDmitri
VolkovDmitri collected $2 from pot
VolkovDmitri: doesn't show hand
*** SUMMARY ***
Total pot $2 | Rake $0
Seat 1: VolkovDmitri (big blind) collected ($2)
Seat 2: anebodil (button) (small blind) folded before Flop


PokerStars Hand #145675544032:  Hold'em Limit ($3/$6 USD) - 2015/12/21 3:31:11 ET
Table 'Mira II' 6-max Seat #1 is the button
Seat 1: VolkovDmitri ($121 in chips)
Seat 2: anebodil ($78.73 in chips)
VolkovDmitri: posts small blind $1
anebodil: posts big blind $3
*** HOLE CARDS ***
VolkovDmitri: folds
Uncalled bet ($2) returned to anebodil
anebodil collected $2 from pot
anebodil: doesn't show hand
*** SUMMARY ***
Total pot $2 | Rake $0
Seat 1: VolkovDmitri (button) (small blind) folded before Flop
Seat 2: anebodil (big blind) collected ($2)


PokerStars Hand #145675546509:  Hold'em Limit ($3/$6 USD) - 2015/12/21 3:31:19 ET
Table 'Mira II' 6-max Seat #2 is the button
Seat 1: VolkovDmitri ($120 in chips)
Seat 2: anebodil ($79.73 in chips)
anebodil: posts small blind $1
VolkovDmitri: posts big blind $3
*** HOLE CARDS ***
anebodil: raises $3 to $6
VolkovDmitri: calls $3
*** FLOP *** [Td Kh 3c]
VolkovDmitri: checks
anebodil: checks
*** TURN *** [Td Kh 3c] [7h]
VolkovDmitri: bets $6
anebodil: folds
Uncalled bet ($6) returned to VolkovDmitri
VolkovDmitri collected $11.76 from pot
VolkovDmitri: doesn't show hand
*** SUMMARY ***
Total pot $12 | Rake $0.24
Board [Td Kh 3c 7h]
Seat 1: VolkovDmitri (big blind) collected ($11.76)
Seat 2: anebodil (button) (small blind) folded on the Turn


PokerStars Hand #145675576301:  Hold'em Limit ($3/$6 USD) - 2015/12/21 3:32:58 ET
Table 'Mira II' 6-max Seat #2 is the button
Seat 1: VolkovDmitri ($127 in chips)
Seat 2: anebodil ($90.23 in chips)
anebodil: posts small blind $1
VolkovDmitri: posts big blind $3
*** HOLE CARDS ***
anebodil: raises $3 to $6
VolkovDmitri: folds
Uncalled bet ($3) returned to anebodil
anebodil collected $6 from pot
anebodil: doesn't show hand
*** SUMMARY ***
Total pot $6 | Rake $0
Seat 1: VolkovDmitri (big blind) folded before Flop
Seat 2: anebodil (button) (small blind) collected ($6)


PokerStars Hand #145675565177:  Hold'em Limit ($3/$6 USD) - 2015/12/21 3:32:21 ET
Table 'Mira II' 6-max Seat #2 is the button
Seat 1: VolkovDmitri ($120 in chips)
Seat 2: anebodil ($94.23 in chips)
anebodil: posts small blind $1
VolkovDmitri: posts big blind $3
*** HOLE CARDS ***
anebodil: raises $3 to $6
VolkovDmitri: folds
Uncalled bet ($3) returned to anebodil
anebodil collected $6 from pot
anebodil: doesn't show hand
*** SUMMARY ***
Total pot $6 | Rake $0
Seat 1: VolkovDmitri (big blind) folded before Flop
Seat 2: anebodil (button) (small blind) collected ($6)


PokerStars Hand #145675571620:  Hold'em Limit ($3/$6 USD) - 2015/12/21 3:32:43 ET
Table 'Mira II' 6-max Seat #2 is the button
Seat 1: VolkovDmitri ($123 in chips)
Seat 2: anebodil ($94.23 in chips)
anebodil: posts small blind $1
VolkovDmitri: posts big blind $3
*** HOLE CARDS ***
anebodil: folds
Uncalled bet ($2) returned to VolkovDmitri
VolkovDmitri collected $2 from pot
VolkovDmitri: doesn't show hand
*** SUMMARY ***
Total pot $2 | Rake $0
Seat 1: VolkovDmitri (big blind) collected ($2)
Seat 2: anebodil (button) (small blind) folded before Flop


PokerStars Hand #145675552407:  Hold'em Limit ($3/$6 USD) - 2015/12/21 3:31:39 ET
Table 'Mira II' 6-max Seat #1 is the button
Seat 1: VolkovDmitri ($125.76 in chips)
Seat 2: anebodil ($73.73 in chips)
VolkovDmitri: posts small blind $1
anebodil: posts big blind $3
*** HOLE CARDS ***
VolkovDmitri: raises $3 to $6
anebodil: calls $3
*** FLOP *** [Qd Kd 7d]
anebodil: bets $3
VolkovDmitri: calls $3
*** TURN *** [Qd Kd 7d] [9h]
anebodil: bets $6
VolkovDmitri: calls $6
*** RIVER *** [Qd Kd 7d 9h] [Qs]
anebodil: bets $6
VolkovDmitri: calls $6
*** SHOW DOWN ***
anebodil: shows [7s 5s] (two pair, Queens and Sevens)
VolkovDmitri: mucks hand
anebodil collected $41.50 from pot
*** SUMMARY ***
Total pot $42 | Rake $0.50
Board [Qd Kd 7d 9h Qs]
Seat 1: VolkovDmitri (button) (small blind) mucked
Seat 2: anebodil (big blind) showed [7s 5s] and won ($41.50) with two pair, Queens and Sevens


PokerStars Hand #145675586750:  Hold'em Limit ($3/$6 USD) - 2015/12/21 3:33:33 ET
Table 'Mira II' 6-max Seat #2 is the button
Seat 1: VolkovDmitri ($120 in chips)
Seat 2: anebodil ($122.73 in chips)
anebodil: posts small blind $1
VolkovDmitri: posts big blind $3
*** HOLE CARDS ***
anebodil: raises $3 to $6
VolkovDmitri: raises $3 to $9
anebodil: calls $3
*** FLOP *** [4h As Kh]
VolkovDmitri: bets $3
anebodil: calls $3
*** TURN *** [4h As Kh] [5s]
VolkovDmitri: bets $6
anebodil: calls $6
*** RIVER *** [4h As Kh 5s] [3h]
VolkovDmitri: bets $6
anebodil: folds
Uncalled bet ($6) returned to VolkovDmitri
VolkovDmitri collected $35.50 from pot
VolkovDmitri: doesn't show hand
*** SUMMARY ***
Total pot $36 | Rake $0.50
Board [4h As Kh 5s 3h]
Seat 1: VolkovDmitri (big blind) collected ($35.50)
Seat 2: anebodil (button) (small blind) folded on the River


PokerStars Hand #145675579389:  Hold'em Limit ($3/$6 USD) - 2015/12/21 3:33:09 ET
Table 'Mira II' 6-max Seat #1 is the button
Seat 1: VolkovDmitri ($124 in chips)
Seat 2: anebodil ($93.23 in chips)
VolkovDmitri: posts small blind $1
anebodil: posts big blind $3
*** HOLE CARDS ***
VolkovDmitri: raises $3 to $6
anebodil: calls $3
*** FLOP *** [9s 6c 8d]
anebodil: bets $3
VolkovDmitri: raises $3 to $6
anebodil: calls $3
*** TURN *** [9s 6c 8d] [3d]
anebodil: bets $6
VolkovDmitri: raises $6 to $12
anebodil: calls $6
*** RIVER *** [9s 6c 8d 3d] [2d]
anebodil: bets $6
VolkovDmitri: calls $6
*** SHOW DOWN ***
anebodil: shows [Jc Js] (a pair of Jacks)
VolkovDmitri: mucks hand
anebodil collected $59.50 from pot
*** SUMMARY ***
Total pot $60 | Rake $0.50
Board [9s 6c 8d 3d 2d]
Seat 1: VolkovDmitri (button) (small blind) mucked
Seat 2: anebodil (big blind) showed [Jc Js] and won ($59.50) with a pair of Jacks


PokerStars Hand #145675597037:  Hold'em Limit ($3/$6 USD) - 2015/12/21 3:34:07 ET
Table 'Mira II' 6-max Seat #1 is the button
Seat 1: VolkovDmitri ($137.50 in chips)
Seat 2: anebodil ($104.73 in chips)
VolkovDmitri: posts small blind $1
anebodil: posts big blind $3
*** HOLE CARDS ***
VolkovDmitri: raises $3 to $6
anebodil: calls $3
*** FLOP *** [2s 4h 9c]
anebodil: bets $3
VolkovDmitri: calls $3
*** TURN *** [2s 4h 9c] [5s]
anebodil: bets $6
VolkovDmitri: calls $6
*** RIVER *** [2s 4h 9c 5s] [5c]
anebodil: bets $6
VolkovDmitri: calls $6
*** SHOW DOWN ***
anebodil: shows [7s 9s] (two pair, Nines and Fives)
VolkovDmitri: mucks hand
anebodil collected $41.50 from pot
*** SUMMARY ***
Total pot $42 | Rake $0.50
Board [2s 4h 9c 5s 5c]
Seat 1: VolkovDmitri (button) (small blind) mucked
Seat 2: anebodil (big blind) showed [7s 9s] and won ($41.50) with two pair, Nines and Fives


PokerStars Hand #145675607415:  Hold'em Limit ($3/$6 USD) - 2015/12/21 3:34:42 ET
Table 'Mira II' 6-max Seat #2 is the button
Seat 1: VolkovDmitri ($120 in chips)
Seat 2: anebodil ($125.23 in chips)
anebodil: posts small blind $1
VolkovDmitri: posts big blind $3
*** HOLE CARDS ***
anebodil: calls $2
VolkovDmitri: checks
*** FLOP *** [Ah 3d 5d]
VolkovDmitri: bets $3
anebodil: folds
Uncalled bet ($3) returned to VolkovDmitri
VolkovDmitri collected $5.88 from pot
VolkovDmitri: doesn't show hand
*** SUMMARY ***
Total pot $6 | Rake $0.12
Board [Ah 3d 5d]
Seat 1: VolkovDmitri (big blind) collected ($5.88)
Seat 2: anebodil (button) (small blind) folded on the Flop


PokerStars Hand #145675611284:  Hold'em Limit ($3/$6 USD) - 2015/12/21 3:34:55 ET
Table 'Mira II' 6-max Seat #1 is the button
Seat 1: VolkovDmitri ($122.88 in chips)
Seat 2: anebodil ($122.23 in chips)
VolkovDmitri: posts small blind $1
anebodil: posts big blind $3
*** HOLE CARDS ***
VolkovDmitri: raises $3 to $6
anebodil: calls $3
*** FLOP *** [5h 4c 6d]
anebodil: bets $3
VolkovDmitri: calls $3
*** TURN *** [5h 4c 6d] [Ks]
anebodil: bets $6
VolkovDmitri: calls $6
*** RIVER *** [5h 4c 6d Ks] [Kd]
anebodil: bets $6
VolkovDmitri: folds
Uncalled bet ($6) returned to anebodil
anebodil collected $29.50 from pot
anebodil: doesn't show hand
*** SUMMARY ***
Total pot $30 | Rake $0.50
Board [5h 4c 6d Ks Kd]
Seat 1: VolkovDmitri (button) (small blind) folded on the River
Seat 2: anebodil (big blind) collected ($29.50)


PokerStars Hand #145675619547:  Hold'em Limit ($3/$6 USD) - 2015/12/21 3:35:22 ET
Table 'Mira II' 6-max Seat #2 is the button
Seat 1: VolkovDmitri ($120 in chips)
Seat 2: anebodil ($136.73 in chips)
anebodil: posts small blind $1
VolkovDmitri: posts big blind $3
*** HOLE CARDS ***
anebodil: folds
Uncalled bet ($2) returned to VolkovDmitri
VolkovDmitri collected $2 from pot
VolkovDmitri: doesn't show hand
*** SUMMARY ***
Total pot $2 | Rake $0
Seat 1: VolkovDmitri (big blind) collected ($2)
Seat 2: anebodil (button) (small blind) folded before Flop


PokerStars Hand #145675621537:  Hold'em Limit ($3/$6 USD) - 2015/12/21 3:35:29 ET
Table 'Mira II' 6-max Seat #1 is the button
Seat 1: VolkovDmitri ($121 in chips)
Seat 2: anebodil ($135.73 in chips)
VolkovDmitri: posts small blind $1
anebodil: posts big blind $3
*** HOLE CARDS ***
VolkovDmitri: raises $3 to $6
anebodil: calls $3
*** FLOP *** [7c Qc 8s]
anebodil: checks
VolkovDmitri: bets $3
anebodil: calls $3
*** TURN *** [7c Qc 8s] [Ts]
anebodil: checks
VolkovDmitri: bets $6
anebodil: calls $6
*** RIVER *** [7c Qc 8s Ts] [4h]
anebodil: checks
VolkovDmitri: bets $6
anebodil: calls $6
*** SHOW DOWN ***
VolkovDmitri: shows [Th 2c] (a pair of Tens)
anebodil: mucks hand
VolkovDmitri collected $41.50 from pot
*** SUMMARY ***
Total pot $42 | Rake $0.50
Board [7c Qc 8s Ts 4h]
Seat 1: VolkovDmitri (button) (small blind) showed [Th 2c] and won ($41.50) with a pair of Tens
Seat 2: anebodil (big blind) mucked


PokerStars Hand #145675642164:  Hold'em Limit ($3/$6 USD) - 2015/12/21 3:36:37 ET
Table 'Mira II' 6-max Seat #1 is the button
Seat 1: VolkovDmitri ($166 in chips)
Seat 2: anebodil ($89.73 in chips)
VolkovDmitri: posts small blind $1
anebodil: posts big blind $3
*** HOLE CARDS ***
VolkovDmitri: raises $3 to $6
anebodil: folds
Uncalled bet ($3) returned to VolkovDmitri
VolkovDmitri collected $6 from pot
VolkovDmitri: doesn't show hand
*** SUMMARY ***
Total pot $6 | Rake $0
Seat 1: VolkovDmitri (button) (small blind) collected ($6)
Seat 2: anebodil (big blind) folded before Flop


PokerStars Hand #145675639694:  Hold'em Limit ($3/$6 USD) - 2015/12/21 3:36:29 ET
Table 'Mira II' 6-max Seat #2 is the button
Seat 1: VolkovDmitri ($165 in chips)
Seat 2: anebodil ($90.73 in chips)
anebodil: posts small blind $1
VolkovDmitri: posts big blind $3
*** HOLE CARDS ***
anebodil: folds
Uncalled bet ($2) returned to VolkovDmitri
VolkovDmitri collected $2 from pot
VolkovDmitri: doesn't show hand
*** SUMMARY ***
Total pot $2 | Rake $0
Seat 1: VolkovDmitri (big blind) collected ($2)
Seat 2: anebodil (button) (small blind) folded before Flop


PokerStars Hand #145675644077:  Hold'em Limit ($3/$6 USD) - 2015/12/21 3:36:44 ET
Table 'Mira II' 6-max Seat #2 is the button
Seat 1: VolkovDmitri ($169 in chips)
Seat 2: anebodil ($86.73 in chips)
anebodil: posts small blind $1
VolkovDmitri: posts big blind $3
*** HOLE CARDS ***
anebodil: raises $3 to $6
VolkovDmitri: calls $3
*** FLOP *** [6h 8c Th]
VolkovDmitri: checks
anebodil: bets $3
VolkovDmitri: folds
Uncalled bet ($3) returned to anebodil
anebodil collected $11.76 from pot
anebodil: doesn't show hand
*** SUMMARY ***
Total pot $12 | Rake $0.24
Board [6h 8c Th]
Seat 1: VolkovDmitri (big blind) folded on the Flop
Seat 2: anebodil (button) (small blind) collected ($11.76)


PokerStars Hand #145675638047:  Hold'em Limit ($3/$6 USD) - 2015/12/21 3:36:24 ET
Table 'Mira II' 6-max Seat #1 is the button
Seat 1: VolkovDmitri ($162 in chips)
Seat 2: anebodil ($93.73 in chips)
VolkovDmitri: posts small blind $1
anebodil: posts big blind $3
*** HOLE CARDS ***
VolkovDmitri: raises $3 to $6
anebodil: folds
Uncalled bet ($3) returned to VolkovDmitri
VolkovDmitri collected $6 from pot
VolkovDmitri: doesn't show hand
*** SUMMARY ***
Total pot $6 | Rake $0
Seat 1: VolkovDmitri (button) (small blind) collected ($6)
Seat 2: anebodil (big blind) folded before Flop


PokerStars Hand #145675628896:  Hold'em Limit ($3/$6 USD) - 2015/12/21 3:35:54 ET
Table 'Mira II' 6-max Seat #2 is the button
Seat 1: VolkovDmitri ($141.50 in chips)
Seat 2: anebodil ($114.73 in chips)
anebodil: posts small blind $1
VolkovDmitri: posts big blind $3
*** HOLE CARDS ***
anebodil: raises $3 to $6
VolkovDmitri: calls $3
*** FLOP *** [9h 8s Jc]
VolkovDmitri: bets $3
anebodil: calls $3
*** TURN *** [9h 8s Jc] [5c]
VolkovDmitri: bets $6
anebodil: calls $6
*** RIVER *** [9h 8s Jc 5c] [3s]
VolkovDmitri: bets $6
anebodil: calls $6
*** SHOW DOWN ***
VolkovDmitri: shows [8d Js] (two pair, Jacks and Eights)
anebodil: mucks hand
VolkovDmitri collected $41.50 from pot
*** SUMMARY ***
Total pot $42 | Rake $0.50
Board [9h 8s Jc 5c 3s]
Seat 1: VolkovDmitri (big blind) showed [8d Js] and won ($41.50) with two pair, Jacks and Eights
Seat 2: anebodil (button) (small blind) mucked


PokerStars Hand #145675663289:  Hold'em Limit ($3/$6 USD) - 2015/12/21 3:37:47 ET
Table 'Mira II' 6-max Seat #2 is the button
Seat 1: VolkovDmitri ($149 in chips)
Seat 2: anebodil ($105.89 in chips)
anebodil: posts small blind $1
VolkovDmitri: posts big blind $3
*** HOLE CARDS ***
anebodil: calls $2
VolkovDmitri: raises $3 to $6
anebodil: calls $3
*** FLOP *** [Qc 2d Ts]
VolkovDmitri: bets $3
anebodil: folds
Uncalled bet ($3) returned to VolkovDmitri
VolkovDmitri collected $11.76 from pot
VolkovDmitri: doesn't show hand
*** SUMMARY ***
Total pot $12 | Rake $0.24
Board [Qc 2d Ts]
Seat 1: VolkovDmitri (big blind) collected ($11.76)
Seat 2: anebodil (button) (small blind) folded on the Flop


PokerStars Hand #145675655247:  Hold'em Limit ($3/$6 USD) - 2015/12/21 3:37:21 ET
Table 'Mira II' 6-max Seat #2 is the button
Seat 1: VolkovDmitri ($154 in chips)
Seat 2: anebodil ($101.13 in chips)
anebodil: posts small blind $1
VolkovDmitri: posts big blind $3
*** HOLE CARDS ***
anebodil: folds
Uncalled bet ($2) returned to VolkovDmitri
VolkovDmitri collected $2 from pot
VolkovDmitri: doesn't show hand
*** SUMMARY ***
Total pot $2 | Rake $0
Seat 1: VolkovDmitri (big blind) collected ($2)
Seat 2: anebodil (button) (small blind) folded before Flop


PokerStars Hand #145675647967:  Hold'em Limit ($3/$6 USD) - 2015/12/21 3:36:57 ET
Table 'Mira II' 6-max Seat #1 is the button
Seat 1: VolkovDmitri ($163 in chips)
Seat 2: anebodil ($92.49 in chips)
VolkovDmitri: posts small blind $1
anebodil: posts big blind $3
*** HOLE CARDS ***
VolkovDmitri: raises $3 to $6
anebodil: calls $3
*** FLOP *** [2s 2c 7c]
anebodil: checks
VolkovDmitri: bets $3
anebodil: calls $3
*** TURN *** [2s 2c 7c] [Ts]
anebodil: bets $6
VolkovDmitri: folds
Uncalled bet ($6) returned to anebodil
anebodil collected $17.64 from pot
anebodil: doesn't show hand
*** SUMMARY ***
Total pot $18 | Rake $0.36
Board [2s 2c 7c Ts]
Seat 1: VolkovDmitri (button) (small blind) folded on the Turn
Seat 2: anebodil (big blind) collected ($17.64)


PokerStars Hand #145675657045:  Hold'em Limit ($3/$6 USD) - 2015/12/21 3:37:26 ET
Table 'Mira II' 6-max Seat #1 is the button
Seat 1: VolkovDmitri ($155 in chips)
Seat 2: anebodil ($100.13 in chips)
VolkovDmitri: posts small blind $1
anebodil: posts big blind $3
*** HOLE CARDS ***
VolkovDmitri: raises $3 to $6
anebodil: calls $3
*** FLOP *** [Jd 9c 8c]
anebodil: bets $3
VolkovDmitri: folds
Uncalled bet ($3) returned to anebodil
anebodil collected $11.76 from pot
anebodil: doesn't show hand
*** SUMMARY ***
Total pot $12 | Rake $0.24
Board [Jd 9c 8c]
Seat 1: VolkovDmitri (button) (small blind) folded on the Flop
Seat 2: anebodil (big blind) collected ($11.76)


PokerStars Hand #145675668871:  Hold'em Limit ($3/$6 USD) - 2015/12/21 3:38:05 ET
Table 'Mira II' 6-max Seat #1 is the button
Seat 1: VolkovDmitri ($154.76 in chips)
Seat 2: anebodil ($99.89 in chips)
VolkovDmitri: posts small blind $1
anebodil: posts big blind $3
*** HOLE CARDS ***
VolkovDmitri: folds
Uncalled bet ($2) returned to anebodil
anebodil collected $2 from pot
anebodil: doesn't show hand
*** SUMMARY ***
Total pot $2 | Rake $0
Seat 1: VolkovDmitri (button) (small blind) folded before Flop
Seat 2: anebodil (big blind) collected ($2)


PokerStars Hand #145675671792:  Hold'em Limit ($3/$6 USD) - 2015/12/21 3:38:15 ET
Table 'Mira II' 6-max Seat #2 is the button
Seat 1: VolkovDmitri ($153.76 in chips)
Seat 2: anebodil ($100.89 in chips)
anebodil: posts small blind $1
VolkovDmitri: posts big blind $3
*** HOLE CARDS ***
anebodil: raises $3 to $6
VolkovDmitri: folds
Uncalled bet ($3) returned to anebodil
anebodil collected $6 from pot
anebodil: doesn't show hand
*** SUMMARY ***
Total pot $6 | Rake $0
Seat 1: VolkovDmitri (big blind) folded before Flop
Seat 2: anebodil (button) (small blind) collected ($6)


PokerStars Hand #145675680572:  Hold'em Limit ($3/$6 USD) - 2015/12/21 3:38:45 ET
Table 'Mira II' 6-max Seat #1 is the button
Seat 1: VolkovDmitri ($150.76 in chips)
Seat 2: anebodil ($103.89 in chips)
VolkovDmitri: posts small blind $1
anebodil: posts big blind $3
*** HOLE CARDS ***
VolkovDmitri: folds
Uncalled bet ($2) returned to anebodil
anebodil collected $2 from pot
anebodil: doesn't show hand
*** SUMMARY ***
Total pot $2 | Rake $0
Seat 1: VolkovDmitri (button) (small blind) folded before Flop
Seat 2: anebodil (big blind) collected ($2)


PokerStars Hand #145675678746:  Hold'em Limit ($3/$6 USD) - 2015/12/21 3:38:38 ET
Table 'Mira II' 6-max Seat #2 is the button
Seat 1: VolkovDmitri ($149.76 in chips)
Seat 2: anebodil ($104.89 in chips)
anebodil: posts small blind $1
VolkovDmitri: posts big blind $3
*** HOLE CARDS ***
anebodil: folds
Uncalled bet ($2) returned to VolkovDmitri
VolkovDmitri collected $2 from pot
VolkovDmitri: doesn't show hand
*** SUMMARY ***
Total pot $2 | Rake $0
Seat 1: VolkovDmitri (big blind) collected ($2)
Seat 2: anebodil (button) (small blind) folded before Flop


PokerStars Hand #145675674026:  Hold'em Limit ($3/$6 USD) - 2015/12/21 3:38:23 ET
Table 'Mira II' 6-max Seat #1 is the button
Seat 1: VolkovDmitri ($150.76 in chips)
Seat 2: anebodil ($103.89 in chips)
VolkovDmitri: posts small blind $1
anebodil: posts big blind $3
*** HOLE CARDS ***
VolkovDmitri: folds
Uncalled bet ($2) returned to anebodil
anebodil collected $2 from pot
anebodil: doesn't show hand
*** SUMMARY ***
Total pot $2 | Rake $0
Seat 1: VolkovDmitri (button) (small blind) folded before Flop
Seat 2: anebodil (big blind) collected ($2)


PokerStars Hand #145675682576:  Hold'em Limit ($3/$6 USD) - 2015/12/21 3:38:51 ET
Table 'Mira II' 6-max Seat #2 is the button
Seat 1: VolkovDmitri ($149.76 in chips)
Seat 2: anebodil ($104.89 in chips)
anebodil: posts small blind $1
VolkovDmitri: posts big blind $3
*** HOLE CARDS ***
anebodil: calls $2
VolkovDmitri: raises $3 to $6
anebodil: calls $3
*** FLOP *** [2d 2s 9h]
VolkovDmitri: bets $3
anebodil: calls $3
*** TURN *** [2d 2s 9h] [3s]
VolkovDmitri: bets $6
anebodil: calls $6
*** RIVER *** [2d 2s 9h 3s] [4c]
VolkovDmitri: bets $6
anebodil: calls $6
*** SHOW DOWN ***
VolkovDmitri: shows [6c 9d] (two pair, Nines and Deuces)
anebodil: mucks hand
VolkovDmitri collected $41.50 from pot
*** SUMMARY ***
Total pot $42 | Rake $0.50
Board [2d 2s 9h 3s 4c]
Seat 1: VolkovDmitri (big blind) showed [6c 9d] and won ($41.50) with two pair, Nines and Deuces
Seat 2: anebodil (button) (small blind) mucked


PokerStars Hand #145675690932:  Hold'em Limit ($3/$6 USD) - 2015/12/21 3:39:19 ET
Table 'Mira II' 6-max Seat #1 is the button
Seat 1: VolkovDmitri ($170.26 in chips)
Seat 2: anebodil ($83.89 in chips)
VolkovDmitri: posts small blind $1
anebodil: posts big blind $3
*** HOLE CARDS ***
VolkovDmitri: raises $3 to $6
anebodil: calls $3
*** FLOP *** [Jh 2c 5d]
anebodil: checks
VolkovDmitri: bets $3
anebodil: calls $3
*** TURN *** [Jh 2c 5d] [9c]
anebodil: bets $6
LCSageMK joins the table at seat #3
VolkovDmitri: raises $6 to $12
anebodil: calls $6
*** RIVER *** [Jh 2c 5d 9c] [Ad]
anebodil: checks
VolkovDmitri: checks
Actionni13 joins the table at seat #4
*** SHOW DOWN ***
anebodil: shows [Qd 8s] (high card Ace)
VolkovDmitri: shows [9s Kh] (a pair of Nines)
VolkovDmitri collected $41.50 from pot
*** SUMMARY ***
Total pot $42 | Rake $0.50
Board [Jh 2c 5d 9c Ad]
Seat 1: VolkovDmitri (button) (small blind) showed [9s Kh] and won ($41.50) with a pair of Nines
Seat 2: anebodil (big blind) showed [Qd 8s] and lost with high card Ace


PokerStars Hand #145676355887:  Hold'em Limit ($3/$6 USD) - 2015/12/21 4:14:02 ET
Table 'Mira II' 6-max Seat #3 is the button
Seat 3: MAGER911 ($72 in chips)
Seat 6: Johnliu ($296.41 in chips)
MAGER911: posts small blind $1
Actionni13: is sitting out
Johnliu: posts big blind $3
*** HOLE CARDS ***
VolkovDmitri leaves the table
MAGER911: raises $3 to $6
tommy40235 joins the table at seat #2
Johnliu: calls $3
*** FLOP *** [Ad Jc 9h]
Johnliu: checks
MAGER911: bets $3
Johnliu: calls $3
*** TURN *** [Ad Jc 9h] [4s]
Johnliu: checks
MAGER911: checks
*** RIVER *** [Ad Jc 9h 4s] [Qd]
Johnliu: bets $6
MAGER911: folds
Uncalled bet ($6) returned to Johnliu
Johnliu collected $17.64 from pot
Johnliu: doesn't show hand
*** SUMMARY ***
Total pot $18 | Rake $0.36
Board [Ad Jc 9h 4s Qd]
Seat 3: MAGER911 (button) (small blind) folded on the River
Seat 6: Johnliu (big blind) collected ($17.64)


