PokerStars Hand #148751842502:  Hold'em Limit ($3/$6 USD) - 2016/02/13 16:41:28 ET
Table 'Miranda II' 10-max Seat #1 is the button
Seat 1: Mudager ($121 in chips)
Seat 5: Arkad_NKR ($124.76 in chips)
Mudager: posts small blind $1
Arkad_NKR: posts big blind $3
*** HOLE CARDS ***
Mudager: raises $3 to $6
Arkad_NKR: raises $3 to $9
Mudager: calls $3
*** FLOP *** [2c Ah 8d]
Arkad_NKR: bets $3
Mudager: folds
Uncalled bet ($3) returned to Arkad_NKR
Arkad_NKR collected $17.64 from pot
Arkad_NKR: doesn't show hand
*** SUMMARY ***
Total pot $18 | Rake $0.36
Board [2c Ah 8d]
Seat 1: Mudager (button) (small blind) folded on the Flop
Seat 5: Arkad_NKR (big blind) collected ($17.64)


PokerStars Hand #148751856397:  Hold'em Limit ($3/$6 USD) - 2016/02/13 16:41:43 ET
Table 'Miranda II' 10-max Seat #5 is the button
Seat 1: Mudager ($120 in chips)
Seat 5: Arkad_NKR ($133.40 in chips)
Arkad_NKR: posts small blind $1
Mudager: posts big blind $3
*** HOLE CARDS ***
Arkad_NKR: raises $3 to $6
Mudager: raises $3 to $9
Arkad_NKR: raises $3 to $12
Betting is capped
Mudager: calls $3
*** FLOP *** [4s Kh Js]
Mudager: checks
Arkad_NKR: bets $3
Mudager: raises $3 to $6
Arkad_NKR: calls $3
*** TURN *** [4s Kh Js] [Ks]
Mudager: bets $6
Arkad_NKR: calls $6
*** RIVER *** [4s Kh Js Ks] [Ts]
Mudager: checks
Arkad_NKR: bets $6
Mudager: calls $6
*** SHOW DOWN ***
Arkad_NKR: shows [6d Ah] (a pair of Kings)
Mudager: shows [Jh Qh] (two pair, Kings and Jacks)
Mudager collected $59.50 from pot
*** SUMMARY ***
Total pot $60 | Rake $0.50
Board [4s Kh Js Ks Ts]
Seat 1: Mudager (big blind) showed [Jh Qh] and won ($59.50) with two pair, Kings and Jacks
Seat 5: Arkad_NKR (button) (small blind) showed [6d Ah] and lost with a pair of Kings


PokerStars Hand #148751931281:  Hold'em Limit ($3/$6 USD) - 2016/02/13 16:43:04 ET
Table 'Miranda II' 10-max Seat #5 is the button
Seat 1: Mudager ($148.50 in chips)
Seat 5: Arkad_NKR ($104.40 in chips)
Arkad_NKR: posts small blind $1
Mudager: posts big blind $3
*** HOLE CARDS ***
Arkad_NKR: calls $2
Mudager: checks
*** FLOP *** [Kh Qd 7c]
Mudager: bets $3
Arkad_NKR: calls $3
*** TURN *** [Kh Qd 7c] [3h]
Mudager: bets $6
Arkad_NKR: calls $6
*** RIVER *** [Kh Qd 7c 3h] [Kd]
Mudager: bets $6
Arkad_NKR: folds
Uncalled bet ($6) returned to Mudager
Mudager collected $23.52 from pot
Mudager: doesn't show hand
*** SUMMARY ***
Total pot $24 | Rake $0.48
Board [Kh Qd 7c 3h Kd]
Seat 1: Mudager (big blind) collected ($23.52)
Seat 5: Arkad_NKR (button) (small blind) folded on the River


PokerStars Hand #148751897070:  Hold'em Limit ($3/$6 USD) - 2016/02/13 16:42:27 ET
Table 'Miranda II' 10-max Seat #1 is the button
Seat 1: Mudager ($149.50 in chips)
Seat 5: Arkad_NKR ($103.40 in chips)
Mudager: posts small blind $1
Arkad_NKR: posts big blind $3
*** HOLE CARDS ***
Mudager: folds
Uncalled bet ($2) returned to Arkad_NKR
Arkad_NKR collected $2 from pot
*** SUMMARY ***
Total pot $2 | Rake $0
Seat 1: Mudager (button) (small blind) folded before Flop
Seat 5: Arkad_NKR (big blind) collected ($2)


PokerStars Hand #148751997746:  Hold'em Limit ($3/$6 USD) - 2016/02/13 16:44:15 ET
Table 'Miranda II' 10-max Seat #5 is the button
Seat 1: Mudager ($183.52 in chips)
Seat 5: Arkad_NKR ($68.40 in chips)
Arkad_NKR: posts small blind $1
Mudager: posts big blind $3
*** HOLE CARDS ***
Arkad_NKR: folds
Uncalled bet ($2) returned to Mudager
Mudager collected $2 from pot
Mudager: doesn't show hand
*** SUMMARY ***
Total pot $2 | Rake $0
Seat 1: Mudager (big blind) collected ($2)
Seat 5: Arkad_NKR (button) (small blind) folded before Flop


PokerStars Hand #148751963672:  Hold'em Limit ($3/$6 USD) - 2016/02/13 16:43:39 ET
Table 'Miranda II' 10-max Seat #1 is the button
Seat 1: Mudager ($160.02 in chips)
Seat 5: Arkad_NKR ($92.40 in chips)
Mudager: posts small blind $1
Arkad_NKR: posts big blind $3
*** HOLE CARDS ***
Mudager: raises $3 to $6
Arkad_NKR: raises $3 to $9
Mudager: calls $3
*** FLOP *** [Jh Jd Ad]
Arkad_NKR: bets $3
Mudager: calls $3
*** TURN *** [Jh Jd Ad] [Kc]
Arkad_NKR: bets $6
Mudager: raises $6 to $12
Arkad_NKR: calls $6
*** RIVER *** [Jh Jd Ad Kc] [Tc]
Arkad_NKR: checks
Mudager: checks
*** SHOW DOWN ***
Arkad_NKR: shows [6s Kd] (two pair, Kings and Jacks)
Mudager: shows [Ah 9c] (two pair, Aces and Jacks)
Mudager collected $47.50 from pot
*** SUMMARY ***
Total pot $48 | Rake $0.50
Board [Jh Jd Ad Kc Tc]
Seat 1: Mudager (button) (small blind) showed [Ah 9c] and won ($47.50) with two pair, Aces and Jacks
Seat 5: Arkad_NKR (big blind) showed [6s Kd] and lost with two pair, Kings and Jacks


PokerStars Hand #148752003875:  Hold'em Limit ($3/$6 USD) - 2016/02/13 16:44:22 ET
Table 'Miranda II' 10-max Seat #1 is the button
Seat 1: Mudager ($184.52 in chips)
Seat 5: Arkad_NKR ($67.40 in chips)
Mudager: posts small blind $1
Arkad_NKR: posts big blind $3
*** HOLE CARDS ***
Mudager: raises $3 to $6
Arkad_NKR: folds
Uncalled bet ($3) returned to Mudager
Mudager collected $6 from pot
Mudager: doesn't show hand
*** SUMMARY ***
Total pot $6 | Rake $0
Seat 1: Mudager (button) (small blind) collected ($6)
Seat 5: Arkad_NKR (big blind) folded before Flop


PokerStars Hand #148752012762:  Hold'em Limit ($3/$6 USD) - 2016/02/13 16:44:32 ET
Table 'Miranda II' 10-max Seat #5 is the button
Seat 1: Mudager ($187.52 in chips)
Seat 5: Arkad_NKR ($64.40 in chips)
Arkad_NKR: posts small blind $1
Mudager: posts big blind $3
*** HOLE CARDS ***
Arkad_NKR: raises $3 to $6
Mudager: calls $3
*** FLOP *** [2s As Qh]
Mudager: checks
Arkad_NKR: checks
*** TURN *** [2s As Qh] [9s]
Mudager: checks
Arkad_NKR: checks
*** RIVER *** [2s As Qh 9s] [2h]
Mudager: checks
Arkad_NKR: bets $6
Mudager: folds
Uncalled bet ($6) returned to Arkad_NKR
Arkad_NKR collected $11.76 from pot
Arkad_NKR: doesn't show hand
*** SUMMARY ***
Total pot $12 | Rake $0.24
Board [2s As Qh 9s 2h]
Seat 1: Mudager (big blind) folded on the River
Seat 5: Arkad_NKR (button) (small blind) collected ($11.76)


PokerStars Hand #148752052292:  Hold'em Limit ($3/$6 USD) - 2016/02/13 16:45:14 ET
Table 'Miranda II' 10-max Seat #5 is the button
Seat 1: Mudager ($180.52 in chips)
Seat 5: Arkad_NKR ($71.16 in chips)
Arkad_NKR: posts small blind $1
Mudager: posts big blind $3
*** HOLE CARDS ***
Arkad_NKR: folds
Uncalled bet ($2) returned to Mudager
Mudager collected $2 from pot
Mudager: doesn't show hand
*** SUMMARY ***
Total pot $2 | Rake $0
Seat 1: Mudager (big blind) collected ($2)
Seat 5: Arkad_NKR (button) (small blind) folded before Flop


PokerStars Hand #148752044210:  Hold'em Limit ($3/$6 USD) - 2016/02/13 16:45:05 ET
Table 'Miranda II' 10-max Seat #1 is the button
Seat 1: Mudager ($181.52 in chips)
Seat 5: Arkad_NKR ($70.16 in chips)
Mudager: posts small blind $1
Arkad_NKR: posts big blind $3
*** HOLE CARDS ***
Mudager: folds
Uncalled bet ($2) returned to Arkad_NKR
Arkad_NKR collected $2 from pot
Arkad_NKR: doesn't show hand
*** SUMMARY ***
Total pot $2 | Rake $0
Seat 1: Mudager (button) (small blind) folded before Flop
Seat 5: Arkad_NKR (big blind) collected ($2)


PokerStars Hand #148752059653:  Hold'em Limit ($3/$6 USD) - 2016/02/13 16:45:21 ET
Table 'Miranda II' 10-max Seat #1 is the button
Seat 1: Mudager ($181.52 in chips)
Seat 5: Arkad_NKR ($70.16 in chips)
Mudager: posts small blind $1
Arkad_NKR: posts big blind $3
*** HOLE CARDS ***
Mudager: raises $3 to $6
Arkad_NKR: calls $3
*** FLOP *** [Jc 2c 6d]
Arkad_NKR: checks
Mudager: bets $3
Arkad_NKR: calls $3
*** TURN *** [Jc 2c 6d] [Ah]
Arkad_NKR: checks
Mudager: bets $6
Arkad_NKR: calls $6
*** RIVER *** [Jc 2c 6d Ah] [5d]
Arkad_NKR: checks
Mudager: checks
*** SHOW DOWN ***
Arkad_NKR: shows [Th As] (a pair of Aces)
Mudager: mucks hand
Arkad_NKR collected $29.50 from pot
*** SUMMARY ***
Total pot $30 | Rake $0.50
Board [Jc 2c 6d Ah 5d]
Seat 1: Mudager (button) (small blind) mucked
Seat 5: Arkad_NKR (big blind) showed [Th As] and won ($29.50) with a pair of Aces


PokerStars Hand #148752088289:  Hold'em Limit ($3/$6 USD) - 2016/02/13 16:45:52 ET
Table 'Miranda II' 10-max Seat #5 is the button
Seat 1: Mudager ($166.52 in chips)
Seat 5: Arkad_NKR ($84.66 in chips)
Arkad_NKR: posts small blind $1
Mudager: posts big blind $3
*** HOLE CARDS ***
Arkad_NKR: raises $3 to $6
Mudager: calls $3
*** FLOP *** [8c 5h 7h]
Mudager: checks
Arkad_NKR: checks
*** TURN *** [8c 5h 7h] [7c]
Mudager: bets $6
Arkad_NKR: folds
Uncalled bet ($6) returned to Mudager
Mudager collected $11.76 from pot
Mudager: doesn't show hand
*** SUMMARY ***
Total pot $12 | Rake $0.24
Board [8c 5h 7h 7c]
Seat 1: Mudager (big blind) collected ($11.76)
Seat 5: Arkad_NKR (button) (small blind) folded on the Turn


PokerStars Hand #148752105142:  Hold'em Limit ($3/$6 USD) - 2016/02/13 16:46:10 ET
Table 'Miranda II' 10-max Seat #1 is the button
Seat 1: Mudager ($172.28 in chips)
Seat 5: Arkad_NKR ($78.66 in chips)
Mudager: posts small blind $1
Arkad_NKR: posts big blind $3
*** HOLE CARDS ***
Mudager: raises $3 to $6
Arkad_NKR: folds
Uncalled bet ($3) returned to Mudager
Mudager collected $6 from pot
Mudager: doesn't show hand
*** SUMMARY ***
Total pot $6 | Rake $0
Seat 1: Mudager (button) (small blind) collected ($6)
Seat 5: Arkad_NKR (big blind) folded before Flop


PokerStars Hand #148752115912:  Hold'em Limit ($3/$6 USD) - 2016/02/13 16:46:21 ET
Table 'Miranda II' 10-max Seat #5 is the button
Seat 1: Mudager ($175.28 in chips)
Seat 5: Arkad_NKR ($75.66 in chips)
Arkad_NKR: posts small blind $1
Mudager: posts big blind $3
*** HOLE CARDS ***
Arkad_NKR: calls $2
Mudager: raises $3 to $6
Arkad_NKR: calls $3
*** FLOP *** [3h Kd Tc]
Mudager: bets $3
Arkad_NKR: calls $3
*** TURN *** [3h Kd Tc] [Th]
Mudager: bets $6
Arkad_NKR: raises $6 to $12
Mudager: calls $6
*** RIVER *** [3h Kd Tc Th] [9h]
Mudager: checks
Arkad_NKR: bets $6
Mudager: calls $6
*** SHOW DOWN ***
Arkad_NKR: shows [Td 6d] (three of a kind, Tens)
Mudager: mucks hand
Arkad_NKR collected $53.50 from pot
*** SUMMARY ***
Total pot $54 | Rake $0.50
Board [3h Kd Tc Th 9h]
Seat 1: Mudager (big blind) mucked
Seat 5: Arkad_NKR (button) (small blind) showed [Td 6d] and won ($53.50) with three of a kind, Tens


PokerStars Hand #148752155546:  Hold'em Limit ($3/$6 USD) - 2016/02/13 16:47:02 ET
Table 'Miranda II' 10-max Seat #1 is the button
Seat 1: Mudager ($148.28 in chips)
Seat 5: Arkad_NKR ($102.16 in chips)
Mudager: posts small blind $1
Arkad_NKR: posts big blind $3
*** HOLE CARDS ***
Mudager: folds
Uncalled bet ($2) returned to Arkad_NKR
Arkad_NKR collected $2 from pot
Arkad_NKR: doesn't show hand
*** SUMMARY ***
Total pot $2 | Rake $0
Seat 1: Mudager (button) (small blind) folded before Flop
Seat 5: Arkad_NKR (big blind) collected ($2)


PokerStars Hand #148752165951:  Hold'em Limit ($3/$6 USD) - 2016/02/13 16:47:10 ET
Table 'Miranda II' 10-max Seat #5 is the button
Seat 1: Mudager ($147.28 in chips)
Seat 5: Arkad_NKR ($103.16 in chips)
Arkad_NKR: posts small blind $1
Mudager: posts big blind $3
*** HOLE CARDS ***
Arkad_NKR: raises $3 to $6
Mudager: calls $3
*** FLOP *** [Kc 5c 8c]
Mudager: checks
Arkad_NKR: bets $3
Mudager: folds
Uncalled bet ($3) returned to Arkad_NKR
Arkad_NKR collected $11.76 from pot
Arkad_NKR: doesn't show hand
*** SUMMARY ***
Total pot $12 | Rake $0.24
Board [Kc 5c 8c]
Seat 1: Mudager (big blind) folded on the Flop
Seat 5: Arkad_NKR (button) (small blind) collected ($11.76)


PokerStars Hand #148752188088:  Hold'em Limit ($3/$6 USD) - 2016/02/13 16:47:29 ET
Table 'Miranda II' 10-max Seat #1 is the button
Seat 1: Mudager ($141.28 in chips)
Seat 5: Arkad_NKR ($108.92 in chips)
Mudager: posts small blind $1
Arkad_NKR: posts big blind $3
*** HOLE CARDS ***
hossi399 joins the table at seat #7
Mudager: raises $3 to $6
Arkad_NKR: calls $3
*** FLOP *** [9s Qc Jc]
Arkad_NKR: folds
Mudager collected $11.76 from pot
Mudager: doesn't show hand
*** SUMMARY ***
Total pot $12 | Rake $0.24
Board [9s Qc Jc]
Seat 1: Mudager (button) (small blind) collected ($11.76)
Seat 5: Arkad_NKR (big blind) folded on the Flop


PokerStars Hand #148752446794:  Hold'em Limit ($3/$6 USD) - 2016/02/13 16:51:06 ET
Table 'Miranda II' 10-max Seat #6 is the button
Seat 5: Arkad_NKR ($102.40 in chips)
Seat 6: samurai.ru ($83 in chips)
samurai.ru: posts small blind $1
Arkad_NKR: posts big blind $3
*** HOLE CARDS ***
samurai.ru: raises $3 to $6
Arkad_NKR: calls $3
*** FLOP *** [Ah Kc Qh]
Arkad_NKR: checks
samurai.ru: bets $3
Arkad_NKR: folds
Uncalled bet ($3) returned to samurai.ru
samurai.ru collected $11.76 from pot
samurai.ru: doesn't show hand
*** SUMMARY ***
Total pot $12 | Rake $0.24
Board [Ah Kc Qh]
Seat 5: Arkad_NKR (big blind) folded on the Flop
Seat 6: samurai.ru (button) (small blind) collected ($11.76)


