PokerStars Hand #146918668384:  Hold'em Limit ($3/$6 USD) - 2016/01/12 12:11:20 ET
Table 'Miranda' 6-max Seat #3 is the button
Seat 3: 5PRUT5 ($38.76 in chips)
Seat 4: Mordnilap ($75 in chips)
5PRUT5: posts small blind $1
Mordnilap: posts big blind $3
*** HOLE CARDS ***
5PRUT5: folds
Uncalled bet ($2) returned to Mordnilap
Mordnilap collected $2 from pot
Mordnilap: doesn't show hand
*** SUMMARY ***
Total pot $2 | Rake $0
Seat 3: 5PRUT5 (button) (small blind) folded before Flop
Seat 4: Mordnilap (big blind) collected ($2)


PokerStars Hand #146918704928:  Hold'em Limit ($3/$6 USD) - 2016/01/12 12:12:01 ET
Table 'Miranda' 6-max Seat #3 is the button
Seat 3: 5PRUT5 ($16.76 in chips)
Seat 4: Mordnilap ($96.50 in chips)
5PRUT5: posts small blind $1
Mordnilap: posts big blind $3
*** HOLE CARDS ***
5PRUT5: folds
Uncalled bet ($2) returned to Mordnilap
Mordnilap collected $2 from pot
Mordnilap: doesn't show hand
*** SUMMARY ***
Total pot $2 | Rake $0
Seat 3: 5PRUT5 (button) (small blind) folded before Flop
Seat 4: Mordnilap (big blind) collected ($2)


PokerStars Hand #146918673093:  Hold'em Limit ($3/$6 USD) - 2016/01/12 12:11:25 ET
Table 'Miranda' 6-max Seat #4 is the button
Seat 3: 5PRUT5 ($37.76 in chips)
Seat 4: Mordnilap ($76 in chips)
Mordnilap: posts small blind $1
5PRUT5: posts big blind $3
*** HOLE CARDS ***
Mordnilap: raises $3 to $6
5PRUT5: calls $3
*** FLOP *** [Kd 3d Tc]
5PRUT5: checks
Mordnilap: bets $3
5PRUT5: calls $3
*** TURN *** [Kd 3d Tc] [Ad]
5PRUT5: checks
Mordnilap: bets $6
5PRUT5: calls $6
*** RIVER *** [Kd 3d Tc Ad] [Kc]
5PRUT5: bets $6
Mordnilap: calls $6
*** SHOW DOWN ***
5PRUT5: shows [7d 3c] (two pair, Kings and Threes)
Mordnilap: shows [As 8d] (two pair, Aces and Kings)
Mordnilap collected $41.50 from pot
*** SUMMARY ***
Total pot $42 | Rake $0.50
Board [Kd 3d Tc Ad Kc]
Seat 3: 5PRUT5 (big blind) showed [7d 3c] and lost with two pair, Kings and Threes
Seat 4: Mordnilap (button) (small blind) showed [As 8d] and won ($41.50) with two pair, Aces and Kings


PokerStars Hand #146918778338:  Hold'em Limit ($3/$6 USD) - 2016/01/12 12:13:22 ET
Table 'Miranda' 6-max Seat #3 is the button
Seat 3: 5PRUT5 ($29.02 in chips)
Seat 4: Mordnilap ($83.62 in chips)
5PRUT5: posts small blind $1
Mordnilap: posts big blind $3
*** HOLE CARDS ***
5PRUT5: folds
Uncalled bet ($2) returned to Mordnilap
Mordnilap collected $2 from pot
Mordnilap: doesn't show hand
*** SUMMARY ***
Total pot $2 | Rake $0
Seat 3: 5PRUT5 (button) (small blind) folded before Flop
Seat 4: Mordnilap (big blind) collected ($2)


PokerStars Hand #146918766402:  Hold'em Limit ($3/$6 USD) - 2016/01/12 12:13:09 ET
Table 'Miranda' 6-max Seat #4 is the button
Seat 3: 5PRUT5 ($28.02 in chips)
Seat 4: Mordnilap ($84.62 in chips)
Mordnilap: posts small blind $1
5PRUT5: posts big blind $3
*** HOLE CARDS ***
Mordnilap: folds
Uncalled bet ($2) returned to 5PRUT5
5PRUT5 collected $2 from pot
5PRUT5: doesn't show hand
*** SUMMARY ***
Total pot $2 | Rake $0
Seat 3: 5PRUT5 (big blind) collected ($2)
Seat 4: Mordnilap (button) (small blind) folded before Flop


PokerStars Hand #146918746220:  Hold'em Limit ($3/$6 USD) - 2016/01/12 12:12:47 ET
Table 'Miranda' 6-max Seat #3 is the button
Seat 3: 5PRUT5 ($31.02 in chips)
Seat 4: Mordnilap ($81.74 in chips)
5PRUT5: posts small blind $1
Mordnilap: posts big blind $3
*** HOLE CARDS ***
5PRUT5: calls $2
Mordnilap: checks
*** FLOP *** [Th Kh 9d]
Mordnilap: bets $3
5PRUT5: folds
Uncalled bet ($3) returned to Mordnilap
Mordnilap collected $5.88 from pot
Mordnilap: doesn't show hand
*** SUMMARY ***
Total pot $6 | Rake $0.12
Board [Th Kh 9d]
Seat 3: 5PRUT5 (button) (small blind) folded on the Flop
Seat 4: Mordnilap (big blind) collected ($5.88)


PokerStars Hand #146918709306:  Hold'em Limit ($3/$6 USD) - 2016/01/12 12:12:06 ET
Table 'Miranda' 6-max Seat #4 is the button
Seat 3: 5PRUT5 ($15.76 in chips)
Seat 4: Mordnilap ($97.50 in chips)
Mordnilap: posts small blind $1
5PRUT5: posts big blind $3
*** HOLE CARDS ***
Mordnilap: raises $3 to $6
5PRUT5: calls $3
*** FLOP *** [Tc 9s 8d]
5PRUT5: checks
Mordnilap: bets $3
5PRUT5: raises $3 to $6
Mordnilap: raises $3 to $9
5PRUT5: raises $0.76 to $9.76 and is all-in
Betting is capped
Mordnilap: calls $0.76
*** TURN *** [Tc 9s 8d] [6c]
*** RIVER *** [Tc 9s 8d 6c] [Kd]
*** SHOW DOWN ***
5PRUT5: shows [6h 9d] (two pair, Nines and Sixes)
Mordnilap: shows [3d Ac] (high card Ace)
5PRUT5 collected $31.02 from pot
*** SUMMARY ***
Total pot $31.52 | Rake $0.50
Board [Tc 9s 8d 6c Kd]
Seat 3: 5PRUT5 (big blind) showed [6h 9d] and won ($31.02) with two pair, Nines and Sixes
Seat 4: Mordnilap (button) (small blind) showed [3d Ac] and lost with high card Ace


PokerStars Hand #146918800390:  Hold'em Limit ($3/$6 USD) - 2016/01/12 12:13:47 ET
Table 'Miranda' 6-max Seat #3 is the button
Seat 3: 5PRUT5 ($36.66 in chips)
Seat 4: Mordnilap ($75.62 in chips)
5PRUT5: posts small blind $1
Mordnilap: posts big blind $3
*** HOLE CARDS ***
5PRUT5: folds
Uncalled bet ($2) returned to Mordnilap
Mordnilap collected $2 from pot
Mordnilap: doesn't show hand
*** SUMMARY ***
Total pot $2 | Rake $0
Seat 3: 5PRUT5 (button) (small blind) folded before Flop
Seat 4: Mordnilap (big blind) collected ($2)


PokerStars Hand #146918782671:  Hold'em Limit ($3/$6 USD) - 2016/01/12 12:13:27 ET
Table 'Miranda' 6-max Seat #4 is the button
Seat 3: 5PRUT5 ($28.02 in chips)
Seat 4: Mordnilap ($84.62 in chips)
Mordnilap: posts small blind $1
5PRUT5: posts big blind $3
*** HOLE CARDS ***
Mordnilap: raises $3 to $6
5PRUT5: raises $3 to $9
Mordnilap: calls $3
*** FLOP *** [Qc 3c 2h]
5PRUT5: bets $3
Mordnilap: folds
Uncalled bet ($3) returned to 5PRUT5
5PRUT5 collected $17.64 from pot
5PRUT5: doesn't show hand
*** SUMMARY ***
Total pot $18 | Rake $0.36
Board [Qc 3c 2h]
Seat 3: 5PRUT5 (big blind) collected ($17.64)
Seat 4: Mordnilap (button) (small blind) folded on the Flop


PokerStars Hand #146918805346:  Hold'em Limit ($3/$6 USD) - 2016/01/12 12:13:52 ET
Table 'Miranda' 6-max Seat #4 is the button
Seat 3: 5PRUT5 ($35.66 in chips)
Seat 4: Mordnilap ($76.62 in chips)
Mordnilap: posts small blind $1
5PRUT5: posts big blind $3
*** HOLE CARDS ***
Mordnilap: raises $3 to $6
5PRUT5: calls $3
*** FLOP *** [7s As Qs]
5PRUT5: checks
Mordnilap: bets $3
5PRUT5: calls $3
*** TURN *** [7s As Qs] [2d]
5PRUT5: checks
Mordnilap: checks
*** RIVER *** [7s As Qs 2d] [7c]
5PRUT5: bets $6
Mordnilap: calls $6
*** SHOW DOWN ***
5PRUT5: shows [4h Ac] (two pair, Aces and Sevens)
Mordnilap: mucks hand
5PRUT5 collected $29.50 from pot
*** SUMMARY ***
Total pot $30 | Rake $0.50
Board [7s As Qs 2d 7c]
Seat 3: 5PRUT5 (big blind) showed [4h Ac] and won ($29.50) with two pair, Aces and Sevens
Seat 4: Mordnilap (button) (small blind) mucked


PokerStars Hand #146918873019:  Hold'em Limit ($3/$6 USD) - 2016/01/12 12:15:08 ET
Table 'Miranda' 6-max Seat #3 is the button
Seat 3: 5PRUT5 ($50.16 in chips)
Seat 4: Mordnilap ($72 in chips)
5PRUT5: posts small blind $1
Mordnilap: posts big blind $3
*** HOLE CARDS ***
5PRUT5: calls $2
Mordnilap: checks
*** FLOP *** [Jc 7d 5s]
Mordnilap: bets $3
5PRUT5: calls $3
*** TURN *** [Jc 7d 5s] [6c]
Mordnilap: checks
5PRUT5: bets $6
Mordnilap: calls $6
*** RIVER *** [Jc 7d 5s 6c] [Qc]
Mordnilap: checks
5PRUT5: bets $6
Mordnilap: raises $6 to $12
5PRUT5: raises $6 to $18
Mordnilap: raises $6 to $24
Betting is capped
5PRUT5: calls $6
*** SHOW DOWN ***
Mordnilap: shows [5c 8c] (a flush, Queen high)
5PRUT5: shows [7c Kc] (a flush, King high)
5PRUT5 collected $71.50 from pot
*** SUMMARY ***
Total pot $72 | Rake $0.50
Board [Jc 7d 5s 6c Qc]
Seat 3: 5PRUT5 (button) (small blind) showed [7c Kc] and won ($71.50) with a flush, King high
Seat 4: Mordnilap (big blind) showed [5c 8c] and lost with a flush, Queen high


PokerStars Hand #146918932966:  Hold'em Limit ($3/$6 USD) - 2016/01/12 12:16:14 ET
Table 'Miranda' 6-max Seat #4 is the button
Seat 3: 5PRUT5 ($85.66 in chips)
Seat 4: Mordnilap ($72 in chips)
Mordnilap: posts small blind $1
5PRUT5: posts big blind $3
*** HOLE CARDS ***
Mordnilap: folds
Uncalled bet ($2) returned to 5PRUT5
5PRUT5 collected $2 from pot
5PRUT5: doesn't show hand
*** SUMMARY ***
Total pot $2 | Rake $0
Seat 3: 5PRUT5 (big blind) collected ($2)
Seat 4: Mordnilap (button) (small blind) folded before Flop


PokerStars Hand #146918941038:  Hold'em Limit ($3/$6 USD) - 2016/01/12 12:16:23 ET
Table 'Miranda' 6-max Seat #3 is the button
Seat 3: 5PRUT5 ($86.66 in chips)
Seat 4: Mordnilap ($72 in chips)
5PRUT5: posts small blind $1
Mordnilap: posts big blind $3
*** HOLE CARDS ***
5PRUT5: raises $3 to $6
Mordnilap: raises $3 to $9
5PRUT5: calls $3
*** FLOP *** [Ts 2c 7d]
Mordnilap: bets $3
5PRUT5: calls $3
*** TURN *** [Ts 2c 7d] [5d]
Mordnilap: bets $6
5PRUT5: calls $6
*** RIVER *** [Ts 2c 7d 5d] [Js]
Mordnilap: bets $6
5PRUT5: calls $6
*** SHOW DOWN ***
Mordnilap: shows [9h 9c] (a pair of Nines)
5PRUT5: mucks hand
Mordnilap collected $47.50 from pot
*** SUMMARY ***
Total pot $48 | Rake $0.50
Board [Ts 2c 7d 5d Js]
Seat 3: 5PRUT5 (button) (small blind) mucked
Seat 4: Mordnilap (big blind) showed [9h 9c] and won ($47.50) with a pair of Nines


PokerStars Hand #146918993493:  Hold'em Limit ($3/$6 USD) - 2016/01/12 12:17:21 ET
Table 'Miranda' 6-max Seat #4 is the button
Seat 3: 5PRUT5 ($62.66 in chips)
Seat 4: Mordnilap ($95.50 in chips)
Mordnilap: posts small blind $1
5PRUT5: posts big blind $3
*** HOLE CARDS ***
Mordnilap: raises $3 to $6
5PRUT5: calls $3
*** FLOP *** [5d 5s 7s]
5PRUT5: checks
Mordnilap: bets $3
5PRUT5: raises $3 to $6
Mordnilap: calls $3
*** TURN *** [5d 5s 7s] [6c]
5PRUT5: bets $6
Mordnilap: folds
Uncalled bet ($6) returned to 5PRUT5
5PRUT5 collected $23.52 from pot
5PRUT5: doesn't show hand
*** SUMMARY ***
Total pot $24 | Rake $0.48
Board [5d 5s 7s 6c]
Seat 3: 5PRUT5 (big blind) collected ($23.52)
Seat 4: Mordnilap (button) (small blind) folded on the Turn


PokerStars Hand #146919044493:  Hold'em Limit ($3/$6 USD) - 2016/01/12 12:18:18 ET
Table 'Miranda' 6-max Seat #3 is the button
Seat 3: 5PRUT5 ($74.18 in chips)
Seat 4: Mordnilap ($83.50 in chips)
5PRUT5: posts small blind $1
Mordnilap: posts big blind $3
*** HOLE CARDS ***
5PRUT5: calls $2
Mordnilap: checks
*** FLOP *** [8d 2s 8s]
Mordnilap: checks
5PRUT5: checks
*** TURN *** [8d 2s 8s] [8c]
Mordnilap: bets $6
5PRUT5: raises $6 to $12
SashaYuvelir joins the table at seat #5
Mordnilap: calls $6
*** RIVER *** [8d 2s 8s 8c] [6c]
Mordnilap: checks
5PRUT5: bets $6
Mordnilap: calls $6
*** SHOW DOWN ***
5PRUT5: shows [Jh 8h] (four of a kind, Eights)
Mordnilap: mucks hand
5PRUT5 collected $41.50 from pot
*** SUMMARY ***
Total pot $42 | Rake $0.50
Board [8d 2s 8s 8c 6c]
Seat 3: 5PRUT5 (button) (small blind) showed [Jh 8h] and won ($41.50) with four of a kind, Eights
Seat 4: Mordnilap (big blind) mucked


