PokerStars Hand #147652456697:  Hold'em Limit ($3/$6 USD) - 2016/01/25 10:17:23 ET
Table 'Miranda' 2-max Seat #2 is the button
Seat 1: melyh82 ($70.76 in chips)
Seat 2: Necromadx ($120 in chips)
Necromadx: posts small blind $1
melyh82: posts big blind $3
*** HOLE CARDS ***
Necromadx: raises $3 to $6
melyh82: calls $3
*** FLOP *** [Jc 9d 5c]
melyh82: checks
Necromadx: bets $3
melyh82: calls $3
*** TURN *** [Jc 9d 5c] [5d]
melyh82: checks
Necromadx: bets $6
melyh82: calls $6
*** RIVER *** [Jc 9d 5c 5d] [Ts]
melyh82: checks
Necromadx: bets $6
melyh82: folds
Uncalled bet ($6) returned to Necromadx
Necromadx collected $29.50 from pot
Necromadx: doesn't show hand
*** SUMMARY ***
Total pot $30 | Rake $0.50
Board [Jc 9d 5c 5d Ts]
Seat 1: melyh82 (big blind) folded on the River
Seat 2: Necromadx (button) (small blind) collected ($29.50)


PokerStars Hand #147652436158:  Hold'em Limit ($3/$6 USD) - 2016/01/25 10:16:58 ET
Table 'Miranda' 2-max Seat #1 is the button
Seat 1: melyh82 ($62.12 in chips)
Seat 2: Necromadx ($120 in chips)
melyh82: posts small blind $1
Necromadx: posts big blind $3
*** HOLE CARDS ***
melyh82: raises $3 to $6
Necromadx: calls $3
*** FLOP *** [Tc 7c Qh]
Necromadx: checks
melyh82: bets $3
Necromadx: calls $3
*** TURN *** [Tc 7c Qh] [3c]
Necromadx: checks
melyh82: checks
*** RIVER *** [Tc 7c Qh 3c] [9d]
Necromadx: checks
melyh82: bets $6
Necromadx: folds
Uncalled bet ($6) returned to melyh82
melyh82 collected $17.64 from pot
*** SUMMARY ***
Total pot $18 | Rake $0.36
Board [Tc 7c Qh 3c 9d]
Seat 1: melyh82 (button) (small blind) collected ($17.64)
Seat 2: Necromadx (big blind) folded on the River


PokerStars Hand #147652525966:  Hold'em Limit ($3/$6 USD) - 2016/01/25 10:18:45 ET
Table 'Miranda' 2-max Seat #2 is the button
Seat 1: melyh82 ($69.08 in chips)
Seat 2: Necromadx ($121 in chips)
Necromadx: posts small blind $1
melyh82: posts big blind $3
*** HOLE CARDS ***
Necromadx: folds
Uncalled bet ($2) returned to melyh82
melyh82 collected $2 from pot
*** SUMMARY ***
Total pot $2 | Rake $0
Seat 1: melyh82 (big blind) collected ($2)
Seat 2: Necromadx (button) (small blind) folded before Flop


PokerStars Hand #147652522340:  Hold'em Limit ($3/$6 USD) - 2016/01/25 10:18:41 ET
Table 'Miranda' 2-max Seat #1 is the button
Seat 1: melyh82 ($70.08 in chips)
Seat 2: Necromadx ($120 in chips)
melyh82: posts small blind $1
Necromadx: posts big blind $3
*** HOLE CARDS ***
melyh82: folds
Uncalled bet ($2) returned to Necromadx
Necromadx collected $2 from pot
Necromadx: doesn't show hand
*** SUMMARY ***
Total pot $2 | Rake $0
Seat 1: melyh82 (button) (small blind) folded before Flop
Seat 2: Necromadx (big blind) collected ($2)


PokerStars Hand #147652500393:  Hold'em Limit ($3/$6 USD) - 2016/01/25 10:18:14 ET
Table 'Miranda' 2-max Seat #2 is the button
Seat 1: melyh82 ($70.26 in chips)
Seat 2: Necromadx ($120 in chips)
Necromadx: posts small blind $1
melyh82: posts big blind $3
*** HOLE CARDS ***
Necromadx: raises $3 to $6
melyh82: calls $3
*** FLOP *** [Ad Qs 7s]
melyh82: checks
Necromadx: bets $3
melyh82: calls $3
*** TURN *** [Ad Qs 7s] [2d]
melyh82: checks
Necromadx: checks
*** RIVER *** [Ad Qs 7s 2d] [2h]
melyh82: checks
Necromadx: checks
*** SHOW DOWN ***
melyh82: shows [Jd 6h] (a pair of Deuces)
Necromadx: shows [8d Jh] (a pair of Deuces)
melyh82 collected $8.82 from pot
Necromadx collected $8.82 from pot
*** SUMMARY ***
Total pot $18 | Rake $0.36
Board [Ad Qs 7s 2d 2h]
Seat 1: melyh82 (big blind) showed [Jd 6h] and won ($8.82) with a pair of Deuces
Seat 2: Necromadx (button) (small blind) showed [8d Jh] and won ($8.82) with a pair of Deuces


PokerStars Hand #147652479825:  Hold'em Limit ($3/$6 USD) - 2016/01/25 10:17:50 ET
Table 'Miranda' 2-max Seat #1 is the button
Seat 1: melyh82 ($55.76 in chips)
Seat 2: Necromadx ($134.50 in chips)
melyh82: posts small blind $1
Necromadx: posts big blind $3
*** HOLE CARDS ***
melyh82: raises $3 to $6
Necromadx: calls $3
*** FLOP *** [7s 6h 7h]
Necromadx: checks
melyh82: bets $3
Necromadx: calls $3
*** TURN *** [7s 6h 7h] [Qd]
Necromadx: checks
melyh82: bets $6
Necromadx: calls $6
*** RIVER *** [7s 6h 7h Qd] [5s]
Necromadx: checks
melyh82: bets $6
Necromadx: folds
Uncalled bet ($6) returned to melyh82
melyh82 collected $29.50 from pot
*** SUMMARY ***
Total pot $30 | Rake $0.50
Board [7s 6h 7h Qd 5s]
Seat 1: melyh82 (button) (small blind) collected ($29.50)
Seat 2: Necromadx (big blind) folded on the River


PokerStars Hand #147652571547:  Hold'em Limit ($3/$6 USD) - 2016/01/25 10:19:39 ET
Table 'Miranda' 2-max Seat #2 is the button
Seat 1: melyh82 ($69.84 in chips)
Seat 2: Necromadx ($122.64 in chips)
Necromadx: posts small blind $1
melyh82: posts big blind $3
*** HOLE CARDS ***
Necromadx: raises $3 to $6
melyh82: folds
Uncalled bet ($3) returned to Necromadx
Necromadx collected $6 from pot
Necromadx: doesn't show hand
*** SUMMARY ***
Total pot $6 | Rake $0
Seat 1: melyh82 (big blind) folded before Flop
Seat 2: Necromadx (button) (small blind) collected ($6)


PokerStars Hand #147652561724:  Hold'em Limit ($3/$6 USD) - 2016/01/25 10:19:28 ET
Table 'Miranda' 2-max Seat #1 is the button
Seat 1: melyh82 ($64.08 in chips)
Seat 2: Necromadx ($128.64 in chips)
melyh82: posts small blind $1
Necromadx: posts big blind $3
*** HOLE CARDS ***
melyh82: raises $3 to $6
Necromadx: calls $3
*** FLOP *** [4c Qc 6c]
Necromadx: checks
melyh82: bets $3
Necromadx: folds
Uncalled bet ($3) returned to melyh82
melyh82 collected $11.76 from pot
*** SUMMARY ***
Total pot $12 | Rake $0.24
Board [4c Qc 6c]
Seat 1: melyh82 (button) (small blind) collected ($11.76)
Seat 2: Necromadx (big blind) folded on the Flop


PokerStars Hand #147652546230:  Hold'em Limit ($3/$6 USD) - 2016/01/25 10:19:09 ET
Table 'Miranda' 2-max Seat #2 is the button
Seat 1: melyh82 ($73.08 in chips)
Seat 2: Necromadx ($120 in chips)
Necromadx: posts small blind $1
melyh82: posts big blind $3
*** HOLE CARDS ***
Necromadx: raises $3 to $6
melyh82: calls $3
*** FLOP *** [Ts 5d Js]
melyh82: bets $3
Necromadx: calls $3
*** TURN *** [Ts 5d Js] [Kh]
melyh82: checks
Necromadx: bets $6
melyh82: folds
Uncalled bet ($6) returned to Necromadx
Necromadx collected $17.64 from pot
Necromadx: doesn't show hand
*** SUMMARY ***
Total pot $18 | Rake $0.36
Board [Ts 5d Js Kh]
Seat 1: melyh82 (big blind) folded on the Turn
Seat 2: Necromadx (button) (small blind) collected ($17.64)


PokerStars Hand #147652534476:  Hold'em Limit ($3/$6 USD) - 2016/01/25 10:18:55 ET
Table 'Miranda' 2-max Seat #1 is the button
Seat 1: melyh82 ($70.08 in chips)
Seat 2: Necromadx ($120 in chips)
melyh82: posts small blind $1
Necromadx: posts big blind $3
*** HOLE CARDS ***
melyh82: raises $3 to $6
Necromadx: folds
Uncalled bet ($3) returned to melyh82
melyh82 collected $6 from pot
*** SUMMARY ***
Total pot $6 | Rake $0
Seat 1: melyh82 (button) (small blind) collected ($6)
Seat 2: Necromadx (big blind) folded before Flop


PokerStars Hand #147652599774:  Hold'em Limit ($3/$6 USD) - 2016/01/25 10:20:13 ET
Table 'Miranda' 2-max Seat #2 is the button
Seat 1: melyh82 ($57.84 in chips)
Seat 2: Necromadx ($134.28 in chips)
Necromadx: posts small blind $1
melyh82: posts big blind $3
*** HOLE CARDS ***
Necromadx: raises $3 to $6
melyh82: raises $3 to $9
Necromadx: calls $3
*** FLOP *** [3d Jc Jd]
melyh82: bets $3
Necromadx: calls $3
*** TURN *** [3d Jc Jd] [Ah]
melyh82: bets $6
Necromadx: calls $6
*** RIVER *** [3d Jc Jd Ah] [7c]
melyh82: bets $6
Necromadx: raises $6 to $12
melyh82: folds
Uncalled bet ($6) returned to Necromadx
Necromadx collected $47.50 from pot
Necromadx: doesn't show hand
*** SUMMARY ***
Total pot $48 | Rake $0.50
Board [3d Jc Jd Ah 7c]
Seat 1: melyh82 (big blind) folded on the River
Seat 2: Necromadx (button) (small blind) collected ($47.50)


PokerStars Hand #147652575932:  Hold'em Limit ($3/$6 USD) - 2016/01/25 10:19:44 ET
Table 'Miranda' 2-max Seat #1 is the button
Seat 1: melyh82 ($66.84 in chips)
Seat 2: Necromadx ($125.64 in chips)
melyh82: posts small blind $1
Necromadx: posts big blind $3
*** HOLE CARDS ***
melyh82: raises $3 to $6
Necromadx: calls $3
*** FLOP *** [Jd 3h 6c]
Necromadx: checks
melyh82: bets $3
Necromadx: calls $3
*** TURN *** [Jd 3h 6c] [Kc]
Necromadx: checks
melyh82: checks
*** RIVER *** [Jd 3h 6c Kc] [2d]
Necromadx: bets $6
melyh82: folds
Uncalled bet ($6) returned to Necromadx
Necromadx collected $17.64 from pot
Necromadx: doesn't show hand
*** SUMMARY ***
Total pot $18 | Rake $0.36
Board [Jd 3h 6c Kc 2d]
Seat 1: melyh82 (button) (small blind) folded on the River
Seat 2: Necromadx (big blind) collected ($17.64)


PokerStars Hand #147652634355:  Hold'em Limit ($3/$6 USD) - 2016/01/25 10:20:54 ET
Table 'Miranda' 2-max Seat #1 is the button
Seat 1: melyh82 ($33.84 in chips)
Seat 2: Necromadx ($157.78 in chips)
melyh82: posts small blind $1
Necromadx: posts big blind $3
*** HOLE CARDS ***
melyh82: raises $3 to $6
Necromadx: folds
Uncalled bet ($3) returned to melyh82
melyh82 collected $6 from pot
*** SUMMARY ***
Total pot $6 | Rake $0
Seat 1: melyh82 (button) (small blind) collected ($6)
Seat 2: Necromadx (big blind) folded before Flop


PokerStars Hand #147652639625:  Hold'em Limit ($3/$6 USD) - 2016/01/25 10:21:00 ET
Table 'Miranda' 2-max Seat #2 is the button
Seat 1: melyh82 ($36.84 in chips)
Seat 2: Necromadx ($154.78 in chips)
Necromadx: posts small blind $1
melyh82: posts big blind $3
*** HOLE CARDS ***
Necromadx: folds
Uncalled bet ($2) returned to melyh82
melyh82 collected $2 from pot
*** SUMMARY ***
Total pot $2 | Rake $0
Seat 1: melyh82 (big blind) collected ($2)
Seat 2: Necromadx (button) (small blind) folded before Flop


PokerStars Hand #147652666243:  Hold'em Limit ($3/$6 USD) - 2016/01/25 10:21:31 ET
Table 'Miranda' 2-max Seat #1 is the button
Seat 1: melyh82 ($55.12 in chips)
Seat 2: Necromadx ($135.78 in chips)
melyh82: posts small blind $1
Necromadx: posts big blind $3
*** HOLE CARDS ***
melyh82: raises $3 to $6
Necromadx: raises $3 to $9
melyh82: calls $3
*** FLOP *** [8c 6s 3d]
Necromadx: bets $3
melyh82: calls $3
*** TURN *** [8c 6s 3d] [2d]
Necromadx: bets $6
melyh82: calls $6
*** RIVER *** [8c 6s 3d 2d] [Jd]
Necromadx: checks
melyh82: checks
*** SHOW DOWN ***
Necromadx: shows [Ac Qh] (high card Ace)
melyh82: shows [Kd 6h] (a pair of Sixes)
melyh82 collected $35.50 from pot
*** SUMMARY ***
Total pot $36 | Rake $0.50
Board [8c 6s 3d 2d Jd]
Seat 1: melyh82 (button) (small blind) showed [Kd 6h] and won ($35.50) with a pair of Sixes
Seat 2: Necromadx (big blind) showed [Ac Qh] and lost with high card Ace


PokerStars Hand #147652655032:  Hold'em Limit ($3/$6 USD) - 2016/01/25 10:21:18 ET
Table 'Miranda' 2-max Seat #2 is the button
Seat 1: melyh82 ($43.60 in chips)
Seat 2: Necromadx ($147.78 in chips)
Necromadx: posts small blind $1
melyh82: posts big blind $3
*** HOLE CARDS ***
Necromadx: raises $3 to $6
melyh82: calls $3
*** FLOP *** [Jh 3s Ks]
melyh82: checks
Necromadx: bets $3
melyh82: raises $3 to $6
Necromadx: calls $3
*** TURN *** [Jh 3s Ks] [Kh]
melyh82: bets $6
Necromadx: folds
Uncalled bet ($6) returned to melyh82
melyh82 collected $23.52 from pot
*** SUMMARY ***
Total pot $24 | Rake $0.48
Board [Jh 3s Ks Kh]
Seat 1: melyh82 (big blind) collected ($23.52)
Seat 2: Necromadx (button) (small blind) folded on the Turn


PokerStars Hand #147652643534:  Hold'em Limit ($3/$6 USD) - 2016/01/25 10:21:05 ET
Table 'Miranda' 2-max Seat #1 is the button
Seat 1: melyh82 ($37.84 in chips)
Seat 2: Necromadx ($153.78 in chips)
melyh82: posts small blind $1
Necromadx: posts big blind $3
*** HOLE CARDS ***
melyh82: raises $3 to $6
Necromadx: calls $3
*** FLOP *** [8c 4d Kd]
Necromadx: checks
melyh82: bets $3
Necromadx: folds
Uncalled bet ($3) returned to melyh82
melyh82 collected $11.76 from pot
*** SUMMARY ***
Total pot $12 | Rake $0.24
Board [8c 4d Kd]
Seat 1: melyh82 (button) (small blind) collected ($11.76)
Seat 2: Necromadx (big blind) folded on the Flop


PokerStars Hand #147652679022:  Hold'em Limit ($3/$6 USD) - 2016/01/25 10:21:47 ET
Table 'Miranda' 2-max Seat #2 is the button
Seat 1: melyh82 ($72.62 in chips)
Seat 2: Necromadx ($120 in chips)
Necromadx: posts small blind $1
melyh82: posts big blind $3
*** HOLE CARDS ***
Necromadx: raises $3 to $6
melyh82: raises $3 to $9
Necromadx: calls $3
*** FLOP *** [Ad 8s Td]
melyh82: bets $3
Necromadx: folds
Uncalled bet ($3) returned to melyh82
melyh82 collected $17.64 from pot
*** SUMMARY ***
Total pot $18 | Rake $0.36
Board [Ad 8s Td]
Seat 1: melyh82 (big blind) collected ($17.64)
Seat 2: Necromadx (button) (small blind) folded on the Flop


PokerStars Hand #147652698288:  Hold'em Limit ($3/$6 USD) - 2016/01/25 10:22:09 ET
Table 'Miranda' 2-max Seat #1 is the button
Seat 1: melyh82 ($81.26 in chips)
Seat 2: Necromadx ($120 in chips)
melyh82: posts small blind $1
Necromadx: posts big blind $3
*** HOLE CARDS ***
melyh82: raises $3 to $6
Necromadx: calls $3
*** FLOP *** [6s Js 3d]
Necromadx: checks
melyh82: bets $3
Necromadx: calls $3
*** TURN *** [6s Js 3d] [Kh]
Necromadx: checks
melyh82: checks
*** RIVER *** [6s Js 3d Kh] [Kd]
Necromadx: bets $6
melyh82: folds
Uncalled bet ($6) returned to Necromadx
Necromadx collected $17.64 from pot
Necromadx: doesn't show hand
*** SUMMARY ***
Total pot $18 | Rake $0.36
Board [6s Js 3d Kh Kd]
Seat 1: melyh82 (button) (small blind) folded on the River
Seat 2: Necromadx (big blind) collected ($17.64)


PokerStars Hand #147652715543:  Hold'em Limit ($3/$6 USD) - 2016/01/25 10:22:30 ET
Table 'Miranda' 2-max Seat #2 is the button
Seat 1: melyh82 ($72.26 in chips)
Seat 2: Necromadx ($128.64 in chips)
Necromadx: posts small blind $1
melyh82: posts big blind $3
*** HOLE CARDS ***
Necromadx: raises $3 to $6
melyh82: calls $3
*** FLOP *** [5h 4c 3d]
melyh82: checks
Necromadx: bets $3
melyh82: calls $3
*** TURN *** [5h 4c 3d] [As]
melyh82: checks
Necromadx: bets $6
melyh82: raises $6 to $12
Necromadx: calls $6
*** RIVER *** [5h 4c 3d As] [2s]
melyh82: bets $6
Necromadx: raises $6 to $12
melyh82: calls $6
*** SHOW DOWN ***
Necromadx: shows [6d Td] (a straight, Deuce to Six)
melyh82: mucks hand
Necromadx collected $65.50 from pot
*** SUMMARY ***
Total pot $66 | Rake $0.50
Board [5h 4c 3d As 2s]
Seat 1: melyh82 (big blind) mucked
Seat 2: Necromadx (button) (small blind) showed [6d Td] and won ($65.50) with a straight, Deuce to Six


PokerStars Hand #147652735268:  Hold'em Limit ($3/$6 USD) - 2016/01/25 10:22:53 ET
Table 'Miranda' 2-max Seat #1 is the button
Seat 1: melyh82 ($39.26 in chips)
Seat 2: Necromadx ($161.14 in chips)
melyh82: posts small blind $1
Necromadx: posts big blind $3
*** HOLE CARDS ***
melyh82: raises $3 to $6
Necromadx: calls $3
*** FLOP *** [4s 2c 9d]
Necromadx: checks
melyh82: bets $3
Necromadx: raises $3 to $6
melyh82: calls $3
*** TURN *** [4s 2c 9d] [2h]
Necromadx: bets $6
melyh82: calls $6
*** RIVER *** [4s 2c 9d 2h] [4h]
Necromadx: bets $6
melyh82: raises $6 to $12
Necromadx: calls $6
*** SHOW DOWN ***
melyh82: shows [6h Qc] (two pair, Fours and Deuces)
Necromadx: shows [9h 5c] (two pair, Nines and Fours)
Necromadx collected $59.50 from pot
*** SUMMARY ***
Total pot $60 | Rake $0.50
Board [4s 2c 9d 2h 4h]
Seat 1: melyh82 (button) (small blind) showed [6h Qc] and lost with two pair, Fours and Deuces
Seat 2: Necromadx (big blind) showed [9h 5c] and won ($59.50) with two pair, Nines and Fours


PokerStars Hand #147652757712:  Hold'em Limit ($3/$6 USD) - 2016/01/25 10:23:19 ET
Table 'Miranda' 2-max Seat #2 is the button
Seat 1: melyh82 ($9.26 in chips)
Seat 2: Necromadx ($190.64 in chips)
Necromadx: posts small blind $1
melyh82: posts big blind $3
*** HOLE CARDS ***
Necromadx: raises $3 to $6
melyh82: raises $3 to $9
Necromadx: raises $3 to $12
Betting is capped
melyh82: calls $0.26 and is all-in
Uncalled bet ($2.74) returned to Necromadx
*** FLOP *** [3d 4s 2c]
*** TURN *** [3d 4s 2c] [7s]
*** RIVER *** [3d 4s 2c 7s] [Ac]
*** SHOW DOWN ***
melyh82: shows [Jh 9c] (high card Ace)
Necromadx: shows [6s 5s] (a straight, Three to Seven)
melyh82 leaves the table
Necromadx collected $18.15 from pot
*** SUMMARY ***
Total pot $18.52 | Rake $0.37
Board [3d 4s 2c 7s Ac]
Seat 1: melyh82 (big blind) showed [Jh 9c] and lost with high card Ace
Seat 2: Necromadx (button) (small blind) showed [6s 5s] and won ($18.15) with a straight, Three to Seven


PokerStars Hand #147652944482:  Hold'em Limit ($3/$6 USD) - 2016/01/25 10:27:00 ET
Table 'Miranda' 2-max Seat #2 is the button
Seat 1: ChicagoBull4 ($50.22 in chips)
Seat 2: Necromadx ($205.29 in chips)
Necromadx: posts small blind $1
ChicagoBull4: posts big blind $3
*** HOLE CARDS ***
Necromadx: raises $3 to $6
ChicagoBull4: calls $3
*** FLOP *** [8h Kd 3h]
ChicagoBull4: checks
Necromadx: bets $3
ChicagoBull4: folds
Uncalled bet ($3) returned to Necromadx
ChicagoBull4 leaves the table
Necromadx collected $11.76 from pot
Necromadx: doesn't show hand
*** SUMMARY ***
Total pot $12 | Rake $0.24
Board [8h Kd 3h]
Seat 1: ChicagoBull4 (big blind) folded on the Flop
Seat 2: Necromadx (button) (small blind) collected ($11.76)


