PokerStars Hand #171712113090:  Hold'em Limit ($3/$6 USD) - 2017/06/13 4:20:31 ET
Table 'Miranda' 6-max Seat #3 is the button
Seat 3: hookonhook ($216.03 in chips)
Seat 5: IIC3 ($75.85 in chips)
hookonhook: posts small blind $1
IIC3: posts big blind $3
*** HOLE CARDS ***
hookonhook: folds
Uncalled bet ($2) returned to IIC3
IIC3 collected $2 from pot
IIC3: doesn't show hand
*** SUMMARY ***
Total pot $2 | Rake $0
Seat 3: hookonhook (button) (small blind) folded before Flop
Seat 5: IIC3 (big blind) collected ($2)


PokerStars Hand #171713504234:  Hold'em Limit ($3/$6 USD) - 2017/06/13 5:32:04 ET
Table 'Miranda' 6-max Seat #1 is the button
Seat 1: mareshkin2 ($105.37 in chips)
Seat 2: VolkovDmitri ($148.72 in chips)
mareshkin2: posts small blind $1
VolkovDmitri: posts big blind $3
*** HOLE CARDS ***
mareshkin2: raises $3 to $6
VolkovDmitri: calls $3
*** FLOP *** [Kh 8c Kc]
VolkovDmitri: checks
mareshkin2: bets $3
VolkovDmitri: folds
Uncalled bet ($3) returned to mareshkin2
mareshkin2 collected $11.76 from pot
mareshkin2: doesn't show hand
*** SUMMARY ***
Total pot $12 | Rake $0.24
Board [Kh 8c Kc]
Seat 1: mareshkin2 (button) (small blind) collected ($11.76)
Seat 2: VolkovDmitri (big blind) folded on the Flop


PokerStars Hand #171713496894:  Hold'em Limit ($3/$6 USD) - 2017/06/13 5:31:43 ET
Table 'Miranda' 6-max Seat #5 is the button
Seat 1: mareshkin2 ($104.37 in chips)
Seat 5: parnishka11 ($38.77 in chips)
parnishka11: posts small blind $1
mareshkin2: posts big blind $3
*** HOLE CARDS ***
parnishka11: folds
Uncalled bet ($2) returned to mareshkin2
mareshkin2 collected $2 from pot
mareshkin2: doesn't show hand
*** SUMMARY ***
Total pot $2 | Rake $0
Seat 1: mareshkin2 (big blind) collected ($2)
Seat 5: parnishka11 (button) (small blind) folded before Flop


PokerStars Hand #171713535127:  Hold'em Limit ($3/$6 USD) - 2017/06/13 5:33:30 ET
Table 'Miranda' 6-max Seat #1 is the button
Seat 1: mareshkin2 ($124.63 in chips)
Seat 2: VolkovDmitri ($129.64 in chips)
mareshkin2: posts small blind $1
VolkovDmitri: posts big blind $3
*** HOLE CARDS ***
mareshkin2: folds
Uncalled bet ($2) returned to VolkovDmitri
VolkovDmitri collected $2 from pot
VolkovDmitri: doesn't show hand
*** SUMMARY ***
Total pot $2 | Rake $0
Seat 1: mareshkin2 (button) (small blind) folded before Flop
Seat 2: VolkovDmitri (big blind) collected ($2)


PokerStars Hand #171713524873:  Hold'em Limit ($3/$6 USD) - 2017/06/13 5:33:01 ET
Table 'Miranda' 6-max Seat #2 is the button
Seat 1: mareshkin2 ($133.63 in chips)
Seat 2: VolkovDmitri ($121 in chips)
VolkovDmitri: posts small blind $1
mareshkin2: posts big blind $3
*** HOLE CARDS ***
VolkovDmitri: raises $3 to $6
mareshkin2: calls $3
*** FLOP *** [8c 7c Jc]
mareshkin2: checks
VolkovDmitri: bets $3
mareshkin2: calls $3
*** TURN *** [8c 7c Jc] [4c]
mareshkin2: checks
VolkovDmitri: bets $6
mareshkin2: folds
Uncalled bet ($6) returned to VolkovDmitri
VolkovDmitri collected $17.64 from pot
VolkovDmitri: doesn't show hand
*** SUMMARY ***
Total pot $18 | Rake $0.36
Board [8c 7c Jc 4c]
Seat 1: mareshkin2 (big blind) folded on the Turn
Seat 2: VolkovDmitri (button) (small blind) collected ($17.64)


PokerStars Hand #171713522362:  Hold'em Limit ($3/$6 USD) - 2017/06/13 5:32:54 ET
Table 'Miranda' 6-max Seat #1 is the button
Seat 1: mareshkin2 ($134.63 in chips)
Seat 2: VolkovDmitri ($120 in chips)
mareshkin2: posts small blind $1
VolkovDmitri: posts big blind $3
*** HOLE CARDS ***
mareshkin2: folds
Uncalled bet ($2) returned to VolkovDmitri
VolkovDmitri collected $2 from pot
VolkovDmitri: doesn't show hand
*** SUMMARY ***
Total pot $2 | Rake $0
Seat 1: mareshkin2 (button) (small blind) folded before Flop
Seat 2: VolkovDmitri (big blind) collected ($2)


PokerStars Hand #171713511186:  Hold'em Limit ($3/$6 USD) - 2017/06/13 5:32:23 ET
Table 'Miranda' 6-max Seat #2 is the button
Seat 1: mareshkin2 ($111.13 in chips)
Seat 2: VolkovDmitri ($142.72 in chips)
VolkovDmitri: posts small blind $1
mareshkin2: posts big blind $3
*** HOLE CARDS ***
VolkovDmitri: raises $3 to $6
mareshkin2: calls $3
*** FLOP *** [Jc 6s Qc]
mareshkin2: bets $3
VolkovDmitri: raises $3 to $6
mareshkin2: calls $3
*** TURN *** [Jc 6s Qc] [7c]
mareshkin2: bets $6
VolkovDmitri: calls $6
*** RIVER *** [Jc 6s Qc 7c] [Qs]
mareshkin2: bets $6
VolkovDmitri: calls $6
*** SHOW DOWN ***
mareshkin2: shows [Jh Td] (two pair, Queens and Jacks)
VolkovDmitri: mucks hand
mareshkin2 collected $47.50 from pot
*** SUMMARY ***
Total pot $48 | Rake $0.50
Board [Jc 6s Qc 7c Qs]
Seat 1: mareshkin2 (big blind) showed [Jh Td] and won ($47.50) with two pair, Queens and Jacks
Seat 2: VolkovDmitri (button) (small blind) mucked


PokerStars Hand #171713537071:  Hold'em Limit ($3/$6 USD) - 2017/06/13 5:33:36 ET
Table 'Miranda' 6-max Seat #2 is the button
Seat 1: mareshkin2 ($123.63 in chips)
Seat 2: VolkovDmitri ($130.64 in chips)
VolkovDmitri: posts small blind $1
mareshkin2: posts big blind $3
*** HOLE CARDS ***
VolkovDmitri: raises $3 to $6
mareshkin2: calls $3
*** FLOP *** [7s 4d 7d]
mareshkin2: checks
VolkovDmitri: bets $3
mareshkin2: folds
Uncalled bet ($3) returned to VolkovDmitri
VolkovDmitri collected $11.76 from pot
VolkovDmitri: doesn't show hand
*** SUMMARY ***
Total pot $12 | Rake $0.24
Board [7s 4d 7d]
Seat 1: mareshkin2 (big blind) folded on the Flop
Seat 2: VolkovDmitri (button) (small blind) collected ($11.76)


PokerStars Hand #171713546262:  Hold'em Limit ($3/$6 USD) - 2017/06/13 5:34:01 ET
Table 'Miranda' 6-max Seat #1 is the button
Seat 1: mareshkin2 ($117.63 in chips)
Seat 2: VolkovDmitri ($136.40 in chips)
mareshkin2: posts small blind $1
VolkovDmitri: posts big blind $3
*** HOLE CARDS ***
mareshkin2: calls $2
VolkovDmitri: checks
*** FLOP *** [5s 3d 9c]
VolkovDmitri: bets $3
mareshkin2: raises $3 to $6
miezemuis joins the table at seat #3
VolkovDmitri: raises $3 to $9
mareshkin2: calls $3
*** TURN *** [5s 3d 9c] [Ks]
VolkovDmitri: bets $6
mareshkin2: calls $6
*** RIVER *** [5s 3d 9c Ks] [Jh]
VolkovDmitri: checks
mareshkin2: checks
*** SHOW DOWN ***
VolkovDmitri: shows [4h 9d] (a pair of Nines)
mareshkin2: shows [Tc Ts] (a pair of Tens)
mareshkin2 collected $35.50 from pot
*** SUMMARY ***
Total pot $36 | Rake $0.50
Board [5s 3d 9c Ks Jh]
Seat 1: mareshkin2 (button) (small blind) showed [Tc Ts] and won ($35.50) with a pair of Tens
Seat 2: VolkovDmitri (big blind) showed [4h 9d] and lost with a pair of Nines


