PokerStars Hand #159584567101:  Hold'em Limit ($3/$6 USD) - 2016/10/07 1:50:04 ET
Table 'Miram' 6-max Seat #5 is the button
Seat 4: Agrotait ($71 in chips)
Seat 5: El Scotto52 ($55.67 in chips)
El Scotto52: posts small blind $1
Agrotait: posts big blind $3
*** HOLE CARDS ***
El Scotto52: raises $3 to $6
Agrotait: calls $3
*** FLOP *** [4s Th Jd]
Agrotait: checks
El Scotto52: bets $3
Agrotait: folds
Uncalled bet ($3) returned to El Scotto52
El Scotto52 collected $11.76 from pot
El Scotto52: doesn't show hand
*** SUMMARY ***
Total pot $12 | Rake $0.24
Board [4s Th Jd]
Seat 4: Agrotait (big blind) folded on the Flop
Seat 5: El Scotto52 (button) (small blind) collected ($11.76)


PokerStars Hand #159584564774:  Hold'em Limit ($3/$6 USD) - 2016/10/07 1:49:54 ET
Table 'Miram' 6-max Seat #4 is the button
Seat 4: Agrotait ($72 in chips)
Seat 5: El Scotto52 ($54.67 in chips)
Agrotait: posts small blind $1
El Scotto52: posts big blind $3
*** HOLE CARDS ***
Agrotait: folds
Uncalled bet ($2) returned to El Scotto52
El Scotto52 collected $2 from pot
El Scotto52: doesn't show hand
*** SUMMARY ***
Total pot $2 | Rake $0
Seat 4: Agrotait (button) (small blind) folded before Flop
Seat 5: El Scotto52 (big blind) collected ($2)


PokerStars Hand #159584578126:  Hold'em Limit ($3/$6 USD) - 2016/10/07 1:50:50 ET
Table 'Miram' 6-max Seat #5 is the button
Seat 4: Agrotait ($70.76 in chips)
Seat 5: El Scotto52 ($55.43 in chips)
El Scotto52: posts small blind $1
Agrotait: posts big blind $3
*** HOLE CARDS ***
El Scotto52: folds
Uncalled bet ($2) returned to Agrotait
Agrotait collected $2 from pot
Agrotait: doesn't show hand
*** SUMMARY ***
Total pot $2 | Rake $0
Seat 4: Agrotait (big blind) collected ($2)
Seat 5: El Scotto52 (button) (small blind) folded before Flop


PokerStars Hand #159584585894:  Hold'em Limit ($3/$6 USD) - 2016/10/07 1:51:22 ET
Table 'Miram' 6-max Seat #5 is the button
Seat 4: Agrotait ($89.26 in chips)
Seat 5: El Scotto52 ($36.43 in chips)
El Scotto52: posts small blind $1
Agrotait: posts big blind $3
*** HOLE CARDS ***
El Scotto52: folds
Uncalled bet ($2) returned to Agrotait
Agrotait collected $2 from pot
Agrotait: doesn't show hand
*** SUMMARY ***
Total pot $2 | Rake $0
Seat 4: Agrotait (big blind) collected ($2)
Seat 5: El Scotto52 (button) (small blind) folded before Flop


PokerStars Hand #159584579400:  Hold'em Limit ($3/$6 USD) - 2016/10/07 1:50:55 ET
Table 'Miram' 6-max Seat #4 is the button
Seat 4: Agrotait ($71.76 in chips)
Seat 5: El Scotto52 ($54.43 in chips)
Agrotait: posts small blind $1
El Scotto52: posts big blind $3
*** HOLE CARDS ***
Agrotait: raises $3 to $6
El Scotto52: calls $3
*** FLOP *** [5h 4c Ah]
El Scotto52: checks
Agrotait: bets $3
El Scotto52: raises $3 to $6
Agrotait: calls $3
*** TURN *** [5h 4c Ah] [3h]
El Scotto52: checks
Agrotait: checks
*** RIVER *** [5h 4c Ah 3h] [Kc]
El Scotto52: bets $6
Agrotait: calls $6
*** SHOW DOWN ***
El Scotto52: shows [7d Qs] (high card Ace)
Agrotait: shows [Jc Js] (a pair of Jacks)
Agrotait collected $35.50 from pot
*** SUMMARY ***
Total pot $36 | Rake $0.50
Board [5h 4c Ah 3h Kc]
Seat 4: Agrotait (button) (small blind) showed [Jc Js] and won ($35.50) with a pair of Jacks
Seat 5: El Scotto52 (big blind) showed [7d Qs] and lost with high card Ace


PokerStars Hand #159584573233:  Hold'em Limit ($3/$6 USD) - 2016/10/07 1:50:29 ET
Table 'Miram' 6-max Seat #4 is the button
Seat 4: Agrotait ($65 in chips)
Seat 5: El Scotto52 ($61.43 in chips)
Agrotait: posts small blind $1
El Scotto52: posts big blind $3
*** HOLE CARDS ***
Agrotait: raises $3 to $6
El Scotto52: calls $3
*** FLOP *** [As 5h 7c]
El Scotto52: checks
Agrotait: bets $3
El Scotto52: folds
Uncalled bet ($3) returned to Agrotait
Agrotait collected $11.76 from pot
Agrotait: doesn't show hand
*** SUMMARY ***
Total pot $12 | Rake $0.24
Board [As 5h 7c]
Seat 4: Agrotait (button) (small blind) collected ($11.76)
Seat 5: El Scotto52 (big blind) folded on the Flop


PokerStars Hand #159584599578:  Hold'em Limit ($3/$6 USD) - 2016/10/07 1:52:19 ET
Table 'Miram' 6-max Seat #4 is the button
Seat 4: Agrotait ($73.26 in chips)
Seat 5: El Scotto52 ($51.93 in chips)
Agrotait: posts small blind $1
El Scotto52: posts big blind $3
*** HOLE CARDS ***
Agrotait: raises $3 to $6
El Scotto52: calls $3
*** FLOP *** [Kh Th 3c]
El Scotto52: checks
Agrotait: bets $3
El Scotto52: folds
Uncalled bet ($3) returned to Agrotait
Agrotait collected $11.76 from pot
Agrotait: doesn't show hand
*** SUMMARY ***
Total pot $12 | Rake $0.24
Board [Kh Th 3c]
Seat 4: Agrotait (button) (small blind) collected ($11.76)
Seat 5: El Scotto52 (big blind) folded on the Flop


PokerStars Hand #159584587192:  Hold'em Limit ($3/$6 USD) - 2016/10/07 1:51:27 ET
Table 'Miram' 6-max Seat #4 is the button
Seat 4: Agrotait ($90.26 in chips)
Seat 5: El Scotto52 ($35.43 in chips)
Agrotait: posts small blind $1
El Scotto52: posts big blind $3
*** HOLE CARDS ***
Agrotait: raises $3 to $6
El Scotto52: raises $3 to $9
Agrotait: calls $3
*** FLOP *** [8c 7s 5h]
El Scotto52: bets $3
Agrotait: calls $3
*** TURN *** [8c 7s 5h] [Qd]
El Scotto52: bets $6
Agrotait: calls $6
*** RIVER *** [8c 7s 5h Qd] [Ts]
El Scotto52: bets $6
Agrotait: folds
Uncalled bet ($6) returned to El Scotto52
El Scotto52 collected $35.50 from pot
El Scotto52: doesn't show hand
*** SUMMARY ***
Total pot $36 | Rake $0.50
Board [8c 7s 5h Qd Ts]
Seat 4: Agrotait (button) (small blind) folded on the River
Seat 5: El Scotto52 (big blind) collected ($35.50)


PokerStars Hand #159584603255:  Hold'em Limit ($3/$6 USD) - 2016/10/07 1:52:34 ET
Table 'Miram' 6-max Seat #5 is the button
Seat 4: Agrotait ($79.02 in chips)
Seat 5: El Scotto52 ($45.93 in chips)
El Scotto52: posts small blind $1
Agrotait: posts big blind $3
*** HOLE CARDS ***
El Scotto52: raises $3 to $6
Agrotait: calls $3
*** FLOP *** [5h Jh Ah]
Agrotait: checks
El Scotto52: bets $3
Agrotait: calls $3
*** TURN *** [5h Jh Ah] [5d]
Agrotait: checks
El Scotto52: checks
*** RIVER *** [5h Jh Ah 5d] [Kc]
Agrotait: bets $6
El Scotto52: folds
Uncalled bet ($6) returned to Agrotait
Agrotait collected $17.64 from pot
Agrotait: doesn't show hand
*** SUMMARY ***
Total pot $18 | Rake $0.36
Board [5h Jh Ah 5d Kc]
Seat 4: Agrotait (big blind) collected ($17.64)
Seat 5: El Scotto52 (button) (small blind) folded on the River


PokerStars Hand #159584615002:  Hold'em Limit ($3/$6 USD) - 2016/10/07 1:53:23 ET
Table 'Miram' 6-max Seat #5 is the button
Seat 4: Agrotait ($93.42 in chips)
Seat 5: El Scotto52 ($30.93 in chips)
El Scotto52: posts small blind $1
Agrotait: posts big blind $3
*** HOLE CARDS ***
El Scotto52: raises $3 to $6
Agrotait: calls $3
*** FLOP *** [7d 7h 3h]
Agrotait: checks
El Scotto52: bets $3
Agrotait: calls $3
*** TURN *** [7d 7h 3h] [Tc]
Agrotait: checks
El Scotto52: checks
*** RIVER *** [7d 7h 3h Tc] [2d]
Agrotait: checks
El Scotto52: checks
*** SHOW DOWN ***
Agrotait: shows [6h Ks] (a pair of Sevens)
El Scotto52: mucks hand
Agrotait collected $17.64 from pot
*** SUMMARY ***
Total pot $18 | Rake $0.36
Board [7d 7h 3h Tc 2d]
Seat 4: Agrotait (big blind) showed [6h Ks] and won ($17.64) with a pair of Sevens
Seat 5: El Scotto52 (button) (small blind) mucked


PokerStars Hand #159584622616:  Hold'em Limit ($3/$6 USD) - 2016/10/07 1:53:55 ET
Table 'Miram' 6-max Seat #4 is the button
Seat 4: Agrotait ($102.06 in chips)
Seat 5: El Scotto52 ($21.93 in chips)
Agrotait: posts small blind $1
El Scotto52: posts big blind $3
*** HOLE CARDS ***
Agrotait: raises $3 to $6
El Scotto52: raises $3 to $9
Agrotait: calls $3
*** FLOP *** [9h Qd Qh]
El Scotto52: checks
Agrotait: checks
*** TURN *** [9h Qd Qh] [7h]
El Scotto52: bets $6
Agrotait: folds
Uncalled bet ($6) returned to El Scotto52
El Scotto52 collected $17.64 from pot
El Scotto52: doesn't show hand
*** SUMMARY ***
Total pot $18 | Rake $0.36
Board [9h Qd Qh 7h]
Seat 4: Agrotait (button) (small blind) folded on the Turn
Seat 5: El Scotto52 (big blind) collected ($17.64)


PokerStars Hand #159584629279:  Hold'em Limit ($3/$6 USD) - 2016/10/07 1:54:22 ET
Table 'Miram' 6-max Seat #5 is the button
Seat 4: Agrotait ($93.06 in chips)
Seat 5: El Scotto52 ($30.57 in chips)
El Scotto52: posts small blind $1
Agrotait: posts big blind $3
*** HOLE CARDS ***
El Scotto52: raises $3 to $6
Agrotait: calls $3
*** FLOP *** [Jh 8c Ts]
Agrotait: checks
El Scotto52: bets $3
Agrotait: folds
Uncalled bet ($3) returned to El Scotto52
El Scotto52 collected $11.76 from pot
El Scotto52: doesn't show hand
*** SUMMARY ***
Total pot $12 | Rake $0.24
Board [Jh 8c Ts]
Seat 4: Agrotait (big blind) folded on the Flop
Seat 5: El Scotto52 (button) (small blind) collected ($11.76)


PokerStars Hand #159584649582:  Hold'em Limit ($3/$6 USD) - 2016/10/07 1:55:52 ET
Table 'Miram' 6-max Seat #5 is the button
Seat 4: Agrotait ($111.56 in chips)
Seat 5: El Scotto52 ($11.33 in chips)
El Scotto52: posts small blind $1
Agrotait: posts big blind $3
*** HOLE CARDS ***
El Scotto52: raises $3 to $6
Agrotait: raises $3 to $9
El Scotto52: raises $2.33 to $11.33 and is all-in
Betting is capped
Agrotait: calls $2.33
*** FLOP *** [Ad 2s Jd]
*** TURN *** [Ad 2s Jd] [6h]
*** RIVER *** [Ad 2s Jd 6h] [Ks]
*** SHOW DOWN ***
Agrotait: shows [Kc Kh] (three of a kind, Kings)
El Scotto52: shows [5d 5c] (a pair of Fives)
Agrotait collected $22.21 from pot
*** SUMMARY ***
Total pot $22.66 | Rake $0.45
Board [Ad 2s Jd 6h Ks]
Seat 4: Agrotait (big blind) showed [Kc Kh] and won ($22.21) with three of a kind, Kings
Seat 5: El Scotto52 (button) (small blind) showed [5d 5c] and lost with a pair of Fives


PokerStars Hand #159584660814:  Hold'em Limit ($3/$6 USD) - 2016/10/07 1:56:46 ET
Table 'Miram' 6-max Seat #5 is the button
Seat 4: Agrotait ($121.44 in chips)
Seat 5: El Scotto52 ($101 in chips)
El Scotto52: posts small blind $1
Agrotait: posts big blind $3
*** HOLE CARDS ***
El Scotto52: raises $3 to $6
ChinaBoy420 joins the table at seat #6
Agrotait: calls $3
*** FLOP *** [8s Qh Ac]
Agrotait: checks
El Scotto52: checks
*** TURN *** [8s Qh Ac] [3s]
Agrotait: checks
El Scotto52: checks
*** RIVER *** [8s Qh Ac 3s] [Td]
Agrotait: bets $6
El Scotto52: folds
Uncalled bet ($6) returned to Agrotait
Agrotait collected $11.76 from pot
Agrotait: doesn't show hand
*** SUMMARY ***
Total pot $12 | Rake $0.24
Board [8s Qh Ac 3s Td]
Seat 4: Agrotait (big blind) collected ($11.76)
Seat 5: El Scotto52 (button) (small blind) folded on the River


PokerStars Hand #159585376988:  Hold'em Limit ($3/$6 USD) - 2016/10/07 2:45:45 ET
Table 'Miram' 6-max Seat #1 is the button
Seat 1: Chessnok ($113.70 in chips)
Seat 6: ChinaBoy420 ($94.85 in chips)
Chessnok: posts small blind $1
Agrotait: is sitting out
ChinaBoy420: posts big blind $3
*** HOLE CARDS ***
Chessnok: raises $3 to $6
Agrotait leaves the table
ChinaBoy420: calls $3
*** FLOP *** [Kd Qh 3s]
ChinaBoy420: checks
Chessnok: bets $3
ChinaBoy420: calls $3
*** TURN *** [Kd Qh 3s] [Td]
ChinaBoy420: checks
Chessnok: bets $6
ChinaBoy420: folds
Uncalled bet ($6) returned to Chessnok
Chessnok collected $17.64 from pot
Chessnok: doesn't show hand
*** SUMMARY ***
Total pot $18 | Rake $0.36
Board [Kd Qh 3s Td]
Seat 1: Chessnok (button) (small blind) collected ($17.64)
Seat 6: ChinaBoy420 (big blind) folded on the Turn


PokerStars Hand #159585384313:  Hold'em Limit ($3/$6 USD) - 2016/10/07 2:46:13 ET
Table 'Miram' 6-max Seat #6 is the button
Seat 1: Chessnok ($122.34 in chips)
Seat 6: ChinaBoy420 ($85.85 in chips)
ChinaBoy420: posts small blind $1
Chessnok: posts big blind $3
*** HOLE CARDS ***
ChinaBoy420: folds
Uncalled bet ($2) returned to Chessnok
Chessnok collected $2 from pot
Chessnok: doesn't show hand
*** SUMMARY ***
Total pot $2 | Rake $0
Seat 1: Chessnok (big blind) collected ($2)
Seat 6: ChinaBoy420 (button) (small blind) folded before Flop


PokerStars Hand #159585390409:  Hold'em Limit ($3/$6 USD) - 2016/10/07 2:46:37 ET
Table 'Miram' 6-max Seat #1 is the button
Seat 1: Chessnok ($123.34 in chips)
Seat 6: ChinaBoy420 ($84.85 in chips)
Chessnok: posts small blind $1
ChinaBoy420: posts big blind $3
*** HOLE CARDS ***
Chessnok: raises $3 to $6
ChinaBoy420: raises $3 to $9
Chessnok: calls $3
*** FLOP *** [Ts 2c Td]
ChinaBoy420: bets $3
Chessnok: calls $3
*** TURN *** [Ts 2c Td] [Tc]
ChinaBoy420: bets $6
Chessnok: raises $6 to $12
ChinaBoy420: calls $6
*** RIVER *** [Ts 2c Td Tc] [8s]
ChinaBoy420: checks
Chessnok: bets $6
ChinaBoy420: calls $6
*** SHOW DOWN ***
Chessnok: shows [9s 9h] (a full house, Tens full of Nines)
ChinaBoy420: mucks hand
Chessnok collected $59.50 from pot
*** SUMMARY ***
Total pot $60 | Rake $0.50
Board [Ts 2c Td Tc 8s]
Seat 1: Chessnok (button) (small blind) showed [9s 9h] and won ($59.50) with a full house, Tens full of Nines
Seat 6: ChinaBoy420 (big blind) mucked


PokerStars Hand #159585409839:  Hold'em Limit ($3/$6 USD) - 2016/10/07 2:47:20 ET
Table 'Miram' 6-max Seat #6 is the button
Seat 1: Chessnok ($166.34 in chips)
Seat 6: ChinaBoy420 ($40.85 in chips)
ChinaBoy420: posts small blind $1
Chessnok: posts big blind $3
*** HOLE CARDS ***
ChinaBoy420: raises $3 to $6
Chessnok: calls $3
*** FLOP *** [Jd Qd 6d]
Chessnok: checks
ChinaBoy420: bets $3
Chessnok: calls $3
*** TURN *** [Jd Qd 6d] [4c]
Chessnok: checks
ChinaBoy420: bets $6
Chessnok: calls $6
*** RIVER *** [Jd Qd 6d 4c] [5c]
Chessnok: checks
WackoJacko13 leaves the table
ChinaBoy420: bets $6
Chessnok: calls $6
*** SHOW DOWN ***
ChinaBoy420: shows [Qs Qc] (three of a kind, Queens)
Chessnok: mucks hand
ChinaBoy420 collected $41.50 from pot
*** SUMMARY ***
Total pot $42 | Rake $0.50
Board [Jd Qd 6d 4c 5c]
Seat 1: Chessnok (big blind) mucked
Seat 6: ChinaBoy420 (button) (small blind) showed [Qs Qc] and won ($41.50) with three of a kind, Queens


PokerStars Hand #159585425522:  Hold'em Limit ($3/$6 USD) - 2016/10/07 2:48:21 ET
Table 'Miram' 6-max Seat #1 is the button
Seat 1: Chessnok ($150.84 in chips)
Seat 6: ChinaBoy420 ($54.99 in chips)
Chessnok: posts small blind $1
ChinaBoy420: posts big blind $3
*** HOLE CARDS ***
Chessnok: raises $3 to $6
ChinaBoy420: calls $3
*** FLOP *** [6s 5s Tc]
ChinaBoy420: checks
Chessnok: bets $3
ChinaBoy420: raises $3 to $6
Chessnok: calls $3
*** TURN *** [6s 5s Tc] [2s]
ChinaBoy420: bets $6
Chessnok: calls $6
*** RIVER *** [6s 5s Tc 2s] [Qh]
ChinaBoy420: bets $6
Chessnok: calls $6
*** SHOW DOWN ***
ChinaBoy420: shows [7d Ts] (a pair of Tens)
Chessnok: mucks hand
ChinaBoy420 collected $47.50 from pot
*** SUMMARY ***
Total pot $48 | Rake $0.50
Board [6s 5s Tc 2s Qh]
Seat 1: Chessnok (button) (small blind) mucked
Seat 6: ChinaBoy420 (big blind) showed [7d Ts] and won ($47.50) with a pair of Tens


PokerStars Hand #159585430934:  Hold'em Limit ($3/$6 USD) - 2016/10/07 2:48:41 ET
Table 'Miram' 6-max Seat #6 is the button
Seat 1: Chessnok ($126.84 in chips)
Seat 6: ChinaBoy420 ($78.49 in chips)
ChinaBoy420: posts small blind $1
Chessnok: posts big blind $3
*** HOLE CARDS ***
ChinaBoy420: folds
Uncalled bet ($2) returned to Chessnok
Chessnok collected $2 from pot
Chessnok: doesn't show hand
*** SUMMARY ***
Total pot $2 | Rake $0
Seat 1: Chessnok (big blind) collected ($2)
Seat 6: ChinaBoy420 (button) (small blind) folded before Flop


PokerStars Hand #159585420587:  Hold'em Limit ($3/$6 USD) - 2016/10/07 2:48:01 ET
Table 'Miram' 6-max Seat #6 is the button
Seat 1: Chessnok ($159.84 in chips)
Seat 6: ChinaBoy420 ($46.35 in chips)
ChinaBoy420: posts small blind $1
Chessnok: posts big blind $3
*** HOLE CARDS ***
ChinaBoy420: raises $3 to $6
Chessnok: calls $3
*** FLOP *** [Qd 4d Kd]
Chessnok: checks
ChinaBoy420: bets $3
Chessnok: calls $3
*** TURN *** [Qd 4d Kd] [8d]
Chessnok: checks
ChinaBoy420: bets $6
Chessnok: folds
Uncalled bet ($6) returned to ChinaBoy420
ChinaBoy420 collected $17.64 from pot
ChinaBoy420: doesn't show hand
*** SUMMARY ***
Total pot $18 | Rake $0.36
Board [Qd 4d Kd 8d]
Seat 1: Chessnok (big blind) folded on the Turn
Seat 6: ChinaBoy420 (button) (small blind) collected ($17.64)


PokerStars Hand #159585442467:  Hold'em Limit ($3/$6 USD) - 2016/10/07 2:49:27 ET
Table 'Miram' 6-max Seat #1 is the button
Seat 1: Chessnok ($149.34 in chips)
Seat 6: ChinaBoy420 ($55.49 in chips)
Chessnok: posts small blind $1
ChinaBoy420: posts big blind $3
*** HOLE CARDS ***
Chessnok: raises $3 to $6
ChinaBoy420: calls $3
*** FLOP *** [Th Jh 6h]
ChinaBoy420: checks
Chessnok: bets $3
ChinaBoy420: folds
Uncalled bet ($3) returned to Chessnok
Chessnok collected $11.76 from pot
Chessnok: doesn't show hand
*** SUMMARY ***
Total pot $12 | Rake $0.24
Board [Th Jh 6h]
Seat 1: Chessnok (button) (small blind) collected ($11.76)
Seat 6: ChinaBoy420 (big blind) folded on the Flop


PokerStars Hand #159585440572:  Hold'em Limit ($3/$6 USD) - 2016/10/07 2:49:20 ET
Table 'Miram' 6-max Seat #6 is the button
Seat 1: Chessnok ($148.34 in chips)
Seat 6: ChinaBoy420 ($56.49 in chips)
ChinaBoy420: posts small blind $1
Chessnok: posts big blind $3
*** HOLE CARDS ***
ChinaBoy420: folds
Uncalled bet ($2) returned to Chessnok
Chessnok collected $2 from pot
Chessnok: doesn't show hand
*** SUMMARY ***
Total pot $2 | Rake $0
Seat 1: Chessnok (big blind) collected ($2)
Seat 6: ChinaBoy420 (button) (small blind) folded before Flop


PokerStars Hand #159585447604:  Hold'em Limit ($3/$6 USD) - 2016/10/07 2:49:47 ET
Table 'Miram' 6-max Seat #6 is the button
Seat 1: Chessnok ($155.10 in chips)
Seat 6: ChinaBoy420 ($49.49 in chips)
ChinaBoy420: posts small blind $1
Chessnok: posts big blind $3
*** HOLE CARDS ***
ChinaBoy420: folds
Uncalled bet ($2) returned to Chessnok
Chessnok collected $2 from pot
Chessnok: doesn't show hand
*** SUMMARY ***
Total pot $2 | Rake $0
Seat 1: Chessnok (big blind) collected ($2)
Seat 6: ChinaBoy420 (button) (small blind) folded before Flop


PokerStars Hand #159585450457:  Hold'em Limit ($3/$6 USD) - 2016/10/07 2:49:59 ET
Table 'Miram' 6-max Seat #1 is the button
Seat 1: Chessnok ($156.10 in chips)
Seat 6: ChinaBoy420 ($48.49 in chips)
Chessnok: posts small blind $1
ChinaBoy420: posts big blind $3
*** HOLE CARDS ***
Chessnok: raises $3 to $6
ChinaBoy420: calls $3
*** FLOP *** [8s 6c Ad]
ChinaBoy420: checks
Chessnok: bets $3
ChinaBoy420: calls $3
*** TURN *** [8s 6c Ad] [5s]
ChinaBoy420: checks
Chessnok: checks
*** RIVER *** [8s 6c Ad 5s] [Qd]
ChinaBoy420: bets $6
Chessnok: folds
Uncalled bet ($6) returned to ChinaBoy420
ChinaBoy420 collected $17.64 from pot
ChinaBoy420: doesn't show hand
*** SUMMARY ***
Total pot $18 | Rake $0.36
Board [8s 6c Ad 5s Qd]
Seat 1: Chessnok (button) (small blind) folded on the River
Seat 6: ChinaBoy420 (big blind) collected ($17.64)


PokerStars Hand #159585455470:  Hold'em Limit ($3/$6 USD) - 2016/10/07 2:50:19 ET
Table 'Miram' 6-max Seat #6 is the button
Seat 1: Chessnok ($147.10 in chips)
Seat 6: ChinaBoy420 ($57.13 in chips)
ChinaBoy420: posts small blind $1
Chessnok: posts big blind $3
*** HOLE CARDS ***
ChinaBoy420: folds
Uncalled bet ($2) returned to Chessnok
Chessnok collected $2 from pot
Chessnok: doesn't show hand
*** SUMMARY ***
Total pot $2 | Rake $0
Seat 1: Chessnok (big blind) collected ($2)
Seat 6: ChinaBoy420 (button) (small blind) folded before Flop


PokerStars Hand #159585456897:  Hold'em Limit ($3/$6 USD) - 2016/10/07 2:50:24 ET
Table 'Miram' 6-max Seat #1 is the button
Seat 1: Chessnok ($148.10 in chips)
Seat 6: ChinaBoy420 ($56.13 in chips)
Chessnok: posts small blind $1
ChinaBoy420: posts big blind $3
*** HOLE CARDS ***
Chessnok: raises $3 to $6
ChinaBoy420: raises $3 to $9
Chessnok: calls $3
*** FLOP *** [2s 7d 8s]
ChinaBoy420: bets $3
Chessnok: calls $3
*** TURN *** [2s 7d 8s] [Js]
ChinaBoy420: bets $6
Chessnok: folds
Uncalled bet ($6) returned to ChinaBoy420
ChinaBoy420 collected $23.52 from pot
ChinaBoy420: doesn't show hand
*** SUMMARY ***
Total pot $24 | Rake $0.48
Board [2s 7d 8s Js]
Seat 1: Chessnok (button) (small blind) folded on the Turn
Seat 6: ChinaBoy420 (big blind) collected ($23.52)


PokerStars Hand #159585472694:  Hold'em Limit ($3/$6 USD) - 2016/10/07 2:51:26 ET
Table 'Miram' 6-max Seat #6 is the button
Seat 1: Chessnok ($168.12 in chips)
Seat 6: ChinaBoy420 ($34.65 in chips)
ChinaBoy420: posts small blind $1
Chessnok: posts big blind $3
*** HOLE CARDS ***
ChinaBoy420: raises $3 to $6
Chessnok: folds
Uncalled bet ($3) returned to ChinaBoy420
ChinaBoy420 collected $6 from pot
ChinaBoy420: doesn't show hand
*** SUMMARY ***
Total pot $6 | Rake $0
Seat 1: Chessnok (big blind) folded before Flop
Seat 6: ChinaBoy420 (button) (small blind) collected ($6)


PokerStars Hand #159585468331:  Hold'em Limit ($3/$6 USD) - 2016/10/07 2:51:09 ET
Table 'Miram' 6-max Seat #1 is the button
Seat 1: Chessnok ($156.60 in chips)
Seat 6: ChinaBoy420 ($46.65 in chips)
Chessnok: posts small blind $1
ChinaBoy420: posts big blind $3
*** HOLE CARDS ***
Chessnok: raises $3 to $6
ChinaBoy420: raises $3 to $9
Chessnok: calls $3
*** FLOP *** [Qc 4h Jc]
ChinaBoy420: bets $3
Chessnok: calls $3
*** TURN *** [Qc 4h Jc] [5c]
ChinaBoy420: checks
Chessnok: bets $6
ChinaBoy420: folds
Uncalled bet ($6) returned to Chessnok
Chessnok collected $23.52 from pot
Chessnok: doesn't show hand
*** SUMMARY ***
Total pot $24 | Rake $0.48
Board [Qc 4h Jc 5c]
Seat 1: Chessnok (button) (small blind) collected ($23.52)
Seat 6: ChinaBoy420 (big blind) folded on the Turn


PokerStars Hand #159585461575:  Hold'em Limit ($3/$6 USD) - 2016/10/07 2:50:42 ET
Table 'Miram' 6-max Seat #6 is the button
Seat 1: Chessnok ($136.10 in chips)
Seat 6: ChinaBoy420 ($67.65 in chips)
ChinaBoy420: posts small blind $1
Chessnok: posts big blind $3
*** HOLE CARDS ***
ChinaBoy420: raises $3 to $6
Chessnok: raises $3 to $9
ChinaBoy420: raises $3 to $12
Betting is capped
Chessnok: calls $3
*** FLOP *** [2s 3c 7c]
Chessnok: checks
ChinaBoy420: bets $3
Chessnok: calls $3
*** TURN *** [2s 3c 7c] [2c]
Chessnok: checks
ChinaBoy420: checks
*** RIVER *** [2s 3c 7c 2c] [3s]
Chessnok: bets $6
ChinaBoy420: calls $6
*** SHOW DOWN ***
Chessnok: shows [Ac Ts] (two pair, Threes and Deuces)
ChinaBoy420: mucks hand
Chessnok collected $41.50 from pot
*** SUMMARY ***
Total pot $42 | Rake $0.50
Board [2s 3c 7c 2c 3s]
Seat 1: Chessnok (big blind) showed [Ac Ts] and won ($41.50) with two pair, Threes and Deuces
Seat 6: ChinaBoy420 (button) (small blind) mucked


PokerStars Hand #159585474426:  Hold'em Limit ($3/$6 USD) - 2016/10/07 2:51:32 ET
Table 'Miram' 6-max Seat #1 is the button
Seat 1: Chessnok ($165.12 in chips)
Seat 6: ChinaBoy420 ($37.65 in chips)
Chessnok: posts small blind $1
ChinaBoy420: posts big blind $3
*** HOLE CARDS ***
Chessnok: raises $3 to $6
ChinaBoy420: raises $3 to $9
Chessnok: calls $3
*** FLOP *** [Qd 8c 4h]
ChinaBoy420: bets $3
Chessnok: calls $3
*** TURN *** [Qd 8c 4h] [Ks]
ChinaBoy420: bets $6
Chessnok: calls $6
*** RIVER *** [Qd 8c 4h Ks] [9s]
ChinaBoy420: bets $6
Chessnok: calls $6
*** SHOW DOWN ***
ChinaBoy420: shows [Ah 9c] (a pair of Nines)
Chessnok: shows [Qs 5h] (a pair of Queens)
Chessnok collected $47.50 from pot
*** SUMMARY ***
Total pot $48 | Rake $0.50
Board [Qd 8c 4h Ks 9s]
Seat 1: Chessnok (button) (small blind) showed [Qs 5h] and won ($47.50) with a pair of Queens
Seat 6: ChinaBoy420 (big blind) showed [Ah 9c] and lost with a pair of Nines


