PokerStars Hand #173872876440:  Hold'em Limit ($3/$6 USD) - 2017/08/03 12:21:49 ET
Table 'Miranda II' 6-max Seat #3 is the button
Seat 3: Fetish73 ($98.52 in chips)
Seat 4: Anchig ($116.76 in chips)
Fetish73: posts small blind $1
Anchig: posts big blind $3
*** HOLE CARDS ***
Fetish73: raises $3 to $6
Anchig: raises $3 to $9
Fetish73: calls $3
*** FLOP *** [Th 9s 2h]
Anchig: bets $3
Fetish73: calls $3
*** TURN *** [Th 9s 2h] [4c]
Anchig: bets $6
Fetish73: calls $6
*** RIVER *** [Th 9s 2h 4c] [Td]
Anchig: bets $6
Fetish73: calls $6
*** SHOW DOWN ***
Anchig: shows [Ad Qd] (a pair of Tens)
Fetish73: shows [5h 9c] (two pair, Tens and Nines)
Fetish73 collected $47.50 from pot
*** SUMMARY ***
Total pot $48 | Rake $0.50
Board [Th 9s 2h 4c Td]
Seat 3: Fetish73 (button) (small blind) showed [5h 9c] and won ($47.50) with two pair, Tens and Nines
Seat 4: Anchig (big blind) showed [Ad Qd] and lost with a pair of Tens


PokerStars Hand #173872873104:  Hold'em Limit ($3/$6 USD) - 2017/08/03 12:21:43 ET
Table 'Miranda II' 6-max Seat #4 is the button
Seat 3: Fetish73 ($101.52 in chips)
Seat 4: Anchig ($113.76 in chips)
Anchig: posts small blind $1
Fetish73: posts big blind $3
*** HOLE CARDS ***
Anchig: raises $3 to $6
Fetish73: folds
Uncalled bet ($3) returned to Anchig
Anchig collected $6 from pot
Anchig: doesn't show hand
*** SUMMARY ***
Total pot $6 | Rake $0
Seat 3: Fetish73 (big blind) folded before Flop
Seat 4: Anchig (button) (small blind) collected ($6)


PokerStars Hand #173872868496:  Hold'em Limit ($3/$6 USD) - 2017/08/03 12:21:35 ET
Table 'Miranda II' 6-max Seat #3 is the button
Seat 3: Fetish73 ($95.76 in chips)
Seat 4: Anchig ($119.76 in chips)
Fetish73: posts small blind $1
Anchig: posts big blind $3
*** HOLE CARDS ***
Fetish73: raises $3 to $6
Anchig: calls $3
*** FLOP *** [8s 9h 6s]
Anchig: checks
Fetish73: bets $3
Anchig: folds
Uncalled bet ($3) returned to Fetish73
Fetish73 collected $11.76 from pot
*** SUMMARY ***
Total pot $12 | Rake $0.24
Board [8s 9h 6s]
Seat 3: Fetish73 (button) (small blind) collected ($11.76)
Seat 4: Anchig (big blind) folded on the Flop


PokerStars Hand #173872862945:  Hold'em Limit ($3/$6 USD) - 2017/08/03 12:21:26 ET
Table 'Miranda II' 6-max Seat #4 is the button
Seat 3: Fetish73 ($101.76 in chips)
Seat 4: Anchig ($114 in chips)
Anchig: posts small blind $1
Fetish73: posts big blind $3
*** HOLE CARDS ***
Anchig: raises $3 to $6
Fetish73: calls $3
*** FLOP *** [Js 4d Ad]
Fetish73: checks
Anchig: bets $3
Fetish73: folds
Uncalled bet ($3) returned to Anchig
Anchig collected $11.76 from pot
*** SUMMARY ***
Total pot $12 | Rake $0.24
Board [Js 4d Ad]
Seat 3: Fetish73 (big blind) folded on the Flop
Seat 4: Anchig (button) (small blind) collected ($11.76)


PokerStars Hand #173872883789:  Hold'em Limit ($3/$6 USD) - 2017/08/03 12:22:01 ET
Table 'Miranda II' 6-max Seat #4 is the button
Seat 3: Fetish73 ($122.02 in chips)
Seat 4: Anchig ($92.76 in chips)
Anchig: posts small blind $1
Fetish73: posts big blind $3
*** HOLE CARDS ***
Anchig: raises $3 to $6
Fetish73: calls $3
*** FLOP *** [5d 8s 3d]
Fetish73: checks
Anchig: bets $3
Fetish73: folds
Uncalled bet ($3) returned to Anchig
Anchig collected $11.76 from pot
Anchig: doesn't show hand
*** SUMMARY ***
Total pot $12 | Rake $0.24
Board [5d 8s 3d]
Seat 3: Fetish73 (big blind) folded on the Flop
Seat 4: Anchig (button) (small blind) collected ($11.76)


PokerStars Hand #173872908668:  Hold'em Limit ($3/$6 USD) - 2017/08/03 12:22:43 ET
Table 'Miranda II' 6-max Seat #3 is the button
Seat 3: Fetish73 ($124.52 in chips)
Seat 4: Anchig ($89.28 in chips)
Fetish73: posts small blind $1
Anchig: posts big blind $3
*** HOLE CARDS ***
Fetish73: raises $3 to $6
Anchig: folds
Uncalled bet ($3) returned to Fetish73
Fetish73 collected $6 from pot
Fetish73: doesn't show hand
*** SUMMARY ***
Total pot $6 | Rake $0
Seat 3: Fetish73 (button) (small blind) collected ($6)
Seat 4: Anchig (big blind) folded before Flop


PokerStars Hand #173872899082:  Hold'em Limit ($3/$6 USD) - 2017/08/03 12:22:27 ET
Table 'Miranda II' 6-max Seat #4 is the button
Seat 3: Fetish73 ($130.52 in chips)
Seat 4: Anchig ($83.52 in chips)
Anchig: posts small blind $1
Fetish73: posts big blind $3
*** HOLE CARDS ***
Anchig: raises $3 to $6
Fetish73: calls $3
*** FLOP *** [7c Js Jd]
Fetish73: checks
Anchig: bets $3
Fetish73: folds
Uncalled bet ($3) returned to Anchig
Anchig collected $11.76 from pot
Anchig: doesn't show hand
*** SUMMARY ***
Total pot $12 | Rake $0.24
Board [7c Js Jd]
Seat 3: Fetish73 (big blind) folded on the Flop
Seat 4: Anchig (button) (small blind) collected ($11.76)


PokerStars Hand #173872888333:  Hold'em Limit ($3/$6 USD) - 2017/08/03 12:22:09 ET
Table 'Miranda II' 6-max Seat #3 is the button
Seat 3: Fetish73 ($116.02 in chips)
Seat 4: Anchig ($98.52 in chips)
Fetish73: posts small blind $1
Anchig: posts big blind $3
*** HOLE CARDS ***
Fetish73: raises $3 to $6
Anchig: calls $3
*** FLOP *** [Td Js Qh]
Anchig: checks
Fetish73: bets $3
Anchig: calls $3
*** TURN *** [Td Js Qh] [3s]
Anchig: checks
Fetish73: bets $6
Anchig: calls $6
*** RIVER *** [Td Js Qh 3s] [Ac]
Anchig: checks
Fetish73: checks
*** SHOW DOWN ***
Anchig: shows [2c 2d] (a pair of Deuces)
Fetish73: shows [Ts 9d] (a pair of Tens)
Fetish73 collected $29.50 from pot
*** SUMMARY ***
Total pot $30 | Rake $0.50
Board [Td Js Qh 3s Ac]
Seat 3: Fetish73 (button) (small blind) showed [Ts 9d] and won ($29.50) with a pair of Tens
Seat 4: Anchig (big blind) showed [2c 2d] and lost with a pair of Deuces


PokerStars Hand #173872941339:  Hold'em Limit ($3/$6 USD) - 2017/08/03 12:23:39 ET
Table 'Miranda II' 6-max Seat #3 is the button
Seat 3: Fetish73 ($99.52 in chips)
Seat 4: Anchig ($113.42 in chips)
Fetish73: posts small blind $1
Anchig: posts big blind $3
*** HOLE CARDS ***
Fetish73: raises $3 to $6
Anchig: calls $3
*** FLOP *** [7h Qh 7c]
Anchig: checks
Fetish73: bets $3
Anchig: calls $3
*** TURN *** [7h Qh 7c] [3s]
Anchig: checks
Fetish73: checks
*** RIVER *** [7h Qh 7c 3s] [2d]
Anchig: bets $6
Fetish73: folds
Uncalled bet ($6) returned to Anchig
Anchig collected $17.64 from pot
Anchig: doesn't show hand
*** SUMMARY ***
Total pot $18 | Rake $0.36
Board [7h Qh 7c 3s 2d]
Seat 3: Fetish73 (button) (small blind) folded on the River
Seat 4: Anchig (big blind) collected ($17.64)


PokerStars Hand #173872925757:  Hold'em Limit ($3/$6 USD) - 2017/08/03 12:23:12 ET
Table 'Miranda II' 6-max Seat #4 is the button
Seat 3: Fetish73 ($108.52 in chips)
Seat 4: Anchig ($104.78 in chips)
Anchig: posts small blind $1
Fetish73: posts big blind $3
*** HOLE CARDS ***
Anchig: raises $3 to $6
Fetish73: calls $3
*** FLOP *** [8s 5d Qd]
Fetish73: checks
Anchig: bets $3
Fetish73: calls $3
*** TURN *** [8s 5d Qd] [7c]
Fetish73: checks
Anchig: bets $6
Fetish73: folds
Uncalled bet ($6) returned to Anchig
Anchig collected $17.64 from pot
Anchig: doesn't show hand
*** SUMMARY ***
Total pot $18 | Rake $0.36
Board [8s 5d Qd 7c]
Seat 3: Fetish73 (big blind) folded on the Turn
Seat 4: Anchig (button) (small blind) collected ($17.64)


PokerStars Hand #173872922707:  Hold'em Limit ($3/$6 USD) - 2017/08/03 12:23:07 ET
Table 'Miranda II' 6-max Seat #3 is the button
Seat 3: Fetish73 ($109.52 in chips)
Seat 4: Anchig ($103.78 in chips)
Fetish73: posts small blind $1
Anchig: posts big blind $3
*** HOLE CARDS ***
Fetish73: folds
Uncalled bet ($2) returned to Anchig
Anchig collected $2 from pot
Anchig: doesn't show hand
*** SUMMARY ***
Total pot $2 | Rake $0
Seat 3: Fetish73 (button) (small blind) folded before Flop
Seat 4: Anchig (big blind) collected ($2)


PokerStars Hand #173872911996:  Hold'em Limit ($3/$6 USD) - 2017/08/03 12:22:49 ET
Table 'Miranda II' 6-max Seat #4 is the button
Seat 3: Fetish73 ($127.52 in chips)
Seat 4: Anchig ($86.28 in chips)
Anchig: posts small blind $1
Fetish73: posts big blind $3
*** HOLE CARDS ***
Anchig: raises $3 to $6
Fetish73: raises $3 to $9
Anchig: calls $3
*** FLOP *** [2c 6s As]
Fetish73: bets $3
Anchig: calls $3
*** TURN *** [2c 6s As] [Qc]
Fetish73: bets $6
Anchig: calls $6
*** RIVER *** [2c 6s As Qc] [Ac]
Fetish73: checks
Anchig: checks
*** SHOW DOWN ***
Fetish73: shows [Jh Kh] (a pair of Aces)
Anchig: shows [6c Jd] (two pair, Aces and Sixes)
Anchig collected $35.50 from pot
*** SUMMARY ***
Total pot $36 | Rake $0.50
Board [2c 6s As Qc Ac]
Seat 3: Fetish73 (big blind) showed [Jh Kh] and lost with a pair of Aces
Seat 4: Anchig (button) (small blind) showed [6c Jd] and won ($35.50) with two pair, Aces and Sixes


PokerStars Hand #173872979032:  Hold'em Limit ($3/$6 USD) - 2017/08/03 12:24:42 ET
Table 'Miranda II' 6-max Seat #3 is the button
Seat 3: Fetish73 ($74.16 in chips)
Seat 4: Anchig ($137.56 in chips)
Fetish73: posts small blind $1
Anchig: posts big blind $3
*** HOLE CARDS ***
Fetish73: raises $3 to $6
Anchig: raises $3 to $9
Fetish73: calls $3
*** FLOP *** [Kd 2d 9s]
Anchig: bets $3
Fetish73: calls $3
*** TURN *** [Kd 2d 9s] [9h]
Anchig: bets $6
Fetish73: raises $6 to $12
Anchig: calls $6
*** RIVER *** [Kd 2d 9s 9h] [Ah]
Anchig: checks
Fetish73: checks
*** SHOW DOWN ***
Anchig: shows [Ac Qd] (two pair, Aces and Nines)
Fetish73: mucks hand
Anchig collected $47.50 from pot
*** SUMMARY ***
Total pot $48 | Rake $0.50
Board [Kd 2d 9s 9h Ah]
Seat 3: Fetish73 (button) (small blind) mucked
Seat 4: Anchig (big blind) showed [Ac Qd] and won ($47.50) with two pair, Aces and Nines


PokerStars Hand #173872976118:  Hold'em Limit ($3/$6 USD) - 2017/08/03 12:24:38 ET
Table 'Miranda II' 6-max Seat #4 is the button
Seat 3: Fetish73 ($77.16 in chips)
Seat 4: Anchig ($134.56 in chips)
Anchig: posts small blind $1
Fetish73: posts big blind $3
*** HOLE CARDS ***
Anchig: raises $3 to $6
Fetish73: folds
Uncalled bet ($3) returned to Anchig
Anchig collected $6 from pot
Anchig: doesn't show hand
*** SUMMARY ***
Total pot $6 | Rake $0
Seat 3: Fetish73 (big blind) folded before Flop
Seat 4: Anchig (button) (small blind) collected ($6)


PokerStars Hand #173872967315:  Hold'em Limit ($3/$6 USD) - 2017/08/03 12:24:23 ET
Table 'Miranda II' 6-max Seat #3 is the button
Seat 3: Fetish73 ($95.16 in chips)
Seat 4: Anchig ($117.06 in chips)
Fetish73: posts small blind $1
Anchig: posts big blind $3
*** HOLE CARDS ***
Fetish73: raises $3 to $6
Anchig: calls $3
*** FLOP *** [5h 3s 4s]
Anchig: checks
Fetish73: bets $3
Anchig: raises $3 to $6
Fetish73: calls $3
*** TURN *** [5h 3s 4s] [7h]
Anchig: bets $6
Fetish73: calls $6
*** RIVER *** [5h 3s 4s 7h] [4c]
Anchig: bets $6
Fetish73: folds
Uncalled bet ($6) returned to Anchig
Anchig collected $35.50 from pot
Anchig: doesn't show hand
*** SUMMARY ***
Total pot $36 | Rake $0.50
Board [5h 3s 4s 7h 4c]
Seat 3: Fetish73 (button) (small blind) folded on the River
Seat 4: Anchig (big blind) collected ($35.50)


PokerStars Hand #173872960937:  Hold'em Limit ($3/$6 USD) - 2017/08/03 12:24:12 ET
Table 'Miranda II' 6-max Seat #4 is the button
Seat 3: Fetish73 ($86.52 in chips)
Seat 4: Anchig ($126.06 in chips)
Anchig: posts small blind $1
Fetish73: posts big blind $3
*** HOLE CARDS ***
Anchig: raises $3 to $6
Fetish73: calls $3
*** FLOP *** [6c Tc Qc]
Fetish73: checks
Anchig: bets $3
Fetish73: calls $3
*** TURN *** [6c Tc Qc] [Kc]
Fetish73: checks
Anchig: checks
*** RIVER *** [6c Tc Qc Kc] [8h]
Fetish73: bets $6
Anchig: folds
Uncalled bet ($6) returned to Fetish73
Fetish73 collected $17.64 from pot
*** SUMMARY ***
Total pot $18 | Rake $0.36
Board [6c Tc Qc Kc 8h]
Seat 3: Fetish73 (big blind) collected ($17.64)
Seat 4: Anchig (button) (small blind) folded on the River


PokerStars Hand #173872958124:  Hold'em Limit ($3/$6 USD) - 2017/08/03 12:24:07 ET
Table 'Miranda II' 6-max Seat #3 is the button
Seat 3: Fetish73 ($87.52 in chips)
Seat 4: Anchig ($125.06 in chips)
Fetish73: posts small blind $1
Anchig: posts big blind $3
*** HOLE CARDS ***
Fetish73: folds
Uncalled bet ($2) returned to Anchig
Anchig collected $2 from pot
Anchig: doesn't show hand
*** SUMMARY ***
Total pot $2 | Rake $0
Seat 3: Fetish73 (button) (small blind) folded before Flop
Seat 4: Anchig (big blind) collected ($2)


PokerStars Hand #173872954516:  Hold'em Limit ($3/$6 USD) - 2017/08/03 12:24:01 ET
Table 'Miranda II' 6-max Seat #4 is the button
Seat 3: Fetish73 ($90.52 in chips)
Seat 4: Anchig ($122.06 in chips)
Anchig: posts small blind $1
Fetish73: posts big blind $3
*** HOLE CARDS ***
Anchig: raises $3 to $6
Fetish73: folds
Uncalled bet ($3) returned to Anchig
Anchig collected $6 from pot
Anchig: doesn't show hand
*** SUMMARY ***
Total pot $6 | Rake $0
Seat 3: Fetish73 (big blind) folded before Flop
Seat 4: Anchig (button) (small blind) collected ($6)


PokerStars Hand #173872994515:  Hold'em Limit ($3/$6 USD) - 2017/08/03 12:25:09 ET
Table 'Miranda II' 6-max Seat #3 is the button
Seat 3: Fetish73 ($58.80 in chips)
Seat 4: Anchig ($152.06 in chips)
Nijadperest joins the table at seat #2
Fetish73 is disconnected
Fetish73 is connected
Fetish73: posts small blind $1
Anchig: posts big blind $3
*** HOLE CARDS ***
Fetish73: raises $3 to $6
rascal_319 joins the table at seat #5
Anchig: calls $3
*** FLOP *** [8h Qd 9h]
Anchig: checks
Fetish73: bets $3
Anchig: raises $3 to $6
Fetish73: calls $3
*** TURN *** [8h Qd 9h] [3h]
Anchig: bets $6
Fetish73: calls $6
*** RIVER *** [8h Qd 9h 3h] [9d]
Anchig: bets $6
Fetish73: calls $6
*** SHOW DOWN ***
Anchig: shows [9s 8c] (a full house, Nines full of Eights)
Fetish73: mucks hand
Anchig collected $47.50 from pot
*** SUMMARY ***
Total pot $48 | Rake $0.50
Board [8h Qd 9h 3h 9d]
Seat 3: Fetish73 (button) (small blind) mucked
Seat 4: Anchig (big blind) showed [9s 8c] and won ($47.50) with a full house, Nines full of Eights


PokerStars Hand #173872987460:  Hold'em Limit ($3/$6 USD) - 2017/08/03 12:24:57 ET
Table 'Miranda II' 6-max Seat #4 is the button
Seat 3: Fetish73 ($50.16 in chips)
Seat 4: Anchig ($161.06 in chips)
Anchig: posts small blind $1
Fetish73: posts big blind $3
*** HOLE CARDS ***
Anchig: raises $3 to $6
Fetish73: calls $3
*** FLOP *** [2s 5s 5d]
Fetish73: checks
Anchig: bets $3
Fetish73: calls $3
*** TURN *** [2s 5s 5d] [Jd]
Fetish73: checks
Anchig: checks
*** RIVER *** [2s 5s 5d Jd] [6s]
Fetish73: checks
Anchig: checks
*** SHOW DOWN ***
Fetish73: shows [Qc 2h] (two pair, Fives and Deuces)
Anchig: mucks hand
Fetish73 collected $17.64 from pot
*** SUMMARY ***
Total pot $18 | Rake $0.36
Board [2s 5s 5d Jd 6s]
Seat 3: Fetish73 (big blind) showed [Qc 2h] and won ($17.64) with two pair, Fives and Deuces
Seat 4: Anchig (button) (small blind) mucked


PokerStars Hand #173873092697:  Hold'em Limit ($3/$6 USD) - 2017/08/03 12:27:55 ET
Table 'Miranda II' 6-max Seat #4 is the button
Seat 2: Nijadperest ($477.93 in chips)
Seat 4: Anchig ($209.28 in chips)
Anchig: posts small blind $1
rascal_319: is sitting out
Nijadperest: posts big blind $3
*** HOLE CARDS ***
Anchig: raises $3 to $6
rascal_319 leaves the table
Nijadperest: folds
Uncalled bet ($3) returned to Anchig
Anchig collected $6 from pot
Anchig: doesn't show hand
*** SUMMARY ***
Total pot $6 | Rake $0
Seat 2: Nijadperest (big blind) folded before Flop
Seat 4: Anchig (button) (small blind) collected ($6)


PokerStars Hand #173873106170:  Hold'em Limit ($3/$6 USD) - 2017/08/03 12:28:19 ET
Table 'Miranda II' 6-max Seat #4 is the button
Seat 2: Nijadperest ($489.43 in chips)
Seat 4: Anchig ($197.28 in chips)
Anchig: posts small blind $1
Nijadperest: posts big blind $3
*** HOLE CARDS ***
Anchig: raises $3 to $6
Nijadperest: calls $3
*** FLOP *** [Qh 8s Th]
Nijadperest: checks
Anchig: bets $3
Nijadperest: raises $3 to $6
Anchig: calls $3
*** TURN *** [Qh 8s Th] [As]
Nijadperest: checks
Anchig: checks
*** RIVER *** [Qh 8s Th As] [Ah]
belik555 joins the table at seat #3
Nijadperest: bets $6
Anchig: folds
Uncalled bet ($6) returned to Nijadperest
Nijadperest collected $23.52 from pot
Nijadperest: doesn't show hand
*** SUMMARY ***
Total pot $24 | Rake $0.48
Board [Qh 8s Th As Ah]
Seat 2: Nijadperest (big blind) collected ($23.52)
Seat 4: Anchig (button) (small blind) folded on the River


PokerStars Hand #173873096849:  Hold'em Limit ($3/$6 USD) - 2017/08/03 12:28:03 ET
Table 'Miranda II' 6-max Seat #2 is the button
Seat 2: Nijadperest ($474.93 in chips)
Seat 4: Anchig ($212.28 in chips)
Nijadperest: posts small blind $1
Anchig: posts big blind $3
*** HOLE CARDS ***
Nijadperest: raises $3 to $6
Anchig: raises $3 to $9
Nijadperest: calls $3
*** FLOP *** [Jd 9d Kd]
Anchig: bets $3
Nijadperest: raises $3 to $6
Anchig: calls $3
*** TURN *** [Jd 9d Kd] [8d]
Anchig: checks
Nijadperest: bets $6
Anchig: folds
Uncalled bet ($6) returned to Nijadperest
Nijadperest collected $29.50 from pot
Nijadperest: doesn't show hand
*** SUMMARY ***
Total pot $30 | Rake $0.50
Board [Jd 9d Kd 8d]
Seat 2: Nijadperest (button) (small blind) collected ($29.50)
Seat 4: Anchig (big blind) folded on the Turn


PokerStars Hand #173876395486:  Hold'em Limit ($3/$6 USD) - 2017/08/03 13:57:54 ET
Table 'Miranda II' 6-max Seat #6 is the button
Seat 5: rascal_319 ($209.33 in chips)
Seat 6: malice18 ($33.83 in chips)
malice18: posts small blind $1
Zubasa07: is sitting out
belik555: is sitting out
rascal_319: posts big blind $3
*** HOLE CARDS ***
malice18: raises $3 to $6
rascal_319: folds
Uncalled bet ($3) returned to malice18
malice18 collected $6 from pot
malice18: doesn't show hand
*** SUMMARY ***
Total pot $6 | Rake $0
Seat 5: rascal_319 (big blind) folded before Flop
Seat 6: malice18 (button) (small blind) collected ($6)


PokerStars Hand #173876400174:  Hold'em Limit ($3/$6 USD) - 2017/08/03 13:58:03 ET
Table 'Miranda II' 6-max Seat #5 is the button
Seat 5: rascal_319 ($206.33 in chips)
Seat 6: malice18 ($36.83 in chips)
rascal_319: posts small blind $1
malice18: posts big blind $3
*** HOLE CARDS ***
rascal_319: raises $3 to $6
malice18: raises $3 to $9
rascal_319: calls $3
*** FLOP *** [7h 5s 3c]
malice18: bets $3
rascal_319: calls $3
*** TURN *** [7h 5s 3c] [8c]
malice18: bets $6
rascal_319: calls $6
*** RIVER *** [7h 5s 3c 8c] [7c]
malice18: bets $6
rascal_319: calls $6
*** SHOW DOWN ***
malice18: shows [Ad 7s] (three of a kind, Sevens)
rascal_319: mucks hand
malice18 collected $47.50 from pot
*** SUMMARY ***
Total pot $48 | Rake $0.50
Board [7h 5s 3c 8c 7c]
Seat 5: rascal_319 (button) (small blind) mucked
Seat 6: malice18 (big blind) showed [Ad 7s] and won ($47.50) with three of a kind, Sevens


PokerStars Hand #173883031980:  Hold'em Limit ($3/$6 USD) - 2017/08/03 16:35:37 ET
Table 'Miranda II' 6-max Seat #3 is the button
Seat 1: sawel888 ($200.32 in chips)
Seat 3: belik555 ($563.30 in chips)
belik555: posts small blind $1
Great_Kang: is sitting out
LordBorzi II: is sitting out
DJTQ: is sitting out
sawel888: posts big blind $3
*** HOLE CARDS ***
belik555: raises $3 to $6
LordBorzi II leaves the table
sawel888: folds
Uncalled bet ($3) returned to belik555
DJTQ said, "er trifft immer"
belik555 collected $6 from pot
belik555: doesn't show hand
*** SUMMARY ***
Total pot $6 | Rake $0
Seat 1: sawel888 (big blind) folded before Flop
Seat 3: belik555 (button) (small blind) collected ($6)


PokerStars Hand #173883039327:  Hold'em Limit ($3/$6 USD) - 2017/08/03 16:35:46 ET
Table 'Miranda II' 6-max Seat #1 is the button
Seat 1: sawel888 ($197.32 in chips)
Seat 3: belik555 ($566.30 in chips)
sawel888: posts small blind $1
belik555: posts big blind $3
*** HOLE CARDS ***
sawel888: raises $3 to $6
belik555: calls $3
*** FLOP *** [4s Jc Ac]
belik555: checks
sawel888: bets $3
belik555: calls $3
*** TURN *** [4s Jc Ac] [7s]
belik555: checks
sawel888: bets $6
belik555: calls $6
*** RIVER *** [4s Jc Ac 7s] [7c]
belik555: checks
sawel888: bets $6
belik555: raises $6 to $12
sawel888: calls $6
*** SHOW DOWN ***
belik555: shows [7h Kh] (three of a kind, Sevens)
sawel888: mucks hand
belik555 collected $53.50 from pot
*** SUMMARY ***
Total pot $54 | Rake $0.50
Board [4s Jc Ac 7s 7c]
Seat 1: sawel888 (button) (small blind) mucked
Seat 3: belik555 (big blind) showed [7h Kh] and won ($53.50) with three of a kind, Sevens


PokerStars Hand #173883067900:  Hold'em Limit ($3/$6 USD) - 2017/08/03 16:36:25 ET
Table 'Miranda II' 6-max Seat #3 is the button
Seat 1: sawel888 ($170.32 in chips)
Seat 3: belik555 ($592.80 in chips)
belik555: posts small blind $1
sawel888: posts big blind $3
*** HOLE CARDS ***
belik555: raises $3 to $6
sawel888: calls $3
*** FLOP *** [7c Th 3d]
sawel888: checks
belik555: checks
*** TURN *** [7c Th 3d] [2c]
sawel888: checks
belik555: checks
*** RIVER *** [7c Th 3d 2c] [Kc]
sawel888: bets $6
belik555: folds
Uncalled bet ($6) returned to sawel888
sawel888 collected $11.76 from pot
sawel888: doesn't show hand
*** SUMMARY ***
Total pot $12 | Rake $0.24
Board [7c Th 3d 2c Kc]
Seat 1: sawel888 (big blind) collected ($11.76)
Seat 3: belik555 (button) (small blind) folded on the River


PokerStars Hand #173883120906:  Hold'em Limit ($3/$6 USD) - 2017/08/03 16:37:35 ET
Table 'Miranda II' 6-max Seat #3 is the button
Seat 1: sawel888 ($149.08 in chips)
Seat 3: belik555 ($613.30 in chips)
belik555: posts small blind $1
sawel888: posts big blind $3
*** HOLE CARDS ***
belik555: raises $3 to $6
sawel888: folds
Uncalled bet ($3) returned to belik555
belik555 collected $6 from pot
belik555: doesn't show hand
*** SUMMARY ***
Total pot $6 | Rake $0
Seat 1: sawel888 (big blind) folded before Flop
Seat 3: belik555 (button) (small blind) collected ($6)


PokerStars Hand #173883130923:  Hold'em Limit ($3/$6 USD) - 2017/08/03 16:37:49 ET
Table 'Miranda II' 6-max Seat #1 is the button
Seat 1: sawel888 ($146.08 in chips)
Seat 3: belik555 ($616.30 in chips)
sawel888: posts small blind $1
belik555: posts big blind $3
*** HOLE CARDS ***
sawel888: raises $3 to $6
belik555: folds
Uncalled bet ($3) returned to sawel888
sawel888 collected $6 from pot
sawel888: doesn't show hand
*** SUMMARY ***
Total pot $6 | Rake $0
Seat 1: sawel888 (button) (small blind) collected ($6)
Seat 3: belik555 (big blind) folded before Flop


PokerStars Hand #173883089815:  Hold'em Limit ($3/$6 USD) - 2017/08/03 16:36:54 ET
Table 'Miranda II' 6-max Seat #1 is the button
Seat 1: sawel888 ($176.08 in chips)
Seat 3: belik555 ($586.80 in chips)
sawel888: posts small blind $1
belik555: posts big blind $3
*** HOLE CARDS ***
sawel888: raises $3 to $6
belik555: calls $3
*** FLOP *** [4s 2c 6s]
belik555: checks
sawel888: bets $3
belik555: calls $3
*** TURN *** [4s 2c 6s] [5c]
belik555: checks
sawel888: checks
*** RIVER *** [4s 2c 6s 5c] [2s]
belik555: bets $6
sawel888: raises $6 to $12
belik555: raises $6 to $18
sawel888: calls $6
*** SHOW DOWN ***
belik555: shows [9s Js] (a flush, Jack high)
sawel888: mucks hand
belik555 collected $53.50 from pot
*** SUMMARY ***
Total pot $54 | Rake $0.50
Board [4s 2c 6s 5c 2s]
Seat 1: sawel888 (button) (small blind) mucked
Seat 3: belik555 (big blind) showed [9s Js] and won ($53.50) with a flush, Jack high


PokerStars Hand #173883145956:  Hold'em Limit ($3/$6 USD) - 2017/08/03 16:38:09 ET
Table 'Miranda II' 6-max Seat #3 is the button
Seat 1: sawel888 ($149.08 in chips)
Seat 3: belik555 ($613.30 in chips)
belik555: posts small blind $1
sawel888: posts big blind $3
*** HOLE CARDS ***
belik555: raises $3 to $6
sawel888: calls $3
*** FLOP *** [Ks 4c 3s]
sawel888: checks
belik555: bets $3
sawel888: calls $3
*** TURN *** [Ks 4c 3s] [Kd]
sawel888: checks
belik555: bets $6
sawel888: raises $6 to $12
belik555: calls $6
*** RIVER *** [Ks 4c 3s Kd] [9h]
sawel888: bets $6
belik555: calls $6
*** SHOW DOWN ***
sawel888: shows [4s 8h] (two pair, Kings and Fours)
belik555: mucks hand
sawel888 collected $53.50 from pot
*** SUMMARY ***
Total pot $54 | Rake $0.50
Board [Ks 4c 3s Kd 9h]
Seat 1: sawel888 (big blind) showed [4s 8h] and won ($53.50) with two pair, Kings and Fours
Seat 3: belik555 (button) (small blind) mucked


PokerStars Hand #173883188683:  Hold'em Limit ($3/$6 USD) - 2017/08/03 16:39:06 ET
Table 'Miranda II' 6-max Seat #1 is the button
Seat 1: sawel888 ($175.58 in chips)
Seat 3: belik555 ($586.30 in chips)
sawel888: posts small blind $1
belik555: posts big blind $3
*** HOLE CARDS ***
sawel888: raises $3 to $6
belik555: calls $3
*** FLOP *** [Ts Kd Qh]
belik555: bets $3
sawel888: calls $3
*** TURN *** [Ts Kd Qh] [7c]
belik555: checks
sawel888: bets $6
belik555: calls $6
*** RIVER *** [Ts Kd Qh 7c] [Th]
belik555: checks
DJTQ leaves the table
sawel888: bets $6
belik555: folds
Uncalled bet ($6) returned to sawel888
sawel888 collected $29.50 from pot
sawel888: doesn't show hand
*** SUMMARY ***
Total pot $30 | Rake $0.50
Board [Ts Kd Qh 7c Th]
Seat 1: sawel888 (button) (small blind) collected ($29.50)
Seat 3: belik555 (big blind) folded on the River


PokerStars Hand #173884937487:  Hold'em Limit ($3/$6 USD) - 2017/08/03 17:19:02 ET
Table 'Miranda II' 6-max Seat #3 is the button
Seat 3: Fetish73 ($41.23 in chips)
Seat 5: ToDaFelt ($256.12 in chips)
Fetish73: posts small blind $1
ToDaFelt: posts big blind $3
*** HOLE CARDS ***
Fetish73: folds
Uncalled bet ($2) returned to ToDaFelt
ToDaFelt collected $2 from pot
ToDaFelt: doesn't show hand
*** SUMMARY ***
Total pot $2 | Rake $0
Seat 3: Fetish73 (button) (small blind) folded before Flop
Seat 5: ToDaFelt (big blind) collected ($2)


PokerStars Hand #173884890856:  Hold'em Limit ($3/$6 USD) - 2017/08/03 17:17:59 ET
Table 'Miranda II' 6-max Seat #5 is the button
Seat 2: DJTQ ($136.65 in chips)
Seat 5: ToDaFelt ($247.48 in chips)
ToDaFelt: posts small blind $1
DJTQ: posts big blind $3
*** HOLE CARDS ***
ToDaFelt: raises $3 to $6
sawel888 leaves the table
DJTQ: calls $3
*** FLOP *** [3s 5c 7c]
DJTQ: checks
ToDaFelt: bets $3
DJTQ: calls $3
*** TURN *** [3s 5c 7c] [Ks]
Fetish73 joins the table at seat #3
DJTQ: checks
ToDaFelt: bets $6
DJTQ: folds
Uncalled bet ($6) returned to ToDaFelt
ToDaFelt collected $17.64 from pot
ToDaFelt: doesn't show hand
*** SUMMARY ***
Total pot $18 | Rake $0.36
Board [3s 5c 7c Ks]
Seat 2: DJTQ (big blind) folded on the Turn
Seat 5: ToDaFelt (button) (small blind) collected ($17.64)


PokerStars Hand #173884942808:  Hold'em Limit ($3/$6 USD) - 2017/08/03 17:19:10 ET
Table 'Miranda II' 6-max Seat #5 is the button
Seat 3: Fetish73 ($40.23 in chips)
Seat 5: ToDaFelt ($257.12 in chips)
ToDaFelt: posts small blind $1
Fetish73: posts big blind $3
*** HOLE CARDS ***
ToDaFelt: raises $3 to $6
Fetish73: calls $3
*** FLOP *** [Qh 7s 3s]
Fetish73: checks
ToDaFelt: bets $3
Fetish73: calls $3
*** TURN *** [Qh 7s 3s] [9h]
Fetish73: checks
ToDaFelt: bets $6
Fetish73: calls $6
*** RIVER *** [Qh 7s 3s 9h] [8h]
Fetish73: bets $6
ToDaFelt: calls $6
*** SHOW DOWN ***
Fetish73: shows [6d 5h] (a straight, Five to Nine)
ToDaFelt: mucks hand
Fetish73 collected $41.50 from pot
*** SUMMARY ***
Total pot $42 | Rake $0.50
Board [Qh 7s 3s 9h 8h]
Seat 3: Fetish73 (big blind) showed [6d 5h] and won ($41.50) with a straight, Five to Nine
Seat 5: ToDaFelt (button) (small blind) mucked


PokerStars Hand #173884968129:  Hold'em Limit ($3/$6 USD) - 2017/08/03 17:19:45 ET
Table 'Miranda II' 6-max Seat #3 is the button
Seat 3: Fetish73 ($60.73 in chips)
Seat 5: ToDaFelt ($236.12 in chips)
Fetish73: posts small blind $1
ToDaFelt: posts big blind $3
*** HOLE CARDS ***
Fetish73: raises $3 to $6
ToDaFelt: raises $3 to $9
Fetish73: calls $3
*** FLOP *** [7h Qh Ac]
ToDaFelt: bets $3
Fetish73: calls $3
*** TURN *** [7h Qh Ac] [5d]
ToDaFelt: bets $6
Fetish73: calls $6
*** RIVER *** [7h Qh Ac 5d] [6s]
ToDaFelt: bets $6
Fetish73: raises $6 to $12
ToDaFelt: calls $6
*** SHOW DOWN ***
Fetish73: shows [6d 7c] (two pair, Sevens and Sixes)
ToDaFelt: mucks hand
Fetish73 collected $59.50 from pot
*** SUMMARY ***
Total pot $60 | Rake $0.50
Board [7h Qh Ac 5d 6s]
Seat 3: Fetish73 (button) (small blind) showed [6d 7c] and won ($59.50) with two pair, Sevens and Sixes
Seat 5: ToDaFelt (big blind) mucked


PokerStars Hand #173885275657:  Hold'em Limit ($3/$6 USD) - 2017/08/03 17:26:47 ET
Table 'Miranda II' 6-max Seat #5 is the button
Seat 3: Fetish73 ($53.30 in chips)
Seat 5: ToDaFelt ($219.57 in chips)
ToDaFelt: posts small blind $1
DJTQ: is sitting out
Fetish73: posts big blind $3
*** HOLE CARDS ***
ToDaFelt: folds
Uncalled bet ($2) returned to Fetish73
Fetish73 collected $2 from pot
Fetish73: doesn't show hand
*** SUMMARY ***
Total pot $2 | Rake $0
Seat 3: Fetish73 (big blind) collected ($2)
Seat 5: ToDaFelt (button) (small blind) folded before Flop


PokerStars Hand #173885282684:  Hold'em Limit ($3/$6 USD) - 2017/08/03 17:26:57 ET
Table 'Miranda II' 6-max Seat #3 is the button
Seat 3: Fetish73 ($54.30 in chips)
Seat 5: ToDaFelt ($218.57 in chips)
Fetish73: posts small blind $1
ToDaFelt: posts big blind $3
DJTQ leaves the table
*** HOLE CARDS ***
Fetish73: raises $3 to $6
ToDaFelt: raises $3 to $9
Fetish73: calls $3
*** FLOP *** [Qd 7d 4h]
ToDaFelt: bets $3
Fetish73: raises $3 to $6
ToDaFelt: calls $3
*** TURN *** [Qd 7d 4h] [Qh]
ToDaFelt: checks
Fetish73: bets $6
ToDaFelt: calls $6
*** RIVER *** [Qd 7d 4h Qh] [9c]
ToDaFelt: checks
Fetish73: checks
*** SHOW DOWN ***
ToDaFelt: shows [Kd Ah] (a pair of Queens)
Fetish73: mucks hand
ToDaFelt collected $41.50 from pot
*** SUMMARY ***
Total pot $42 | Rake $0.50
Board [Qd 7d 4h Qh 9c]
Seat 3: Fetish73 (button) (small blind) mucked
Seat 5: ToDaFelt (big blind) showed [Kd Ah] and won ($41.50) with a pair of Queens


PokerStars Hand #173885324890:  Hold'em Limit ($3/$6 USD) - 2017/08/03 17:27:55 ET
Table 'Miranda II' 6-max Seat #5 is the button
Seat 3: Fetish73 ($23.30 in chips)
Seat 5: ToDaFelt ($248.71 in chips)
ToDaFelt: posts small blind $1
Fetish73: posts big blind $3
*** HOLE CARDS ***
ToDaFelt: folds
Uncalled bet ($2) returned to Fetish73
Fetish73 collected $2 from pot
Fetish73: doesn't show hand
*** SUMMARY ***
Total pot $2 | Rake $0
Seat 3: Fetish73 (big blind) collected ($2)
Seat 5: ToDaFelt (button) (small blind) folded before Flop


PokerStars Hand #173885321108:  Hold'em Limit ($3/$6 USD) - 2017/08/03 17:27:50 ET
Table 'Miranda II' 6-max Seat #3 is the button
Seat 3: Fetish73 ($24.30 in chips)
Seat 5: ToDaFelt ($247.71 in chips)
Fetish73: posts small blind $1
ToDaFelt: posts big blind $3
*** HOLE CARDS ***
Fetish73: folds
Uncalled bet ($2) returned to ToDaFelt
ToDaFelt collected $2 from pot
ToDaFelt: doesn't show hand
*** SUMMARY ***
Total pot $2 | Rake $0
Seat 3: Fetish73 (button) (small blind) folded before Flop
Seat 5: ToDaFelt (big blind) collected ($2)


PokerStars Hand #173885310295:  Hold'em Limit ($3/$6 USD) - 2017/08/03 17:27:35 ET
Table 'Miranda II' 6-max Seat #5 is the button
Seat 3: Fetish73 ($33.30 in chips)
Seat 5: ToDaFelt ($239.07 in chips)
ToDaFelt: posts small blind $1
Fetish73: posts big blind $3
*** HOLE CARDS ***
ToDaFelt: raises $3 to $6
Fetish73: calls $3
*** FLOP *** [Th 6s Ad]
Fetish73: checks
ToDaFelt: bets $3
Fetish73: calls $3
*** TURN *** [Th 6s Ad] [2d]
Fetish73: checks
ToDaFelt: bets $6
Fetish73: folds
Uncalled bet ($6) returned to ToDaFelt
ToDaFelt collected $17.64 from pot
ToDaFelt: doesn't show hand
*** SUMMARY ***
Total pot $18 | Rake $0.36
Board [Th 6s Ad 2d]
Seat 3: Fetish73 (big blind) folded on the Turn
Seat 5: ToDaFelt (button) (small blind) collected ($17.64)


PokerStars Hand #173885329848:  Hold'em Limit ($3/$6 USD) - 2017/08/03 17:28:02 ET
Table 'Miranda II' 6-max Seat #3 is the button
Seat 3: Fetish73 ($24.30 in chips)
Seat 5: ToDaFelt ($247.71 in chips)
Fetish73: posts small blind $1
ToDaFelt: posts big blind $3
*** HOLE CARDS ***
Fetish73: raises $3 to $6
ToDaFelt: raises $3 to $9
Fetish73: calls $3
*** FLOP *** [4c Td Js]
ToDaFelt: bets $3
Fetish73: calls $3
*** TURN *** [4c Td Js] [9h]
ToDaFelt: bets $6
Fetish73: calls $6
*** RIVER *** [4c Td Js 9h] [7c]
ToDaFelt: bets $6
Fetish73: calls $6
*** SHOW DOWN ***
ToDaFelt: shows [Tc As] (a pair of Tens)
Fetish73: mucks hand
ToDaFelt collected $47.50 from pot
*** SUMMARY ***
Total pot $48 | Rake $0.50
Board [4c Td Js 9h 7c]
Seat 3: Fetish73 (button) (small blind) mucked
Seat 5: ToDaFelt (big blind) showed [Tc As] and won ($47.50) with a pair of Tens


