PokerStars Hand #169375775037:  Hold'em Limit ($3/$6 USD) - 2017/04/21 19:38:41 ET
Table 'Miram II' 6-max Seat #4 is the button
Seat 4: leungting684 ($65.73 in chips)
Seat 5: GoliafUa ($111 in chips)
leungting684: posts small blind $1
GoliafUa: posts big blind $3
*** HOLE CARDS ***
leungting684: raises $3 to $6
GoliafUa: raises $3 to $9
leungting684: calls $3
*** FLOP *** [5c Kh 2d]
GoliafUa: bets $3
leungting684: calls $3
*** TURN *** [5c Kh 2d] [6h]
GoliafUa: bets $6
leungting684: folds
Uncalled bet ($6) returned to GoliafUa
GoliafUa collected $23.52 from pot
GoliafUa: doesn't show hand
*** SUMMARY ***
Total pot $24 | Rake $0.48
Board [5c Kh 2d 6h]
Seat 4: leungting684 (button) (small blind) folded on the Turn
Seat 5: GoliafUa (big blind) collected ($23.52)


PokerStars Hand #169375783562:  Hold'em Limit ($3/$6 USD) - 2017/04/21 19:38:55 ET
Table 'Miram II' 6-max Seat #5 is the button
Seat 4: leungting684 ($53.73 in chips)
Seat 5: GoliafUa ($122.52 in chips)
GoliafUa: posts small blind $1
leungting684: posts big blind $3
*** HOLE CARDS ***
GoliafUa: raises $3 to $6
leungting684: calls $3
*** FLOP *** [6s Qd 8d]
leungting684: bets $3
GoliafUa: folds
Uncalled bet ($3) returned to leungting684
leungting684 collected $11.76 from pot
leungting684: doesn't show hand
*** SUMMARY ***
Total pot $12 | Rake $0.24
Board [6s Qd 8d]
Seat 4: leungting684 (big blind) collected ($11.76)
Seat 5: GoliafUa (button) (small blind) folded on the Flop


PokerStars Hand #169375769576:  Hold'em Limit ($3/$6 USD) - 2017/04/21 19:38:31 ET
Table 'Miram II' 6-max Seat #5 is the button
Seat 4: leungting684 ($59.97 in chips)
Seat 5: GoliafUa ($117 in chips)
GoliafUa: posts small blind $1
leungting684: posts big blind $3
*** HOLE CARDS ***
GoliafUa: raises $3 to $6
leungting684: calls $3
*** FLOP *** [Ac 2d Qd]
leungting684: bets $3
GoliafUa: folds
Uncalled bet ($3) returned to leungting684
leungting684 collected $11.76 from pot
leungting684: doesn't show hand
*** SUMMARY ***
Total pot $12 | Rake $0.24
Board [Ac 2d Qd]
Seat 4: leungting684 (big blind) collected ($11.76)
Seat 5: GoliafUa (button) (small blind) folded on the Flop


PokerStars Hand #169375762487:  Hold'em Limit ($3/$6 USD) - 2017/04/21 19:38:19 ET
Table 'Miram II' 6-max Seat #4 is the button
Seat 4: leungting684 ($57.09 in chips)
Seat 5: GoliafUa ($120 in chips)
leungting684: posts small blind $1
GoliafUa: posts big blind $3
*** HOLE CARDS ***
leungting684: calls $2
GoliafUa: checks
*** FLOP *** [2c 9h Ah]
GoliafUa: checks
leungting684: bets $3
GoliafUa: folds
Uncalled bet ($3) returned to leungting684
leungting684 collected $5.88 from pot
leungting684: doesn't show hand
*** SUMMARY ***
Total pot $6 | Rake $0.12
Board [2c 9h Ah]
Seat 4: leungting684 (button) (small blind) collected ($5.88)
Seat 5: GoliafUa (big blind) folded on the Flop


PokerStars Hand #169375789775:  Hold'em Limit ($3/$6 USD) - 2017/04/21 19:39:05 ET
Table 'Miram II' 6-max Seat #4 is the button
Seat 4: leungting684 ($59.49 in chips)
Seat 5: GoliafUa ($116.52 in chips)
leungting684: posts small blind $1
GoliafUa: posts big blind $3
*** HOLE CARDS ***
leungting684: calls $2
GoliafUa: checks
*** FLOP *** [3h Kc 7s]
GoliafUa: checks
leungting684: bets $3
GoliafUa: folds
Uncalled bet ($3) returned to leungting684
leungting684 collected $5.88 from pot
leungting684: doesn't show hand
*** SUMMARY ***
Total pot $6 | Rake $0.12
Board [3h Kc 7s]
Seat 4: leungting684 (button) (small blind) collected ($5.88)
Seat 5: GoliafUa (big blind) folded on the Flop


PokerStars Hand #169375795654:  Hold'em Limit ($3/$6 USD) - 2017/04/21 19:39:15 ET
Table 'Miram II' 6-max Seat #5 is the button
Seat 4: leungting684 ($62.37 in chips)
Seat 5: GoliafUa ($113.52 in chips)
GoliafUa: posts small blind $1
leungting684: posts big blind $3
*** HOLE CARDS ***
par_de_az joins the table at seat #3
GoliafUa: raises $3 to $6
leungting684: calls $3
*** FLOP *** [4h 4d 2s]
leungting684: checks
GoliafUa: bets $3
leungting684: calls $3
*** TURN *** [4h 4d 2s] [8s]
leungting684: checks
GoliafUa: checks
*** RIVER *** [4h 4d 2s 8s] [Qs]
leungting684: bets $6
GoliafUa: folds
Uncalled bet ($6) returned to leungting684
leungting684 collected $17.64 from pot
leungting684: doesn't show hand
*** SUMMARY ***
Total pot $18 | Rake $0.36
Board [4h 4d 2s 8s Qs]
Seat 4: leungting684 (big blind) collected ($17.64)
Seat 5: GoliafUa (button) (small blind) folded on the River


PokerStars Hand #169375803949:  Hold'em Limit ($3/$6 USD) - 2017/04/21 19:39:30 ET
Table 'Miram II' 6-max Seat #4 is the button
Seat 4: leungting684 ($71.01 in chips)
Seat 5: GoliafUa ($104.52 in chips)
leungting684: posts small blind $1
GoliafUa: posts big blind $3
*** HOLE CARDS ***
leungting684: calls $2
GoliafUa: raises $3 to $6
leungting684: calls $3
*** FLOP *** [Ah 3d 5d]
GoliafUa: bets $3
leungting684: calls $3
*** TURN *** [Ah 3d 5d] [Qs]
GoliafUa: bets $6
leungting684: raises $6 to $12
GoliafUa: folds
Uncalled bet ($6) returned to leungting684
leungting684 collected $29.50 from pot
leungting684: doesn't show hand
*** SUMMARY ***
Total pot $30 | Rake $0.50
Board [Ah 3d 5d Qs]
Seat 4: leungting684 (button) (small blind) collected ($29.50)
Seat 5: GoliafUa (big blind) folded on the Turn


PokerStars Hand #169375847757:  Hold'em Limit ($3/$6 USD) - 2017/04/21 19:40:44 ET
Table 'Miram II' 6-max Seat #5 is the button
Seat 4: leungting684 ($159.02 in chips)
Seat 5: GoliafUa ($104.52 in chips)
GoliafUa: posts small blind $1
leungting684: posts big blind $3
*** HOLE CARDS ***
GoliafUa: raises $3 to $6
leungting684: calls $3
*** FLOP *** [Ad Qs 5h]
leungting684: checks
GoliafUa: bets $3
leungting684: calls $3
*** TURN *** [Ad Qs 5h] [7d]
leungting684: checks
GoliafUa: bets $6
leungting684: raises $6 to $12
GoliafUa: calls $6
*** RIVER *** [Ad Qs 5h 7d] [Kh]
leungting684: bets $6
GoliafUa: raises $6 to $12
leungting684: calls $6
*** SHOW DOWN ***
GoliafUa: shows [Ac Kd] (two pair, Aces and Kings)
leungting684: mucks hand
GoliafUa collected $65.50 from pot
*** SUMMARY ***
Total pot $66 | Rake $0.50
Board [Ad Qs 5h 7d Kh]
Seat 4: leungting684 (big blind) mucked
Seat 5: GoliafUa (button) (small blind) showed [Ac Kd] and won ($65.50) with two pair, Aces and Kings


PokerStars Hand #169375838269:  Hold'em Limit ($3/$6 USD) - 2017/04/21 19:40:28 ET
Table 'Miram II' 6-max Seat #4 is the button
Seat 4: leungting684 ($132.52 in chips)
Seat 5: GoliafUa ($71.52 in chips)
leungting684: posts small blind $1
GoliafUa: posts big blind $3
*** HOLE CARDS ***
leungting684: calls $2
GoliafUa: raises $3 to $6
leungting684: calls $3
*** FLOP *** [3c 8c 9c]
GoliafUa: bets $3
leungting684: calls $3
*** TURN *** [3c 8c 9c] [Js]
GoliafUa: bets $6
leungting684: raises $6 to $12
GoliafUa: calls $6
*** RIVER *** [3c 8c 9c Js] [9h]
GoliafUa: checks
leungting684: bets $6
GoliafUa: calls $6
*** SHOW DOWN ***
leungting684: shows [Qd Th] (a straight, Eight to Queen)
GoliafUa: mucks hand
leungting684 collected $53.50 from pot
*** SUMMARY ***
Total pot $54 | Rake $0.50
Board [3c 8c 9c Js 9h]
Seat 4: leungting684 (button) (small blind) showed [Qd Th] and won ($53.50) with a straight, Eight to Queen
Seat 5: GoliafUa (big blind) mucked


PokerStars Hand #169375829617:  Hold'em Limit ($3/$6 USD) - 2017/04/21 19:40:13 ET
Table 'Miram II' 6-max Seat #5 is the button
Seat 4: leungting684 ($123.88 in chips)
Seat 5: GoliafUa ($80.52 in chips)
GoliafUa: posts small blind $1
leungting684: posts big blind $3
*** HOLE CARDS ***
GoliafUa: raises $3 to $6
leungting684: calls $3
*** FLOP *** [Ac 2d 4c]
leungting684: checks
par_de_az leaves the table
GoliafUa: bets $3
leungting684: calls $3
*** TURN *** [Ac 2d 4c] [Td]
leungting684: bets $6
GoliafUa: folds
Uncalled bet ($6) returned to leungting684
leungting684 collected $17.64 from pot
leungting684: doesn't show hand
*** SUMMARY ***
Total pot $18 | Rake $0.36
Board [Ac 2d 4c Td]
Seat 4: leungting684 (big blind) collected ($17.64)
Seat 5: GoliafUa (button) (small blind) folded on the Turn


PokerStars Hand #169375872354:  Hold'em Limit ($3/$6 USD) - 2017/04/21 19:41:26 ET
Table 'Miram II' 6-max Seat #4 is the button
Seat 4: leungting684 ($128.66 in chips)
Seat 5: GoliafUa ($133.78 in chips)
leungting684: posts small blind $1
GoliafUa: posts big blind $3
*** HOLE CARDS ***
leungting684: calls $2
GoliafUa: checks
*** FLOP *** [4s 3h 7h]
GoliafUa: checks
leungting684: bets $3
GoliafUa: folds
Uncalled bet ($3) returned to leungting684
leungting684 collected $5.88 from pot
leungting684: doesn't show hand
*** SUMMARY ***
Total pot $6 | Rake $0.12
Board [4s 3h 7h]
Seat 4: leungting684 (button) (small blind) collected ($5.88)
Seat 5: GoliafUa (big blind) folded on the Flop


PokerStars Hand #169375878057:  Hold'em Limit ($3/$6 USD) - 2017/04/21 19:41:36 ET
Table 'Miram II' 6-max Seat #5 is the button
Seat 4: leungting684 ($131.54 in chips)
Seat 5: GoliafUa ($130.78 in chips)
GoliafUa: posts small blind $1
leungting684: posts big blind $3
*** HOLE CARDS ***
GoliafUa: raises $3 to $6
leungting684: calls $3
*** FLOP *** [3s Qh 9c]
leungting684: bets $3
GoliafUa: calls $3
*** TURN *** [3s Qh 9c] [2s]
leungting684: bets $6
GoliafUa: calls $6
*** RIVER *** [3s Qh 9c 2s] [9d]
leungting684: bets $6
GoliafUa: calls $6
*** SHOW DOWN ***
leungting684: shows [Qs 2h] (two pair, Queens and Nines)
GoliafUa: mucks hand
leungting684 collected $41.50 from pot
*** SUMMARY ***
Total pot $42 | Rake $0.50
Board [3s Qh 9c 2s 9d]
Seat 4: leungting684 (big blind) showed [Qs 2h] and won ($41.50) with two pair, Queens and Nines
Seat 5: GoliafUa (button) (small blind) mucked


PokerStars Hand #169375885398:  Hold'em Limit ($3/$6 USD) - 2017/04/21 19:41:48 ET
Table 'Miram II' 6-max Seat #4 is the button
Seat 4: leungting684 ($152.04 in chips)
Seat 5: GoliafUa ($109.78 in chips)
leungting684: posts small blind $1
GoliafUa: posts big blind $3
*** HOLE CARDS ***
leungting684: calls $2
GoliafUa: checks
*** FLOP *** [5d Jc 3h]
GoliafUa: checks
simper11 joins the table at seat #3
leungting684: checks
*** TURN *** [5d Jc 3h] [4h]
GoliafUa: checks
leungting684: checks
*** RIVER *** [5d Jc 3h 4h] [9h]
GoliafUa: checks
leungting684: checks
*** SHOW DOWN ***
GoliafUa: shows [8h 7c] (high card Jack)
leungting684: shows [Ac 7d] (high card Ace)
leungting684 collected $5.88 from pot
*** SUMMARY ***
Total pot $6 | Rake $0.12
Board [5d Jc 3h 4h 9h]
Seat 4: leungting684 (button) (small blind) showed [Ac 7d] and won ($5.88) with high card Ace
Seat 5: GoliafUa (big blind) showed [8h 7c] and lost with high card Jack


PokerStars Hand #169375865783:  Hold'em Limit ($3/$6 USD) - 2017/04/21 19:41:15 ET
Table 'Miram II' 6-max Seat #5 is the button
Seat 4: leungting684 ($120.02 in chips)
Seat 5: GoliafUa ($142.78 in chips)
GoliafUa: posts small blind $1
leungting684: posts big blind $3
*** HOLE CARDS ***
GoliafUa: raises $3 to $6
leungting684: raises $3 to $9
GoliafUa: calls $3
*** FLOP *** [Qh 5c 2s]
leungting684: bets $3
GoliafUa: folds
Uncalled bet ($3) returned to leungting684
leungting684 collected $17.64 from pot
leungting684: doesn't show hand
*** SUMMARY ***
Total pot $18 | Rake $0.36
Board [Qh 5c 2s]
Seat 4: leungting684 (big blind) collected ($17.64)
Seat 5: GoliafUa (button) (small blind) folded on the Flop


PokerStars Hand #169376121471:  Hold'em Limit ($3/$6 USD) - 2017/04/21 19:48:37 ET
Table 'Miram II' 6-max Seat #5 is the button
Seat 4: leungting684 ($9.41 in chips)
Seat 5: GoliafUa ($156.50 in chips)
GoliafUa: posts small blind $1
leungting684: posts big blind $3
*** HOLE CARDS ***
GoliafUa: raises $3 to $6
leungting684: raises $3 to $9
GoliafUa: raises $3 to $12
Betting is capped
leungting684: calls $0.41 and is all-in
Uncalled bet ($2.59) returned to GoliafUa
*** FLOP *** [2s Ks As]
*** TURN *** [2s Ks As] [Tc]
*** RIVER *** [2s Ks As Tc] [3c]
*** SHOW DOWN ***
leungting684: shows [Qc Ts] (a pair of Tens)
GoliafUa: shows [Ah Th] (two pair, Aces and Tens)
GoliafUa collected $18.44 from pot
*** SUMMARY ***
Total pot $18.82 | Rake $0.38
Board [2s Ks As Tc 3c]
Seat 4: leungting684 (big blind) showed [Qc Ts] and lost with a pair of Tens
Seat 5: GoliafUa (button) (small blind) showed [Ah Th] and won ($18.44) with two pair, Aces and Tens


PokerStars Hand #169376110469:  Hold'em Limit ($3/$6 USD) - 2017/04/21 19:48:18 ET
Table 'Miram II' 6-max Seat #4 is the button
Seat 4: leungting684 ($48.41 in chips)
Seat 5: GoliafUa ($118 in chips)
leungting684: posts small blind $1
GoliafUa: posts big blind $3
*** HOLE CARDS ***
leungting684: calls $2
GoliafUa: raises $3 to $6
leungting684: raises $3 to $9
GoliafUa: raises $3 to $12
Betting is capped
leungting684: calls $3
*** FLOP *** [6c 8c 7h]
GoliafUa: checks
leungting684: bets $3
GoliafUa: calls $3
*** TURN *** [6c 8c 7h] [Ac]
GoliafUa: checks
leungting684: bets $6
GoliafUa: raises $6 to $12
leungting684: raises $6 to $18
GoliafUa: calls $6
*** RIVER *** [6c 8c 7h Ac] [Qs]
GoliafUa: checks
leungting684: bets $6
GoliafUa: calls $6
*** SHOW DOWN ***
leungting684: shows [Jd Jh] (a pair of Jacks)
GoliafUa: shows [Ad Ks] (a pair of Aces)
GoliafUa collected $77.50 from pot
*** SUMMARY ***
Total pot $78 | Rake $0.50
Board [6c 8c 7h Ac Qs]
Seat 4: leungting684 (button) (small blind) showed [Jd Jh] and lost with a pair of Jacks
Seat 5: GoliafUa (big blind) showed [Ad Ks] and won ($77.50) with a pair of Aces


PokerStars Hand #169376103058:  Hold'em Limit ($3/$6 USD) - 2017/04/21 19:48:05 ET
Table 'Miram II' 6-max Seat #5 is the button
Seat 4: leungting684 ($39.77 in chips)
Seat 5: GoliafUa ($127 in chips)
GoliafUa: posts small blind $1
simper11: is sitting out
leungting684: posts big blind $3
*** HOLE CARDS ***
simper11 leaves the table
GoliafUa: raises $3 to $6
Widegermany joins the table at seat #6
leungting684: calls $3
*** FLOP *** [6s 5d 6c]
leungting684: bets $3
GoliafUa: calls $3
*** TURN *** [6s 5d 6c] [3s]
leungting684: bets $6
GoliafUa: folds
Uncalled bet ($6) returned to leungting684
leungting684 collected $17.64 from pot
leungting684: doesn't show hand
*** SUMMARY ***
Total pot $18 | Rake $0.36
Board [6s 5d 6c 3s]
Seat 4: leungting684 (big blind) collected ($17.64)
Seat 5: GoliafUa (button) (small blind) folded on the Turn


