PokerStars Hand #157870324028:  Hold'em Limit ($3/$6 USD) - 2016/08/28 19:30:27 ET
Table 'Mira' 6-max Seat #6 is the button
Seat 3: simper11 ($120 in chips)
Seat 6: mylifeluvsol ($30 in chips)
mylifeluvsol: posts small blind $1
simper11: posts big blind $3
*** HOLE CARDS ***
mylifeluvsol: raises $3 to $6
simper11: calls $3
*** FLOP *** [9c Ac Ks]
simper11: checks
mylifeluvsol: checks
*** TURN *** [9c Ac Ks] [4h]
simper11: bets $6
mylifeluvsol: calls $6
*** RIVER *** [9c Ac Ks 4h] [3c]
simper11: bets $6
mylifeluvsol: raises $6 to $12
simper11: calls $6
*** SHOW DOWN ***
mylifeluvsol: shows [As 5d] (a pair of Aces)
simper11: mucks hand
mylifeluvsol collected $47.50 from pot
*** SUMMARY ***
Total pot $48 | Rake $0.50
Board [9c Ac Ks 4h 3c]
Seat 3: simper11 (big blind) mucked
Seat 6: mylifeluvsol (button) (small blind) showed [As 5d] and won ($47.50) with a pair of Aces


PokerStars Hand #157870336333:  Hold'em Limit ($3/$6 USD) - 2016/08/28 19:30:49 ET
Table 'Mira' 6-max Seat #3 is the button
Seat 3: simper11 ($120 in chips)
Seat 6: mylifeluvsol ($53.50 in chips)
simper11: posts small blind $1
mylifeluvsol: posts big blind $3
*** HOLE CARDS ***
simper11: folds
Uncalled bet ($2) returned to mylifeluvsol
mylifeluvsol collected $2 from pot
*** SUMMARY ***
Total pot $2 | Rake $0
Seat 3: simper11 (button) (small blind) folded before Flop
Seat 6: mylifeluvsol (big blind) collected ($2)


PokerStars Hand #157870345609:  Hold'em Limit ($3/$6 USD) - 2016/08/28 19:31:05 ET
Table 'Mira' 6-max Seat #3 is the button
Seat 3: simper11 ($122.88 in chips)
Seat 6: mylifeluvsol ($51.50 in chips)
simper11: posts small blind $1
mylifeluvsol: posts big blind $3
*** HOLE CARDS ***
simper11: raises $3 to $6
mylifeluvsol: calls $3
*** FLOP *** [8s 2c Qh]
mylifeluvsol: checks
simper11: bets $3
mylifeluvsol: folds
Uncalled bet ($3) returned to simper11
simper11 collected $11.76 from pot
simper11: doesn't show hand
*** SUMMARY ***
Total pot $12 | Rake $0.24
Board [8s 2c Qh]
Seat 3: simper11 (button) (small blind) collected ($11.76)
Seat 6: mylifeluvsol (big blind) folded on the Flop


PokerStars Hand #157870339297:  Hold'em Limit ($3/$6 USD) - 2016/08/28 19:30:54 ET
Table 'Mira' 6-max Seat #6 is the button
Seat 3: simper11 ($120 in chips)
Seat 6: mylifeluvsol ($54.50 in chips)
mylifeluvsol: posts small blind $1
simper11: posts big blind $3
*** HOLE CARDS ***
mylifeluvsol: calls $2
simper11: checks
*** FLOP *** [Ks Jd Jh]
simper11: bets $3
mylifeluvsol: folds
Uncalled bet ($3) returned to simper11
simper11 collected $5.88 from pot
simper11: doesn't show hand
*** SUMMARY ***
Total pot $6 | Rake $0.12
Board [Ks Jd Jh]
Seat 3: simper11 (big blind) collected ($5.88)
Seat 6: mylifeluvsol (button) (small blind) folded on the Flop


PokerStars Hand #157870367392:  Hold'em Limit ($3/$6 USD) - 2016/08/28 19:31:45 ET
Table 'Mira' 6-max Seat #3 is the button
Seat 3: simper11 ($122.64 in chips)
Seat 6: mylifeluvsol ($51.26 in chips)
simper11: posts small blind $1
mylifeluvsol: posts big blind $3
*** HOLE CARDS ***
simper11: folds
Uncalled bet ($2) returned to mylifeluvsol
mylifeluvsol collected $2 from pot
*** SUMMARY ***
Total pot $2 | Rake $0
Seat 3: simper11 (button) (small blind) folded before Flop
Seat 6: mylifeluvsol (big blind) collected ($2)


PokerStars Hand #157870352308:  Hold'em Limit ($3/$6 USD) - 2016/08/28 19:31:18 ET
Table 'Mira' 6-max Seat #6 is the button
Seat 3: simper11 ($128.64 in chips)
Seat 6: mylifeluvsol ($45.50 in chips)
mylifeluvsol: posts small blind $1
simper11: posts big blind $3
*** HOLE CARDS ***
mylifeluvsol: raises $3 to $6
Velbor107 joins the table at seat #1
simper11: calls $3
*** FLOP *** [9d Qc 6c]
simper11 said, "blya"
simper11 said, "ti zaebal menya"
simper11: checks
mylifeluvsol: bets $3
simper11: folds
Uncalled bet ($3) returned to mylifeluvsol
mylifeluvsol collected $11.76 from pot
*** SUMMARY ***
Total pot $12 | Rake $0.24
Board [9d Qc 6c]
Seat 3: simper11 (big blind) folded on the Flop
Seat 6: mylifeluvsol (button) (small blind) collected ($11.76)


PokerStars Hand #157870374823:  Hold'em Limit ($3/$6 USD) - 2016/08/28 19:31:58 ET
Table 'Mira' 6-max Seat #1 is the button
Seat 1: Velbor107 ($301 in chips)
Seat 3: simper11 ($121.64 in chips)
Velbor107: posts small blind $1
simper11: posts big blind $3
*** HOLE CARDS ***
Velbor107: raises $3 to $6
simper11: calls $3
*** FLOP *** [5d 7h Qd]
mylifeluvsol joins the table at seat #6
simper11 said, "ebaniy idiot"
simper11 said, "idi na xyi"
simper11 said, "blya"
simper11 said, "kakie ze vi yebki"
simper11: checks
Velbor107: bets $3
simper11: folds
Uncalled bet ($3) returned to Velbor107
Velbor107 collected $11.76 from pot
*** SUMMARY ***
Total pot $12 | Rake $0.24
Board [5d 7h Qd]
Seat 1: Velbor107 (button) (small blind) collected ($11.76)
Seat 3: simper11 (big blind) folded on the Flop


PokerStars Hand #157870447745:  Hold'em Limit ($3/$6 USD) - 2016/08/28 19:34:11 ET
Table 'Mira' 6-max Seat #1 is the button
Seat 1: Velbor107 ($326.14 in chips)
Seat 3: simper11 ($147.49 in chips)
Velbor107: posts small blind $1
simper11: posts big blind $3
*** HOLE CARDS ***
Velbor107: raises $3 to $6
simper11: calls $3
*** FLOP *** [5c Ts Jd]
simper11: checks
Velbor107: bets $3
simper11: folds
Uncalled bet ($3) returned to Velbor107
Velbor107 collected $11.76 from pot
mylifeluvsol is disconnected
*** SUMMARY ***
Total pot $12 | Rake $0.24
Board [5c Ts Jd]
Seat 1: Velbor107 (button) (small blind) collected ($11.76)
Seat 3: simper11 (big blind) folded on the Flop


PokerStars Hand #157870445155:  Hold'em Limit ($3/$6 USD) - 2016/08/28 19:34:06 ET
Table 'Mira' 6-max Seat #3 is the button
Seat 1: Velbor107 ($325.14 in chips)
Seat 3: simper11 ($148.49 in chips)
simper11: posts small blind $1
Velbor107: posts big blind $3
*** HOLE CARDS ***
simper11: folds
Uncalled bet ($2) returned to Velbor107
Velbor107 collected $2 from pot
*** SUMMARY ***
Total pot $2 | Rake $0
Seat 1: Velbor107 (big blind) collected ($2)
Seat 3: simper11 (button) (small blind) folded before Flop


PokerStars Hand #157870441909:  Hold'em Limit ($3/$6 USD) - 2016/08/28 19:34:00 ET
Table 'Mira' 6-max Seat #1 is the button
Seat 1: Velbor107 ($322.14 in chips)
Seat 3: simper11 ($151.49 in chips)
Velbor107: posts small blind $1
simper11: posts big blind $3
*** HOLE CARDS ***
Velbor107: raises $3 to $6
simper11: folds
Uncalled bet ($3) returned to Velbor107
Velbor107 collected $6 from pot
*** SUMMARY ***
Total pot $6 | Rake $0
Seat 1: Velbor107 (button) (small blind) collected ($6)
Seat 3: simper11 (big blind) folded before Flop


PokerStars Hand #157870437345:  Hold'em Limit ($3/$6 USD) - 2016/08/28 19:33:51 ET
Table 'Mira' 6-max Seat #3 is the button
Seat 1: Velbor107 ($325.14 in chips)
Seat 3: simper11 ($148.49 in chips)
simper11: posts small blind $1
Velbor107: posts big blind $3
*** HOLE CARDS ***
simper11: raises $3 to $6
Velbor107: folds
Uncalled bet ($3) returned to simper11
simper11 collected $6 from pot
simper11: doesn't show hand
*** SUMMARY ***
Total pot $6 | Rake $0
Seat 1: Velbor107 (big blind) folded before Flop
Seat 3: simper11 (button) (small blind) collected ($6)


