PokerStars Hand #169824211715:  Hold'em Limit ($3/$6 USD) - 2017/05/01 16:01:18 ET
Table 'Mireille' 6-max Seat #4 is the button
Seat 4: Eklund_1891 ($70.85 in chips)
Seat 6: Krazy90 ($188 in chips)
Eklund_1891: posts small blind $1
Krazy90: posts big blind $3
*** HOLE CARDS ***
Eklund_1891: raises $3 to $6
Krazy90: calls $3
*** FLOP *** [As Jc Kd]
Krazy90: checks
Eklund_1891: checks
*** TURN *** [As Jc Kd] [5s]
Krazy90: checks
Eklund_1891: checks
*** RIVER *** [As Jc Kd 5s] [Td]
Krazy90: checks
Eklund_1891: checks
*** SHOW DOWN ***
Krazy90: shows [Js 4s] (a pair of Jacks)
Eklund_1891: mucks hand
Krazy90 collected $11.76 from pot
*** SUMMARY ***
Total pot $12 | Rake $0.24
Board [As Jc Kd 5s Td]
Seat 4: Eklund_1891 (button) (small blind) mucked
Seat 6: Krazy90 (big blind) showed [Js 4s] and won ($11.76) with a pair of Jacks


PokerStars Hand #169824189196:  Hold'em Limit ($3/$6 USD) - 2017/05/01 16:00:49 ET
Table 'Mireille' 6-max Seat #6 is the button
Seat 4: Eklund_1891 ($94.85 in chips)
Seat 6: Krazy90 ($164.50 in chips)
Krazy90: posts small blind $1
Eklund_1891: posts big blind $3
*** HOLE CARDS ***
Krazy90: raises $3 to $6
Eklund_1891: raises $3 to $9
Krazy90: calls $3
*** FLOP *** [7c As Qh]
Eklund_1891: bets $3
Krazy90: calls $3
*** TURN *** [7c As Qh] [Qd]
Eklund_1891: checks
Krazy90: bets $6
Eklund_1891: calls $6
*** RIVER *** [7c As Qh Qd] [6c]
Eklund_1891: checks
Krazy90: bets $6
Eklund_1891: calls $6
*** SHOW DOWN ***
Krazy90: shows [Ac 2h] (two pair, Aces and Queens)
Eklund_1891: mucks hand
Krazy90 collected $47.50 from pot
*** SUMMARY ***
Total pot $48 | Rake $0.50
Board [7c As Qh Qd 6c]
Seat 4: Eklund_1891 (big blind) mucked
Seat 6: Krazy90 (button) (small blind) showed [Ac 2h] and won ($47.50) with two pair, Aces and Queens


PokerStars Hand #169824276724:  Hold'em Limit ($3/$6 USD) - 2017/05/01 16:02:35 ET
Table 'Mireille' 6-max Seat #4 is the button
Seat 4: Eklund_1891 ($64.37 in chips)
Seat 6: Krazy90 ($193.28 in chips)
Eklund_1891: posts small blind $1
Krazy90: posts big blind $3
*** HOLE CARDS ***
Eklund_1891: raises $3 to $6
Krazy90: folds
Uncalled bet ($3) returned to Eklund_1891
Eklund_1891 collected $6 from pot
Eklund_1891: doesn't show hand
*** SUMMARY ***
Total pot $6 | Rake $0
Seat 4: Eklund_1891 (button) (small blind) collected ($6)
Seat 6: Krazy90 (big blind) folded before Flop


PokerStars Hand #169824252879:  Hold'em Limit ($3/$6 USD) - 2017/05/01 16:02:08 ET
Table 'Mireille' 6-max Seat #6 is the button
Seat 4: Eklund_1891 ($76.37 in chips)
Seat 6: Krazy90 ($181.76 in chips)
Krazy90: posts small blind $1
Eklund_1891: posts big blind $3
*** HOLE CARDS ***
Krazy90: raises $3 to $6
Eklund_1891: calls $3
*** FLOP *** [2c Qs 3s]
Eklund_1891: checks
Krazy90: bets $3
Eklund_1891: raises $3 to $6
Krazy90: calls $3
*** TURN *** [2c Qs 3s] [7c]
Eklund_1891: checks
Krazy90: checks
*** RIVER *** [2c Qs 3s 7c] [5c]
Eklund_1891: checks
Krazy90: checks
*** SHOW DOWN ***
Eklund_1891: shows [6c 8s] (high card Queen)
Krazy90: shows [Ks 6s] (high card King)
Krazy90 collected $23.52 from pot
*** SUMMARY ***
Total pot $24 | Rake $0.48
Board [2c Qs 3s 7c 5c]
Seat 4: Eklund_1891 (big blind) showed [6c 8s] and lost with high card Queen
Seat 6: Krazy90 (button) (small blind) showed [Ks 6s] and won ($23.52) with high card King


PokerStars Hand #169824243579:  Hold'em Limit ($3/$6 USD) - 2017/05/01 16:01:57 ET
Table 'Mireille' 6-max Seat #4 is the button
Seat 4: Eklund_1891 ($70.61 in chips)
Seat 6: Krazy90 ($187.76 in chips)
Eklund_1891: posts small blind $1
Krazy90: posts big blind $3
*** HOLE CARDS ***
Eklund_1891: raises $3 to $6
Krazy90: calls $3
*** FLOP *** [6d Qs As]
Krazy90: checks
Eklund_1891: bets $3
Krazy90: folds
Uncalled bet ($3) returned to Eklund_1891
Eklund_1891 collected $11.76 from pot
Eklund_1891: doesn't show hand
*** SUMMARY ***
Total pot $12 | Rake $0.24
Board [6d Qs As]
Seat 4: Eklund_1891 (button) (small blind) collected ($11.76)
Seat 6: Krazy90 (big blind) folded on the Flop


PokerStars Hand #169824229773:  Hold'em Limit ($3/$6 USD) - 2017/05/01 16:01:40 ET
Table 'Mireille' 6-max Seat #6 is the button
Seat 4: Eklund_1891 ($64.85 in chips)
Seat 6: Krazy90 ($193.76 in chips)
Krazy90: posts small blind $1
Eklund_1891: posts big blind $3
*** HOLE CARDS ***
Krazy90: calls $2
Eklund_1891: raises $3 to $6
Krazy90: calls $3
*** FLOP *** [9s 2h Th]
Eklund_1891: bets $3
Krazy90: folds
Uncalled bet ($3) returned to Eklund_1891
Eklund_1891 collected $11.76 from pot
Eklund_1891: doesn't show hand
*** SUMMARY ***
Total pot $12 | Rake $0.24
Board [9s 2h Th]
Seat 4: Eklund_1891 (big blind) collected ($11.76)
Seat 6: Krazy90 (button) (small blind) folded on the Flop


PokerStars Hand #169824306017:  Hold'em Limit ($3/$6 USD) - 2017/05/01 16:03:08 ET
Table 'Mireille' 6-max Seat #4 is the button
Seat 4: Eklund_1891 ($70.25 in chips)
Seat 6: Krazy90 ($187.28 in chips)
Eklund_1891: posts small blind $1
Krazy90: posts big blind $3
*** HOLE CARDS ***
Eklund_1891: raises $3 to $6
Krazy90: calls $3
*** FLOP *** [Ts 3c Ac]
Krazy90: checks
Eklund_1891: bets $3
Krazy90: folds
Uncalled bet ($3) returned to Eklund_1891
Eklund_1891 collected $11.76 from pot
Eklund_1891: doesn't show hand
*** SUMMARY ***
Total pot $12 | Rake $0.24
Board [Ts 3c Ac]
Seat 4: Eklund_1891 (button) (small blind) collected ($11.76)
Seat 6: Krazy90 (big blind) folded on the Flop


PokerStars Hand #169824281285:  Hold'em Limit ($3/$6 USD) - 2017/05/01 16:02:40 ET
Table 'Mireille' 6-max Seat #6 is the button
Seat 4: Eklund_1891 ($67.37 in chips)
Seat 6: Krazy90 ($190.28 in chips)
Krazy90: posts small blind $1
Eklund_1891: posts big blind $3
*** HOLE CARDS ***
Krazy90: calls $2
Eklund_1891: checks
*** FLOP *** [7s Js 5d]
Eklund_1891: checks
Krazy90: checks
*** TURN *** [7s Js 5d] [Td]
Eklund_1891: checks
Krazy90: checks
*** RIVER *** [7s Js 5d Td] [4s]
Eklund_1891: bets $6
Krazy90: folds
Uncalled bet ($6) returned to Eklund_1891
Eklund_1891 collected $5.88 from pot
Eklund_1891: doesn't show hand
*** SUMMARY ***
Total pot $6 | Rake $0.12
Board [7s Js 5d Td 4s]
Seat 4: Eklund_1891 (big blind) collected ($5.88)
Seat 6: Krazy90 (button) (small blind) folded on the River


PokerStars Hand #169824352933:  Hold'em Limit ($3/$6 USD) - 2017/05/01 16:04:01 ET
Table 'Mireille' 6-max Seat #4 is the button
Seat 4: Eklund_1891 ($64.01 in chips)
Seat 6: Krazy90 ($192.80 in chips)
Eklund_1891: posts small blind $1
Krazy90: posts big blind $3
*** HOLE CARDS ***
Eklund_1891: raises $3 to $6
Krazy90: calls $3
*** FLOP *** [Qs 3s Ks]
Krazy90: checks
Eklund_1891: checks
*** TURN *** [Qs 3s Ks] [6d]
Krazy90: checks
Eklund_1891: bets $6
Krazy90: calls $6
*** RIVER *** [Qs 3s Ks 6d] [6c]
Krazy90: checks
Eklund_1891: checks
*** SHOW DOWN ***
Krazy90: shows [Ad Qc] (two pair, Queens and Sixes)
Eklund_1891: mucks hand
Krazy90 collected $23.52 from pot
*** SUMMARY ***
Total pot $24 | Rake $0.48
Board [Qs 3s Ks 6d 6c]
Seat 4: Eklund_1891 (button) (small blind) mucked
Seat 6: Krazy90 (big blind) showed [Ad Qc] and won ($23.52) with two pair, Queens and Sixes


PokerStars Hand #169824327681:  Hold'em Limit ($3/$6 USD) - 2017/05/01 16:03:33 ET
Table 'Mireille' 6-max Seat #6 is the button
Seat 4: Eklund_1891 ($76.01 in chips)
Seat 6: Krazy90 ($181.28 in chips)
Krazy90: posts small blind $1
Eklund_1891: posts big blind $3
*** HOLE CARDS ***
Krazy90: raises $3 to $6
Eklund_1891: calls $3
*** FLOP *** [6d 3h Ts]
Eklund_1891: checks
Krazy90: checks
*** TURN *** [6d 3h Ts] [8h]
Eklund_1891: checks
Krazy90: checks
*** RIVER *** [6d 3h Ts 8h] [Kh]
Eklund_1891: bets $6
Krazy90: calls $6
*** SHOW DOWN ***
Eklund_1891: shows [4d Jh] (high card King)
Krazy90: shows [2d Kd] (a pair of Kings)
Krazy90 collected $23.52 from pot
*** SUMMARY ***
Total pot $24 | Rake $0.48
Board [6d 3h Ts 8h Kh]
Seat 4: Eklund_1891 (big blind) showed [4d Jh] and lost with high card King
Seat 6: Krazy90 (button) (small blind) showed [2d Kd] and won ($23.52) with a pair of Kings


PokerStars Hand #169824411318:  Hold'em Limit ($3/$6 USD) - 2017/05/01 16:05:07 ET
Table 'Mireille' 6-max Seat #4 is the button
Seat 4: Eklund_1891 ($40.01 in chips)
Seat 6: Krazy90 ($215.84 in chips)
Eklund_1891: posts small blind $1
Krazy90: posts big blind $3
*** HOLE CARDS ***
Eklund_1891: raises $3 to $6
Krazy90: calls $3
*** FLOP *** [8d Kh 6d]
Krazy90: checks
Eklund_1891: bets $3
Krazy90: raises $3 to $6
Eklund_1891: calls $3
*** TURN *** [8d Kh 6d] [3c]
Krazy90: bets $6
Eklund_1891: calls $6
*** RIVER *** [8d Kh 6d 3c] [Ks]
Krazy90: bets $6
Eklund_1891: calls $6
*** SHOW DOWN ***
Krazy90: shows [9d Tc] (a pair of Kings)
Eklund_1891: shows [4d 4c] (two pair, Kings and Fours)
Eklund_1891 collected $47.50 from pot
*** SUMMARY ***
Total pot $48 | Rake $0.50
Board [8d Kh 6d 3c Ks]
Seat 4: Eklund_1891 (button) (small blind) showed [4d 4c] and won ($47.50) with two pair, Kings and Fours
Seat 6: Krazy90 (big blind) showed [9d Tc] and lost with a pair of Kings


PokerStars Hand #169824374649:  Hold'em Limit ($3/$6 USD) - 2017/05/01 16:04:26 ET
Table 'Mireille' 6-max Seat #6 is the button
Seat 4: Eklund_1891 ($52.01 in chips)
Seat 6: Krazy90 ($204.32 in chips)
Krazy90: posts small blind $1
Eklund_1891: posts big blind $3
*** HOLE CARDS ***
Krazy90: raises $3 to $6
Eklund_1891: raises $3 to $9
Krazy90: calls $3
*** FLOP *** [2d Ah 7h]
Eklund_1891: bets $3
Krazy90: calls $3
*** TURN *** [2d Ah 7h] [Qc]
Eklund_1891: checks
Krazy90: checks
*** RIVER *** [2d Ah 7h Qc] [4s]
Eklund_1891: checks
Krazy90: checks
*** SHOW DOWN ***
Eklund_1891: shows [2h Kh] (a pair of Deuces)
Krazy90: shows [4d 5d] (a pair of Fours)
Krazy90 collected $23.52 from pot
*** SUMMARY ***
Total pot $24 | Rake $0.48
Board [2d Ah 7h Qc 4s]
Seat 4: Eklund_1891 (big blind) showed [2h Kh] and lost with a pair of Deuces
Seat 6: Krazy90 (button) (small blind) showed [4d 5d] and won ($23.52) with a pair of Fours


PokerStars Hand #169824466184:  Hold'em Limit ($3/$6 USD) - 2017/05/01 16:06:09 ET
Table 'Mireille' 6-max Seat #4 is the button
Seat 4: Eklund_1891 ($70.03 in chips)
Seat 6: Krazy90 ($184.60 in chips)
Eklund_1891: posts small blind $1
Krazy90: posts big blind $3
*** HOLE CARDS ***
Eklund_1891: raises $3 to $6
Krazy90: folds
Uncalled bet ($3) returned to Eklund_1891
Eklund_1891 collected $6 from pot
Eklund_1891: doesn't show hand
*** SUMMARY ***
Total pot $6 | Rake $0
Seat 4: Eklund_1891 (button) (small blind) collected ($6)
Seat 6: Krazy90 (big blind) folded before Flop


PokerStars Hand #169824453433:  Hold'em Limit ($3/$6 USD) - 2017/05/01 16:05:55 ET
Table 'Mireille' 6-max Seat #6 is the button
Seat 4: Eklund_1891 ($58.51 in chips)
Seat 6: Krazy90 ($196.60 in chips)
Krazy90: posts small blind $1
Eklund_1891: posts big blind $3
*** HOLE CARDS ***
Krazy90: raises $3 to $6
Chessnok joins the table at seat #1
Eklund_1891: raises $3 to $9
Krazy90: calls $3
*** FLOP *** [2d Jd Ts]
Eklund_1891: bets $3
Krazy90: calls $3
*** TURN *** [2d Jd Ts] [6c]
Eklund_1891: bets $6
Krazy90: folds
Uncalled bet ($6) returned to Eklund_1891
Eklund_1891 collected $23.52 from pot
*** SUMMARY ***
Total pot $24 | Rake $0.48
Board [2d Jd Ts 6c]
Seat 4: Eklund_1891 (big blind) collected ($23.52)
Seat 6: Krazy90 (button) (small blind) folded on the Turn


PokerStars Hand #169824442418:  Hold'em Limit ($3/$6 USD) - 2017/05/01 16:05:43 ET
Table 'Mireille' 6-max Seat #4 is the button
Seat 4: Eklund_1891 ($64.51 in chips)
Seat 6: Krazy90 ($190.84 in chips)
Eklund_1891: posts small blind $1
Krazy90: posts big blind $3
*** HOLE CARDS ***
Eklund_1891: raises $3 to $6
Krazy90: calls $3
*** FLOP *** [Ks Qh 8s]
Krazy90: checks
Eklund_1891: checks
*** TURN *** [Ks Qh 8s] [Qd]
Krazy90: checks
Eklund_1891: checks
*** RIVER *** [Ks Qh 8s Qd] [Ah]
Krazy90: checks
Eklund_1891: checks
*** SHOW DOWN ***
Krazy90: shows [Ad Js] (two pair, Aces and Queens)
Eklund_1891: mucks hand
Krazy90 collected $11.76 from pot
*** SUMMARY ***
Total pot $12 | Rake $0.24
Board [Ks Qh 8s Qd Ah]
Seat 4: Eklund_1891 (button) (small blind) mucked
Seat 6: Krazy90 (big blind) showed [Ad Js] and won ($11.76) with two pair, Aces and Queens


PokerStars Hand #169824433170:  Hold'em Limit ($3/$6 USD) - 2017/05/01 16:05:32 ET
Table 'Mireille' 6-max Seat #6 is the button
Seat 4: Eklund_1891 ($63.51 in chips)
Seat 6: Krazy90 ($191.84 in chips)
Krazy90: posts small blind $1
Eklund_1891: posts big blind $3
*** HOLE CARDS ***
Eklund_1891 said, "un real hu"
Krazy90: folds
Uncalled bet ($2) returned to Eklund_1891
Eklund_1891 collected $2 from pot
Eklund_1891: doesn't show hand
*** SUMMARY ***
Total pot $2 | Rake $0
Seat 4: Eklund_1891 (big blind) collected ($2)
Seat 6: Krazy90 (button) (small blind) folded before Flop


PokerStars Hand #169824778226:  Hold'em Limit ($3/$6 USD) - 2017/05/01 16:12:07 ET
Table 'Mireille' 6-max Seat #6 is the button
Seat 2: pompier40 ($106 in chips)
Seat 6: Krazy90 ($229.82 in chips)
Krazy90: posts small blind $1
Chessnok: is sitting out
pompier40: posts big blind $3
*** HOLE CARDS ***
Krazy90: folds
Uncalled bet ($2) returned to pompier40
Krazy90 leaves the table
pompier40 collected $2 from pot
*** SUMMARY ***
Total pot $2 | Rake $0
Seat 2: pompier40 (big blind) collected ($2)
Seat 6: Krazy90 (button) (small blind) folded before Flop


