PokerStars Hand #146515254492:  Hold'em Limit ($3/$6 USD) - 2016/01/05 12:21:17 ET
Table 'Mireille III' 10-max Seat #9 is the button
Seat 6: Heintje8 ($123 in chips)
Seat 9: vovojc ($48 in chips)
vovojc: posts small blind $1
Heintje8: posts big blind $3
*** HOLE CARDS ***
vovojc: raises $3 to $6
Heintje8: folds
Uncalled bet ($3) returned to vovojc
vovojc collected $6 from pot
vovojc: doesn't show hand
*** SUMMARY ***
Total pot $6 | Rake $0
Seat 6: Heintje8 (big blind) folded before Flop
Seat 9: vovojc (button) (small blind) collected ($6)


PokerStars Hand #146515192301:  Hold'em Limit ($3/$6 USD) - 2016/01/05 12:20:10 ET
Table 'Mireille III' 10-max Seat #6 is the button
Seat 6: Heintje8 ($120 in chips)
Seat 8: Pandakey ($120 in chips)
Heintje8: posts small blind $1
Pandakey: posts big blind $3
*** HOLE CARDS ***
Heintje8: raises $3 to $6
vovojc joins the table at seat #9
Pandakey has timed out
Pandakey: folds
Uncalled bet ($3) returned to Heintje8
Heintje8 collected $6 from pot
Heintje8: doesn't show hand
*** SUMMARY ***
Total pot $6 | Rake $0
Seat 6: Heintje8 (button) (small blind) collected ($6)
Seat 8: Pandakey (big blind) folded before Flop


PokerStars Hand #146515271306:  Hold'em Limit ($3/$6 USD) - 2016/01/05 12:21:34 ET
Table 'Mireille III' 10-max Seat #9 is the button
Seat 6: Heintje8 ($119 in chips)
Seat 9: vovojc ($52 in chips)
vovojc: posts small blind $1
Heintje8: posts big blind $3
*** HOLE CARDS ***
vovojc: raises $3 to $6
Heintje8: raises $3 to $9
vovojc: calls $3
*** FLOP *** [6h 6c Ad]
Heintje8: bets $3
vovojc: calls $3
*** TURN *** [6h 6c Ad] [Qh]
Heintje8: bets $6
vovojc: calls $6
*** RIVER *** [6h 6c Ad Qh] [Ks]
Heintje8: bets $6
vovojc: calls $6
*** SHOW DOWN ***
Heintje8: shows [5d 5s] (two pair, Sixes and Fives)
vovojc: shows [7h 7c] (two pair, Sevens and Sixes)
vovojc collected $47.50 from pot
*** SUMMARY ***
Total pot $48 | Rake $0.50
Board [6h 6c Ad Qh Ks]
Seat 6: Heintje8 (big blind) showed [5d 5s] and lost with two pair, Sixes and Fives
Seat 9: vovojc (button) (small blind) showed [7h 7c] and won ($47.50) with two pair, Sevens and Sixes


PokerStars Hand #146515266132:  Hold'em Limit ($3/$6 USD) - 2016/01/05 12:21:29 ET
Table 'Mireille III' 10-max Seat #6 is the button
Seat 6: Heintje8 ($120 in chips)
Seat 9: vovojc ($51 in chips)
Heintje8: posts small blind $1
vovojc: posts big blind $3
*** HOLE CARDS ***
Heintje8: folds
Uncalled bet ($2) returned to vovojc
vovojc collected $2 from pot
vovojc: doesn't show hand
*** SUMMARY ***
Total pot $2 | Rake $0
Seat 6: Heintje8 (button) (small blind) folded before Flop
Seat 9: vovojc (big blind) collected ($2)


PokerStars Hand #146515309967:  Hold'em Limit ($3/$6 USD) - 2016/01/05 12:22:16 ET
Table 'Mireille III' 10-max Seat #6 is the button
Seat 6: Heintje8 ($95 in chips)
Seat 9: vovojc ($75.50 in chips)
Heintje8: posts small blind $1
vovojc: posts big blind $3
*** HOLE CARDS ***
Heintje8: raises $3 to $6
vovojc: calls $3
*** FLOP *** [3h 8s Kc]
vovojc: checks
Heintje8: bets $3
vovojc: calls $3
*** TURN *** [3h 8s Kc] [6c]
vovojc: checks
Heintje8: bets $6
vovojc: calls $6
*** RIVER *** [3h 8s Kc 6c] [6h]
vovojc: checks
Heintje8: bets $6
vovojc: calls $6
sussie118 joins the table at seat #4
*** SHOW DOWN ***
Heintje8: shows [9d 8h] (two pair, Eights and Sixes)
vovojc: shows [Ad 8d] (two pair, Eights and Sixes - Ace kicker)
vovojc collected $41.50 from pot
*** SUMMARY ***
Total pot $42 | Rake $0.50
Board [3h 8s Kc 6c 6h]
Seat 6: Heintje8 (button) (small blind) showed [9d 8h] and lost with two pair, Eights and Sixes
Seat 9: vovojc (big blind) showed [Ad 8d] and won ($41.50) with two pair, Eights and Sixes


PokerStars Hand #146516281064:  Hold'em Limit ($3/$6 USD) - 2016/01/05 12:39:25 ET
Table 'Mireille III' 10-max Seat #9 is the button
Seat 6: B_loJkl ($226.54 in chips)
Seat 9: Frank2Neue ($82.10 in chips)
Frank2Neue: posts small blind $1
Airbag999: is sitting out
B_loJkl: posts big blind $3
*** HOLE CARDS ***
Frank2Neue: folds
Uncalled bet ($2) returned to B_loJkl
B_loJkl collected $2 from pot
B_loJkl: doesn't show hand
Airbag999 leaves the table
*** SUMMARY ***
Total pot $2 | Rake $0
Seat 6: B_loJkl (big blind) collected ($2)
Seat 9: Frank2Neue (button) (small blind) folded before Flop


PokerStars Hand #146516285563:  Hold'em Limit ($3/$6 USD) - 2016/01/05 12:39:30 ET
Table 'Mireille III' 10-max Seat #6 is the button
Seat 6: B_loJkl ($227.54 in chips)
Seat 9: Frank2Neue ($81.10 in chips)
B_loJkl: posts small blind $1
Frank2Neue: posts big blind $3
*** HOLE CARDS ***
B_loJkl: raises $3 to $6
Frank2Neue: calls $3
*** FLOP *** [5s Ts 7h]
Frank2Neue: checks
B_loJkl: checks
*** TURN *** [5s Ts 7h] [7c]
Frank2Neue: bets $6
B_loJkl: folds
Uncalled bet ($6) returned to Frank2Neue
Frank2Neue collected $11.76 from pot
Frank2Neue: doesn't show hand
*** SUMMARY ***
Total pot $12 | Rake $0.24
Board [5s Ts 7h 7c]
Seat 6: B_loJkl (button) (small blind) folded on the Turn
Seat 9: Frank2Neue (big blind) collected ($11.76)


