PokerStars Hand #147038403324:  Hold'em Limit ($3/$6 USD) - 2016/01/14 15:16:05 ET
Table 'Mireille' 10-max Seat #8 is the button
Seat 4: Brama Br ($99 in chips)
Seat 8: Pandakey ($140.50 in chips)
Pandakey: posts small blind $1
Brama Br: posts big blind $3
*** HOLE CARDS ***
Pandakey: raises $3 to $6
Brama Br: folds
Uncalled bet ($3) returned to Pandakey
Pandakey collected $6 from pot
Pandakey: doesn't show hand
*** SUMMARY ***
Total pot $6 | Rake $0
Seat 4: Brama Br (big blind) folded before Flop
Seat 8: Pandakey (button) (small blind) collected ($6)


PokerStars Hand #147038573750:  Hold'em Limit ($3/$6 USD) - 2016/01/14 15:18:28 ET
Table 'Mireille' 10-max Seat #4 is the button
Seat 4: Brama Br ($120.60 in chips)
Seat 5: PelonCabelao ($72 in chips)
Brama Br: posts small blind $1
PelonCabelao: posts big blind $3
*** HOLE CARDS ***
Brama Br: folds
Uncalled bet ($2) returned to PelonCabelao
PelonCabelao collected $2 from pot
PelonCabelao: doesn't show hand
*** SUMMARY ***
Total pot $2 | Rake $0
Seat 4: Brama Br (button) (small blind) folded before Flop
Seat 5: PelonCabelao (big blind) collected ($2)


PokerStars Hand #147038536781:  Hold'em Limit ($3/$6 USD) - 2016/01/14 15:17:57 ET
Table 'Mireille' 10-max Seat #5 is the button
Seat 4: Brama Br ($94.10 in chips)
Seat 5: PelonCabelao ($77.64 in chips)
PelonCabelao: posts small blind $1
Pandakey: is sitting out
Brama Br: posts big blind $3
*** HOLE CARDS ***
PelonCabelao: raises $3 to $6
Pandakey leaves the table
Brama Br: calls $3
*** FLOP *** [9c 8h 3d]
Brama Br: checks
PelonCabelao: bets $3
Brama Br: calls $3
*** TURN *** [9c 8h 3d] [8d]
Brama Br: checks
PelonCabelao: bets $6
Brama Br: calls $6
*** RIVER *** [9c 8h 3d 8d] [4c]
Brama Br: checks
PelonCabelao: bets $6
Brama Br: raises $6 to $12
PelonCabelao: calls $6
*** SHOW DOWN ***
Brama Br: shows [4h 4s] (a full house, Fours full of Eights)
PelonCabelao: mucks hand
Brama Br collected $53.50 from pot
*** SUMMARY ***
Total pot $54 | Rake $0.50
Board [9c 8h 3d 8d 4c]
Seat 4: Brama Br (big blind) showed [4h 4s] and won ($53.50) with a full house, Fours full of Eights
Seat 5: PelonCabelao (button) (small blind) mucked


PokerStars Hand #147040184010:  Hold'em Limit ($3/$6 USD) - 2016/01/14 15:41:27 ET
Table 'Mireille' 10-max Seat #9 is the button
Seat 9: Brama Br ($163.64 in chips)
Seat 10: SashaYuvelir ($79.42 in chips)
Brama Br: posts small blind $1
SashaYuvelir: posts big blind $3
*** HOLE CARDS ***
Brama Br: raises $3 to $6
SashaYuvelir: calls $3
*** FLOP *** [5s 8h 6d]
SashaYuvelir: checks
Brama Br: checks
*** TURN *** [5s 8h 6d] [3c]
SashaYuvelir: bets $6
Brama Br: calls $6
*** RIVER *** [5s 8h 6d 3c] [5d]
SashaYuvelir: bets $6
Brama Br: calls $6
*** SHOW DOWN ***
SashaYuvelir: shows [4d 3h] (two pair, Fives and Threes)
Brama Br: shows [3s Kc] (two pair, Fives and Threes - King kicker)
Brama Br collected $35.50 from pot
*** SUMMARY ***
Total pot $36 | Rake $0.50
Board [5s 8h 6d 3c 5d]
Seat 9: Brama Br (button) (small blind) showed [3s Kc] and won ($35.50) with two pair, Fives and Threes
Seat 10: SashaYuvelir (big blind) showed [4d 3h] and lost with two pair, Fives and Threes


PokerStars Hand #147040164004:  Hold'em Limit ($3/$6 USD) - 2016/01/14 15:41:10 ET
Table 'Mireille' 10-max Seat #10 is the button
Seat 9: Brama Br ($149.14 in chips)
Seat 10: SashaYuvelir ($94.42 in chips)
SashaYuvelir: posts small blind $1
PelonCabelao: is sitting out
Brama Br: posts big blind $3
*** HOLE CARDS ***
SashaYuvelir: raises $3 to $6
Brama Br: calls $3
*** FLOP *** [8d 3h 7d]
Brama Br: checks
SashaYuvelir: bets $3
Brama Br: calls $3
*** TURN *** [8d 3h 7d] [Kd]
Brama Br: checks
SashaYuvelir: bets $6
Brama Br: calls $6
*** RIVER *** [8d 3h 7d Kd] [4d]
Brama Br: checks
SashaYuvelir: checks
*** SHOW DOWN ***
Brama Br: shows [Kh Th] (a pair of Kings)
SashaYuvelir: mucks hand
Brama Br collected $29.50 from pot
*** SUMMARY ***
Total pot $30 | Rake $0.50
Board [8d 3h 7d Kd 4d]
Seat 9: Brama Br (big blind) showed [Kh Th] and won ($29.50) with a pair of Kings
Seat 10: SashaYuvelir (button) (small blind) mucked


PokerStars Hand #147040268176:  Hold'em Limit ($3/$6 USD) - 2016/01/14 15:42:39 ET
Table 'Mireille' 10-max Seat #10 is the button
Seat 9: Brama Br ($188.64 in chips)
Seat 10: SashaYuvelir ($52.92 in chips)
SashaYuvelir: posts small blind $1
Brama Br: posts big blind $3
*** HOLE CARDS ***
SashaYuvelir: raises $3 to $6
Brama Br: raises $3 to $9
SashaYuvelir: calls $3
*** FLOP *** [8c 8s 3h]
Brama Br: bets $3
SashaYuvelir: calls $3
*** TURN *** [8c 8s 3h] [Tc]
Brama Br: bets $6
SashaYuvelir: folds
Uncalled bet ($6) returned to Brama Br
Brama Br collected $23.52 from pot
Brama Br: doesn't show hand
*** SUMMARY ***
Total pot $24 | Rake $0.48
Board [8c 8s 3h Tc]
Seat 9: Brama Br (big blind) collected ($23.52)
Seat 10: SashaYuvelir (button) (small blind) folded on the Turn


PokerStars Hand #147040261622:  Hold'em Limit ($3/$6 USD) - 2016/01/14 15:42:34 ET
Table 'Mireille' 10-max Seat #9 is the button
Seat 9: Brama Br ($185.64 in chips)
Seat 10: SashaYuvelir ($55.92 in chips)
Brama Br: posts small blind $1
SashaYuvelir: posts big blind $3
*** HOLE CARDS ***
Brama Br: raises $3 to $6
SashaYuvelir: folds
Uncalled bet ($3) returned to Brama Br
Brama Br collected $6 from pot
Brama Br: doesn't show hand
*** SUMMARY ***
Total pot $6 | Rake $0
Seat 9: Brama Br (button) (small blind) collected ($6)
Seat 10: SashaYuvelir (big blind) folded before Flop


PokerStars Hand #147040242120:  Hold'em Limit ($3/$6 USD) - 2016/01/14 15:42:17 ET
Table 'Mireille' 10-max Seat #10 is the button
Seat 9: Brama Br ($200.64 in chips)
Seat 10: SashaYuvelir ($41.42 in chips)
SashaYuvelir: posts small blind $1
Brama Br: posts big blind $3
*** HOLE CARDS ***
SashaYuvelir: raises $3 to $6
Brama Br: calls $3
*** FLOP *** [7c Jc 2d]
Brama Br: checks
SashaYuvelir: bets $3
Brama Br: calls $3
*** TURN *** [7c Jc 2d] [5h]
Brama Br: checks
SashaYuvelir: checks
*** RIVER *** [7c Jc 2d 5h] [Ad]
Brama Br: bets $6
SashaYuvelir: raises $6 to $12
Brama Br: folds
Uncalled bet ($6) returned to SashaYuvelir
SashaYuvelir collected $29.50 from pot
SashaYuvelir: doesn't show hand
*** SUMMARY ***
Total pot $30 | Rake $0.50
Board [7c Jc 2d 5h Ad]
Seat 9: Brama Br (big blind) folded on the River
Seat 10: SashaYuvelir (button) (small blind) collected ($29.50)


PokerStars Hand #147040234219:  Hold'em Limit ($3/$6 USD) - 2016/01/14 15:42:10 ET
Table 'Mireille' 10-max Seat #9 is the button
Seat 9: Brama Br ($201.64 in chips)
Seat 10: SashaYuvelir ($40.42 in chips)
Brama Br: posts small blind $1
SashaYuvelir: posts big blind $3
*** HOLE CARDS ***
Brama Br: folds
Uncalled bet ($2) returned to SashaYuvelir
SashaYuvelir collected $2 from pot
SashaYuvelir: doesn't show hand
*** SUMMARY ***
Total pot $2 | Rake $0
Seat 9: Brama Br (button) (small blind) folded before Flop
Seat 10: SashaYuvelir (big blind) collected ($2)


PokerStars Hand #147040202435:  Hold'em Limit ($3/$6 USD) - 2016/01/14 15:41:43 ET
Table 'Mireille' 10-max Seat #10 is the button
Seat 9: Brama Br ($181.14 in chips)
Seat 10: SashaYuvelir ($61.42 in chips)
SashaYuvelir: posts small blind $1
Brama Br: posts big blind $3
*** HOLE CARDS ***
SashaYuvelir: raises $3 to $6
Brama Br: calls $3
*** FLOP *** [Kd 2d 7h]
Brama Br: checks
SashaYuvelir: bets $3
Brama Br: calls $3
*** TURN *** [Kd 2d 7h] [8d]
Brama Br: checks
SashaYuvelir: bets $6
Brama Br: calls $6
*** RIVER *** [Kd 2d 7h 8d] [Jc]
Brama Br: checks
SashaYuvelir: bets $6
Brama Br: raises $6 to $12
SashaYuvelir: folds
Uncalled bet ($6) returned to Brama Br
Brama Br collected $41.50 from pot
Brama Br: doesn't show hand
*** SUMMARY ***
Total pot $42 | Rake $0.50
Board [Kd 2d 7h 8d Jc]
Seat 9: Brama Br (big blind) collected ($41.50)
Seat 10: SashaYuvelir (button) (small blind) folded on the River


PokerStars Hand #147040341158:  Hold'em Limit ($3/$6 USD) - 2016/01/14 15:43:42 ET
Table 'Mireille' 10-max Seat #9 is the button
Seat 9: Brama Br ($207.80 in chips)
Seat 10: SashaYuvelir ($32.92 in chips)
Brama Br: posts small blind $1
SashaYuvelir: posts big blind $3
*** HOLE CARDS ***
Brama Br: folds
Uncalled bet ($2) returned to SashaYuvelir
SashaYuvelir collected $2 from pot
SashaYuvelir: doesn't show hand
*** SUMMARY ***
Total pot $2 | Rake $0
Seat 9: Brama Br (button) (small blind) folded before Flop
Seat 10: SashaYuvelir (big blind) collected ($2)


PokerStars Hand #147040303287:  Hold'em Limit ($3/$6 USD) - 2016/01/14 15:43:09 ET
Table 'Mireille' 10-max Seat #10 is the button
Seat 9: Brama Br ($199.16 in chips)
Seat 10: SashaYuvelir ($41.92 in chips)
SashaYuvelir: posts small blind $1
Brama Br: posts big blind $3
*** HOLE CARDS ***
SashaYuvelir: raises $3 to $6
Brama Br: calls $3
*** FLOP *** [9h 4d 5c]
LolDnkaments joins the table at seat #1
Brama Br: checks
SashaYuvelir: bets $3
Brama Br: calls $3
*** TURN *** [9h 4d 5c] [2s]
Brama Br: checks
SashaYuvelir: checks
*** RIVER *** [9h 4d 5c 2s] [7c]
Brama Br: bets $6
PelonCabelao leaves the table
SashaYuvelir: folds
Uncalled bet ($6) returned to Brama Br
Brama Br collected $17.64 from pot
Brama Br: doesn't show hand
*** SUMMARY ***
Total pot $18 | Rake $0.36
Board [9h 4d 5c 2s 7c]
Seat 9: Brama Br (big blind) collected ($17.64)
Seat 10: SashaYuvelir (button) (small blind) folded on the River


PokerStars Hand #147040284249:  Hold'em Limit ($3/$6 USD) - 2016/01/14 15:42:53 ET
Table 'Mireille' 10-max Seat #9 is the button
Seat 9: Brama Br ($200.16 in chips)
Seat 10: SashaYuvelir ($40.92 in chips)
Brama Br: posts small blind $1
SashaYuvelir: posts big blind $3
*** HOLE CARDS ***
Brama Br: folds
Uncalled bet ($2) returned to SashaYuvelir
SashaYuvelir collected $2 from pot
SashaYuvelir: doesn't show hand
*** SUMMARY ***
Total pot $2 | Rake $0
Seat 9: Brama Br (button) (small blind) folded before Flop
Seat 10: SashaYuvelir (big blind) collected ($2)


PokerStars Hand #147047907380:  Hold'em Limit ($3/$6 USD) - 2016/01/14 17:39:37 ET
Table 'Mireille' 10-max Seat #5 is the button
Seat 2: Zubasa07 ($479 in chips)
Seat 5: Maluf007 ($115.50 in chips)
Maluf007: posts small blind $1
Zubasa07: posts big blind $3
*** HOLE CARDS ***
Maluf007: calls $2
Zubasa07: checks
*** FLOP *** [Kd 7d 7h]
Zubasa07: bets $3
Maluf007: folds
Uncalled bet ($3) returned to Zubasa07
Zubasa07 collected $5.88 from pot
Zubasa07: doesn't show hand
*** SUMMARY ***
Total pot $6 | Rake $0.12
Board [Kd 7d 7h]
Seat 2: Zubasa07 (big blind) collected ($5.88)
Seat 5: Maluf007 (button) (small blind) folded on the Flop


PokerStars Hand #147047841564:  Hold'em Limit ($3/$6 USD) - 2016/01/14 17:38:31 ET
Table 'Mireille' 10-max Seat #2 is the button
Seat 2: Zubasa07 ($500 in chips)
Seat 5: Maluf007 ($95 in chips)
Zubasa07: posts small blind $1
Maluf007: posts big blind $3
*** HOLE CARDS ***
Zubasa07: raises $3 to $6
Maluf007: calls $3
*** FLOP *** [4s 3s 9c]
Maluf007: checks
Zubasa07: bets $3
GoliafUa joins the table at seat #6
Maluf007: calls $3
*** TURN *** [4s 3s 9c] [8d]
Maluf007: checks
Zubasa07: bets $6
Maluf007: raises $6 to $12
Zubasa07: calls $6
*** RIVER *** [4s 3s 9c 8d] [Js]
Maluf007: checks
Zubasa07: checks
*** SHOW DOWN ***
Maluf007: shows [9h 7h] (a pair of Nines)
Zubasa07: mucks hand
Maluf007 collected $41.50 from pot
*** SUMMARY ***
Total pot $42 | Rake $0.50
Board [4s 3s 9c 8d Js]
Seat 2: Zubasa07 (button) (small blind) mucked
Seat 5: Maluf007 (big blind) showed [9h 7h] and won ($41.50) with a pair of Nines


PokerStars Hand #147047965303:  Hold'em Limit ($3/$6 USD) - 2016/01/14 17:40:35 ET
Table 'Mireille' 10-max Seat #5 is the button
Seat 2: Zubasa07 ($514.38 in chips)
Seat 5: Maluf007 ($79.50 in chips)
Maluf007: posts small blind $1
Zubasa07: posts big blind $3
*** HOLE CARDS ***
Maluf007: raises $3 to $6
Zubasa07: raises $3 to $9
Maluf007: calls $3
*** FLOP *** [Jh 6h 4s]
Zubasa07: bets $3
Maluf007: calls $3
*** TURN *** [Jh 6h 4s] [7h]
Zubasa07: bets $6
Maluf007: folds
Uncalled bet ($6) returned to Zubasa07
Zubasa07 collected $23.52 from pot
Zubasa07: doesn't show hand
*** SUMMARY ***
Total pot $24 | Rake $0.48
Board [Jh 6h 4s 7h]
Seat 2: Zubasa07 (big blind) collected ($23.52)
Seat 5: Maluf007 (button) (small blind) folded on the Turn


PokerStars Hand #147047922318:  Hold'em Limit ($3/$6 USD) - 2016/01/14 17:39:52 ET
Table 'Mireille' 10-max Seat #2 is the button
Seat 2: Zubasa07 ($481.88 in chips)
Seat 5: Maluf007 ($112.50 in chips)
Zubasa07: posts small blind $1
Maluf007: posts big blind $3
*** HOLE CARDS ***
Zubasa07: raises $3 to $6
Maluf007: raises $3 to $9
Zubasa07: calls $3
*** FLOP *** [Ks Jh 8c]
Maluf007: checks
Zubasa07: checks
*** TURN *** [Ks Jh 8c] [8d]
Maluf007: bets $6
Zubasa07: raises $6 to $12
Maluf007: raises $6 to $18
Zubasa07: calls $6
*** RIVER *** [Ks Jh 8c 8d] [6h]
Maluf007: bets $6
Zubasa07: calls $6
*** SHOW DOWN ***
Maluf007: shows [As Ac] (two pair, Aces and Eights)
Zubasa07: shows [7s 8h] (three of a kind, Eights)
Zubasa07 collected $65.50 from pot
*** SUMMARY ***
Total pot $66 | Rake $0.50
Board [Ks Jh 8c 8d 6h]
Seat 2: Zubasa07 (button) (small blind) showed [7s 8h] and won ($65.50) with three of a kind, Eights
Seat 5: Maluf007 (big blind) showed [As Ac] and lost with two pair, Aces and Eights


PokerStars Hand #147048003976:  Hold'em Limit ($3/$6 USD) - 2016/01/14 17:41:14 ET
Table 'Mireille' 10-max Seat #2 is the button
Seat 2: Zubasa07 ($525.90 in chips)
Seat 5: Maluf007 ($67.50 in chips)
Zubasa07: posts small blind $1
Maluf007: posts big blind $3
*** HOLE CARDS ***
Zubasa07: raises $3 to $6
Maluf007: folds
Uncalled bet ($3) returned to Zubasa07
Zubasa07 collected $6 from pot
Zubasa07: doesn't show hand
*** SUMMARY ***
Total pot $6 | Rake $0
Seat 2: Zubasa07 (button) (small blind) collected ($6)
Seat 5: Maluf007 (big blind) folded before Flop


