PokerStars Hand #147722652149:  Hold'em Limit ($3/$6 USD) - 2016/01/26 14:34:50 ET
Table 'Mirfak' 2-max Seat #1 is the button
Seat 1: tylor320 ($15.08 in chips)
Seat 2: elifnur2008 ($140.50 in chips)
tylor320: posts small blind $1
elifnur2008: posts big blind $3
*** HOLE CARDS ***
tylor320: raises $3 to $6
elifnur2008: calls $3
*** FLOP *** [5c 7d 9h]
elifnur2008: checks
tylor320: bets $3
elifnur2008: calls $3
*** TURN *** [5c 7d 9h] [5h]
elifnur2008: checks
tylor320: bets $6
elifnur2008: raises $6 to $12
tylor320: calls $0.08 and is all-in
Uncalled bet ($5.92) returned to elifnur2008
*** RIVER *** [5c 7d 9h 5h] [Qd]
*** SHOW DOWN ***
elifnur2008: shows [8d 9d] (two pair, Nines and Fives)
tylor320: shows [Td 6h] (a pair of Fives)
elifnur2008 collected $29.66 from pot
*** SUMMARY ***
Total pot $30.16 | Rake $0.50
Board [5c 7d 9h 5h Qd]
Seat 1: tylor320 (button) (small blind) showed [Td 6h] and lost with a pair of Fives
Seat 2: elifnur2008 (big blind) showed [8d 9d] and won ($29.66) with two pair, Nines and Fives


PokerStars Hand #147722623466:  Hold'em Limit ($3/$6 USD) - 2016/01/26 14:34:24 ET
Table 'Mirfak' 2-max Seat #2 is the button
Seat 1: tylor320 ($36.08 in chips)
Seat 2: elifnur2008 ($120 in chips)
elifnur2008: posts small blind $1
tylor320: posts big blind $3
*** HOLE CARDS ***
elifnur2008: raises $3 to $6
tylor320: calls $3
*** FLOP *** [2h 6s 8h]
tylor320: checks
elifnur2008: bets $3
tylor320: calls $3
*** TURN *** [2h 6s 8h] [Qs]
tylor320: checks
elifnur2008: bets $6
tylor320: calls $6
*** RIVER *** [2h 6s 8h Qs] [Kc]
tylor320: bets $6
elifnur2008: calls $6
*** SHOW DOWN ***
tylor320: shows [Js Ts] (high card King)
elifnur2008: shows [2c Qc] (two pair, Queens and Deuces)
elifnur2008 collected $41.50 from pot
*** SUMMARY ***
Total pot $42 | Rake $0.50
Board [2h 6s 8h Qs Kc]
Seat 1: tylor320 (big blind) showed [Js Ts] and lost with high card King
Seat 2: elifnur2008 (button) (small blind) showed [2c Qc] and won ($41.50) with two pair, Queens and Deuces


