PokerStars Hand #158442207865:  Hold'em Limit ($3/$6 USD) - 2016/09/10 21:43:27 ET
Table 'Miriam II' 10-max Seat #5 is the button
Seat 5: iluha1647 ($45.64 in chips)
Seat 6: Zubasa07 ($494 in chips)
iluha1647: posts small blind $1
Zubasa07: posts big blind $3
*** HOLE CARDS ***
iluha1647: folds
Uncalled bet ($2) returned to Zubasa07
Zubasa07 collected $2 from pot
Zubasa07: doesn't show hand
*** SUMMARY ***
Total pot $2 | Rake $0
Seat 5: iluha1647 (button) (small blind) folded before Flop
Seat 6: Zubasa07 (big blind) collected ($2)


PokerStars Hand #158442205601:  Hold'em Limit ($3/$6 USD) - 2016/09/10 21:43:20 ET
Table 'Miriam II' 10-max Seat #6 is the button
Seat 5: iluha1647 ($48.64 in chips)
Seat 6: Zubasa07 ($491 in chips)
Zubasa07: posts small blind $1
iluha1647: posts big blind $3
*** HOLE CARDS ***
Zubasa07: raises $3 to $6
iluha1647: folds
Uncalled bet ($3) returned to Zubasa07
Zubasa07 collected $6 from pot
Zubasa07: doesn't show hand
*** SUMMARY ***
Total pot $6 | Rake $0
Seat 5: iluha1647 (big blind) folded before Flop
Seat 6: Zubasa07 (button) (small blind) collected ($6)


PokerStars Hand #158442197424:  Hold'em Limit ($3/$6 USD) - 2016/09/10 21:42:59 ET
Table 'Miriam II' 10-max Seat #6 is the button
Seat 5: iluha1647 ($48.64 in chips)
Seat 6: Zubasa07 ($491 in chips)
Zubasa07: posts small blind $1
iluha1647: posts big blind $3
*** HOLE CARDS ***
Zubasa07: raises $3 to $6
iluha1647: folds
Uncalled bet ($3) returned to Zubasa07
Zubasa07 collected $6 from pot
Zubasa07: doesn't show hand
*** SUMMARY ***
Total pot $6 | Rake $0
Seat 5: iluha1647 (big blind) folded before Flop
Seat 6: Zubasa07 (button) (small blind) collected ($6)


PokerStars Hand #158442185650:  Hold'em Limit ($3/$6 USD) - 2016/09/10 21:42:27 ET
Table 'Miriam II' 10-max Seat #5 is the button
Seat 5: iluha1647 ($40 in chips)
Seat 6: Zubasa07 ($500 in chips)
iluha1647: posts small blind $1
Zubasa07: posts big blind $3
*** HOLE CARDS ***
iluha1647: raises $3 to $6
Zubasa07: calls $3
*** FLOP *** [5c Qs Ks]
Zubasa07: checks
iluha1647: bets $3
Zubasa07: calls $3
*** TURN *** [5c Qs Ks] [7c]
Zubasa07: checks
iluha1647: bets $6
Zubasa07: folds
Uncalled bet ($6) returned to iluha1647
iluha1647 collected $17.64 from pot
iluha1647: doesn't show hand
*** SUMMARY ***
Total pot $18 | Rake $0.36
Board [5c Qs Ks 7c]
Seat 5: iluha1647 (button) (small blind) collected ($17.64)
Seat 6: Zubasa07 (big blind) folded on the Turn


PokerStars Hand #158442209950:  Hold'em Limit ($3/$6 USD) - 2016/09/10 21:43:32 ET
Table 'Miriam II' 10-max Seat #6 is the button
Seat 5: iluha1647 ($44.64 in chips)
Seat 6: Zubasa07 ($495 in chips)
Zubasa07: posts small blind $1
iluha1647: posts big blind $3
*** HOLE CARDS ***
Zubasa07: raises $3 to $6
iluha1647: raises $3 to $9
Zubasa07: calls $3
*** FLOP *** [Ts 7c Qs]
iluha1647: bets $3
Zubasa07: calls $3
*** TURN *** [Ts 7c Qs] [3d]
iluha1647: bets $6
Zubasa07: calls $6
*** RIVER *** [Ts 7c Qs 3d] [9h]
iluha1647: bets $6
Zubasa07: raises $6 to $12
iluha1647: calls $6
*** SHOW DOWN ***
Zubasa07: shows [Jd 8s] (a straight, Eight to Queen)
iluha1647: mucks hand
Zubasa07 collected $59.50 from pot
*** SUMMARY ***
Total pot $60 | Rake $0.50
Board [Ts 7c Qs 3d 9h]
Seat 5: iluha1647 (big blind) mucked
Seat 6: Zubasa07 (button) (small blind) showed [Jd 8s] and won ($59.50) with a straight, Eight to Queen


PokerStars Hand #158446412866:  Hold'em Limit ($3/$6 USD) - 2016/09/11 1:48:42 ET
Table 'Miriam II' 10-max Seat #5 is the button
Seat 5: LifeisagameX ($84 in chips)
Seat 6: Agrotait ($72 in chips)
LifeisagameX: posts small blind $1
Agrotait: posts big blind $3
*** HOLE CARDS ***
LifeisagameX: raises $3 to $6
Agrotait: calls $3
*** FLOP *** [9s Ah Ac]
Agrotait: checks
LifeisagameX: bets $3
Agrotait: raises $3 to $6
LifeisagameX: calls $3
*** TURN *** [9s Ah Ac] [8s]
Agrotait: checks
LifeisagameX: bets $6
Agrotait: calls $6
*** RIVER *** [9s Ah Ac 8s] [3d]
Agrotait: checks
LifeisagameX: checks
*** SHOW DOWN ***
Agrotait: shows [9d 6h] (two pair, Aces and Nines)
LifeisagameX: mucks hand
Agrotait collected $35.50 from pot
*** SUMMARY ***
Total pot $36 | Rake $0.50
Board [9s Ah Ac 8s 3d]
Seat 5: LifeisagameX (button) (small blind) mucked
Seat 6: Agrotait (big blind) showed [9d 6h] and won ($35.50) with two pair, Aces and Nines


PokerStars Hand #158446428584:  Hold'em Limit ($3/$6 USD) - 2016/09/11 1:49:45 ET
Table 'Miriam II' 10-max Seat #5 is the button
Seat 5: LifeisagameX ($84 in chips)
Seat 6: Agrotait ($92.50 in chips)
LifeisagameX: posts small blind $1
Agrotait: posts big blind $3
*** HOLE CARDS ***
LifeisagameX: raises $3 to $6
Agrotait: calls $3
*** FLOP *** [8c 3c 8h]
Agrotait: checks
LifeisagameX: checks
*** TURN *** [8c 3c 8h] [6h]
Agrotait: checks
LifeisagameX: checks
*** RIVER *** [8c 3c 8h 6h] [9s]
Agrotait: bets $6
LifeisagameX: calls $6
*** SHOW DOWN ***
Agrotait: shows [Td 7h] (a straight, Six to Ten)
LifeisagameX: mucks hand
Agrotait collected $23.52 from pot
*** SUMMARY ***
Total pot $24 | Rake $0.48
Board [8c 3c 8h 6h 9s]
Seat 5: LifeisagameX (button) (small blind) mucked
Seat 6: Agrotait (big blind) showed [Td 7h] and won ($23.52) with a straight, Six to Ten


PokerStars Hand #158446447777:  Hold'em Limit ($3/$6 USD) - 2016/09/11 1:51:04 ET
Table 'Miriam II' 10-max Seat #5 is the button
Seat 5: LifeisagameX ($84 in chips)
Seat 6: Agrotait ($109.78 in chips)
LifeisagameX: posts small blind $1
Agrotait: posts big blind $3
*** HOLE CARDS ***
LifeisagameX: raises $3 to $6
Agrotait: folds
Uncalled bet ($3) returned to LifeisagameX
LifeisagameX collected $6 from pot
LifeisagameX: doesn't show hand
*** SUMMARY ***
Total pot $6 | Rake $0
Seat 5: LifeisagameX (button) (small blind) collected ($6)
Seat 6: Agrotait (big blind) folded before Flop


PokerStars Hand #158446442344:  Hold'em Limit ($3/$6 USD) - 2016/09/11 1:50:42 ET
Table 'Miriam II' 10-max Seat #6 is the button
Seat 5: LifeisagameX ($84 in chips)
Seat 6: Agrotait ($104.02 in chips)
Agrotait: posts small blind $1
LifeisagameX: posts big blind $3
*** HOLE CARDS ***
Agrotait: raises $3 to $6
LifeisagameX: calls $3
*** FLOP *** [9s Ks 6d]
LifeisagameX: checks
Agrotait: bets $3
LifeisagameX: folds
Uncalled bet ($3) returned to Agrotait
Agrotait collected $11.76 from pot
Agrotait: doesn't show hand
*** SUMMARY ***
Total pot $12 | Rake $0.24
Board [9s Ks 6d]
Seat 5: LifeisagameX (big blind) folded on the Flop
Seat 6: Agrotait (button) (small blind) collected ($11.76)


PokerStars Hand #158446452269:  Hold'em Limit ($3/$6 USD) - 2016/09/11 1:51:22 ET
Table 'Miriam II' 10-max Seat #6 is the button
Seat 5: LifeisagameX ($87 in chips)
Seat 6: Agrotait ($106.78 in chips)
Agrotait: posts small blind $1
LifeisagameX: posts big blind $3
*** HOLE CARDS ***
Agrotait: raises $3 to $6
LifeisagameX: calls $3
*** FLOP *** [Jh 7s Kh]
LifeisagameX: checks
Agrotait: checks
*** TURN *** [Jh 7s Kh] [6d]
LifeisagameX: checks
Agrotait: checks
*** RIVER *** [Jh 7s Kh 6d] [2s]
ducatex joins the table at seat #4
LifeisagameX: bets $6
Agrotait: calls $6
*** SHOW DOWN ***
LifeisagameX: shows [5c Ts] (high card King)
Agrotait: shows [8s Ad] (high card Ace)
Agrotait collected $23.52 from pot
*** SUMMARY ***
Total pot $24 | Rake $0.48
Board [Jh 7s Kh 6d 2s]
Seat 5: LifeisagameX (big blind) showed [5c Ts] and lost with high card King
Seat 6: Agrotait (button) (small blind) showed [8s Ad] and won ($23.52) with high card Ace


PokerStars Hand #158446462272:  Hold'em Limit ($3/$6 USD) - 2016/09/11 1:52:03 ET
Table 'Miriam II' 10-max Seat #5 is the button
Seat 5: LifeisagameX ($84 in chips)
Seat 6: Agrotait ($118.30 in chips)
LifeisagameX: posts small blind $1
Agrotait: posts big blind $3
*** HOLE CARDS ***
LifeisagameX: raises $3 to $6
Agrotait: calls $3
*** FLOP *** [6d 4d Kh]
Agrotait: checks
LifeisagameX: bets $3
Agrotait: folds
Uncalled bet ($3) returned to LifeisagameX
LifeisagameX collected $11.76 from pot
LifeisagameX: doesn't show hand
*** SUMMARY ***
Total pot $12 | Rake $0.24
Board [6d 4d Kh]
Seat 5: LifeisagameX (button) (small blind) collected ($11.76)
Seat 6: Agrotait (big blind) folded on the Flop


PokerStars Hand #158446508905:  Hold'em Limit ($3/$6 USD) - 2016/09/11 1:55:14 ET
Table 'Miriam II' 10-max Seat #4 is the button
Seat 4: ducatex ($137.44 in chips)
Seat 6: Agrotait ($113.80 in chips)
ducatex: posts small blind $1
Agrotait: posts big blind $3
*** HOLE CARDS ***
ducatex: calls $2
Agrotait: checks
*** FLOP *** [Qh Jc 7s]
Agrotait: checks
ducatex: checks
*** TURN *** [Qh Jc 7s] [6s]
Agrotait: bets $6
ducatex: calls $6
*** RIVER *** [Qh Jc 7s 6s] [5s]
Agrotait: bets $6
ducatex: raises $6 to $12
Agrotait: calls $6
*** SHOW DOWN ***
ducatex: shows [4s 3s] (a straight flush, Three to Seven)
Agrotait: mucks hand
ducatex collected $41.50 from pot
*** SUMMARY ***
Total pot $42 | Rake $0.50
Board [Qh Jc 7s 6s 5s]
Seat 4: ducatex (button) (small blind) showed [4s 3s] and won ($41.50) with a straight flush, Three to Seven
Seat 6: Agrotait (big blind) mucked


PokerStars Hand #158446501063:  Hold'em Limit ($3/$6 USD) - 2016/09/11 1:54:42 ET
Table 'Miriam II' 10-max Seat #6 is the button
Seat 4: ducatex ($158.44 in chips)
Seat 6: Agrotait ($93.30 in chips)
Agrotait: posts small blind $1
ducatex: posts big blind $3
LifeisagameX leaves the table
*** HOLE CARDS ***
Agrotait: raises $3 to $6
ducatex: calls $3
*** FLOP *** [6c Ks 5c]
ducatex: checks
Agrotait: bets $3
ducatex: calls $3
*** TURN *** [6c Ks 5c] [Ts]
ducatex: checks
Agrotait: bets $6
ducatex: calls $6
*** RIVER *** [6c Ks 5c Ts] [5d]
ducatex: checks
Agrotait: bets $6
ducatex: calls $6
*** SHOW DOWN ***
Agrotait: shows [Qd Kd] (two pair, Kings and Fives)
ducatex: mucks hand
Agrotait collected $41.50 from pot
*** SUMMARY ***
Total pot $42 | Rake $0.50
Board [6c Ks 5c Ts 5d]
Seat 4: ducatex (big blind) mucked
Seat 6: Agrotait (button) (small blind) showed [Qd Kd] and won ($41.50) with two pair, Kings and Fives


PokerStars Hand #158446515260:  Hold'em Limit ($3/$6 USD) - 2016/09/11 1:55:45 ET
Table 'Miriam II' 10-max Seat #6 is the button
Seat 4: ducatex ($157.94 in chips)
Seat 6: Agrotait ($92.80 in chips)
Agrotait: posts small blind $1
ducatex: posts big blind $3
*** HOLE CARDS ***
Agrotait: raises $3 to $6
ducatex: calls $3
*** FLOP *** [9h 8s Qs]
ducatex: checks
Agrotait: bets $3
ducatex: calls $3
*** TURN *** [9h 8s Qs] [As]
ducatex: checks
Agrotait: bets $6
ducatex: folds
Uncalled bet ($6) returned to Agrotait
Agrotait collected $17.64 from pot
Agrotait: doesn't show hand
*** SUMMARY ***
Total pot $18 | Rake $0.36
Board [9h 8s Qs As]
Seat 4: ducatex (big blind) folded on the Turn
Seat 6: Agrotait (button) (small blind) collected ($17.64)


PokerStars Hand #158446538280:  Hold'em Limit ($3/$6 USD) - 2016/09/11 1:57:31 ET
Table 'Miriam II' 10-max Seat #4 is the button
Seat 4: ducatex ($142.82 in chips)
Seat 6: Agrotait ($107.08 in chips)
ducatex: posts small blind $1
Agrotait: posts big blind $3
*** HOLE CARDS ***
ducatex: calls $2
Agrotait: checks
*** FLOP *** [2c 7c Tc]
Agrotait: bets $3
ducatex: folds
Uncalled bet ($3) returned to Agrotait
Agrotait collected $5.88 from pot
Agrotait: doesn't show hand
*** SUMMARY ***
Total pot $6 | Rake $0.12
Board [2c 7c Tc]
Seat 4: ducatex (button) (small blind) folded on the Flop
Seat 6: Agrotait (big blind) collected ($5.88)


PokerStars Hand #158446523411:  Hold'em Limit ($3/$6 USD) - 2016/09/11 1:56:22 ET
Table 'Miriam II' 10-max Seat #4 is the button
Seat 4: ducatex ($148.94 in chips)
Seat 6: Agrotait ($101.44 in chips)
ducatex: posts small blind $1
Agrotait: posts big blind $3
*** HOLE CARDS ***
ducatex: calls $2
Agrotait: checks
*** FLOP *** [Tc 4h 2d]
Agrotait: checks
ducatex: checks
*** TURN *** [Tc 4h 2d] [Kd]
Agrotait: checks
ducatex: bets $6
Agrotait: folds
Uncalled bet ($6) returned to ducatex
ducatex collected $5.88 from pot
ducatex: doesn't show hand
*** SUMMARY ***
Total pot $6 | Rake $0.12
Board [Tc 4h 2d Kd]
Seat 4: ducatex (button) (small blind) collected ($5.88)
Seat 6: Agrotait (big blind) folded on the Turn


PokerStars Hand #158446531640:  Hold'em Limit ($3/$6 USD) - 2016/09/11 1:57:00 ET
Table 'Miriam II' 10-max Seat #6 is the button
Seat 4: ducatex ($151.82 in chips)
Seat 6: Agrotait ($98.44 in chips)
Agrotait: posts small blind $1
ducatex: posts big blind $3
*** HOLE CARDS ***
Agrotait: raises $3 to $6
ducatex: calls $3
*** FLOP *** [5d 6d 4h]
ducatex: checks
Agrotait: bets $3
ducatex: calls $3
*** TURN *** [5d 6d 4h] [As]
ducatex: checks
Agrotait: bets $6
ducatex: folds
Uncalled bet ($6) returned to Agrotait
Agrotait collected $17.64 from pot
Agrotait: doesn't show hand
*** SUMMARY ***
Total pot $18 | Rake $0.36
Board [5d 6d 4h As]
Seat 4: ducatex (big blind) folded on the Turn
Seat 6: Agrotait (button) (small blind) collected ($17.64)


PokerStars Hand #158446541804:  Hold'em Limit ($3/$6 USD) - 2016/09/11 1:57:47 ET
Table 'Miriam II' 10-max Seat #6 is the button
Seat 4: ducatex ($139.82 in chips)
Seat 6: Agrotait ($109.96 in chips)
Agrotait: posts small blind $1
ducatex: posts big blind $3
*** HOLE CARDS ***
Agrotait: raises $3 to $6
ducatex: calls $3
*** FLOP *** [8c 3h Ks]
ducatex: checks
Agrotait: bets $3
ducatex: folds
Uncalled bet ($3) returned to Agrotait
Agrotait collected $11.76 from pot
Agrotait: doesn't show hand
*** SUMMARY ***
Total pot $12 | Rake $0.24
Board [8c 3h Ks]
Seat 4: ducatex (big blind) folded on the Flop
Seat 6: Agrotait (button) (small blind) collected ($11.76)


PokerStars Hand #158446544965:  Hold'em Limit ($3/$6 USD) - 2016/09/11 1:58:02 ET
Table 'Miriam II' 10-max Seat #4 is the button
Seat 4: ducatex ($133.82 in chips)
Seat 6: Agrotait ($115.72 in chips)
ducatex: posts small blind $1
Agrotait: posts big blind $3
*** HOLE CARDS ***
ducatex: calls $2
Agrotait: raises $3 to $6
ducatex: calls $3
*** FLOP *** [Ah 7d 7c]
Agrotait: bets $3
ducatex: calls $3
*** TURN *** [Ah 7d 7c] [4h]
Agrotait: checks
ducatex: bets $6
Agrotait: calls $6
*** RIVER *** [Ah 7d 7c 4h] [7h]
Agrotait: checks
ducatex: bets $6
Agrotait: calls $6
*** SHOW DOWN ***
ducatex: shows [As 6d] (a full house, Sevens full of Aces)
Agrotait: shows [Ac Js] (a full house, Sevens full of Aces)
Agrotait collected $20.75 from pot
ducatex collected $20.75 from pot
*** SUMMARY ***
Total pot $42 | Rake $0.50
Board [Ah 7d 7c 4h 7h]
Seat 4: ducatex (button) (small blind) showed [As 6d] and won ($20.75) with a full house, Sevens full of Aces
Seat 6: Agrotait (big blind) showed [Ac Js] and won ($20.75) with a full house, Sevens full of Aces


PokerStars Hand #158446551133:  Hold'em Limit ($3/$6 USD) - 2016/09/11 1:58:30 ET
Table 'Miriam II' 10-max Seat #6 is the button
Seat 4: ducatex ($133.57 in chips)
Seat 6: Agrotait ($115.47 in chips)
Agrotait: posts small blind $1
ducatex: posts big blind $3
*** HOLE CARDS ***
Agrotait: raises $3 to $6
ducatex: calls $3
*** FLOP *** [Qc Ac As]
ducatex: checks
Agrotait: bets $3
ducatex: folds
Uncalled bet ($3) returned to Agrotait
Agrotait collected $11.76 from pot
Agrotait: doesn't show hand
*** SUMMARY ***
Total pot $12 | Rake $0.24
Board [Qc Ac As]
Seat 4: ducatex (big blind) folded on the Flop
Seat 6: Agrotait (button) (small blind) collected ($11.76)


PokerStars Hand #158446555770:  Hold'em Limit ($3/$6 USD) - 2016/09/11 1:58:51 ET
Table 'Miriam II' 10-max Seat #4 is the button
Seat 4: ducatex ($127.57 in chips)
Seat 6: Agrotait ($121.23 in chips)
ducatex: posts small blind $1
Agrotait: posts big blind $3
*** HOLE CARDS ***
ducatex: calls $2
Agrotait: raises $3 to $6
ducatex: calls $3
*** FLOP *** [3c Th 9h]
Agrotait: bets $3
ducatex: folds
Uncalled bet ($3) returned to Agrotait
Agrotait collected $11.76 from pot
Agrotait: doesn't show hand
*** SUMMARY ***
Total pot $12 | Rake $0.24
Board [3c Th 9h]
Seat 4: ducatex (button) (small blind) folded on the Flop
Seat 6: Agrotait (big blind) collected ($11.76)


PokerStars Hand #158446576225:  Hold'em Limit ($3/$6 USD) - 2016/09/11 2:00:25 ET
Table 'Miriam II' 10-max Seat #4 is the button
Seat 4: ducatex ($106.57 in chips)
Seat 6: Agrotait ($141.49 in chips)
ducatex: posts small blind $1
Agrotait: posts big blind $3
*** HOLE CARDS ***
ducatex: calls $2
Agrotait: raises $3 to $6
ducatex: calls $3
*** FLOP *** [5s Th 6c]
Agrotait: bets $3
ducatex: calls $3
*** TURN *** [5s Th 6c] [6d]
Agrotait: checks
ducatex: checks
*** RIVER *** [5s Th 6c 6d] [9s]
Agrotait: checks
ducatex: checks
*** SHOW DOWN ***
Agrotait: shows [Kc Qs] (a pair of Sixes)
ducatex: shows [7d As] (a pair of Sixes - Ace kicker)
ducatex collected $17.64 from pot
*** SUMMARY ***
Total pot $18 | Rake $0.36
Board [5s Th 6c 6d 9s]
Seat 4: ducatex (button) (small blind) showed [7d As] and won ($17.64) with a pair of Sixes
Seat 6: Agrotait (big blind) showed [Kc Qs] and lost with a pair of Sixes


PokerStars Hand #158446585875:  Hold'em Limit ($3/$6 USD) - 2016/09/11 2:01:06 ET
Table 'Miriam II' 10-max Seat #6 is the button
Seat 4: ducatex ($115.21 in chips)
Seat 6: Agrotait ($132.49 in chips)
Agrotait: posts small blind $1
ducatex: posts big blind $3
*** HOLE CARDS ***
Agrotait: raises $3 to $6
ducatex: calls $3
*** FLOP *** [8s 7c 7h]
ducatex: checks
Agrotait: bets $3
ducatex: calls $3
*** TURN *** [8s 7c 7h] [2s]
ducatex: checks
Agrotait: checks
*** RIVER *** [8s 7c 7h 2s] [3h]
ducatex: checks
Agrotait: bets $6
ducatex: calls $6
*** SHOW DOWN ***
Agrotait: shows [Th 3s] (two pair, Sevens and Threes)
ducatex: mucks hand
Agrotait collected $29.50 from pot
*** SUMMARY ***
Total pot $30 | Rake $0.50
Board [8s 7c 7h 2s 3h]
Seat 4: ducatex (big blind) mucked
Seat 6: Agrotait (button) (small blind) showed [Th 3s] and won ($29.50) with two pair, Sevens and Threes


PokerStars Hand #158446596151:  Hold'em Limit ($3/$6 USD) - 2016/09/11 2:01:48 ET
Table 'Miriam II' 10-max Seat #4 is the button
Seat 4: ducatex ($100.21 in chips)
Seat 6: Agrotait ($146.99 in chips)
ducatex: posts small blind $1
Agrotait: posts big blind $3
*** HOLE CARDS ***
ducatex: calls $2
Agrotait: checks
*** FLOP *** [2h Qd 9h]
Agrotait: bets $3
ducatex: calls $3
*** TURN *** [2h Qd 9h] [5c]
Agrotait: checks
ducatex: bets $6
Agrotait: folds
Uncalled bet ($6) returned to ducatex
ducatex collected $11.76 from pot
ducatex: doesn't show hand
*** SUMMARY ***
Total pot $12 | Rake $0.24
Board [2h Qd 9h 5c]
Seat 4: ducatex (button) (small blind) collected ($11.76)
Seat 6: Agrotait (big blind) folded on the Turn


PokerStars Hand #158446601725:  Hold'em Limit ($3/$6 USD) - 2016/09/11 2:02:11 ET
Table 'Miriam II' 10-max Seat #6 is the button
Seat 4: ducatex ($105.97 in chips)
Seat 6: Agrotait ($140.99 in chips)
Agrotait: posts small blind $1
ducatex: posts big blind $3
*** HOLE CARDS ***
krytalex joins the table at seat #5
Agrotait: raises $3 to $6
ducatex: calls $3
*** FLOP *** [8d Ac 8h]
ducatex: checks
Agrotait: bets $3
ducatex: folds
Uncalled bet ($3) returned to Agrotait
Agrotait collected $11.76 from pot
Agrotait: doesn't show hand
*** SUMMARY ***
Total pot $12 | Rake $0.24
Board [8d Ac 8h]
Seat 4: ducatex (big blind) folded on the Flop
Seat 6: Agrotait (button) (small blind) collected ($11.76)


PokerStars Hand #158450311925:  Hold'em Limit ($3/$6 USD) - 2016/09/11 5:22:53 ET
Table 'Miriam II' 10-max Seat #9 is the button
Seat 8: TTBN ($149.45 in chips)
Seat 9: skogsbarn ($259.63 in chips)
skogsbarn: posts small blind $1
W.Shepherd22: is sitting out
Apanage: is sitting out
TTBN: posts big blind $3
*** HOLE CARDS ***
skogsbarn: raises $3 to $6
iskambil leaves the table
mk882 joins the table at seat #6
TTBN: calls $3
*** FLOP *** [6s 3h 4c]
TTBN: checks
W.Shepherd22 leaves the table
skogsbarn: bets $3
TTBN: raises $3 to $6
MikeMcD leaves the table
skogsbarn: folds
Uncalled bet ($3) returned to TTBN
TTBN collected $17.64 from pot
TTBN: doesn't show hand
*** SUMMARY ***
Total pot $18 | Rake $0.36
Board [6s 3h 4c]
Seat 8: TTBN (big blind) collected ($17.64)
Seat 9: skogsbarn (button) (small blind) folded on the Flop


PokerStars Hand #158450325330:  Hold'em Limit ($3/$6 USD) - 2016/09/11 5:23:28 ET
Table 'Miriam II' 10-max Seat #8 is the button
Seat 6: mk882 ($204 in chips)
Seat 8: TTBN ($158.09 in chips)
TTBN: posts small blind $1
mk882: posts big blind $3
*** HOLE CARDS ***
Apanage leaves the table
TTBN: folds
Uncalled bet ($2) returned to mk882
mk882 collected $2 from pot
mk882: doesn't show hand
*** SUMMARY ***
Total pot $2 | Rake $0
Seat 6: mk882 (big blind) collected ($2)
Seat 8: TTBN (button) (small blind) folded before Flop


PokerStars Hand #158450330433:  Hold'em Limit ($3/$6 USD) - 2016/09/11 5:23:41 ET
Table 'Miriam II' 10-max Seat #6 is the button
Seat 6: mk882 ($205 in chips)
Seat 8: TTBN ($157.09 in chips)
mk882: posts small blind $1
TTBN: posts big blind $3
*** HOLE CARDS ***
mk882: raises $3 to $6
TTBN: calls $3
*** FLOP *** [2c 5s Qh]
TTBN: checks
mk882: bets $3
TTBN: folds
Uncalled bet ($3) returned to mk882
mk882 collected $11.76 from pot
mk882: doesn't show hand
*** SUMMARY ***
Total pot $12 | Rake $0.24
Board [2c 5s Qh]
Seat 6: mk882 (button) (small blind) collected ($11.76)
Seat 8: TTBN (big blind) folded on the Flop


PokerStars Hand #158450341239:  Hold'em Limit ($3/$6 USD) - 2016/09/11 5:24:08 ET
Table 'Miriam II' 10-max Seat #8 is the button
Seat 6: mk882 ($210.76 in chips)
Seat 8: TTBN ($151.09 in chips)
TTBN: posts small blind $1
mk882: posts big blind $3
*** HOLE CARDS ***
TTBN: raises $3 to $6
mk882: folds
Uncalled bet ($3) returned to TTBN
TTBN collected $6 from pot
TTBN: doesn't show hand
*** SUMMARY ***
Total pot $6 | Rake $0
Seat 6: mk882 (big blind) folded before Flop
Seat 8: TTBN (button) (small blind) collected ($6)


