PokerStars Hand #157592917250:  Hold'em Limit ($3/$6 USD) - 2016/08/22 8:53:19 ET
Table 'Miriam II' 6-max Seat #1 is the button
Seat 1: Velbor107 ($296 in chips)
Seat 4: louis.yhl ($194.22 in chips)
Velbor107: posts small blind $1
louis.yhl: posts big blind $3
*** HOLE CARDS ***
Velbor107: raises $3 to $6
louis.yhl: calls $3
*** FLOP *** [6d 7h Qs]
louis.yhl: checks
BuzovaPro joins the table at seat #5
Velbor107: bets $3
louis.yhl: folds
Uncalled bet ($3) returned to Velbor107
Velbor107 collected $11.76 from pot
*** SUMMARY ***
Total pot $12 | Rake $0.24
Board [6d 7h Qs]
Seat 1: Velbor107 (button) (small blind) collected ($11.76)
Seat 4: louis.yhl (big blind) folded on the Flop


PokerStars Hand #157592913806:  Hold'em Limit ($3/$6 USD) - 2016/08/22 8:53:12 ET
Table 'Miriam II' 6-max Seat #4 is the button
Seat 1: Velbor107 ($295 in chips)
Seat 4: louis.yhl ($195.22 in chips)
louis.yhl: posts small blind $1
Velbor107: posts big blind $3
*** HOLE CARDS ***
louis.yhl: folds
Uncalled bet ($2) returned to Velbor107
Velbor107 collected $2 from pot
*** SUMMARY ***
Total pot $2 | Rake $0
Seat 1: Velbor107 (big blind) collected ($2)
Seat 4: louis.yhl (button) (small blind) folded before Flop


PokerStars Hand #157592910187:  Hold'em Limit ($3/$6 USD) - 2016/08/22 8:53:04 ET
Table 'Miriam II' 6-max Seat #1 is the button
Seat 1: Velbor107 ($292 in chips)
Seat 4: louis.yhl ($198.22 in chips)
Velbor107: posts small blind $1
louis.yhl: posts big blind $3
*** HOLE CARDS ***
Velbor107: raises $3 to $6
louis.yhl: folds
Uncalled bet ($3) returned to Velbor107
Velbor107 collected $6 from pot
*** SUMMARY ***
Total pot $6 | Rake $0
Seat 1: Velbor107 (button) (small blind) collected ($6)
Seat 4: louis.yhl (big blind) folded before Flop


PokerStars Hand #157592907039:  Hold'em Limit ($3/$6 USD) - 2016/08/22 8:52:58 ET
Table 'Miriam II' 6-max Seat #4 is the button
Seat 1: Velbor107 ($291 in chips)
Seat 4: louis.yhl ($199.22 in chips)
louis.yhl: posts small blind $1
Velbor107: posts big blind $3
*** HOLE CARDS ***
louis.yhl: folds
Uncalled bet ($2) returned to Velbor107
Velbor107 collected $2 from pot
*** SUMMARY ***
Total pot $2 | Rake $0
Seat 1: Velbor107 (big blind) collected ($2)
Seat 4: louis.yhl (button) (small blind) folded before Flop


PokerStars Hand #157592885512:  Hold'em Limit ($3/$6 USD) - 2016/08/22 8:52:13 ET
Table 'Miriam II' 6-max Seat #1 is the button
Seat 1: Velbor107 ($300 in chips)
Seat 4: louis.yhl ($190.58 in chips)
Velbor107: posts small blind $1
louis.yhl: posts big blind $3
*** HOLE CARDS ***
Velbor107: raises $3 to $6
louis.yhl: calls $3
*** FLOP *** [4h 4c 7d]
louis.yhl: checks
Velbor107: bets $3
louis.yhl: calls $3
*** TURN *** [4h 4c 7d] [3c]
louis.yhl: checks
Velbor107: checks
*** RIVER *** [4h 4c 7d 3c] [9h]
louis.yhl: checks
Velbor107: checks
*** SHOW DOWN ***
louis.yhl: shows [9s As] (two pair, Nines and Fours)
Velbor107: mucks hand
louis.yhl collected $17.64 from pot
*** SUMMARY ***
Total pot $18 | Rake $0.36
Board [4h 4c 7d 3c 9h]
Seat 1: Velbor107 (button) (small blind) mucked
Seat 4: louis.yhl (big blind) showed [9s As] and won ($17.64) with two pair, Nines and Fours


PokerStars Hand #157593159155:  Hold'em Limit ($3/$6 USD) - 2016/08/22 9:02:11 ET
Table 'Miriam II' 6-max Seat #3 is the button
Seat 1: Velbor107 ($330.77 in chips)
Seat 3: arina201317 ($31.43 in chips)
arina201317: posts small blind $1
BuzovaPro: is sitting out
Velbor107: posts big blind $3
*** HOLE CARDS ***
arina201317: raises $3 to $6
Velbor107: folds
Uncalled bet ($3) returned to arina201317
BuzovaPro leaves the table
arina201317 collected $6 from pot
*** SUMMARY ***
Total pot $6 | Rake $0
Seat 1: Velbor107 (big blind) folded before Flop
Seat 3: arina201317 (button) (small blind) collected ($6)


