PokerStars Hand #172547721715:  Hold'em Limit ($3/$6 USD) - 2017/07/03 7:28:25 ET
Table 'Mirnaya' 6-max Seat #1 is the button
Seat 1: BAD-Chri$$y ($105.44 in chips)
Seat 4: Agrotait ($72 in chips)
BAD-Chri$$y: posts small blind $1
Agrotait: posts big blind $3
*** HOLE CARDS ***
BAD-Chri$$y: raises $3 to $6
Agrotait: raises $3 to $9
BAD-Chri$$y: calls $3
*** FLOP *** [8h 4s 9h]
Agrotait: bets $3
BAD-Chri$$y: calls $3
*** TURN *** [8h 4s 9h] [5c]
Agrotait: bets $6
BAD-Chri$$y: raises $6 to $12
Agrotait: calls $6
*** RIVER *** [8h 4s 9h 5c] [8c]
Agrotait: checks
BAD-Chri$$y: checks
*** SHOW DOWN ***
Agrotait: shows [Js Jc] (two pair, Jacks and Eights)
BAD-Chri$$y: mucks hand
Agrotait collected $47.50 from pot
*** SUMMARY ***
Total pot $48 | Rake $0.50
Board [8h 4s 9h 5c 8c]
Seat 1: BAD-Chri$$y (button) (small blind) mucked
Seat 4: Agrotait (big blind) showed [Js Jc] and won ($47.50) with two pair, Jacks and Eights


PokerStars Hand #172547754116:  Hold'em Limit ($3/$6 USD) - 2017/07/03 7:29:44 ET
Table 'Mirnaya' 6-max Seat #1 is the button
Seat 1: BAD-Chri$$y ($63.44 in chips)
Seat 4: Agrotait ($113 in chips)
BAD-Chri$$y: posts small blind $1
Agrotait: posts big blind $3
*** HOLE CARDS ***
BAD-Chri$$y: calls $2
Agrotait: checks
*** FLOP *** [6c Kd 3d]
Agrotait: bets $3
BAD-Chri$$y: folds
Uncalled bet ($3) returned to Agrotait
Agrotait collected $5.88 from pot
Agrotait: doesn't show hand
*** SUMMARY ***
Total pot $6 | Rake $0.12
Board [6c Kd 3d]
Seat 1: BAD-Chri$$y (button) (small blind) folded on the Flop
Seat 4: Agrotait (big blind) collected ($5.88)


PokerStars Hand #172547738271:  Hold'em Limit ($3/$6 USD) - 2017/07/03 7:29:05 ET
Table 'Mirnaya' 6-max Seat #4 is the button
Seat 1: BAD-Chri$$y ($81.44 in chips)
Seat 4: Agrotait ($95.50 in chips)
Agrotait: posts small blind $1
BAD-Chri$$y: posts big blind $3
*** HOLE CARDS ***
Agrotait: raises $3 to $6
BAD-Chri$$y: raises $3 to $9
Agrotait: calls $3
*** FLOP *** [Ac Td 3d]
BAD-Chri$$y: checks
Agrotait: bets $3
BAD-Chri$$y: calls $3
*** TURN *** [Ac Td 3d] [7h]
BAD-Chri$$y: checks
Agrotait: checks
*** RIVER *** [Ac Td 3d 7h] [5h]
BAD-Chri$$y: checks
Agrotait: bets $6
BAD-Chri$$y: calls $6
*** SHOW DOWN ***
Agrotait: shows [Jh 7c] (a pair of Sevens)
BAD-Chri$$y: mucks hand
Agrotait collected $35.50 from pot
*** SUMMARY ***
Total pot $36 | Rake $0.50
Board [Ac Td 3d 7h 5h]
Seat 1: BAD-Chri$$y (big blind) mucked
Seat 4: Agrotait (button) (small blind) showed [Jh 7c] and won ($35.50) with a pair of Sevens


PokerStars Hand #172547781147:  Hold'em Limit ($3/$6 USD) - 2017/07/03 7:30:51 ET
Table 'Mirnaya' 6-max Seat #2 is the button
Seat 1: BAD-Chri$$y ($42.44 in chips)
Seat 2: Anchig ($117 in chips)
Anchig: posts small blind $1
BAD-Chri$$y: posts big blind $3
*** HOLE CARDS ***
Anchig: raises $3 to $6
BAD-Chri$$y: raises $3 to $9
Anchig: calls $3
*** FLOP *** [5d As 5h]
BAD-Chri$$y: bets $3
Anchig: raises $3 to $6
BAD-Chri$$y: calls $3
*** TURN *** [5d As 5h] [Jh]
BAD-Chri$$y: checks
Anchig: bets $6
BAD-Chri$$y: calls $6
*** RIVER *** [5d As 5h Jh] [Ah]
BAD-Chri$$y: checks
Anchig: checks
*** SHOW DOWN ***
BAD-Chri$$y: shows [4d 4c] (two pair, Aces and Fives)
Anchig: shows [6c Kc] (two pair, Aces and Fives - King kicker)
Anchig collected $41.50 from pot
*** SUMMARY ***
Total pot $42 | Rake $0.50
Board [5d As 5h Jh Ah]
Seat 1: BAD-Chri$$y (big blind) showed [4d 4c] and lost with two pair, Aces and Fives
Seat 2: Anchig (button) (small blind) showed [6c Kc] and won ($41.50) with two pair, Aces and Fives


PokerStars Hand #172547777925:  Hold'em Limit ($3/$6 USD) - 2017/07/03 7:30:44 ET
Table 'Mirnaya' 6-max Seat #1 is the button
Seat 1: BAD-Chri$$y ($39.44 in chips)
Seat 2: Anchig ($120 in chips)
BAD-Chri$$y: posts small blind $1
Anchig: posts big blind $3
*** HOLE CARDS ***
BAD-Chri$$y: raises $3 to $6
Anchig: folds
Uncalled bet ($3) returned to BAD-Chri$$y
Agrotait leaves the table
BAD-Chri$$y collected $6 from pot
BAD-Chri$$y: doesn't show hand
*** SUMMARY ***
Total pot $6 | Rake $0
Seat 1: BAD-Chri$$y (button) (small blind) collected ($6)
Seat 2: Anchig (big blind) folded before Flop


PokerStars Hand #172547760324:  Hold'em Limit ($3/$6 USD) - 2017/07/03 7:30:00 ET
Table 'Mirnaya' 6-max Seat #4 is the button
Seat 1: BAD-Chri$$y ($60.44 in chips)
Seat 4: Agrotait ($115.88 in chips)
Agrotait: posts small blind $1
BAD-Chri$$y: posts big blind $3
*** HOLE CARDS ***
Anchig joins the table at seat #2
Agrotait: raises $3 to $6
BAD-Chri$$y: calls $3
*** FLOP *** [2s 9h 6d]
BAD-Chri$$y: bets $3
Agrotait: calls $3
*** TURN *** [2s 9h 6d] [Ks]
BAD-Chri$$y: bets $6
Agrotait: calls $6
*** RIVER *** [2s 9h 6d Ks] [8h]
BAD-Chri$$y: checks
Agrotait: bets $6
BAD-Chri$$y: calls $6
*** SHOW DOWN ***
Agrotait: shows [5c 9d] (a pair of Nines)
BAD-Chri$$y: mucks hand
Agrotait collected $41.50 from pot
*** SUMMARY ***
Total pot $42 | Rake $0.50
Board [2s 9h 6d Ks 8h]
Seat 1: BAD-Chri$$y (big blind) mucked
Seat 4: Agrotait (button) (small blind) showed [5c 9d] and won ($41.50) with a pair of Nines


PokerStars Hand #172547807434:  Hold'em Limit ($3/$6 USD) - 2017/07/03 7:31:56 ET
Table 'Mirnaya' 6-max Seat #1 is the button
Seat 1: BAD-Chri$$y ($18.32 in chips)
Seat 2: Anchig ($140.26 in chips)
BAD-Chri$$y: posts small blind $1
Anchig: posts big blind $3
*** HOLE CARDS ***
BAD-Chri$$y: folds
Uncalled bet ($2) returned to Anchig
Anchig collected $2 from pot
Anchig: doesn't show hand
*** SUMMARY ***
Total pot $2 | Rake $0
Seat 1: BAD-Chri$$y (button) (small blind) folded before Flop
Seat 2: Anchig (big blind) collected ($2)


PokerStars Hand #172547805441:  Hold'em Limit ($3/$6 USD) - 2017/07/03 7:31:52 ET
Table 'Mirnaya' 6-max Seat #2 is the button
Seat 1: BAD-Chri$$y ($17.32 in chips)
Seat 2: Anchig ($141.26 in chips)
Anchig: posts small blind $1
BAD-Chri$$y: posts big blind $3
*** HOLE CARDS ***
Anchig: folds
Uncalled bet ($2) returned to BAD-Chri$$y
BAD-Chri$$y collected $2 from pot
BAD-Chri$$y: doesn't show hand
*** SUMMARY ***
Total pot $2 | Rake $0
Seat 1: BAD-Chri$$y (big blind) collected ($2)
Seat 2: Anchig (button) (small blind) folded before Flop


PokerStars Hand #172547801157:  Hold'em Limit ($3/$6 USD) - 2017/07/03 7:31:41 ET
Table 'Mirnaya' 6-max Seat #1 is the button
Seat 1: BAD-Chri$$y ($14.44 in chips)
Seat 2: Anchig ($144.26 in chips)
BAD-Chri$$y: posts small blind $1
Anchig: posts big blind $3
*** HOLE CARDS ***
BAD-Chri$$y: calls $2
Anchig: checks
*** FLOP *** [4h Jc 5s]
Anchig: checks
BAD-Chri$$y: bets $3
Anchig: folds
Uncalled bet ($3) returned to BAD-Chri$$y
BAD-Chri$$y collected $5.88 from pot
BAD-Chri$$y: doesn't show hand
*** SUMMARY ***
Total pot $6 | Rake $0.12
Board [4h Jc 5s]
Seat 1: BAD-Chri$$y (button) (small blind) collected ($5.88)
Seat 2: Anchig (big blind) folded on the Flop


PokerStars Hand #172547791767:  Hold'em Limit ($3/$6 USD) - 2017/07/03 7:31:17 ET
Table 'Mirnaya' 6-max Seat #2 is the button
Seat 1: BAD-Chri$$y ($20.44 in chips)
Seat 2: Anchig ($138.50 in chips)
Anchig: posts small blind $1
BAD-Chri$$y: posts big blind $3
*** HOLE CARDS ***
Anchig: raises $3 to $6
BAD-Chri$$y: calls $3
*** FLOP *** [5c Ac 9c]
BAD-Chri$$y: checks
Anchig: bets $3
BAD-Chri$$y: folds
Uncalled bet ($3) returned to Anchig
Anchig collected $11.76 from pot
Anchig: doesn't show hand
*** SUMMARY ***
Total pot $12 | Rake $0.24
Board [5c Ac 9c]
Seat 1: BAD-Chri$$y (big blind) folded on the Flop
Seat 2: Anchig (button) (small blind) collected ($11.76)


PokerStars Hand #172547789669:  Hold'em Limit ($3/$6 USD) - 2017/07/03 7:31:12 ET
Table 'Mirnaya' 6-max Seat #1 is the button
Seat 1: BAD-Chri$$y ($21.44 in chips)
Seat 2: Anchig ($137.50 in chips)
BAD-Chri$$y: posts small blind $1
Anchig: posts big blind $3
*** HOLE CARDS ***
BAD-Chri$$y: folds
Uncalled bet ($2) returned to Anchig
Anchig collected $2 from pot
Anchig: doesn't show hand
*** SUMMARY ***
Total pot $2 | Rake $0
Seat 1: BAD-Chri$$y (button) (small blind) folded before Flop
Seat 2: Anchig (big blind) collected ($2)


PokerStars Hand #172547826374:  Hold'em Limit ($3/$6 USD) - 2017/07/03 7:32:44 ET
Table 'Mirnaya' 6-max Seat #1 is the button
Seat 1: BAD-Chri$$y ($10.43 in chips)
Seat 2: Anchig ($147.46 in chips)
BAD-Chri$$y: posts small blind $1
Anchig: posts big blind $3
*** HOLE CARDS ***
BAD-Chri$$y: raises $3 to $6
Anchig: calls $3
*** FLOP *** [Qh Ad 9c]
Anchig: checks
BAD-Chri$$y: bets $3
Anchig: folds
Uncalled bet ($3) returned to BAD-Chri$$y
BAD-Chri$$y collected $11.76 from pot
BAD-Chri$$y: doesn't show hand
*** SUMMARY ***
Total pot $12 | Rake $0.24
Board [Qh Ad 9c]
Seat 1: BAD-Chri$$y (button) (small blind) collected ($11.76)
Seat 2: Anchig (big blind) folded on the Flop


PokerStars Hand #172547820385:  Hold'em Limit ($3/$6 USD) - 2017/07/03 7:32:29 ET
Table 'Mirnaya' 6-max Seat #2 is the button
Seat 1: BAD-Chri$$y ($5.32 in chips)
Seat 2: Anchig ($152.78 in chips)
Anchig: posts small blind $1
BAD-Chri$$y: posts big blind $3
*** HOLE CARDS ***
Anchig: raises $3 to $6
BAD-Chri$$y: calls $2.32 and is all-in
Uncalled bet ($0.68) returned to Anchig
*** FLOP *** [3d As Ts]
*** TURN *** [3d As Ts] [Th]
*** RIVER *** [3d As Ts Th] [Jc]
*** SHOW DOWN ***
BAD-Chri$$y: shows [Tc Ac] (a full house, Tens full of Aces)
Anchig: shows [2s 4s] (a pair of Tens)
BAD-Chri$$y collected $10.43 from pot
*** SUMMARY ***
Total pot $10.64 | Rake $0.21
Board [3d As Ts Th Jc]
Seat 1: BAD-Chri$$y (big blind) showed [Tc Ac] and won ($10.43) with a full house, Tens full of Aces
Seat 2: Anchig (button) (small blind) showed [2s 4s] and lost with a pair of Tens


PokerStars Hand #172547815395:  Hold'em Limit ($3/$6 USD) - 2017/07/03 7:32:16 ET
Table 'Mirnaya' 6-max Seat #1 is the button
Seat 1: BAD-Chri$$y ($11.32 in chips)
Seat 2: Anchig ($147.02 in chips)
BAD-Chri$$y: posts small blind $1
Anchig: posts big blind $3
*** HOLE CARDS ***
BAD-Chri$$y: calls $2
Anchig: raises $3 to $6
BAD-Chri$$y: calls $3
*** FLOP *** [Ac Ts Th]
Anchig: bets $3
BAD-Chri$$y: folds
Uncalled bet ($3) returned to Anchig
Anchig collected $11.76 from pot
Anchig: doesn't show hand
*** SUMMARY ***
Total pot $12 | Rake $0.24
Board [Ac Ts Th]
Seat 1: BAD-Chri$$y (button) (small blind) folded on the Flop
Seat 2: Anchig (big blind) collected ($11.76)


PokerStars Hand #172547810437:  Hold'em Limit ($3/$6 USD) - 2017/07/03 7:32:04 ET
Table 'Mirnaya' 6-max Seat #2 is the button
Seat 1: BAD-Chri$$y ($17.32 in chips)
Seat 2: Anchig ($141.26 in chips)
Anchig: posts small blind $1
BAD-Chri$$y: posts big blind $3
*** HOLE CARDS ***
Anchig: raises $3 to $6
BAD-Chri$$y: calls $3
*** FLOP *** [5s Th 9d]
BAD-Chri$$y: checks
Anchig: checks
*** TURN *** [5s Th 9d] [As]
BAD-Chri$$y: checks
Anchig: bets $6
BAD-Chri$$y: folds
Uncalled bet ($6) returned to Anchig
Anchig collected $11.76 from pot
Anchig: doesn't show hand
*** SUMMARY ***
Total pot $12 | Rake $0.24
Board [5s Th 9d As]
Seat 1: BAD-Chri$$y (big blind) folded on the Turn
Seat 2: Anchig (button) (small blind) collected ($11.76)


PokerStars Hand #172547854479:  Hold'em Limit ($3/$6 USD) - 2017/07/03 7:33:53 ET
Table 'Mirnaya' 6-max Seat #1 is the button
Seat 1: BAD-Chri$$y ($46.28 in chips)
Seat 2: Anchig ($110.27 in chips)
BAD-Chri$$y: posts small blind $1
Anchig: posts big blind $3
*** HOLE CARDS ***
BAD-Chri$$y: folds
Uncalled bet ($2) returned to Anchig
Anchig collected $2 from pot
Anchig: doesn't show hand
*** SUMMARY ***
Total pot $2 | Rake $0
Seat 1: BAD-Chri$$y (button) (small blind) folded before Flop
Seat 2: Anchig (big blind) collected ($2)


PokerStars Hand #172547848589:  Hold'em Limit ($3/$6 USD) - 2017/07/03 7:33:38 ET
Table 'Mirnaya' 6-max Seat #2 is the button
Seat 1: BAD-Chri$$y ($37.64 in chips)
Seat 2: Anchig ($119.27 in chips)
Anchig: posts small blind $1
BAD-Chri$$y: posts big blind $3
*** HOLE CARDS ***
Anchig: raises $3 to $6
BAD-Chri$$y: calls $3
*** FLOP *** [3s 2c Tc]
BAD-Chri$$y: checks
Anchig: bets $3
BAD-Chri$$y: calls $3
*** TURN *** [3s 2c Tc] [3h]
BAD-Chri$$y: checks
Anchig: checks
*** RIVER *** [3s 2c Tc 3h] [5s]
BAD-Chri$$y: bets $6
Anchig: folds
Uncalled bet ($6) returned to BAD-Chri$$y
BAD-Chri$$y collected $17.64 from pot
BAD-Chri$$y: doesn't show hand
*** SUMMARY ***
Total pot $18 | Rake $0.36
Board [3s 2c Tc 3h 5s]
Seat 1: BAD-Chri$$y (big blind) collected ($17.64)
Seat 2: Anchig (button) (small blind) folded on the River


PokerStars Hand #172547843736:  Hold'em Limit ($3/$6 USD) - 2017/07/03 7:33:26 ET
Table 'Mirnaya' 6-max Seat #1 is the button
Seat 1: BAD-Chri$$y ($31.88 in chips)
Seat 2: Anchig ($125.27 in chips)
BAD-Chri$$y: posts small blind $1
Anchig: posts big blind $3
*** HOLE CARDS ***
BAD-Chri$$y: calls $2
Anchig: checks
*** FLOP *** [8h 4d Kd]
Anchig: bets $3
BAD-Chri$$y: raises $3 to $6
Anchig: folds
Uncalled bet ($3) returned to BAD-Chri$$y
BAD-Chri$$y collected $11.76 from pot
BAD-Chri$$y: doesn't show hand
*** SUMMARY ***
Total pot $12 | Rake $0.24
Board [8h 4d Kd]
Seat 1: BAD-Chri$$y (button) (small blind) collected ($11.76)
Seat 2: Anchig (big blind) folded on the Flop


PokerStars Hand #172547832811:  Hold'em Limit ($3/$6 USD) - 2017/07/03 7:32:59 ET
Table 'Mirnaya' 6-max Seat #2 is the button
Seat 1: BAD-Chri$$y ($16.19 in chips)
Seat 2: Anchig ($141.46 in chips)
Anchig: posts small blind $1
BAD-Chri$$y: posts big blind $3
*** HOLE CARDS ***
Anchig: raises $3 to $6
BAD-Chri$$y: calls $3
*** FLOP *** [4h 4d 5d]
BAD-Chri$$y: checks
Anchig: bets $3
BAD-Chri$$y: calls $3
*** TURN *** [4h 4d 5d] [2h]
BAD-Chri$$y: checks
Anchig: bets $6
BAD-Chri$$y: raises $1.19 to $7.19 and is all-in
Anchig: calls $1.19
*** RIVER *** [4h 4d 5d 2h] [Ah]
*** SHOW DOWN ***
BAD-Chri$$y: shows [9d 4s] (three of a kind, Fours)
Anchig: shows [2d Ks] (two pair, Fours and Deuces)
BAD-Chri$$y collected $31.88 from pot
*** SUMMARY ***
Total pot $32.38 | Rake $0.50
Board [4h 4d 5d 2h Ah]
Seat 1: BAD-Chri$$y (big blind) showed [9d 4s] and won ($31.88) with three of a kind, Fours
Seat 2: Anchig (button) (small blind) showed [2d Ks] and lost with two pair, Fours and Deuces


PokerStars Hand #172547876557:  Hold'em Limit ($3/$6 USD) - 2017/07/03 7:34:47 ET
Table 'Mirnaya' 6-max Seat #1 is the button
Seat 1: BAD-Chri$$y ($44.78 in chips)
Seat 2: Anchig ($110.77 in chips)
BAD-Chri$$y: posts small blind $1
Anchig: posts big blind $3
*** HOLE CARDS ***
BAD-Chri$$y: calls $2
Anchig: checks
*** FLOP *** [Kh Ad Th]
Anchig: bets $3
BAD-Chri$$y: folds
Uncalled bet ($3) returned to Anchig
Anchig collected $5.88 from pot
Anchig: doesn't show hand
*** SUMMARY ***
Total pot $6 | Rake $0.12
Board [Kh Ad Th]
Seat 1: BAD-Chri$$y (button) (small blind) folded on the Flop
Seat 2: Anchig (big blind) collected ($5.88)


PokerStars Hand #172547874627:  Hold'em Limit ($3/$6 USD) - 2017/07/03 7:34:42 ET
Table 'Mirnaya' 6-max Seat #2 is the button
Seat 1: BAD-Chri$$y ($43.78 in chips)
Seat 2: Anchig ($111.77 in chips)
Anchig: posts small blind $1
BAD-Chri$$y: posts big blind $3
*** HOLE CARDS ***
Anchig: folds
Uncalled bet ($2) returned to BAD-Chri$$y
BAD-Chri$$y collected $2 from pot
BAD-Chri$$y: doesn't show hand
*** SUMMARY ***
Total pot $2 | Rake $0
Seat 1: BAD-Chri$$y (big blind) collected ($2)
Seat 2: Anchig (button) (small blind) folded before Flop


PokerStars Hand #172547871894:  Hold'em Limit ($3/$6 USD) - 2017/07/03 7:34:36 ET
Table 'Mirnaya' 6-max Seat #1 is the button
Seat 1: BAD-Chri$$y ($44.78 in chips)
Seat 2: Anchig ($110.77 in chips)
BAD-Chri$$y: posts small blind $1
Anchig: posts big blind $3
*** HOLE CARDS ***
BAD-Chri$$y: folds
Uncalled bet ($2) returned to Anchig
Anchig collected $2 from pot
Anchig: doesn't show hand
*** SUMMARY ***
Total pot $2 | Rake $0
Seat 1: BAD-Chri$$y (button) (small blind) folded before Flop
Seat 2: Anchig (big blind) collected ($2)


PokerStars Hand #172547869502:  Hold'em Limit ($3/$6 USD) - 2017/07/03 7:34:30 ET
Table 'Mirnaya' 6-max Seat #2 is the button
Seat 1: BAD-Chri$$y ($47.78 in chips)
Seat 2: Anchig ($107.77 in chips)
Anchig: posts small blind $1
BAD-Chri$$y: posts big blind $3
*** HOLE CARDS ***
Anchig: raises $3 to $6
BAD-Chri$$y: folds
Uncalled bet ($3) returned to Anchig
Anchig collected $6 from pot
Anchig: doesn't show hand
*** SUMMARY ***
Total pot $6 | Rake $0
Seat 1: BAD-Chri$$y (big blind) folded before Flop
Seat 2: Anchig (button) (small blind) collected ($6)


PokerStars Hand #172547864204:  Hold'em Limit ($3/$6 USD) - 2017/07/03 7:34:17 ET
Table 'Mirnaya' 6-max Seat #1 is the button
Seat 1: BAD-Chri$$y ($65.78 in chips)
Seat 2: Anchig ($90.27 in chips)
BAD-Chri$$y: posts small blind $1
Anchig: posts big blind $3
*** HOLE CARDS ***
BAD-Chri$$y: raises $3 to $6
Anchig: calls $3
*** FLOP *** [3c 9s 7s]
Anchig: checks
BAD-Chri$$y: checks
*** TURN *** [3c 9s 7s] [Jd]
Anchig: bets $6
BAD-Chri$$y: calls $6
*** RIVER *** [3c 9s 7s Jd] [6s]
Anchig: bets $6
BAD-Chri$$y: calls $6
*** SHOW DOWN ***
Anchig: shows [6h 9c] (two pair, Nines and Sixes)
BAD-Chri$$y: mucks hand
Anchig collected $35.50 from pot
*** SUMMARY ***
Total pot $36 | Rake $0.50
Board [3c 9s 7s Jd 6s]
Seat 1: BAD-Chri$$y (button) (small blind) mucked
Seat 2: Anchig (big blind) showed [6h 9c] and won ($35.50) with two pair, Nines and Sixes


PokerStars Hand #172547857883:  Hold'em Limit ($3/$6 USD) - 2017/07/03 7:34:01 ET
Table 'Mirnaya' 6-max Seat #2 is the button
Seat 1: BAD-Chri$$y ($45.28 in chips)
Seat 2: Anchig ($111.27 in chips)
Anchig: posts small blind $1
BAD-Chri$$y: posts big blind $3
*** HOLE CARDS ***
Anchig: raises $3 to $6
BAD-Chri$$y: calls $3
*** FLOP *** [9s 7s 3d]
BAD-Chri$$y: bets $3
Anchig: calls $3
*** TURN *** [9s 7s 3d] [3s]
BAD-Chri$$y: bets $6
Anchig: calls $6
*** RIVER *** [9s 7s 3d 3s] [4d]
BAD-Chri$$y: bets $6
Anchig: calls $6
*** SHOW DOWN ***
BAD-Chri$$y: shows [4c 7h] (two pair, Sevens and Fours)
Anchig: mucks hand
BAD-Chri$$y collected $41.50 from pot
*** SUMMARY ***
Total pot $42 | Rake $0.50
Board [9s 7s 3d 3s 4d]
Seat 1: BAD-Chri$$y (big blind) showed [4c 7h] and won ($41.50) with two pair, Sevens and Fours
Seat 2: Anchig (button) (small blind) mucked


PokerStars Hand #172547893945:  Hold'em Limit ($3/$6 USD) - 2017/07/03 7:35:29 ET
Table 'Mirnaya' 6-max Seat #1 is the button
Seat 1: BAD-Chri$$y ($10.78 in chips)
Seat 2: Anchig ($144.15 in chips)
BAD-Chri$$y: posts small blind $1
Anchig: posts big blind $3
*** HOLE CARDS ***
BAD-Chri$$y: calls $2
Anchig: raises $3 to $6
BAD-Chri$$y: calls $3
*** FLOP *** [9s Tc 8d]
Anchig: bets $3
BAD-Chri$$y: raises $1.78 to $4.78 and is all-in
Anchig: calls $1.78
*** TURN *** [9s Tc 8d] [4s]
*** RIVER *** [9s Tc 8d 4s] [Ah]
*** SHOW DOWN ***
Anchig: shows [Qc Js] (a straight, Eight to Queen)
BAD-Chri$$y: shows [2s Td] (a pair of Tens)
Anchig collected $21.13 from pot
*** SUMMARY ***
Total pot $21.56 | Rake $0.43
Board [9s Tc 8d 4s Ah]
Seat 1: BAD-Chri$$y (button) (small blind) showed [2s Td] and lost with a pair of Tens
Seat 2: Anchig (big blind) showed [Qc Js] and won ($21.13) with a straight, Eight to Queen


PokerStars Hand #172547891814:  Hold'em Limit ($3/$6 USD) - 2017/07/03 7:35:24 ET
Table 'Mirnaya' 6-max Seat #2 is the button
Seat 1: BAD-Chri$$y ($13.78 in chips)
Seat 2: Anchig ($141.15 in chips)
Anchig: posts small blind $1
BAD-Chri$$y: posts big blind $3
*** HOLE CARDS ***
Anchig: raises $3 to $6
BAD-Chri$$y: folds
Uncalled bet ($3) returned to Anchig
Anchig collected $6 from pot
Anchig: doesn't show hand
*** SUMMARY ***
Total pot $6 | Rake $0
Seat 1: BAD-Chri$$y (big blind) folded before Flop
Seat 2: Anchig (button) (small blind) collected ($6)


PokerStars Hand #172547889689:  Hold'em Limit ($3/$6 USD) - 2017/07/03 7:35:19 ET
Table 'Mirnaya' 6-max Seat #1 is the button
Seat 1: BAD-Chri$$y ($14.78 in chips)
Seat 2: Anchig ($140.15 in chips)
BAD-Chri$$y: posts small blind $1
Anchig: posts big blind $3
*** HOLE CARDS ***
BAD-Chri$$y: folds
Uncalled bet ($2) returned to Anchig
Anchig collected $2 from pot
Anchig: doesn't show hand
*** SUMMARY ***
Total pot $2 | Rake $0
Seat 1: BAD-Chri$$y (button) (small blind) folded before Flop
Seat 2: Anchig (big blind) collected ($2)


PokerStars Hand #172547881745:  Hold'em Limit ($3/$6 USD) - 2017/07/03 7:35:00 ET
Table 'Mirnaya' 6-max Seat #2 is the button
Seat 1: BAD-Chri$$y ($41.78 in chips)
Seat 2: Anchig ($113.65 in chips)
Anchig: posts small blind $1
BAD-Chri$$y: posts big blind $3
*** HOLE CARDS ***
Anchig: raises $3 to $6
BAD-Chri$$y: raises $3 to $9
Anchig: calls $3
*** FLOP *** [Qs 5d 4s]
BAD-Chri$$y: checks
Anchig: bets $3
BAD-Chri$$y: raises $3 to $6
Anchig: calls $3
*** TURN *** [Qs 5d 4s] [6s]
BAD-Chri$$y: bets $6
Anchig: raises $6 to $12
BAD-Chri$$y: calls $6
*** RIVER *** [Qs 5d 4s 6s] [8c]
BAD-Chri$$y: checks
Anchig: bets $6
BAD-Chri$$y: folds
Uncalled bet ($6) returned to Anchig
Anchig collected $53.50 from pot
Anchig: doesn't show hand
*** SUMMARY ***
Total pot $54 | Rake $0.50
Board [Qs 5d 4s 6s 8c]
Seat 1: BAD-Chri$$y (big blind) folded on the River
Seat 2: Anchig (button) (small blind) collected ($53.50)


