PokerStars Hand #170437750132:  Hold'em Limit ($3/$6 USD) - 2017/05/14 23:05:10 ET
Table 'Mirnaya' 6-max Seat #4 is the button
Seat 3: fugu82 ($270.60 in chips)
Seat 4: Plasssstic ($199.69 in chips)
Plasssstic: posts small blind $1
fugu82: posts big blind $3
*** HOLE CARDS ***
Plasssstic: raises $3 to $6
fugu82: calls $3
*** FLOP *** [Qc 5s 3d]
fugu82: checks
Plasssstic: checks
*** TURN *** [Qc 5s 3d] [Jc]
fugu82: bets $6
Plasssstic: raises $6 to $12
fugu82: calls $6
*** RIVER *** [Qc 5s 3d Jc] [7d]
fugu82: bets $6
Plasssstic: calls $6
*** SHOW DOWN ***
fugu82: shows [Th Jd] (a pair of Jacks)
Plasssstic: mucks hand
fugu82 collected $47.50 from pot
*** SUMMARY ***
Total pot $48 | Rake $0.50
Board [Qc 5s 3d Jc 7d]
Seat 3: fugu82 (big blind) showed [Th Jd] and won ($47.50) with a pair of Jacks
Seat 4: Plasssstic (button) (small blind) mucked


PokerStars Hand #170437768149:  Hold'em Limit ($3/$6 USD) - 2017/05/14 23:06:08 ET
Table 'Mirnaya' 6-max Seat #4 is the button
Seat 3: fugu82 ($263.60 in chips)
Seat 4: Plasssstic ($204.95 in chips)
Plasssstic: posts small blind $1
fugu82: posts big blind $3
*** HOLE CARDS ***
Plasssstic: raises $3 to $6
fugu82: raises $3 to $9
Plasssstic: calls $3
*** FLOP *** [Ks 8d 6h]
fugu82: bets $3
Plasssstic: calls $3
*** TURN *** [Ks 8d 6h] [7h]
fugu82: bets $6
Plasssstic: folds
Uncalled bet ($6) returned to fugu82
fugu82 collected $23.52 from pot
*** SUMMARY ***
Total pot $24 | Rake $0.48
Board [Ks 8d 6h 7h]
Seat 3: fugu82 (big blind) collected ($23.52)
Seat 4: Plasssstic (button) (small blind) folded on the Turn


PokerStars Hand #170437773087:  Hold'em Limit ($3/$6 USD) - 2017/05/14 23:06:25 ET
Table 'Mirnaya' 6-max Seat #4 is the button
Seat 3: fugu82 ($274.12 in chips)
Seat 4: Plasssstic ($193.95 in chips)
Plasssstic: posts small blind $1
fugu82: posts big blind $3
*** HOLE CARDS ***
Plasssstic: folds
Uncalled bet ($2) returned to fugu82
fugu82 collected $2 from pot
*** SUMMARY ***
Total pot $2 | Rake $0
Seat 3: fugu82 (big blind) collected ($2)
Seat 4: Plasssstic (button) (small blind) folded before Flop


PokerStars Hand #170437771650:  Hold'em Limit ($3/$6 USD) - 2017/05/14 23:06:20 ET
Table 'Mirnaya' 6-max Seat #3 is the button
Seat 3: fugu82 ($275.12 in chips)
Seat 4: Plasssstic ($192.95 in chips)
fugu82: posts small blind $1
Plasssstic: posts big blind $3
*** HOLE CARDS ***
fugu82: folds
Uncalled bet ($2) returned to Plasssstic
Plasssstic collected $2 from pot
Plasssstic: doesn't show hand
*** SUMMARY ***
Total pot $2 | Rake $0
Seat 3: fugu82 (button) (small blind) folded before Flop
Seat 4: Plasssstic (big blind) collected ($2)


PokerStars Hand #170437762574:  Hold'em Limit ($3/$6 USD) - 2017/05/14 23:05:50 ET
Table 'Mirnaya' 6-max Seat #3 is the button
Seat 3: fugu82 ($302.60 in chips)
Seat 4: Plasssstic ($166.45 in chips)
fugu82: posts small blind $1
Plasssstic: posts big blind $3
*** HOLE CARDS ***
fugu82: raises $3 to $6
Plasssstic: calls $3
*** FLOP *** [9c 2h 5d]
Plasssstic: bets $3
fugu82: calls $3
*** TURN *** [9c 2h 5d] [Th]
Plasssstic: bets $6
fugu82: raises $6 to $12
Plasssstic: raises $6 to $18
fugu82: raises $6 to $24
Betting is capped
Plasssstic: calls $6
*** RIVER *** [9c 2h 5d Th] [6h]
Plasssstic: bets $6
fugu82: calls $6
*** SHOW DOWN ***
Plasssstic: shows [3h 9h] (a flush, Ten high)
fugu82: shows [Ts 8s] (a pair of Tens)
Plasssstic collected $77.50 from pot
*** SUMMARY ***
Total pot $78 | Rake $0.50
Board [9c 2h 5d Th 6h]
Seat 3: fugu82 (button) (small blind) showed [Ts 8s] and lost with a pair of Tens
Seat 4: Plasssstic (big blind) showed [3h 9h] and won ($77.50) with a flush, Ten high


PokerStars Hand #170437759773:  Hold'em Limit ($3/$6 USD) - 2017/05/14 23:05:41 ET
Table 'Mirnaya' 6-max Seat #4 is the button
Seat 3: fugu82 ($308.60 in chips)
Seat 4: Plasssstic ($160.69 in chips)
Plasssstic: posts small blind $1
fugu82: posts big blind $3
*** HOLE CARDS ***
Plasssstic: raises $3 to $6
fugu82: calls $3
*** FLOP *** [Ac 9s 9h]
fugu82: checks
Plasssstic: bets $3
fugu82: folds
Uncalled bet ($3) returned to Plasssstic
Plasssstic collected $11.76 from pot
Plasssstic: doesn't show hand
*** SUMMARY ***
Total pot $12 | Rake $0.24
Board [Ac 9s 9h]
Seat 3: fugu82 (big blind) folded on the Flop
Seat 4: Plasssstic (button) (small blind) collected ($11.76)


PokerStars Hand #170437755260:  Hold'em Limit ($3/$6 USD) - 2017/05/14 23:05:26 ET
Table 'Mirnaya' 6-max Seat #3 is the button
Seat 3: fugu82 ($294.10 in chips)
Seat 4: Plasssstic ($175.69 in chips)
fugu82: posts small blind $1
Plasssstic: posts big blind $3
*** HOLE CARDS ***
fugu82: raises $3 to $6
Plasssstic: raises $3 to $9
fugu82: calls $3
*** FLOP *** [7s 9s 2s]
Plasssstic: bets $3
fugu82: raises $3 to $6
Plasssstic: calls $3
*** TURN *** [7s 9s 2s] [6c]
Plasssstic: checks
fugu82: bets $6
Plasssstic: folds
Uncalled bet ($6) returned to fugu82
fugu82 collected $29.50 from pot
*** SUMMARY ***
Total pot $30 | Rake $0.50
Board [7s 9s 2s 6c]
Seat 3: fugu82 (button) (small blind) collected ($29.50)
Seat 4: Plasssstic (big blind) folded on the Turn


PokerStars Hand #170437787619:  Hold'em Limit ($3/$6 USD) - 2017/05/14 23:07:12 ET
Table 'Mirnaya' 6-max Seat #3 is the button
Seat 3: fugu82 ($267 in chips)
Seat 4: Plasssstic ($200.59 in chips)
fugu82: posts small blind $1
Plasssstic: posts big blind $3
*** HOLE CARDS ***
fugu82: folds
Uncalled bet ($2) returned to Plasssstic
Plasssstic collected $2 from pot
Plasssstic: doesn't show hand
*** SUMMARY ***
Total pot $2 | Rake $0
Seat 3: fugu82 (button) (small blind) folded before Flop
Seat 4: Plasssstic (big blind) collected ($2)


PokerStars Hand #170437783606:  Hold'em Limit ($3/$6 USD) - 2017/05/14 23:06:59 ET
Table 'Mirnaya' 6-max Seat #4 is the button
Seat 3: fugu82 ($264.12 in chips)
Seat 4: Plasssstic ($203.59 in chips)
Plasssstic: posts small blind $1
fugu82: posts big blind $3
*** HOLE CARDS ***
Plasssstic: calls $2
fugu82: checks
*** FLOP *** [7h 7s 3d]
fugu82: checks
Plasssstic: checks
*** TURN *** [7h 7s 3d] [3h]
fugu82: bets $6
Plasssstic: folds
Uncalled bet ($6) returned to fugu82
fugu82 collected $5.88 from pot
*** SUMMARY ***
Total pot $6 | Rake $0.12
Board [7h 7s 3d 3h]
Seat 3: fugu82 (big blind) collected ($5.88)
Seat 4: Plasssstic (button) (small blind) folded on the Turn


PokerStars Hand #170437782264:  Hold'em Limit ($3/$6 USD) - 2017/05/14 23:06:55 ET
Table 'Mirnaya' 6-max Seat #3 is the button
Seat 3: fugu82 ($265.12 in chips)
Seat 4: Plasssstic ($202.59 in chips)
fugu82: posts small blind $1
Plasssstic: posts big blind $3
*** HOLE CARDS ***
fugu82: folds
Uncalled bet ($2) returned to Plasssstic
Plasssstic collected $2 from pot
Plasssstic: doesn't show hand
*** SUMMARY ***
Total pot $2 | Rake $0
Seat 3: fugu82 (button) (small blind) folded before Flop
Seat 4: Plasssstic (big blind) collected ($2)


PokerStars Hand #170437776107:  Hold'em Limit ($3/$6 USD) - 2017/05/14 23:06:35 ET
Table 'Mirnaya' 6-max Seat #4 is the button
Seat 3: fugu82 ($274.12 in chips)
Seat 4: Plasssstic ($193.95 in chips)
Plasssstic: posts small blind $1
fugu82: posts big blind $3
*** HOLE CARDS ***
Plasssstic: calls $2
fugu82: checks
*** FLOP *** [Ac Kd 6h]
fugu82: checks
Plasssstic: checks
*** TURN *** [Ac Kd 6h] [6c]
fugu82: bets $6
Plasssstic: calls $6
*** RIVER *** [Ac Kd 6h 6c] [7c]
fugu82: checks
Plasssstic: bets $6
fugu82: folds
Uncalled bet ($6) returned to Plasssstic
Plasssstic collected $17.64 from pot
Plasssstic: doesn't show hand
*** SUMMARY ***
Total pot $18 | Rake $0.36
Board [Ac Kd 6h 6c 7c]
Seat 3: fugu82 (big blind) folded on the River
Seat 4: Plasssstic (button) (small blind) collected ($17.64)


PokerStars Hand #170437774694:  Hold'em Limit ($3/$6 USD) - 2017/05/14 23:06:30 ET
Table 'Mirnaya' 6-max Seat #3 is the button
Seat 3: fugu82 ($275.12 in chips)
Seat 4: Plasssstic ($192.95 in chips)
fugu82: posts small blind $1
Plasssstic: posts big blind $3
*** HOLE CARDS ***
fugu82: folds
Uncalled bet ($2) returned to Plasssstic
Plasssstic collected $2 from pot
Plasssstic: doesn't show hand
*** SUMMARY ***
Total pot $2 | Rake $0
Seat 3: fugu82 (button) (small blind) folded before Flop
Seat 4: Plasssstic (big blind) collected ($2)


PokerStars Hand #170437804153:  Hold'em Limit ($3/$6 USD) - 2017/05/14 23:08:07 ET
Table 'Mirnaya' 6-max Seat #2 is the button
Seat 2: a.v.kopli ($71.99 in chips)
Seat 3: fugu82 ($262.01 in chips)
Brama Br will be allowed to play after the button
a.v.kopli: posts small blind $1
fugu82: posts big blind $3
*** HOLE CARDS ***
a.v.kopli: folds
Uncalled bet ($2) returned to fugu82
fugu82 collected $2 from pot
*** SUMMARY ***
Total pot $2 | Rake $0
Seat 2: a.v.kopli (button) (small blind) folded before Flop
Seat 3: fugu82 (big blind) collected ($2)


PokerStars Hand #170438609005:  Hold'em Limit ($3/$6 USD) - 2017/05/14 23:55:13 ET
Table 'Mirnaya' 6-max Seat #6 is the button
Seat 3: fugu82 ($100.66 in chips)
Seat 6: Agrotait ($78.76 in chips)
Agrotait: posts small blind $1
fugu82: posts big blind $3
*** HOLE CARDS ***
Agrotait: raises $3 to $6
fugu82: raises $3 to $9
Agrotait: calls $3
*** FLOP *** [Ac Qc As]
fugu82: bets $3
Agrotait: calls $3
*** TURN *** [Ac Qc As] [Ah]
fugu82: bets $6
Agrotait: calls $6
*** RIVER *** [Ac Qc As Ah] [9d]
fugu82: checks
Agrotait: bets $6
fugu82: calls $6
*** SHOW DOWN ***
Agrotait: shows [9c Qs] (a full house, Aces full of Queens)
fugu82: mucks hand
Agrotait collected $47.50 from pot
*** SUMMARY ***
Total pot $48 | Rake $0.50
Board [Ac Qc As Ah 9d]
Seat 3: fugu82 (big blind) mucked
Seat 6: Agrotait (button) (small blind) showed [9c Qs] and won ($47.50) with a full house, Aces full of Queens


PokerStars Hand #170438601874:  Hold'em Limit ($3/$6 USD) - 2017/05/14 23:54:45 ET
Table 'Mirnaya' 6-max Seat #6 is the button
Seat 3: fugu82 ($107.66 in chips)
Seat 6: Agrotait ($72 in chips)
Agrotait: posts small blind $1
fugu82: posts big blind $3
*** HOLE CARDS ***
Agrotait: folds
Uncalled bet ($2) returned to fugu82
fugu82 collected $2 from pot
*** SUMMARY ***
Total pot $2 | Rake $0
Seat 3: fugu82 (big blind) collected ($2)
Seat 6: Agrotait (button) (small blind) folded before Flop


PokerStars Hand #170438596280:  Hold'em Limit ($3/$6 USD) - 2017/05/14 23:54:24 ET
Table 'Mirnaya' 6-max Seat #3 is the button
Seat 3: fugu82 ($99.02 in chips)
Seat 6: Agrotait ($62.82 in chips)
fugu82: posts small blind $1
Agrotait: posts big blind $3
*** HOLE CARDS ***
fugu82: raises $3 to $6
Agrotait: calls $3
*** FLOP *** [Jd As 8h]
Agrotait: checks
fugu82: bets $3
Agrotait: calls $3
*** TURN *** [Jd As 8h] [6h]
Agrotait: checks
fugu82: bets $6
Agrotait: folds
Uncalled bet ($6) returned to fugu82
fugu82 collected $17.64 from pot
*** SUMMARY ***
Total pot $18 | Rake $0.36
Board [Jd As 8h 6h]
Seat 3: fugu82 (button) (small blind) collected ($17.64)
Seat 6: Agrotait (big blind) folded on the Turn


PokerStars Hand #170438603217:  Hold'em Limit ($3/$6 USD) - 2017/05/14 23:54:51 ET
Table 'Mirnaya' 6-max Seat #3 is the button
Seat 3: fugu82 ($108.66 in chips)
Seat 6: Agrotait ($71 in chips)
fugu82: posts small blind $1
Agrotait: posts big blind $3
*** HOLE CARDS ***
fugu82: folds
Uncalled bet ($2) returned to Agrotait
Agrotait collected $2 from pot
Agrotait: doesn't show hand
*** SUMMARY ***
Total pot $2 | Rake $0
Seat 3: fugu82 (button) (small blind) folded before Flop
Seat 6: Agrotait (big blind) collected ($2)


PokerStars Hand #170438607809:  Hold'em Limit ($3/$6 USD) - 2017/05/14 23:55:08 ET
Table 'Mirnaya' 6-max Seat #3 is the button
Seat 3: fugu82 ($101.66 in chips)
Seat 6: Agrotait ($77.76 in chips)
fugu82: posts small blind $1
Agrotait: posts big blind $3
*** HOLE CARDS ***
fugu82: folds
Uncalled bet ($2) returned to Agrotait
Agrotait collected $2 from pot
Agrotait: doesn't show hand
*** SUMMARY ***
Total pot $2 | Rake $0
Seat 3: fugu82 (button) (small blind) folded before Flop
Seat 6: Agrotait (big blind) collected ($2)


PokerStars Hand #170438604433:  Hold'em Limit ($3/$6 USD) - 2017/05/14 23:54:55 ET
Table 'Mirnaya' 6-max Seat #6 is the button
Seat 3: fugu82 ($107.66 in chips)
Seat 6: Agrotait ($72 in chips)
Agrotait: posts small blind $1
fugu82: posts big blind $3
*** HOLE CARDS ***
Agrotait: raises $3 to $6
fugu82: calls $3
*** FLOP *** [8s 3h Jh]
fugu82: checks
Agrotait: checks
*** TURN *** [8s 3h Jh] [7d]
fugu82: checks
Agrotait: bets $6
fugu82: folds
Uncalled bet ($6) returned to Agrotait
Agrotait collected $11.76 from pot
Agrotait: doesn't show hand
*** SUMMARY ***
Total pot $12 | Rake $0.24
Board [8s 3h Jh 7d]
Seat 3: fugu82 (big blind) folded on the Turn
Seat 6: Agrotait (button) (small blind) collected ($11.76)


PokerStars Hand #170438627111:  Hold'em Limit ($3/$6 USD) - 2017/05/14 23:56:31 ET
Table 'Mirnaya' 6-max Seat #6 is the button
Seat 3: fugu82 ($55.66 in chips)
Seat 6: Agrotait ($122.76 in chips)
Agrotait: posts small blind $1
fugu82: posts big blind $3
*** HOLE CARDS ***
Agrotait: raises $3 to $6
fugu82: calls $3
*** FLOP *** [9h 6s Js]
fugu82: checks
Agrotait: bets $3
fugu82: folds
Uncalled bet ($3) returned to Agrotait
Agrotait collected $11.76 from pot
Agrotait: doesn't show hand
*** SUMMARY ***
Total pot $12 | Rake $0.24
Board [9h 6s Js]
Seat 3: fugu82 (big blind) folded on the Flop
Seat 6: Agrotait (button) (small blind) collected ($11.76)


PokerStars Hand #170438616148:  Hold'em Limit ($3/$6 USD) - 2017/05/14 23:55:43 ET
Table 'Mirnaya' 6-max Seat #3 is the button
Seat 3: fugu82 ($76.66 in chips)
Seat 6: Agrotait ($102.26 in chips)
fugu82: posts small blind $1
Agrotait: posts big blind $3
*** HOLE CARDS ***
fugu82: raises $3 to $6
Agrotait: calls $3
*** FLOP *** [Th 4h 2d]
Agrotait: checks
fugu82: bets $3
Agrotait: calls $3
*** TURN *** [Th 4h 2d] [8d]
Agrotait: checks
fugu82: bets $6
Agrotait: calls $6
*** RIVER *** [Th 4h 2d 8d] [Ks]
Agrotait: checks
fugu82: bets $6
Agrotait: raises $6 to $12
fugu82: folds
Uncalled bet ($6) returned to Agrotait
Agrotait collected $41.50 from pot
Agrotait: doesn't show hand
*** SUMMARY ***
Total pot $42 | Rake $0.50
Board [Th 4h 2d 8d Ks]
Seat 3: fugu82 (button) (small blind) folded on the River
Seat 6: Agrotait (big blind) collected ($41.50)


PokerStars Hand #170438641054:  Hold'em Limit ($3/$6 USD) - 2017/05/14 23:57:32 ET
Table 'Mirnaya' 6-max Seat #3 is the button
Seat 3: fugu82 ($56.42 in chips)
Seat 6: Agrotait ($121.52 in chips)
fugu82: posts small blind $1
Agrotait: posts big blind $3
*** HOLE CARDS ***
fugu82: folds
Uncalled bet ($2) returned to Agrotait
Agrotait collected $2 from pot
Agrotait: doesn't show hand
*** SUMMARY ***
Total pot $2 | Rake $0
Seat 3: fugu82 (button) (small blind) folded before Flop
Seat 6: Agrotait (big blind) collected ($2)


PokerStars Hand #170438639707:  Hold'em Limit ($3/$6 USD) - 2017/05/14 23:57:26 ET
Table 'Mirnaya' 6-max Seat #6 is the button
Seat 3: fugu82 ($55.42 in chips)
Seat 6: Agrotait ($122.52 in chips)
Agrotait: posts small blind $1
fugu82: posts big blind $3
*** HOLE CARDS ***
Agrotait: folds
Uncalled bet ($2) returned to fugu82
fugu82 collected $2 from pot
*** SUMMARY ***
Total pot $2 | Rake $0
Seat 3: fugu82 (big blind) collected ($2)
Seat 6: Agrotait (button) (small blind) folded before Flop


PokerStars Hand #170438629869:  Hold'em Limit ($3/$6 USD) - 2017/05/14 23:56:43 ET
Table 'Mirnaya' 6-max Seat #3 is the button
Seat 3: fugu82 ($49.66 in chips)
Seat 6: Agrotait ($128.52 in chips)
fugu82: posts small blind $1
Agrotait: posts big blind $3
*** HOLE CARDS ***
fugu82: raises $3 to $6
Agrotait: calls $3
*** FLOP *** [Ac 7d 6h]
Agrotait: checks
fugu82: bets $3
Agrotait: folds
Uncalled bet ($3) returned to fugu82
fugu82 collected $11.76 from pot
*** SUMMARY ***
Total pot $12 | Rake $0.24
Board [Ac 7d 6h]
Seat 3: fugu82 (button) (small blind) collected ($11.76)
Seat 6: Agrotait (big blind) folded on the Flop


PokerStars Hand #170438642201:  Hold'em Limit ($3/$6 USD) - 2017/05/14 23:57:37 ET
Table 'Mirnaya' 6-max Seat #6 is the button
Seat 3: fugu82 ($55.42 in chips)
Seat 6: Agrotait ($122.52 in chips)
Agrotait: posts small blind $1
fugu82: posts big blind $3
*** HOLE CARDS ***
Agrotait: raises $3 to $6
fugu82: calls $3
*** FLOP *** [Jh 4h Qs]
fugu82: checks
Agrotait: bets $3
fugu82: folds
Uncalled bet ($3) returned to Agrotait
Agrotait collected $11.76 from pot
Agrotait: doesn't show hand
*** SUMMARY ***
Total pot $12 | Rake $0.24
Board [Jh 4h Qs]
Seat 3: fugu82 (big blind) folded on the Flop
Seat 6: Agrotait (button) (small blind) collected ($11.76)


PokerStars Hand #170438645565:  Hold'em Limit ($3/$6 USD) - 2017/05/14 23:57:52 ET
Table 'Mirnaya' 6-max Seat #3 is the button
Seat 3: fugu82 ($49.42 in chips)
Seat 6: Agrotait ($128.28 in chips)
fugu82: posts small blind $1
Agrotait: posts big blind $3
*** HOLE CARDS ***
fugu82: raises $3 to $6
Agrotait: calls $3
*** FLOP *** [Ad 4h As]
Agrotait: checks
fugu82: bets $3
Agrotait: calls $3
*** TURN *** [Ad 4h As] [5c]
Agrotait: checks
fugu82: bets $6
Agrotait: calls $6
*** RIVER *** [Ad 4h As 5c] [Jh]
Agrotait: checks
fugu82: bets $6
Agrotait: calls $6
*** SHOW DOWN ***
fugu82: shows [Jd Ah] (a full house, Aces full of Jacks)
Agrotait: mucks hand
fugu82 collected $41.50 from pot
*** SUMMARY ***
Total pot $42 | Rake $0.50
Board [Ad 4h As 5c Jh]
Seat 3: fugu82 (button) (small blind) showed [Jd Ah] and won ($41.50) with a full house, Aces full of Jacks
Seat 6: Agrotait (big blind) mucked


PokerStars Hand #170438651388:  Hold'em Limit ($3/$6 USD) - 2017/05/14 23:58:17 ET
Table 'Mirnaya' 6-max Seat #3 is the button
Seat 3: fugu82 ($70.92 in chips)
Seat 6: Agrotait ($106.28 in chips)
fugu82: posts small blind $1
Agrotait: posts big blind $3
*** HOLE CARDS ***
fugu82: folds
Uncalled bet ($2) returned to Agrotait
Agrotait collected $2 from pot
Agrotait: doesn't show hand
*** SUMMARY ***
Total pot $2 | Rake $0
Seat 3: fugu82 (button) (small blind) folded before Flop
Seat 6: Agrotait (big blind) collected ($2)


PokerStars Hand #170438650018:  Hold'em Limit ($3/$6 USD) - 2017/05/14 23:58:12 ET
Table 'Mirnaya' 6-max Seat #6 is the button
Seat 3: fugu82 ($69.92 in chips)
Seat 6: Agrotait ($107.28 in chips)
Agrotait: posts small blind $1
fugu82: posts big blind $3
*** HOLE CARDS ***
Agrotait: folds
Uncalled bet ($2) returned to fugu82
fugu82 collected $2 from pot
*** SUMMARY ***
Total pot $2 | Rake $0
Seat 3: fugu82 (big blind) collected ($2)
Seat 6: Agrotait (button) (small blind) folded before Flop


PokerStars Hand #170438652449:  Hold'em Limit ($3/$6 USD) - 2017/05/14 23:58:22 ET
Table 'Mirnaya' 6-max Seat #6 is the button
Seat 3: fugu82 ($69.92 in chips)
Seat 6: Agrotait ($107.28 in chips)
Agrotait: posts small blind $1
fugu82: posts big blind $3
*** HOLE CARDS ***
Agrotait: raises $3 to $6
fugu82: calls $3
*** FLOP *** [3s 8d 5d]
fugu82: checks
Agrotait: bets $3
degal76 joins the table at seat #2
fugu82: raises $3 to $6
degal76 leaves the table
Agrotait: calls $3
*** TURN *** [3s 8d 5d] [Jd]
fugu82: bets $6
Agrotait: calls $6
*** RIVER *** [3s 8d 5d Jd] [9h]
fugu82: bets $6
Agrotait: calls $6
*** SHOW DOWN ***
fugu82: shows [2h 4h] (high card Jack)
Agrotait: shows [4d 4c] (a pair of Fours)
Agrotait collected $47.50 from pot
*** SUMMARY ***
Total pot $48 | Rake $0.50
Board [3s 8d 5d Jd 9h]
Seat 3: fugu82 (big blind) showed [2h 4h] and lost with high card Jack
Seat 6: Agrotait (button) (small blind) showed [4d 4c] and won ($47.50) with a pair of Fours


PokerStars Hand #170438661279:  Hold'em Limit ($3/$6 USD) - 2017/05/14 23:59:00 ET
Table 'Mirnaya' 6-max Seat #3 is the button
Seat 3: fugu82 ($45.92 in chips)
Seat 6: Agrotait ($130.78 in chips)
fugu82: posts small blind $1
Agrotait: posts big blind $3
*** HOLE CARDS ***
fugu82: raises $3 to $6
Agrotait: calls $3
*** FLOP *** [4h Ac 2d]
Agrotait: checks
fugu82: bets $3
Agrotait: calls $3
*** TURN *** [4h Ac 2d] [Jc]
Agrotait: checks
fugu82: bets $6
Agrotait: folds
Uncalled bet ($6) returned to fugu82
fugu82 collected $17.64 from pot
*** SUMMARY ***
Total pot $18 | Rake $0.36
Board [4h Ac 2d Jc]
Seat 3: fugu82 (button) (small blind) collected ($17.64)
Seat 6: Agrotait (big blind) folded on the Turn


PokerStars Hand #170438669443:  Hold'em Limit ($3/$6 USD) - 2017/05/14 23:59:36 ET
Table 'Mirnaya' 6-max Seat #6 is the button
Seat 3: fugu82 ($54.56 in chips)
Seat 6: Agrotait ($121.78 in chips)
Agrotait: posts small blind $1
fugu82: posts big blind $3
*** HOLE CARDS ***
Agrotait: raises $3 to $6
fugu82: calls $3
*** FLOP *** [Jd Td 6d]
fugu82: checks
Agrotait: bets $3
fugu82: calls $3
*** TURN *** [Jd Td 6d] [3c]
fugu82: checks
Agrotait: checks
*** RIVER *** [Jd Td 6d 3c] [6s]
fugu82: bets $6
Agrotait: calls $6
*** SHOW DOWN ***
fugu82: shows [7c 9s] (a pair of Sixes)
Agrotait: shows [Ac 5c] (a pair of Sixes - Ace kicker)
Agrotait collected $29.50 from pot
*** SUMMARY ***
Total pot $30 | Rake $0.50
Board [Jd Td 6d 3c 6s]
Seat 3: fugu82 (big blind) showed [7c 9s] and lost with a pair of Sixes
Seat 6: Agrotait (button) (small blind) showed [Ac 5c] and won ($29.50) with a pair of Sixes


PokerStars Hand #170438679385:  Hold'em Limit ($3/$6 USD) - 2017/05/15 0:00:18 ET
Table 'Mirnaya' 6-max Seat #3 is the button
Seat 3: fugu82 ($39.56 in chips)
Seat 6: Agrotait ($136.28 in chips)
fugu82: posts small blind $1
Agrotait: posts big blind $3
*** HOLE CARDS ***
fugu82: raises $3 to $6
Agrotait: calls $3
*** FLOP *** [Qc Jd 3s]
Agrotait: checks
fugu82: bets $3
Agrotait: calls $3
*** TURN *** [Qc Jd 3s] [Th]
Agrotait: checks
fugu82: bets $6
Agrotait: raises $6 to $12
fugu82: folds
Uncalled bet ($6) returned to Agrotait
Agrotait collected $29.50 from pot
Agrotait: doesn't show hand
*** SUMMARY ***
Total pot $30 | Rake $0.50
Board [Qc Jd 3s Th]
Seat 3: fugu82 (button) (small blind) folded on the Turn
Seat 6: Agrotait (big blind) collected ($29.50)


PokerStars Hand #170438683891:  Hold'em Limit ($3/$6 USD) - 2017/05/15 0:00:37 ET
Table 'Mirnaya' 6-max Seat #6 is the button
Seat 3: fugu82 ($24.56 in chips)
Seat 6: Agrotait ($150.78 in chips)
Agrotait: posts small blind $1
fugu82: posts big blind $3
*** HOLE CARDS ***
Agrotait: raises $3 to $6
fugu82: calls $3
*** FLOP *** [8d 3c As]
fugu82: checks
Agrotait: bets $3
fugu82: folds
Uncalled bet ($3) returned to Agrotait
Agrotait collected $11.76 from pot
Agrotait: doesn't show hand
*** SUMMARY ***
Total pot $12 | Rake $0.24
Board [8d 3c As]
Seat 3: fugu82 (big blind) folded on the Flop
Seat 6: Agrotait (button) (small blind) collected ($11.76)


PokerStars Hand #170438689131:  Hold'em Limit ($3/$6 USD) - 2017/05/15 0:00:58 ET
Table 'Mirnaya' 6-max Seat #3 is the button
Seat 3: fugu82 ($18.56 in chips)
Seat 6: Agrotait ($156.54 in chips)
fugu82: posts small blind $1
Agrotait: posts big blind $3
*** HOLE CARDS ***
fugu82: raises $3 to $6
Agrotait: calls $3
*** FLOP *** [As 5h Js]
Agrotait: checks
fugu82: bets $3
Agrotait: raises $3 to $6
fugu82: raises $3 to $9
Agrotait: raises $3 to $12
Betting is capped
fugu82: calls $3
*** TURN *** [As 5h Js] [7d]
Agrotait: bets $6
fugu82: calls $0.56 and is all-in
Uncalled bet ($5.44) returned to Agrotait
*** RIVER *** [As 5h Js 7d] [Ad]
*** SHOW DOWN ***
Agrotait: shows [7s 5s] (two pair, Aces and Sevens)
fugu82: shows [Jd 8h] (two pair, Aces and Jacks)
fugu82 collected $36.62 from pot
*** SUMMARY ***
Total pot $37.12 | Rake $0.50
Board [As 5h Js 7d Ad]
Seat 3: fugu82 (button) (small blind) showed [Jd 8h] and won ($36.62) with two pair, Aces and Jacks
Seat 6: Agrotait (big blind) showed [7s 5s] and lost with two pair, Aces and Sevens


PokerStars Hand #170438711805:  Hold'em Limit ($3/$6 USD) - 2017/05/15 0:02:28 ET
Table 'Mirnaya' 6-max Seat #3 is the button
Seat 3: fugu82 ($60.12 in chips)
Seat 6: Agrotait ($113.98 in chips)
fugu82: posts small blind $1
Agrotait: posts big blind $3
*** HOLE CARDS ***
fugu82: folds
Uncalled bet ($2) returned to Agrotait
Agrotait collected $2 from pot
Agrotait: doesn't show hand
*** SUMMARY ***
Total pot $2 | Rake $0
Seat 3: fugu82 (button) (small blind) folded before Flop
Seat 6: Agrotait (big blind) collected ($2)


PokerStars Hand #170438697815:  Hold'em Limit ($3/$6 USD) - 2017/05/15 0:01:33 ET
Table 'Mirnaya' 6-max Seat #6 is the button
Seat 3: fugu82 ($36.62 in chips)
Seat 6: Agrotait ($137.98 in chips)
Agrotait: posts small blind $1
fugu82: posts big blind $3
*** HOLE CARDS ***
Agrotait: raises $3 to $6
fugu82: raises $3 to $9
Agrotait: calls $3
*** FLOP *** [7h 6h 4c]
fugu82: bets $3
Agrotait: calls $3
*** TURN *** [7h 6h 4c] [2d]
fugu82: bets $6
Agrotait: calls $6
*** RIVER *** [7h 6h 4c 2d] [9c]
fugu82: bets $6
Agrotait: calls $6
*** SHOW DOWN ***
fugu82: shows [8d 8s] (a pair of Eights)
Agrotait: mucks hand
fugu82 collected $47.50 from pot
*** SUMMARY ***
Total pot $48 | Rake $0.50
Board [7h 6h 4c 2d 9c]
Seat 3: fugu82 (big blind) showed [8d 8s] and won ($47.50) with a pair of Eights
Seat 6: Agrotait (button) (small blind) mucked


PokerStars Hand #170438727788:  Hold'em Limit ($3/$6 USD) - 2017/05/15 0:03:30 ET
Table 'Mirnaya' 6-max Seat #3 is the button
Seat 3: fugu82 ($60.76 in chips)
Seat 6: Agrotait ($112.74 in chips)
fugu82: posts small blind $1
Agrotait: posts big blind $3
*** HOLE CARDS ***
fugu82: folds
Uncalled bet ($2) returned to Agrotait
Agrotait collected $2 from pot
Agrotait: doesn't show hand
*** SUMMARY ***
Total pot $2 | Rake $0
Seat 3: fugu82 (button) (small blind) folded before Flop
Seat 6: Agrotait (big blind) collected ($2)


PokerStars Hand #170438723266:  Hold'em Limit ($3/$6 USD) - 2017/05/15 0:03:12 ET
Table 'Mirnaya' 6-max Seat #6 is the button
Seat 3: fugu82 ($63.76 in chips)
Seat 6: Agrotait ($109.74 in chips)
Agrotait: posts small blind $1
fugu82: posts big blind $3
*** HOLE CARDS ***
Agrotait: raises $3 to $6
fugu82: folds
Uncalled bet ($3) returned to Agrotait
Agrotait collected $6 from pot
Agrotait: doesn't show hand
*** SUMMARY ***
Total pot $6 | Rake $0
Seat 3: fugu82 (big blind) folded before Flop
Seat 6: Agrotait (button) (small blind) collected ($6)


PokerStars Hand #170438722128:  Hold'em Limit ($3/$6 USD) - 2017/05/15 0:03:08 ET
Table 'Mirnaya' 6-max Seat #3 is the button
Seat 3: fugu82 ($64.76 in chips)
Seat 6: Agrotait ($108.74 in chips)
fugu82: posts small blind $1
Agrotait: posts big blind $3
*** HOLE CARDS ***
fugu82: folds
Uncalled bet ($2) returned to Agrotait
Agrotait collected $2 from pot
Agrotait: doesn't show hand
*** SUMMARY ***
Total pot $2 | Rake $0
Seat 3: fugu82 (button) (small blind) folded before Flop
Seat 6: Agrotait (big blind) collected ($2)


PokerStars Hand #170438719553:  Hold'em Limit ($3/$6 USD) - 2017/05/15 0:02:58 ET
Table 'Mirnaya' 6-max Seat #6 is the button
Seat 3: fugu82 ($70.76 in chips)
Seat 6: Agrotait ($102.98 in chips)
Agrotait: posts small blind $1
fugu82: posts big blind $3
*** HOLE CARDS ***
Agrotait: raises $3 to $6
fugu82: calls $3
*** FLOP *** [3c 9d 7d]
fugu82: checks
Agrotait: bets $3
fugu82: folds
Uncalled bet ($3) returned to Agrotait
Agrotait collected $11.76 from pot
Agrotait: doesn't show hand
*** SUMMARY ***
Total pot $12 | Rake $0.24
Board [3c 9d 7d]
Seat 3: fugu82 (big blind) folded on the Flop
Seat 6: Agrotait (button) (small blind) collected ($11.76)


PokerStars Hand #170438717965:  Hold'em Limit ($3/$6 USD) - 2017/05/15 0:02:52 ET
Table 'Mirnaya' 6-max Seat #3 is the button
Seat 3: fugu82 ($67.76 in chips)
Seat 6: Agrotait ($105.98 in chips)
fugu82: posts small blind $1
Agrotait: posts big blind $3
*** HOLE CARDS ***
fugu82: raises $3 to $6
Agrotait: folds
Uncalled bet ($3) returned to fugu82
fugu82 collected $6 from pot
*** SUMMARY ***
Total pot $6 | Rake $0
Seat 3: fugu82 (button) (small blind) collected ($6)
Seat 6: Agrotait (big blind) folded before Flop


PokerStars Hand #170438713210:  Hold'em Limit ($3/$6 USD) - 2017/05/15 0:02:34 ET
Table 'Mirnaya' 6-max Seat #6 is the button
Seat 3: fugu82 ($59.12 in chips)
Seat 6: Agrotait ($114.98 in chips)
Agrotait: posts small blind $1
fugu82: posts big blind $3
*** HOLE CARDS ***
Agrotait: raises $3 to $6
fugu82: raises $3 to $9
Agrotait: calls $3
*** FLOP *** [Jc 3d Kd]
fugu82: bets $3
Agrotait: folds
Uncalled bet ($3) returned to fugu82
fugu82 collected $17.64 from pot
*** SUMMARY ***
Total pot $18 | Rake $0.36
Board [Jc 3d Kd]
Seat 3: fugu82 (big blind) collected ($17.64)
Seat 6: Agrotait (button) (small blind) folded on the Flop


PokerStars Hand #170438738303:  Hold'em Limit ($3/$6 USD) - 2017/05/15 0:04:10 ET
Table 'Mirnaya' 6-max Seat #3 is the button
Seat 3: fugu82 ($35.76 in chips)
Seat 6: Agrotait ($137.24 in chips)
fugu82: posts small blind $1
Agrotait: posts big blind $3
*** HOLE CARDS ***
fugu82: folds
Uncalled bet ($2) returned to Agrotait
Agrotait collected $2 from pot
Agrotait: doesn't show hand
*** SUMMARY ***
Total pot $2 | Rake $0
Seat 3: fugu82 (button) (small blind) folded before Flop
Seat 6: Agrotait (big blind) collected ($2)


PokerStars Hand #170438729006:  Hold'em Limit ($3/$6 USD) - 2017/05/15 0:03:34 ET
Table 'Mirnaya' 6-max Seat #6 is the button
Seat 3: fugu82 ($59.76 in chips)
Seat 6: Agrotait ($113.74 in chips)
Agrotait: posts small blind $1
fugu82: posts big blind $3
*** HOLE CARDS ***
Agrotait: raises $3 to $6
fugu82: calls $3
*** FLOP *** [3d 9h 8s]
fugu82: checks
Agrotait: bets $3
fugu82: raises $3 to $6
Agrotait: calls $3
*** TURN *** [3d 9h 8s] [6h]
fugu82: bets $6
Agrotait: calls $6
*** RIVER *** [3d 9h 8s 6h] [6d]
fugu82: bets $6
Agrotait: calls $6
*** SHOW DOWN ***
fugu82: shows [Td Qs] (a pair of Sixes)
Agrotait: shows [9d 7s] (two pair, Nines and Sixes)
Agrotait collected $47.50 from pot
*** SUMMARY ***
Total pot $48 | Rake $0.50
Board [3d 9h 8s 6h 6d]
Seat 3: fugu82 (big blind) showed [Td Qs] and lost with a pair of Sixes
Seat 6: Agrotait (button) (small blind) showed [9d 7s] and won ($47.50) with two pair, Nines and Sixes


PokerStars Hand #170438756630:  Hold'em Limit ($3/$6 USD) - 2017/05/15 0:05:22 ET
Table 'Mirnaya' 6-max Seat #6 is the button
Seat 3: fugu82 ($75.76 in chips)
Seat 6: Agrotait ($96.24 in chips)
Agrotait: posts small blind $1
fugu82: posts big blind $3
*** HOLE CARDS ***
Agrotait: raises $3 to $6
fugu82: calls $3
*** FLOP *** [6s 3c 9s]
fugu82: checks
Agrotait: checks
*** TURN *** [6s 3c 9s] [Jd]
fugu82: checks
Agrotait: checks
*** RIVER *** [6s 3c 9s Jd] [6h]
fugu82: bets $6
Agrotait: calls $6
*** SHOW DOWN ***
fugu82: shows [Kc 4d] (a pair of Sixes)
Agrotait: shows [7d Kd] (a pair of Sixes)
fugu82 collected $11.76 from pot
Agrotait collected $11.76 from pot
*** SUMMARY ***
Total pot $24 | Rake $0.48
Board [6s 3c 9s Jd 6h]
Seat 3: fugu82 (big blind) showed [Kc 4d] and won ($11.76) with a pair of Sixes
Seat 6: Agrotait (button) (small blind) showed [7d Kd] and won ($11.76) with a pair of Sixes


PokerStars Hand #170438750090:  Hold'em Limit ($3/$6 USD) - 2017/05/15 0:04:57 ET
Table 'Mirnaya' 6-max Seat #3 is the button
Seat 3: fugu82 ($52.26 in chips)
Seat 6: Agrotait ($120.24 in chips)
fugu82: posts small blind $1
Agrotait: posts big blind $3
*** HOLE CARDS ***
fugu82: raises $3 to $6
Agrotait: calls $3
*** FLOP *** [2h Jc 9h]
Agrotait: checks
fugu82: bets $3
Agrotait: raises $3 to $6
fugu82: calls $3
*** TURN *** [2h Jc 9h] [Js]
Agrotait: bets $6
fugu82: calls $6
*** RIVER *** [2h Jc 9h Js] [Ad]
Agrotait: checks
fugu82: bets $6
Agrotait: calls $6
*** SHOW DOWN ***
fugu82: shows [3c As] (two pair, Aces and Jacks)
Agrotait: mucks hand
fugu82 collected $47.50 from pot
*** SUMMARY ***
Total pot $48 | Rake $0.50
Board [2h Jc 9h Js Ad]
Seat 3: fugu82 (button) (small blind) showed [3c As] and won ($47.50) with two pair, Aces and Jacks
Seat 6: Agrotait (big blind) mucked


PokerStars Hand #170438739521:  Hold'em Limit ($3/$6 USD) - 2017/05/15 0:04:15 ET
Table 'Mirnaya' 6-max Seat #6 is the button
Seat 3: fugu82 ($34.76 in chips)
Seat 6: Agrotait ($138.24 in chips)
Agrotait: posts small blind $1
fugu82: posts big blind $3
*** HOLE CARDS ***
Agrotait: raises $3 to $6
fugu82: calls $3
*** FLOP *** [4d 3d 4c]
fugu82: checks
Agrotait: checks
*** TURN *** [4d 3d 4c] [7s]
fugu82: bets $6
Agrotait: calls $6
*** RIVER *** [4d 3d 4c 7s] [9d]
fugu82: bets $6
Agrotait: calls $6
*** SHOW DOWN ***
fugu82: shows [5d 9h] (two pair, Nines and Fours)
Agrotait: mucks hand
fugu82 collected $35.50 from pot
*** SUMMARY ***
Total pot $36 | Rake $0.50
Board [4d 3d 4c 7s 9d]
Seat 3: fugu82 (big blind) showed [5d 9h] and won ($35.50) with two pair, Nines and Fours
Seat 6: Agrotait (button) (small blind) mucked


PokerStars Hand #170438764856:  Hold'em Limit ($3/$6 USD) - 2017/05/15 0:05:54 ET
Table 'Mirnaya' 6-max Seat #6 is the button
Seat 3: fugu82 ($78.52 in chips)
Seat 6: Agrotait ($93 in chips)
Agrotait: posts small blind $1
fugu82: posts big blind $3
*** HOLE CARDS ***
Agrotait: raises $3 to $6
fugu82: raises $3 to $9
Agrotait: raises $3 to $12
Betting is capped
fugu82: calls $3
*** FLOP *** [2h 4h 7c]
fugu82: checks
Agrotait: bets $3
fugu82: calls $3
*** TURN *** [2h 4h 7c] [6s]
fugu82: checks
Agrotait: checks
*** RIVER *** [2h 4h 7c 6s] [3c]
fugu82: bets $6
Agrotait: calls $6
*** SHOW DOWN ***
fugu82: shows [Kd Js] (high card King)
Agrotait: shows [Kh Ac] (high card Ace)
Agrotait collected $41.50 from pot
*** SUMMARY ***
Total pot $42 | Rake $0.50
Board [2h 4h 7c 6s 3c]
Seat 3: fugu82 (big blind) showed [Kd Js] and lost with high card King
Seat 6: Agrotait (button) (small blind) showed [Kh Ac] and won ($41.50) with high card Ace


PokerStars Hand #170438762840:  Hold'em Limit ($3/$6 USD) - 2017/05/15 0:05:46 ET
Table 'Mirnaya' 6-max Seat #3 is the button
Seat 3: fugu82 ($75.52 in chips)
Seat 6: Agrotait ($96 in chips)
fugu82: posts small blind $1
Agrotait: posts big blind $3
*** HOLE CARDS ***
fugu82: raises $3 to $6
Agrotait: folds
Uncalled bet ($3) returned to fugu82
fugu82 collected $6 from pot
*** SUMMARY ***
Total pot $6 | Rake $0
Seat 3: fugu82 (button) (small blind) collected ($6)
Seat 6: Agrotait (big blind) folded before Flop


PokerStars Hand #170438775955:  Hold'em Limit ($3/$6 USD) - 2017/05/15 0:06:37 ET
Table 'Mirnaya' 6-max Seat #3 is the button
Seat 3: fugu82 ($57.52 in chips)
Seat 6: Agrotait ($113.50 in chips)
fugu82: posts small blind $1
Agrotait: posts big blind $3
*** HOLE CARDS ***
fugu82: raises $3 to $6
Agrotait: raises $3 to $9
fugu82: raises $3 to $12
Betting is capped
Agrotait: calls $3
*** FLOP *** [Jh 9s 4d]
Agrotait: checks
fugu82: bets $3
Agrotait: calls $3
*** TURN *** [Jh 9s 4d] [2s]
Agrotait: checks
fugu82: bets $6
Agrotait: calls $6
*** RIVER *** [Jh 9s 4d 2s] [3h]
Agrotait: checks
fugu82: bets $6
Agrotait: calls $6
*** SHOW DOWN ***
fugu82: shows [7c 7h] (a pair of Sevens)
Agrotait: mucks hand
fugu82 collected $53.50 from pot
*** SUMMARY ***
Total pot $54 | Rake $0.50
Board [Jh 9s 4d 2s 3h]
Seat 3: fugu82 (button) (small blind) showed [7c 7h] and won ($53.50) with a pair of Sevens
Seat 6: Agrotait (big blind) mucked


PokerStars Hand #170438801535:  Hold'em Limit ($3/$6 USD) - 2017/05/15 0:08:18 ET
Table 'Mirnaya' 6-max Seat #3 is the button
Seat 3: fugu82 ($91.52 in chips)
Seat 6: Agrotait ($78.26 in chips)
fugu82: posts small blind $1
Agrotait: posts big blind $3
*** HOLE CARDS ***
fugu82: folds
Uncalled bet ($2) returned to Agrotait
Agrotait collected $2 from pot
Agrotait: doesn't show hand
*** SUMMARY ***
Total pot $2 | Rake $0
Seat 3: fugu82 (button) (small blind) folded before Flop
Seat 6: Agrotait (big blind) collected ($2)


PokerStars Hand #170438797390:  Hold'em Limit ($3/$6 USD) - 2017/05/15 0:08:02 ET
Table 'Mirnaya' 6-max Seat #3 is the button
Seat 3: fugu82 ($98.52 in chips)
Seat 6: Agrotait ($71.50 in chips)
fugu82: posts small blind $1
Agrotait: posts big blind $3
*** HOLE CARDS ***
fugu82: folds
Uncalled bet ($2) returned to Agrotait
Agrotait collected $2 from pot
Agrotait: doesn't show hand
*** SUMMARY ***
Total pot $2 | Rake $0
Seat 3: fugu82 (button) (small blind) folded before Flop
Seat 6: Agrotait (big blind) collected ($2)


PokerStars Hand #170438792052:  Hold'em Limit ($3/$6 USD) - 2017/05/15 0:07:41 ET
Table 'Mirnaya' 6-max Seat #6 is the button
Seat 3: fugu82 ($84.02 in chips)
Seat 6: Agrotait ($86.50 in chips)
Agrotait: posts small blind $1
fugu82: posts big blind $3
*** HOLE CARDS ***
Agrotait: raises $3 to $6
fugu82: raises $3 to $9
Agrotait: calls $3
*** FLOP *** [9s Ks 4h]
fugu82: bets $3
Agrotait: raises $3 to $6
fugu82: calls $3
*** TURN *** [9s Ks 4h] [Jc]
fugu82: checks
Agrotait: checks
*** RIVER *** [9s Ks 4h Jc] [Qd]
fugu82: bets $6
Agrotait: folds
Uncalled bet ($6) returned to fugu82
fugu82 collected $29.50 from pot
*** SUMMARY ***
Total pot $30 | Rake $0.50
Board [9s Ks 4h Jc Qd]
Seat 3: fugu82 (big blind) collected ($29.50)
Seat 6: Agrotait (button) (small blind) folded on the River


PokerStars Hand #170438816212:  Hold'em Limit ($3/$6 USD) - 2017/05/15 0:09:16 ET
Table 'Mirnaya' 6-max Seat #3 is the button
Seat 3: fugu82 ($99.02 in chips)
Seat 6: Agrotait ($89.28 in chips)
fugu82: posts small blind $1
Agrotait: posts big blind $3
*** HOLE CARDS ***
fugu82: raises $3 to $6
Agrotait: raises $3 to $9
fugu82: raises $3 to $12
Betting is capped
Agrotait: calls $3
*** FLOP *** [3h 9d 4s]
Agrotait: checks
fugu82: bets $3
Agrotait: calls $3
*** TURN *** [3h 9d 4s] [2s]
Agrotait: checks
fugu82: bets $6
Agrotait: raises $6 to $12
fugu82: calls $6
*** RIVER *** [3h 9d 4s 2s] [9h]
Agrotait: bets $6
fugu82: calls $6
*** SHOW DOWN ***
Agrotait: shows [5c 6c] (a straight, Deuce to Six)
fugu82: mucks hand
Agrotait collected $65.50 from pot
*** SUMMARY ***
Total pot $66 | Rake $0.50
Board [3h 9d 4s 2s 9h]
Seat 3: fugu82 (button) (small blind) mucked
Seat 6: Agrotait (big blind) showed [5c 6c] and won ($65.50) with a straight, Deuce to Six


PokerStars Hand #170438813391:  Hold'em Limit ($3/$6 USD) - 2017/05/15 0:09:05 ET
Table 'Mirnaya' 6-max Seat #6 is the button
Seat 3: fugu82 ($105.02 in chips)
Seat 6: Agrotait ($83.52 in chips)
Agrotait: posts small blind $1
fugu82: posts big blind $3
*** HOLE CARDS ***
Agrotait: raises $3 to $6
fugu82: calls $3
*** FLOP *** [6d 2h Ad]
fugu82: checks
Agrotait: bets $3
fugu82: folds
Uncalled bet ($3) returned to Agrotait
Agrotait collected $11.76 from pot
Agrotait: doesn't show hand
*** SUMMARY ***
Total pot $12 | Rake $0.24
Board [6d 2h Ad]
Seat 3: fugu82 (big blind) folded on the Flop
Seat 6: Agrotait (button) (small blind) collected ($11.76)


PokerStars Hand #170438809284:  Hold'em Limit ($3/$6 USD) - 2017/05/15 0:08:49 ET
Table 'Mirnaya' 6-max Seat #3 is the button
Seat 3: fugu82 ($117.02 in chips)
Seat 6: Agrotait ($72 in chips)
fugu82: posts small blind $1
Agrotait: posts big blind $3
*** HOLE CARDS ***
fugu82: raises $3 to $6
Agrotait: calls $3
*** FLOP *** [9d Td Ts]
Agrotait: checks
fugu82: bets $3
Agrotait: raises $3 to $6
fugu82: calls $3
*** TURN *** [9d Td Ts] [Kh]
Agrotait: bets $6
fugu82: folds
Uncalled bet ($6) returned to Agrotait
Agrotait collected $23.52 from pot
Agrotait: doesn't show hand
*** SUMMARY ***
Total pot $24 | Rake $0.48
Board [9d Td Ts Kh]
Seat 3: fugu82 (button) (small blind) folded on the Turn
Seat 6: Agrotait (big blind) collected ($23.52)


PokerStars Hand #170438802756:  Hold'em Limit ($3/$6 USD) - 2017/05/15 0:08:23 ET
Table 'Mirnaya' 6-max Seat #6 is the button
Seat 3: fugu82 ($90.52 in chips)
Seat 6: Agrotait ($79.26 in chips)
Agrotait: posts small blind $1
fugu82: posts big blind $3
*** HOLE CARDS ***
Agrotait: raises $3 to $6
fugu82: raises $3 to $9
Agrotait: calls $3
*** FLOP *** [2c Ac 9h]
fugu82: bets $3
Agrotait: raises $3 to $6
fugu82: calls $3
*** TURN *** [2c Ac 9h] [4h]
fugu82: checks
Agrotait: bets $6
fugu82: raises $6 to $12
Agrotait: calls $6
*** RIVER *** [2c Ac 9h 4h] [Qd]
fugu82: bets $6
Agrotait: folds
Uncalled bet ($6) returned to fugu82
fugu82 collected $53.50 from pot
*** SUMMARY ***
Total pot $54 | Rake $0.50
Board [2c Ac 9h 4h Qd]
Seat 3: fugu82 (big blind) collected ($53.50)
Seat 6: Agrotait (button) (small blind) folded on the River


PokerStars Hand #170438827829:  Hold'em Limit ($3/$6 USD) - 2017/05/15 0:10:03 ET
Table 'Mirnaya' 6-max Seat #3 is the button
Seat 3: fugu82 ($42.02 in chips)
Seat 6: Agrotait ($145.28 in chips)
fugu82: posts small blind $1
Agrotait: posts big blind $3
*** HOLE CARDS ***
fugu82: folds
Uncalled bet ($2) returned to Agrotait
Agrotait collected $2 from pot
Agrotait: doesn't show hand
*** SUMMARY ***
Total pot $2 | Rake $0
Seat 3: fugu82 (button) (small blind) folded before Flop
Seat 6: Agrotait (big blind) collected ($2)


PokerStars Hand #170438822261:  Hold'em Limit ($3/$6 USD) - 2017/05/15 0:09:40 ET
Table 'Mirnaya' 6-max Seat #6 is the button
Seat 3: fugu82 ($66.02 in chips)
Seat 6: Agrotait ($121.78 in chips)
Agrotait: posts small blind $1
fugu82: posts big blind $3
*** HOLE CARDS ***
Agrotait: raises $3 to $6
fugu82: calls $3
*** FLOP *** [5c 5h 4c]
fugu82: checks
Agrotait: bets $3
fugu82: raises $3 to $6
Agrotait: calls $3
*** TURN *** [5c 5h 4c] [Ad]
fugu82: bets $6
Agrotait: calls $6
*** RIVER *** [5c 5h 4c Ad] [Tc]
fugu82: bets $6
Agrotait: calls $6
*** SHOW DOWN ***
fugu82: shows [4h Ts] (two pair, Tens and Fives)
Agrotait: shows [7c As] (two pair, Aces and Fives)
Agrotait collected $47.50 from pot
*** SUMMARY ***
Total pot $48 | Rake $0.50
Board [5c 5h 4c Ad Tc]
Seat 3: fugu82 (big blind) showed [4h Ts] and lost with two pair, Tens and Fives
Seat 6: Agrotait (button) (small blind) showed [7c As] and won ($47.50) with two pair, Aces and Fives


PokerStars Hand #170438829005:  Hold'em Limit ($3/$6 USD) - 2017/05/15 0:10:07 ET
Table 'Mirnaya' 6-max Seat #6 is the button
Seat 3: fugu82 ($41.02 in chips)
Seat 6: Agrotait ($146.28 in chips)
Agrotait: posts small blind $1
fugu82: posts big blind $3
*** HOLE CARDS ***
Agrotait: raises $3 to $6
fugu82: calls $3
*** FLOP *** [7c 5c 9h]
fugu82: checks
Agrotait: checks
*** TURN *** [7c 5c 9h] [7h]
fugu82: bets $6
Agrotait: calls $6
*** RIVER *** [7c 5c 9h 7h] [3d]
fugu82: bets $6
Agrotait: calls $6
*** SHOW DOWN ***
fugu82: shows [Th 5d] (two pair, Sevens and Fives)
Agrotait: mucks hand
fugu82 collected $35.50 from pot
*** SUMMARY ***
Total pot $36 | Rake $0.50
Board [7c 5c 9h 7h 3d]
Seat 3: fugu82 (big blind) showed [Th 5d] and won ($35.50) with two pair, Sevens and Fives
Seat 6: Agrotait (button) (small blind) mucked


PokerStars Hand #170438833078:  Hold'em Limit ($3/$6 USD) - 2017/05/15 0:10:23 ET
Table 'Mirnaya' 6-max Seat #3 is the button
Seat 3: fugu82 ($58.52 in chips)
Seat 6: Agrotait ($128.28 in chips)
fugu82: posts small blind $1
Agrotait: posts big blind $3
*** HOLE CARDS ***
fugu82: raises $3 to $6
Agrotait: raises $3 to $9
fugu82: calls $3
*** FLOP *** [2d 8c Qc]
Agrotait: bets $3
fugu82 is disconnected
fugu82 is connected
fugu82 has timed out
fugu82: folds
Uncalled bet ($3) returned to Agrotait
Agrotait collected $17.64 from pot
Agrotait: doesn't show hand
*** SUMMARY ***
Total pot $18 | Rake $0.36
Board [2d 8c Qc]
Seat 3: fugu82 (button) (small blind) folded on the Flop
Seat 6: Agrotait (big blind) collected ($17.64)


PokerStars Hand #170438864229:  Hold'em Limit ($3/$6 USD) - 2017/05/15 0:12:26 ET
Table 'Mirnaya' 6-max Seat #6 is the button
Seat 3: fugu82 ($49.52 in chips)
Seat 6: Agrotait ($136.92 in chips)
Agrotait: posts small blind $1
fugu82: posts big blind $3
*** HOLE CARDS ***
Agrotait: raises $3 to $6
fugu82: raises $3 to $9
Agrotait: calls $3
*** FLOP *** [2s 7d Qs]
fugu82 is disconnected
fugu82 has timed out while disconnected
fugu82: checks
Agrotait: bets $3
fugu82 is connected
fugu82 has timed out
fugu82: folds
Uncalled bet ($3) returned to Agrotait
Agrotait collected $17.64 from pot
Agrotait: doesn't show hand
*** SUMMARY ***
Total pot $18 | Rake $0.36
Board [2s 7d Qs]
Seat 3: fugu82 (big blind) folded on the Flop
Seat 6: Agrotait (button) (small blind) collected ($17.64)


