PokerStars Hand #172133442355:  Hold'em Limit ($3/$6 USD) - 2017/06/23 8:35:29 ET
Table 'Mirnaya II' 6-max Seat #3 is the button
Seat 3: hassan67 ($120 in chips)
Seat 4: Agrotait ($72 in chips)
hassan67: posts small blind $1
Agrotait: posts big blind $3
*** HOLE CARDS ***
hassan67: raises $3 to $6
Agrotait: calls $3
*** FLOP *** [Ad Qd Qs]
Agrotait: checks
hassan67: bets $3
Agrotait: folds
Uncalled bet ($3) returned to hassan67
hassan67 collected $11.76 from pot
hassan67: doesn't show hand
*** SUMMARY ***
Total pot $12 | Rake $0.24
Board [Ad Qd Qs]
Seat 3: hassan67 (button) (small blind) collected ($11.76)
Seat 4: Agrotait (big blind) folded on the Flop


PokerStars Hand #172133459708:  Hold'em Limit ($3/$6 USD) - 2017/06/23 8:36:08 ET
Table 'Mirnaya II' 6-max Seat #4 is the button
Seat 3: hassan67 ($125.76 in chips)
Seat 4: Agrotait ($66 in chips)
Agrotait: posts small blind $1
hassan67: posts big blind $3
*** HOLE CARDS ***
Agrotait: raises $3 to $6
hassan67: calls $3
*** FLOP *** [Qh Ad Th]
hassan67: checks
Agrotait: checks
*** TURN *** [Qh Ad Th] [Ks]
hassan67: bets $6
Agrotait: folds
Uncalled bet ($6) returned to hassan67
hassan67 collected $11.76 from pot
hassan67: doesn't show hand
*** SUMMARY ***
Total pot $12 | Rake $0.24
Board [Qh Ad Th Ks]
Seat 3: hassan67 (big blind) collected ($11.76)
Seat 4: Agrotait (button) (small blind) folded on the Turn


PokerStars Hand #172133475306:  Hold'em Limit ($3/$6 USD) - 2017/06/23 8:36:42 ET
Table 'Mirnaya II' 6-max Seat #3 is the button
Seat 3: hassan67 ($131.52 in chips)
Seat 4: Agrotait ($60 in chips)
hassan67: posts small blind $1
Agrotait: posts big blind $3
*** HOLE CARDS ***
hassan67: raises $3 to $6
Agrotait: calls $3
*** FLOP *** [Qd 9h 7s]
Agrotait: checks
hassan67: bets $3
Agrotait: raises $3 to $6
hassan67: calls $3
*** TURN *** [Qd 9h 7s] [6h]
Agrotait: bets $6
hassan67: calls $6
*** RIVER *** [Qd 9h 7s 6h] [9s]
Agrotait: bets $6
hassan67: raises $6 to $12
Agrotait: folds
Uncalled bet ($6) returned to hassan67
hassan67 collected $47.50 from pot
hassan67: doesn't show hand
*** SUMMARY ***
Total pot $48 | Rake $0.50
Board [Qd 9h 7s 6h 9s]
Seat 3: hassan67 (button) (small blind) collected ($47.50)
Seat 4: Agrotait (big blind) folded on the River


PokerStars Hand #172133504224:  Hold'em Limit ($3/$6 USD) - 2017/06/23 8:37:46 ET
Table 'Mirnaya II' 6-max Seat #3 is the button
Seat 3: hassan67 ($152.02 in chips)
Seat 4: Agrotait ($75 in chips)
hassan67: posts small blind $1
Agrotait: posts big blind $3
*** HOLE CARDS ***
hassan67: folds
Uncalled bet ($2) returned to Agrotait
Agrotait collected $2 from pot
Agrotait: doesn't show hand
*** SUMMARY ***
Total pot $2 | Rake $0
Seat 3: hassan67 (button) (small blind) folded before Flop
Seat 4: Agrotait (big blind) collected ($2)


PokerStars Hand #172133499878:  Hold'em Limit ($3/$6 USD) - 2017/06/23 8:37:36 ET
Table 'Mirnaya II' 6-max Seat #4 is the button
Seat 3: hassan67 ($155.02 in chips)
Seat 4: Agrotait ($72 in chips)
Agrotait: posts small blind $1
hassan67: posts big blind $3
*** HOLE CARDS ***
Agrotait: raises $3 to $6
hassan67: folds
Uncalled bet ($3) returned to Agrotait
Agrotait collected $6 from pot
Agrotait: doesn't show hand
*** SUMMARY ***
Total pot $6 | Rake $0
Seat 3: hassan67 (big blind) folded before Flop
Seat 4: Agrotait (button) (small blind) collected ($6)


PokerStars Hand #172133507073:  Hold'em Limit ($3/$6 USD) - 2017/06/23 8:37:52 ET
Table 'Mirnaya II' 6-max Seat #4 is the button
Seat 3: hassan67 ($151.02 in chips)
Seat 4: Agrotait ($76 in chips)
Agrotait: posts small blind $1
hassan67: posts big blind $3
*** HOLE CARDS ***
Agrotait: raises $3 to $6
hassan67: folds
Uncalled bet ($3) returned to Agrotait
Agrotait collected $6 from pot
Agrotait: doesn't show hand
*** SUMMARY ***
Total pot $6 | Rake $0
Seat 3: hassan67 (big blind) folded before Flop
Seat 4: Agrotait (button) (small blind) collected ($6)


PokerStars Hand #172133531725:  Hold'em Limit ($3/$6 USD) - 2017/06/23 8:38:46 ET
Table 'Mirnaya II' 6-max Seat #4 is the button
Seat 3: hassan67 ($153.78 in chips)
Seat 4: Agrotait ($73 in chips)
Agrotait: posts small blind $1
hassan67: posts big blind $3
*** HOLE CARDS ***
Agrotait: raises $3 to $6
hassan67: folds
Uncalled bet ($3) returned to Agrotait
Agrotait collected $6 from pot
Agrotait: doesn't show hand
*** SUMMARY ***
Total pot $6 | Rake $0
Seat 3: hassan67 (big blind) folded before Flop
Seat 4: Agrotait (button) (small blind) collected ($6)


PokerStars Hand #172133513778:  Hold'em Limit ($3/$6 USD) - 2017/06/23 8:38:06 ET
Table 'Mirnaya II' 6-max Seat #3 is the button
Seat 3: hassan67 ($148.02 in chips)
Seat 4: Agrotait ($79 in chips)
hassan67: posts small blind $1
Agrotait: posts big blind $3
*** HOLE CARDS ***
hassan67: raises $3 to $6
Agrotait: calls $3
*** FLOP *** [8h Qc Jc]
Agrotait: checks
hassan67: bets $3
Agrotait: folds
Uncalled bet ($3) returned to hassan67
hassan67 collected $11.76 from pot
hassan67: doesn't show hand
*** SUMMARY ***
Total pot $12 | Rake $0.24
Board [8h Qc Jc]
Seat 3: hassan67 (button) (small blind) collected ($11.76)
Seat 4: Agrotait (big blind) folded on the Flop


PokerStars Hand #172133536760:  Hold'em Limit ($3/$6 USD) - 2017/06/23 8:38:57 ET
Table 'Mirnaya II' 6-max Seat #3 is the button
Seat 3: hassan67 ($150.78 in chips)
Seat 4: Agrotait ($76 in chips)
hassan67: posts small blind $1
Agrotait: posts big blind $3
*** HOLE CARDS ***
hassan67: raises $3 to $6
Agrotait: raises $3 to $9
hassan67: calls $3
*** FLOP *** [7s 6h 3d]
Agrotait: bets $3
hassan67: calls $3
*** TURN *** [7s 6h 3d] [9s]
Agrotait: bets $6
hassan67: calls $6
*** RIVER *** [7s 6h 3d 9s] [Th]
Agrotait: bets $6
hassan67: raises $6 to $12
Agrotait: raises $6 to $18
hassan67: calls $6
*** SHOW DOWN ***
Agrotait: shows [Jh 8h] (a straight, Seven to Jack)
hassan67: mucks hand
Agrotait collected $71.50 from pot
*** SUMMARY ***
Total pot $72 | Rake $0.50
Board [7s 6h 3d 9s Th]
Seat 3: hassan67 (button) (small blind) mucked
Seat 4: Agrotait (big blind) showed [Jh 8h] and won ($71.50) with a straight, Seven to Jack


PokerStars Hand #172133555037:  Hold'em Limit ($3/$6 USD) - 2017/06/23 8:39:37 ET
Table 'Mirnaya II' 6-max Seat #4 is the button
Seat 3: hassan67 ($114.78 in chips)
Seat 4: Agrotait ($111.50 in chips)
Agrotait: posts small blind $1
hassan67: posts big blind $3
*** HOLE CARDS ***
Agrotait: raises $3 to $6
hassan67: calls $3
*** FLOP *** [Td Ad Ac]
hassan67: checks
Agrotait: bets $3
hassan67: calls $3
*** TURN *** [Td Ad Ac] [6d]
hassan67: checks
Agrotait: bets $6
hassan67: raises $6 to $12
Agrotait: calls $6
*** RIVER *** [Td Ad Ac 6d] [Qc]
hassan67: bets $6
Agrotait: calls $6
*** SHOW DOWN ***
hassan67: shows [Qd 4d] (a flush, Ace high)
Agrotait: mucks hand
hassan67 collected $53.50 from pot
*** SUMMARY ***
Total pot $54 | Rake $0.50
Board [Td Ad Ac 6d Qc]
Seat 3: hassan67 (big blind) showed [Qd 4d] and won ($53.50) with a flush, Ace high
Seat 4: Agrotait (button) (small blind) mucked


PokerStars Hand #172133571042:  Hold'em Limit ($3/$6 USD) - 2017/06/23 8:40:11 ET
Table 'Mirnaya II' 6-max Seat #3 is the button
Seat 3: hassan67 ($141.28 in chips)
Seat 4: Agrotait ($84.50 in chips)
hassan67: posts small blind $1
Agrotait: posts big blind $3
*** HOLE CARDS ***
hassan67: raises $3 to $6
Agrotait: raises $3 to $9
hassan67: calls $3
*** FLOP *** [3d 5h 7d]
Agrotait: bets $3
hassan67: calls $3
*** TURN *** [3d 5h 7d] [7s]
Agrotait: bets $6
hassan67: calls $6
*** RIVER *** [3d 5h 7d 7s] [Th]
Agrotait: bets $6
hassan67: calls $6
*** SHOW DOWN ***
Agrotait: shows [Ac Ad] (two pair, Aces and Sevens)
hassan67: mucks hand
Agrotait collected $47.50 from pot
*** SUMMARY ***
Total pot $48 | Rake $0.50
Board [3d 5h 7d 7s Th]
Seat 3: hassan67 (button) (small blind) mucked
Seat 4: Agrotait (big blind) showed [Ac Ad] and won ($47.50) with two pair, Aces and Sevens


PokerStars Hand #172133618198:  Hold'em Limit ($3/$6 USD) - 2017/06/23 8:41:54 ET
Table 'Mirnaya II' 6-max Seat #3 is the button
Seat 3: hassan67 ($139.54 in chips)
Seat 4: Agrotait ($85 in chips)
hassan67: posts small blind $1
Agrotait: posts big blind $3
*** HOLE CARDS ***
hassan67: folds
Uncalled bet ($2) returned to Agrotait
Agrotait collected $2 from pot
Agrotait: doesn't show hand
*** SUMMARY ***
Total pot $2 | Rake $0
Seat 3: hassan67 (button) (small blind) folded before Flop
Seat 4: Agrotait (big blind) collected ($2)


PokerStars Hand #172133609909:  Hold'em Limit ($3/$6 USD) - 2017/06/23 8:41:36 ET
Table 'Mirnaya II' 6-max Seat #3 is the button
Seat 3: hassan67 ($134.78 in chips)
Seat 4: Agrotait ($90 in chips)
hassan67: posts small blind $1
Agrotait: posts big blind $3
*** HOLE CARDS ***
hassan67: folds
Uncalled bet ($2) returned to Agrotait
Agrotait collected $2 from pot
Agrotait: doesn't show hand
*** SUMMARY ***
Total pot $2 | Rake $0
Seat 3: hassan67 (button) (small blind) folded before Flop
Seat 4: Agrotait (big blind) collected ($2)


PokerStars Hand #172133588639:  Hold'em Limit ($3/$6 USD) - 2017/06/23 8:40:50 ET
Table 'Mirnaya II' 6-max Seat #4 is the button
Seat 3: hassan67 ($117.28 in chips)
Seat 4: Agrotait ($108 in chips)
Agrotait: posts small blind $1
hassan67: posts big blind $3
*** HOLE CARDS ***
Agrotait: raises $3 to $6
hassan67: raises $3 to $9
Agrotait: calls $3
*** FLOP *** [6s 3s Ts]
hassan67: bets $3
Agrotait: calls $3
*** TURN *** [6s 3s Ts] [Tc]
hassan67: bets $6
Agrotait: calls $6
*** RIVER *** [6s 3s Ts Tc] [6h]
hassan67: bets $6
Agrotait: folds
Uncalled bet ($6) returned to hassan67
hassan67 collected $35.50 from pot
hassan67: doesn't show hand
*** SUMMARY ***
Total pot $36 | Rake $0.50
Board [6s 3s Ts Tc 6h]
Seat 3: hassan67 (big blind) collected ($35.50)
Seat 4: Agrotait (button) (small blind) folded on the River


PokerStars Hand #172133612267:  Hold'em Limit ($3/$6 USD) - 2017/06/23 8:41:41 ET
Table 'Mirnaya II' 6-max Seat #4 is the button
Seat 3: hassan67 ($133.78 in chips)
Seat 4: Agrotait ($91 in chips)
Agrotait: posts small blind $1
hassan67: posts big blind $3
*** HOLE CARDS ***
Agrotait: raises $3 to $6
hassan67: calls $3
*** FLOP *** [Jc Kd 5h]
hassan67: bets $3
Agrotait: folds
Uncalled bet ($3) returned to hassan67
hassan67 collected $11.76 from pot
hassan67: doesn't show hand
*** SUMMARY ***
Total pot $12 | Rake $0.24
Board [Jc Kd 5h]
Seat 3: hassan67 (big blind) collected ($11.76)
Seat 4: Agrotait (button) (small blind) folded on the Flop


PokerStars Hand #172133621373:  Hold'em Limit ($3/$6 USD) - 2017/06/23 8:42:01 ET
Table 'Mirnaya II' 6-max Seat #4 is the button
Seat 3: hassan67 ($138.54 in chips)
Seat 4: Agrotait ($86 in chips)
Agrotait: posts small blind $1
hassan67: posts big blind $3
*** HOLE CARDS ***
Agrotait: raises $3 to $6
hassan67: raises $3 to $9
Agrotait: calls $3
*** FLOP *** [5h 3d Jh]
hassan67: bets $3
Agrotait: calls $3
*** TURN *** [5h 3d Jh] [8s]
hassan67: bets $6
Agrotait: calls $6
*** RIVER *** [5h 3d Jh 8s] [9s]
hassan67: bets $6
Agrotait: calls $6
*** SHOW DOWN ***
hassan67: shows [As Jd] (a pair of Jacks)
Agrotait: mucks hand
hassan67 collected $47.50 from pot
*** SUMMARY ***
Total pot $48 | Rake $0.50
Board [5h 3d Jh 8s 9s]
Seat 3: hassan67 (big blind) showed [As Jd] and won ($47.50) with a pair of Jacks
Seat 4: Agrotait (button) (small blind) mucked


PokerStars Hand #172133636487:  Hold'em Limit ($3/$6 USD) - 2017/06/23 8:42:33 ET
Table 'Mirnaya II' 6-max Seat #3 is the button
Seat 3: hassan67 ($162.04 in chips)
Seat 4: Agrotait ($62 in chips)
hassan67: posts small blind $1
Agrotait: posts big blind $3
*** HOLE CARDS ***
hassan67: folds
Uncalled bet ($2) returned to Agrotait
Agrotait collected $2 from pot
Agrotait: doesn't show hand
*** SUMMARY ***
Total pot $2 | Rake $0
Seat 3: hassan67 (button) (small blind) folded before Flop
Seat 4: Agrotait (big blind) collected ($2)


PokerStars Hand #172133659291:  Hold'em Limit ($3/$6 USD) - 2017/06/23 8:43:23 ET
Table 'Mirnaya II' 6-max Seat #3 is the button
Seat 3: hassan67 ($181.54 in chips)
Seat 4: Agrotait ($72 in chips)
hassan67: posts small blind $1
Agrotait: posts big blind $3
*** HOLE CARDS ***
hassan67: raises $3 to $6
Agrotait: folds
Uncalled bet ($3) returned to hassan67
hassan67 collected $6 from pot
hassan67: doesn't show hand
*** SUMMARY ***
Total pot $6 | Rake $0
Seat 3: hassan67 (button) (small blind) collected ($6)
Seat 4: Agrotait (big blind) folded before Flop


PokerStars Hand #172133639410:  Hold'em Limit ($3/$6 USD) - 2017/06/23 8:42:40 ET
Table 'Mirnaya II' 6-max Seat #4 is the button
Seat 3: hassan67 ($161.04 in chips)
Seat 4: Agrotait ($63 in chips)
Agrotait: posts small blind $1
hassan67: posts big blind $3
*** HOLE CARDS ***
Agrotait: raises $3 to $6
hassan67: raises $3 to $9
Agrotait: calls $3
*** FLOP *** [7h 9d 3h]
hassan67: bets $3
Agrotait: raises $3 to $6
hassan67: calls $3
*** TURN *** [7h 9d 3h] [7s]
hassan67: checks
Agrotait: bets $6
hassan67: calls $6
*** RIVER *** [7h 9d 3h 7s] [Jh]
hassan67: checks
Agrotait: checks
*** SHOW DOWN ***
hassan67: shows [Ah Ks] (a pair of Sevens)
Agrotait: mucks hand
hassan67 collected $41.50 from pot
*** SUMMARY ***
Total pot $42 | Rake $0.50
Board [7h 9d 3h 7s Jh]
Seat 3: hassan67 (big blind) showed [Ah Ks] and won ($41.50) with a pair of Sevens
Seat 4: Agrotait (button) (small blind) mucked


PokerStars Hand #172133686891:  Hold'em Limit ($3/$6 USD) - 2017/06/23 8:44:23 ET
Table 'Mirnaya II' 6-max Seat #3 is the button
Seat 3: hassan67 ($175.54 in chips)
Seat 4: Agrotait ($77.64 in chips)
hassan67: posts small blind $1
Agrotait: posts big blind $3
*** HOLE CARDS ***
hassan67: folds
Uncalled bet ($2) returned to Agrotait
Agrotait collected $2 from pot
Agrotait: doesn't show hand
*** SUMMARY ***
Total pot $2 | Rake $0
Seat 3: hassan67 (button) (small blind) folded before Flop
Seat 4: Agrotait (big blind) collected ($2)


PokerStars Hand #172133665876:  Hold'em Limit ($3/$6 USD) - 2017/06/23 8:43:37 ET
Table 'Mirnaya II' 6-max Seat #4 is the button
Seat 3: hassan67 ($184.54 in chips)
Seat 4: Agrotait ($69 in chips)
Agrotait: posts small blind $1
hassan67: posts big blind $3
*** HOLE CARDS ***
Agrotait: raises $3 to $6
hassan67: calls $3
*** FLOP *** [Qh 4s Ah]
hassan67: bets $3
Agrotait: calls $3
*** TURN *** [Qh 4s Ah] [Jc]
hassan67: checks
Agrotait: bets $6
hassan67: folds
Uncalled bet ($6) returned to Agrotait
Agrotait collected $17.64 from pot
Agrotait: doesn't show hand
*** SUMMARY ***
Total pot $18 | Rake $0.36
Board [Qh 4s Ah Jc]
Seat 3: hassan67 (big blind) folded on the Turn
Seat 4: Agrotait (button) (small blind) collected ($17.64)


PokerStars Hand #172133690380:  Hold'em Limit ($3/$6 USD) - 2017/06/23 8:44:30 ET
Table 'Mirnaya II' 6-max Seat #4 is the button
Seat 3: hassan67 ($174.54 in chips)
Seat 4: Agrotait ($78.64 in chips)
Agrotait: posts small blind $1
hassan67: posts big blind $3
*** HOLE CARDS ***
Agrotait: raises $3 to $6
hassan67: calls $3
*** FLOP *** [Ts Qd 7c]
hassan67: checks
Agrotait: bets $3
hassan67: calls $3
*** TURN *** [Ts Qd 7c] [2h]
hassan67: checks
Agrotait: checks
*** RIVER *** [Ts Qd 7c 2h] [Kc]
hassan67: checks
Agrotait: bets $6
hassan67: calls $6
*** SHOW DOWN ***
Agrotait: shows [9s Jc] (a straight, Nine to King)
hassan67: mucks hand
Agrotait collected $29.50 from pot
*** SUMMARY ***
Total pot $30 | Rake $0.50
Board [Ts Qd 7c 2h Kc]
Seat 3: hassan67 (big blind) mucked
Seat 4: Agrotait (button) (small blind) showed [9s Jc] and won ($29.50) with a straight, Nine to King


PokerStars Hand #172133711837:  Hold'em Limit ($3/$6 USD) - 2017/06/23 8:45:17 ET
Table 'Mirnaya II' 6-max Seat #4 is the button
Seat 3: hassan67 ($174.04 in chips)
Seat 4: Agrotait ($78.14 in chips)
Agrotait: posts small blind $1
hassan67: posts big blind $3
*** HOLE CARDS ***
Agrotait: raises $3 to $6
hassan67: raises $3 to $9
Agrotait: calls $3
*** FLOP *** [4c Qc 9h]
hassan67: bets $3
Agrotait: calls $3
*** TURN *** [4c Qc 9h] [4s]
hassan67: bets $6
Agrotait: raises $6 to $12
hassan67: calls $6
*** RIVER *** [4c Qc 9h 4s] [3h]
hassan67: checks
Agrotait: bets $6
hassan67: calls $6
*** SHOW DOWN ***
Agrotait: shows [5c 4d] (three of a kind, Fours)
hassan67: mucks hand
Agrotait collected $59.50 from pot
*** SUMMARY ***
Total pot $60 | Rake $0.50
Board [4c Qc 9h 4s 3h]
Seat 3: hassan67 (big blind) mucked
Seat 4: Agrotait (button) (small blind) showed [5c 4d] and won ($59.50) with three of a kind, Fours


PokerStars Hand #172133701378:  Hold'em Limit ($3/$6 USD) - 2017/06/23 8:44:54 ET
Table 'Mirnaya II' 6-max Seat #3 is the button
Seat 3: hassan67 ($159.54 in chips)
Seat 4: Agrotait ($93.14 in chips)
hassan67: posts small blind $1
Agrotait: posts big blind $3
*** HOLE CARDS ***
hassan67: raises $3 to $6
Agrotait: calls $3
*** FLOP *** [9s Qh 2c]
Agrotait: checks
hassan67: bets $3
Agrotait: calls $3
*** TURN *** [9s Qh 2c] [3h]
Agrotait: checks
hassan67: bets $6
Agrotait: calls $6
*** RIVER *** [9s Qh 2c 3h] [Kd]
Agrotait: checks
hassan67: bets $6
Agrotait: folds
Uncalled bet ($6) returned to hassan67
hassan67 collected $29.50 from pot
hassan67: doesn't show hand
*** SUMMARY ***
Total pot $30 | Rake $0.50
Board [9s Qh 2c 3h Kd]
Seat 3: hassan67 (button) (small blind) collected ($29.50)
Seat 4: Agrotait (big blind) folded on the River


PokerStars Hand #172133727343:  Hold'em Limit ($3/$6 USD) - 2017/06/23 8:45:50 ET
Table 'Mirnaya II' 6-max Seat #3 is the button
Seat 3: hassan67 ($144.04 in chips)
Seat 4: Agrotait ($107.64 in chips)
hassan67: posts small blind $1
Agrotait: posts big blind $3
*** HOLE CARDS ***
hassan67: folds
Uncalled bet ($2) returned to Agrotait
Agrotait collected $2 from pot
Agrotait: doesn't show hand
*** SUMMARY ***
Total pot $2 | Rake $0
Seat 3: hassan67 (button) (small blind) folded before Flop
Seat 4: Agrotait (big blind) collected ($2)


PokerStars Hand #172133731446:  Hold'em Limit ($3/$6 USD) - 2017/06/23 8:45:59 ET
Table 'Mirnaya II' 6-max Seat #4 is the button
Seat 3: hassan67 ($143.04 in chips)
Seat 4: Agrotait ($108.64 in chips)
Agrotait: posts small blind $1
hassan67: posts big blind $3
*** HOLE CARDS ***
Agrotait: raises $3 to $6
hassan67: raises $3 to $9
Agrotait: calls $3
*** FLOP *** [9s As 4s]
hassan67: bets $3
Agrotait: calls $3
*** TURN *** [9s As 4s] [Ah]
hassan67: bets $6
Agrotait: raises $6 to $12
hassan67: calls $6
*** RIVER *** [9s As 4s Ah] [Qd]
hassan67: checks
Agrotait: bets $6
hassan67: calls $6
*** SHOW DOWN ***
Agrotait: shows [Kc Ac] (three of a kind, Aces)
hassan67: mucks hand
Agrotait collected $59.50 from pot
*** SUMMARY ***
Total pot $60 | Rake $0.50
Board [9s As 4s Ah Qd]
Seat 3: hassan67 (big blind) mucked
Seat 4: Agrotait (button) (small blind) showed [Kc Ac] and won ($59.50) with three of a kind, Aces


PokerStars Hand #172133748628:  Hold'em Limit ($3/$6 USD) - 2017/06/23 8:46:37 ET
Table 'Mirnaya II' 6-max Seat #3 is the button
Seat 3: hassan67 ($113.04 in chips)
Seat 4: Agrotait ($138.14 in chips)
hassan67: posts small blind $1
Agrotait: posts big blind $3
*** HOLE CARDS ***
hassan67: raises $3 to $6
Agrotait: calls $3
*** FLOP *** [Kc Ah Js]
Agrotait: checks
hassan67: bets $3
Agrotait: folds
Uncalled bet ($3) returned to hassan67
hassan67 collected $11.76 from pot
hassan67: doesn't show hand
*** SUMMARY ***
Total pot $12 | Rake $0.24
Board [Kc Ah Js]
Seat 3: hassan67 (button) (small blind) collected ($11.76)
Seat 4: Agrotait (big blind) folded on the Flop


PokerStars Hand #172133764961:  Hold'em Limit ($3/$6 USD) - 2017/06/23 8:47:12 ET
Table 'Mirnaya II' 6-max Seat #4 is the button
Seat 3: hassan67 ($118.80 in chips)
Seat 4: Agrotait ($132.14 in chips)
Agrotait: posts small blind $1
hassan67: posts big blind $3
*** HOLE CARDS ***
Agrotait: raises $3 to $6
hassan67: calls $3
*** FLOP *** [2d 2h Ts]
hassan67: checks
Agrotait: bets $3
hassan67: folds
Uncalled bet ($3) returned to Agrotait
Agrotait collected $11.76 from pot
Agrotait: doesn't show hand
*** SUMMARY ***
Total pot $12 | Rake $0.24
Board [2d 2h Ts]
Seat 3: hassan67 (big blind) folded on the Flop
Seat 4: Agrotait (button) (small blind) collected ($11.76)


