PokerStars Hand #156524938847:  Hold'em Limit ($3/$6 USD) - 2016/07/27 16:58:43 ET
Table 'Mirphak' 6-max Seat #6 is the button
Seat 1: BuzovaPro ($72 in chips)
Seat 6: oregordog ($120 in chips)
oregordog: posts small blind $1
BuzovaPro: posts big blind $3
*** HOLE CARDS ***
oregordog: folds
Uncalled bet ($2) returned to BuzovaPro
BuzovaPro collected $2 from pot
BuzovaPro: doesn't show hand
*** SUMMARY ***
Total pot $2 | Rake $0
Seat 1: BuzovaPro (big blind) collected ($2)
Seat 6: oregordog (button) (small blind) folded before Flop


PokerStars Hand #156524929718:  Hold'em Limit ($3/$6 USD) - 2016/07/27 16:58:28 ET
Table 'Mirphak' 6-max Seat #1 is the button
Seat 1: BuzovaPro ($72 in chips)
Seat 6: oregordog ($119 in chips)
BuzovaPro: posts small blind $1
ValeryRon: is sitting out
oregordog: posts big blind $3
*** HOLE CARDS ***
ValeryRon leaves the table
BuzovaPro: folds
Uncalled bet ($2) returned to oregordog
oregordog collected $2 from pot
*** SUMMARY ***
Total pot $2 | Rake $0
Seat 1: BuzovaPro (button) (small blind) folded before Flop
Seat 6: oregordog (big blind) collected ($2)


PokerStars Hand #156524950121:  Hold'em Limit ($3/$6 USD) - 2016/07/27 16:59:01 ET
Table 'Mirphak' 6-max Seat #6 is the button
Seat 1: BuzovaPro ($78.76 in chips)
Seat 6: oregordog ($113 in chips)
oregordog: posts small blind $1
BuzovaPro: posts big blind $3
*** HOLE CARDS ***
oregordog: raises $3 to $6
BuzovaPro: calls $3
*** FLOP *** [3h 8h 9d]
BuzovaPro: checks
oregordog: bets $3
Chessnok joins the table at seat #2
BuzovaPro: raises $3 to $6
oregordog: calls $3
*** TURN *** [3h 8h 9d] [6c]
BuzovaPro: bets $6
oregordog: folds
Uncalled bet ($6) returned to BuzovaPro
BuzovaPro collected $23.52 from pot
BuzovaPro: doesn't show hand
*** SUMMARY ***
Total pot $24 | Rake $0.48
Board [3h 8h 9d 6c]
Seat 1: BuzovaPro (big blind) collected ($23.52)
Seat 6: oregordog (button) (small blind) folded on the Turn


PokerStars Hand #156524942321:  Hold'em Limit ($3/$6 USD) - 2016/07/27 16:58:49 ET
Table 'Mirphak' 6-max Seat #1 is the button
Seat 1: BuzovaPro ($73 in chips)
Seat 6: oregordog ($119 in chips)
BuzovaPro: posts small blind $1
oregordog: posts big blind $3
*** HOLE CARDS ***
BuzovaPro: raises $3 to $6
oregordog: calls $3
*** FLOP *** [9d Qs Ac]
oregordog: checks
BuzovaPro: bets $3
oregordog: folds
Uncalled bet ($3) returned to BuzovaPro
BuzovaPro collected $11.76 from pot
BuzovaPro: doesn't show hand
*** SUMMARY ***
Total pot $12 | Rake $0.24
Board [9d Qs Ac]
Seat 1: BuzovaPro (button) (small blind) collected ($11.76)
Seat 6: oregordog (big blind) folded on the Flop


