PokerStars Hand #168010263500:  Hold'em Limit ($3/$6 USD) - 2017/03/23 17:00:56 ET
Table 'Mirphak' 6-max Seat #3 is the button
Seat 3: Eklund_1891 ($128.64 in chips)
Seat 6: MTails ($111 in chips)
Eklund_1891: posts small blind $1
MTails: posts big blind $3
*** HOLE CARDS ***
Eklund_1891: raises $3 to $6
MTails: calls $3
*** FLOP *** [As Jc 5h]
MTails: checks
Eklund_1891: bets $3
MTails: folds
Uncalled bet ($3) returned to Eklund_1891
Eklund_1891 collected $11.76 from pot
Eklund_1891: doesn't show hand
*** SUMMARY ***
Total pot $12 | Rake $0.24
Board [As Jc 5h]
Seat 3: Eklund_1891 (button) (small blind) collected ($11.76)
Seat 6: MTails (big blind) folded on the Flop


PokerStars Hand #168010288210:  Hold'em Limit ($3/$6 USD) - 2017/03/23 17:01:27 ET
Table 'Mirphak' 6-max Seat #3 is the button
Seat 3: Eklund_1891 ($151.90 in chips)
Seat 6: MTails ($87 in chips)
Eklund_1891: posts small blind $1
MTails: posts big blind $3
*** HOLE CARDS ***
Eklund_1891: folds
Uncalled bet ($2) returned to MTails
MTails collected $2 from pot
*** SUMMARY ***
Total pot $2 | Rake $0
Seat 3: Eklund_1891 (button) (small blind) folded before Flop
Seat 6: MTails (big blind) collected ($2)


PokerStars Hand #168010270921:  Hold'em Limit ($3/$6 USD) - 2017/03/23 17:01:06 ET
Table 'Mirphak' 6-max Seat #6 is the button
Seat 3: Eklund_1891 ($134.40 in chips)
Seat 6: MTails ($105 in chips)
MTails: posts small blind $1
Eklund_1891: posts big blind $3
*** HOLE CARDS ***
MTails: raises $3 to $6
Eklund_1891: calls $3
*** FLOP *** [9h 4h 4d]
Eklund_1891: checks
MTails: bets $3
Eklund_1891: raises $3 to $6
MTails: calls $3
*** TURN *** [9h 4h 4d] [Ah]
Eklund_1891: bets $6
MTails: calls $6
*** RIVER *** [9h 4h 4d Ah] [8s]
Eklund_1891: checks
MTails: checks
*** SHOW DOWN ***
Eklund_1891: shows [9d Qc] (two pair, Nines and Fours)
MTails: mucks hand
Eklund_1891 collected $35.50 from pot
*** SUMMARY ***
Total pot $36 | Rake $0.50
Board [9h 4h 4d Ah 8s]
Seat 3: Eklund_1891 (big blind) showed [9d Qc] and won ($35.50) with two pair, Nines and Fours
Seat 6: MTails (button) (small blind) mucked


PokerStars Hand #168010292577:  Hold'em Limit ($3/$6 USD) - 2017/03/23 17:01:32 ET
Table 'Mirphak' 6-max Seat #6 is the button
Seat 3: Eklund_1891 ($150.90 in chips)
Seat 6: MTails ($88 in chips)
MTails: posts small blind $1
Eklund_1891: posts big blind $3
*** HOLE CARDS ***
MTails: raises $3 to $6
Eklund_1891: calls $3
*** FLOP *** [8d 7h Td]
Eklund_1891: checks
MTails: bets $3
Eklund_1891: calls $3
*** TURN *** [8d 7h Td] [8h]
Eklund_1891: checks
MTails: bets $6
Eklund_1891: calls $6
*** RIVER *** [8d 7h Td 8h] [4d]
Eklund_1891: checks
MTails: bets $6
Eklund_1891: calls $6
*** SHOW DOWN ***
MTails: shows [7s 5s] (two pair, Eights and Sevens)
Eklund_1891: mucks hand
MTails collected $41.50 from pot
*** SUMMARY ***
Total pot $42 | Rake $0.50
Board [8d 7h Td 8h 4d]
Seat 3: Eklund_1891 (big blind) mucked
Seat 6: MTails (button) (small blind) showed [7s 5s] and won ($41.50) with two pair, Eights and Sevens


PokerStars Hand #168010338203:  Hold'em Limit ($3/$6 USD) - 2017/03/23 17:02:24 ET
Table 'Mirphak' 6-max Seat #3 is the button
Seat 3: Eklund_1891 ($169.40 in chips)
Seat 6: MTails ($68.50 in chips)
Eklund_1891: posts small blind $1
MTails: posts big blind $3
*** HOLE CARDS ***
Eklund_1891: folds
Uncalled bet ($2) returned to MTails
MTails collected $2 from pot
*** SUMMARY ***
Total pot $2 | Rake $0
Seat 3: Eklund_1891 (button) (small blind) folded before Flop
Seat 6: MTails (big blind) collected ($2)


PokerStars Hand #168010333346:  Hold'em Limit ($3/$6 USD) - 2017/03/23 17:02:19 ET
Table 'Mirphak' 6-max Seat #6 is the button
Seat 3: Eklund_1891 ($168.40 in chips)
Seat 6: MTails ($69.50 in chips)
MTails: posts small blind $1
Eklund_1891: posts big blind $3
*** HOLE CARDS ***
MTails: folds
Uncalled bet ($2) returned to Eklund_1891
Eklund_1891 collected $2 from pot
Eklund_1891: doesn't show hand
*** SUMMARY ***
Total pot $2 | Rake $0
Seat 3: Eklund_1891 (big blind) collected ($2)
Seat 6: MTails (button) (small blind) folded before Flop


PokerStars Hand #168010309492:  Hold'em Limit ($3/$6 USD) - 2017/03/23 17:01:52 ET
Table 'Mirphak' 6-max Seat #3 is the button
Seat 3: Eklund_1891 ($129.90 in chips)
Seat 6: MTails ($108.50 in chips)
Eklund_1891: posts small blind $1
MTails: posts big blind $3
*** HOLE CARDS ***
Eklund_1891: raises $3 to $6
MTails: calls $3
*** FLOP *** [4c 2s 3h]
MTails: checks
Eklund_1891: bets $3
MTails: raises $3 to $6
Eklund_1891: raises $3 to $9
MTails: calls $3
*** TURN *** [4c 2s 3h] [8s]
MTails: checks
Eklund_1891: bets $6
MTails: raises $6 to $12
Eklund_1891: calls $6
*** RIVER *** [4c 2s 3h 8s] [Kd]
MTails: bets $6
Eklund_1891: raises $6 to $12
MTails: calls $6
*** SHOW DOWN ***
Eklund_1891: shows [5s Ac] (a straight, Ace to Five)
MTails: mucks hand
Eklund_1891 collected $77.50 from pot
*** SUMMARY ***
Total pot $78 | Rake $0.50
Board [4c 2s 3h 8s Kd]
Seat 3: Eklund_1891 (button) (small blind) showed [5s Ac] and won ($77.50) with a straight, Ace to Five
Seat 6: MTails (big blind) mucked


PokerStars Hand #168010362874:  Hold'em Limit ($3/$6 USD) - 2017/03/23 17:02:53 ET
Table 'Mirphak' 6-max Seat #3 is the button
Seat 3: Eklund_1891 ($162.40 in chips)
Seat 6: MTails ($135.26 in chips)
Eklund_1891: posts small blind $1
MTails: posts big blind $3
*** HOLE CARDS ***
Eklund_1891: raises $3 to $6
MTails: calls $3
*** FLOP *** [Qd Tc As]
MTails: checks
Eklund_1891: checks
*** TURN *** [Qd Tc As] [6h]
MTails: bets $6
Eklund_1891: calls $6
*** RIVER *** [Qd Tc As 6h] [7s]
MTails: checks
Eklund_1891: checks
*** SHOW DOWN ***
MTails: shows [Ks 3d] (high card Ace)
Eklund_1891: shows [6d Jd] (a pair of Sixes)
Eklund_1891 collected $23.52 from pot
*** SUMMARY ***
Total pot $24 | Rake $0.48
Board [Qd Tc As 6h 7s]
Seat 3: Eklund_1891 (button) (small blind) showed [6d Jd] and won ($23.52) with a pair of Sixes
Seat 6: MTails (big blind) showed [Ks 3d] and lost with high card Ace


PokerStars Hand #168010375807:  Hold'em Limit ($3/$6 USD) - 2017/03/23 17:03:08 ET
Table 'Mirphak' 6-max Seat #6 is the button
Seat 3: Eklund_1891 ($173.92 in chips)
Seat 6: MTails ($123.26 in chips)
MTails: posts small blind $1
Eklund_1891: posts big blind $3
*** HOLE CARDS ***
MTails: raises $3 to $6
Eklund_1891: raises $3 to $9
MTails: calls $3
*** FLOP *** [9d Jd 3c]
Eklund_1891: bets $3
MTails: calls $3
*** TURN *** [9d Jd 3c] [2h]
Eklund_1891: bets $6
MTails: folds
Uncalled bet ($6) returned to Eklund_1891
Eklund_1891 collected $23.52 from pot
Eklund_1891: doesn't show hand
*** SUMMARY ***
Total pot $24 | Rake $0.48
Board [9d Jd 3c 2h]
Seat 3: Eklund_1891 (big blind) collected ($23.52)
Seat 6: MTails (button) (small blind) folded on the Turn


PokerStars Hand #168010354142:  Hold'em Limit ($3/$6 USD) - 2017/03/23 17:02:43 ET
Table 'Mirphak' 6-max Seat #6 is the button
Seat 3: Eklund_1891 ($168.40 in chips)
Seat 6: MTails ($129.50 in chips)
MTails: posts small blind $1
Eklund_1891: posts big blind $3
*** HOLE CARDS ***
MTails: raises $3 to $6
Eklund_1891: calls $3
*** FLOP *** [6s 7h Ac]
Eklund_1891: checks
MTails: bets $3
Eklund_1891: folds
Uncalled bet ($3) returned to MTails
MTails collected $11.76 from pot
*** SUMMARY ***
Total pot $12 | Rake $0.24
Board [6s 7h Ac]
Seat 3: Eklund_1891 (big blind) folded on the Flop
Seat 6: MTails (button) (small blind) collected ($11.76)


PokerStars Hand #168010349125:  Hold'em Limit ($3/$6 USD) - 2017/03/23 17:02:37 ET
Table 'Mirphak' 6-max Seat #3 is the button
Seat 3: Eklund_1891 ($165.40 in chips)
Seat 6: MTails ($132.50 in chips)
Eklund_1891: posts small blind $1
MTails: posts big blind $3
*** HOLE CARDS ***
Eklund_1891: raises $3 to $6
MTails: folds
Uncalled bet ($3) returned to Eklund_1891
Eklund_1891 collected $6 from pot
Eklund_1891: doesn't show hand
*** SUMMARY ***
Total pot $6 | Rake $0
Seat 3: Eklund_1891 (button) (small blind) collected ($6)
Seat 6: MTails (big blind) folded before Flop


PokerStars Hand #168010343027:  Hold'em Limit ($3/$6 USD) - 2017/03/23 17:02:30 ET
Table 'Mirphak' 6-max Seat #6 is the button
Seat 3: Eklund_1891 ($168.40 in chips)
Seat 6: MTails ($129.50 in chips)
MTails: posts small blind $1
Eklund_1891: posts big blind $3
*** HOLE CARDS ***
MTails: raises $3 to $6
Eklund_1891: folds
Uncalled bet ($3) returned to MTails
MTails collected $6 from pot
MTails: doesn't show hand
*** SUMMARY ***
Total pot $6 | Rake $0
Seat 3: Eklund_1891 (big blind) folded before Flop
Seat 6: MTails (button) (small blind) collected ($6)


PokerStars Hand #168010423288:  Hold'em Limit ($3/$6 USD) - 2017/03/23 17:04:00 ET
Table 'Mirphak' 6-max Seat #6 is the button
Seat 3: Eklund_1891 ($184.94 in chips)
Seat 6: MTails ($110.78 in chips)
MTails: posts small blind $1
Eklund_1891: posts big blind $3
*** HOLE CARDS ***
MTails: raises $3 to $6
Eklund_1891: raises $3 to $9
MTails: calls $3
*** FLOP *** [4h Qh 5s]
Eklund_1891: bets $3
MTails: calls $3
*** TURN *** [4h Qh 5s] [3h]
Eklund_1891: bets $6
MTails: raises $6 to $12
Eklund_1891: calls $6
*** RIVER *** [4h Qh 5s 3h] [4s]
Eklund_1891: checks
MTails: bets $6
Eklund_1891: calls $6
*** SHOW DOWN ***
MTails: shows [6d Kc] (a pair of Fours)
Eklund_1891: shows [Ah 2d] (a straight, Ace to Five)
Eklund_1891 collected $59.50 from pot
*** SUMMARY ***
Total pot $60 | Rake $0.50
Board [4h Qh 5s 3h 4s]
Seat 3: Eklund_1891 (big blind) showed [Ah 2d] and won ($59.50) with a straight, Ace to Five
Seat 6: MTails (button) (small blind) showed [6d Kc] and lost with a pair of Fours


PokerStars Hand #168010411103:  Hold'em Limit ($3/$6 USD) - 2017/03/23 17:03:47 ET
Table 'Mirphak' 6-max Seat #3 is the button
Seat 3: Eklund_1891 ($196.94 in chips)
Seat 6: MTails ($99.26 in chips)
Eklund_1891: posts small blind $1
MTails: posts big blind $3
*** HOLE CARDS ***
Eklund_1891: raises $3 to $6
MTails: raises $3 to $9
Eklund_1891: calls $3
*** FLOP *** [5s 8h 9d]
MTails: bets $3
Eklund_1891: calls $3
*** TURN *** [5s 8h 9d] [Ad]
MTails: bets $6
Eklund_1891: folds
Uncalled bet ($6) returned to MTails
MTails collected $23.52 from pot
*** SUMMARY ***
Total pot $24 | Rake $0.48
Board [5s 8h 9d Ad]
Seat 3: Eklund_1891 (button) (small blind) folded on the Turn
Seat 6: MTails (big blind) collected ($23.52)


PokerStars Hand #168010405894:  Hold'em Limit ($3/$6 USD) - 2017/03/23 17:03:41 ET
Table 'Mirphak' 6-max Seat #6 is the button
Seat 3: Eklund_1891 ($199.94 in chips)
Seat 6: MTails ($96.26 in chips)
MTails: posts small blind $1
Eklund_1891: posts big blind $3
*** HOLE CARDS ***
MTails: raises $3 to $6
Eklund_1891: folds
Uncalled bet ($3) returned to MTails
MTails collected $6 from pot
*** SUMMARY ***
Total pot $6 | Rake $0
Seat 3: Eklund_1891 (big blind) folded before Flop
Seat 6: MTails (button) (small blind) collected ($6)


PokerStars Hand #168010390633:  Hold'em Limit ($3/$6 USD) - 2017/03/23 17:03:24 ET
Table 'Mirphak' 6-max Seat #3 is the button
Seat 3: Eklund_1891 ($185.44 in chips)
Seat 6: MTails ($111.26 in chips)
Eklund_1891: posts small blind $1
MTails: posts big blind $3
*** HOLE CARDS ***
Eklund_1891: raises $3 to $6
MTails: calls $3
*** FLOP *** [8s 7d 4c]
MTails: checks
Eklund_1891: bets $3
MTails: calls $3
*** TURN *** [8s 7d 4c] [5h]
MTails: checks
Eklund_1891: bets $6
MTails: calls $6
*** RIVER *** [8s 7d 4c 5h] [4d]
MTails: checks
Eklund_1891: checks
*** SHOW DOWN ***
MTails: shows [Ac Ks] (a pair of Fours)
Eklund_1891: shows [7h Jc] (two pair, Sevens and Fours)
Eklund_1891 collected $29.50 from pot
*** SUMMARY ***
Total pot $30 | Rake $0.50
Board [8s 7d 4c 5h 4d]
Seat 3: Eklund_1891 (button) (small blind) showed [7h Jc] and won ($29.50) with two pair, Sevens and Fours
Seat 6: MTails (big blind) showed [Ac Ks] and lost with a pair of Fours


PokerStars Hand #168010445149:  Hold'em Limit ($3/$6 USD) - 2017/03/23 17:04:25 ET
Table 'Mirphak' 6-max Seat #6 is the button
Seat 3: Eklund_1891 ($213.44 in chips)
Seat 6: MTails ($81.78 in chips)
MTails: posts small blind $1
Eklund_1891: posts big blind $3
*** HOLE CARDS ***
MTails: folds
Uncalled bet ($2) returned to Eklund_1891
Eklund_1891 collected $2 from pot
Eklund_1891: doesn't show hand
*** SUMMARY ***
Total pot $2 | Rake $0
Seat 3: Eklund_1891 (big blind) collected ($2)
Seat 6: MTails (button) (small blind) folded before Flop


PokerStars Hand #168010440357:  Hold'em Limit ($3/$6 USD) - 2017/03/23 17:04:20 ET
Table 'Mirphak' 6-max Seat #3 is the button
Seat 3: Eklund_1891 ($214.44 in chips)
Seat 6: MTails ($80.78 in chips)
Eklund_1891: posts small blind $1
MTails: posts big blind $3
*** HOLE CARDS ***
Eklund_1891: folds
Uncalled bet ($2) returned to MTails
MTails collected $2 from pot
*** SUMMARY ***
Total pot $2 | Rake $0
Seat 3: Eklund_1891 (button) (small blind) folded before Flop
Seat 6: MTails (big blind) collected ($2)


PokerStars Hand #168010468045:  Hold'em Limit ($3/$6 USD) - 2017/03/23 17:04:51 ET
Table 'Mirphak' 6-max Seat #6 is the button
Seat 3: Eklund_1891 ($206.44 in chips)
Seat 6: MTails ($88.54 in chips)
MTails: posts small blind $1
Eklund_1891: posts big blind $3
*** HOLE CARDS ***
MTails: raises $3 to $6
Eklund_1891: calls $3
*** FLOP *** [4d Kh Tc]
Eklund_1891: checks
MTails: bets $3
Eklund_1891: folds
Uncalled bet ($3) returned to MTails
MTails collected $11.76 from pot
*** SUMMARY ***
Total pot $12 | Rake $0.24
Board [4d Kh Tc]
Seat 3: Eklund_1891 (big blind) folded on the Flop
Seat 6: MTails (button) (small blind) collected ($11.76)


PokerStars Hand #168010454234:  Hold'em Limit ($3/$6 USD) - 2017/03/23 17:04:35 ET
Table 'Mirphak' 6-max Seat #6 is the button
Seat 3: Eklund_1891 ($213.44 in chips)
Seat 6: MTails ($81.78 in chips)
MTails: posts small blind $1
Eklund_1891: posts big blind $3
*** HOLE CARDS ***
MTails: raises $3 to $6
Eklund_1891: calls $3
*** FLOP *** [7d Ah Th]
Eklund_1891: checks
MTails: bets $3
Eklund_1891: folds
Uncalled bet ($3) returned to MTails
MTails collected $11.76 from pot
*** SUMMARY ***
Total pot $12 | Rake $0.24
Board [7d Ah Th]
Seat 3: Eklund_1891 (big blind) folded on the Flop
Seat 6: MTails (button) (small blind) collected ($11.76)


PokerStars Hand #168010449677:  Hold'em Limit ($3/$6 USD) - 2017/03/23 17:04:30 ET
Table 'Mirphak' 6-max Seat #3 is the button
Seat 3: Eklund_1891 ($214.44 in chips)
Seat 6: MTails ($80.78 in chips)
Eklund_1891: posts small blind $1
MTails: posts big blind $3
*** HOLE CARDS ***
Eklund_1891: folds
Uncalled bet ($2) returned to MTails
MTails collected $2 from pot
*** SUMMARY ***
Total pot $2 | Rake $0
Seat 3: Eklund_1891 (button) (small blind) folded before Flop
Seat 6: MTails (big blind) collected ($2)


PokerStars Hand #168010483844:  Hold'em Limit ($3/$6 USD) - 2017/03/23 17:05:07 ET
Table 'Mirphak' 6-max Seat #6 is the button
Seat 3: Eklund_1891 ($199.44 in chips)
Seat 6: MTails ($95.30 in chips)
MTails: posts small blind $1
Eklund_1891: posts big blind $3
*** HOLE CARDS ***
MTails: raises $3 to $6
Eklund_1891: calls $3
*** FLOP *** [4c 3s Kh]
Eklund_1891: checks
MTails: bets $3
Eklund_1891: folds
Uncalled bet ($3) returned to MTails
MTails collected $11.76 from pot
*** SUMMARY ***
Total pot $12 | Rake $0.24
Board [4c 3s Kh]
Seat 3: Eklund_1891 (big blind) folded on the Flop
Seat 6: MTails (button) (small blind) collected ($11.76)


PokerStars Hand #168010508571:  Hold'em Limit ($3/$6 USD) - 2017/03/23 17:05:35 ET
Table 'Mirphak' 6-max Seat #6 is the button
Seat 3: Eklund_1891 ($193.19 in chips)
Seat 6: MTails ($100.81 in chips)
MTails: posts small blind $1
Eklund_1891: posts big blind $3
*** HOLE CARDS ***
MTails: raises $3 to $6
Eklund_1891: calls $3
*** FLOP *** [Jh 3h Ac]
Eklund_1891: checks
MTails: bets $3
Eklund_1891: folds
Uncalled bet ($3) returned to MTails
MTails collected $11.76 from pot
*** SUMMARY ***
Total pot $12 | Rake $0.24
Board [Jh 3h Ac]
Seat 3: Eklund_1891 (big blind) folded on the Flop
Seat 6: MTails (button) (small blind) collected ($11.76)


PokerStars Hand #168010518592:  Hold'em Limit ($3/$6 USD) - 2017/03/23 17:05:46 ET
Table 'Mirphak' 6-max Seat #3 is the button
Seat 3: Eklund_1891 ($187.19 in chips)
Seat 6: MTails ($106.57 in chips)
Eklund_1891: posts small blind $1
MTails: posts big blind $3
*** HOLE CARDS ***
Eklund_1891: raises $3 to $6
MTails: calls $3
*** FLOP *** [6h Ah 5d]
MTails: checks
Eklund_1891: bets $3
MTails: calls $3
*** TURN *** [6h Ah 5d] [Kd]
MTails: checks
Eklund_1891: checks
*** RIVER *** [6h Ah 5d Kd] [4d]
MTails: bets $6
Eklund_1891: folds
Uncalled bet ($6) returned to MTails
MTails collected $17.64 from pot
*** SUMMARY ***
Total pot $18 | Rake $0.36
Board [6h Ah 5d Kd 4d]
Seat 3: Eklund_1891 (button) (small blind) folded on the River
Seat 6: MTails (big blind) collected ($17.64)


PokerStars Hand #168010534938:  Hold'em Limit ($3/$6 USD) - 2017/03/23 17:06:04 ET
Table 'Mirphak' 6-max Seat #6 is the button
Seat 3: Eklund_1891 ($178.19 in chips)
Seat 6: MTails ($115.21 in chips)
MTails: posts small blind $1
Eklund_1891: posts big blind $3
*** HOLE CARDS ***
MTails: raises $3 to $6
Eklund_1891: calls $3
*** FLOP *** [2d 4s 5d]
Eklund_1891: checks
MTails: bets $3
Eklund_1891: calls $3
*** TURN *** [2d 4s 5d] [5h]
Eklund_1891: checks
MTails: bets $6
Eklund_1891: calls $6
*** RIVER *** [2d 4s 5d 5h] [4c]
Eklund_1891: checks
MTails: bets $6
Eklund_1891: folds
Uncalled bet ($6) returned to MTails
MTails collected $29.50 from pot
*** SUMMARY ***
Total pot $30 | Rake $0.50
Board [2d 4s 5d 5h 4c]
Seat 3: Eklund_1891 (big blind) folded on the River
Seat 6: MTails (button) (small blind) collected ($29.50)


PokerStars Hand #168010566842:  Hold'em Limit ($3/$6 USD) - 2017/03/23 17:06:39 ET
Table 'Mirphak' 6-max Seat #6 is the button
Seat 3: Eklund_1891 ($157.19 in chips)
Seat 6: MTails ($135.47 in chips)
MTails: posts small blind $1
Eklund_1891: posts big blind $3
*** HOLE CARDS ***
MTails: raises $3 to $6
Eklund_1891: calls $3
*** FLOP *** [Qc Js 3s]
Eklund_1891: bets $3
MTails: calls $3
*** TURN *** [Qc Js 3s] [Qh]
Eklund_1891: bets $6
MTails: calls $6
*** RIVER *** [Qc Js 3s Qh] [7c]
Eklund_1891: bets $6
MTails: calls $6
*** SHOW DOWN ***
Eklund_1891: shows [Tc As] (a pair of Queens)
MTails: shows [4h Jd] (two pair, Queens and Jacks)
MTails collected $41.50 from pot
*** SUMMARY ***
Total pot $42 | Rake $0.50
Board [Qc Js 3s Qh 7c]
Seat 3: Eklund_1891 (big blind) showed [Tc As] and lost with a pair of Queens
Seat 6: MTails (button) (small blind) showed [4h Jd] and won ($41.50) with two pair, Queens and Jacks


PokerStars Hand #168010553733:  Hold'em Limit ($3/$6 USD) - 2017/03/23 17:06:24 ET
Table 'Mirphak' 6-max Seat #3 is the button
Seat 3: Eklund_1891 ($163.19 in chips)
Seat 6: MTails ($129.71 in chips)
Eklund_1891: posts small blind $1
MTails: posts big blind $3
*** HOLE CARDS ***
Eklund_1891: raises $3 to $6
MTails: calls $3
*** FLOP *** [7d Ac Kd]
MTails: checks
Eklund_1891: checks
*** TURN *** [7d Ac Kd] [Qs]
MTails: bets $6
Eklund_1891: folds
Uncalled bet ($6) returned to MTails
MTails collected $11.76 from pot
*** SUMMARY ***
Total pot $12 | Rake $0.24
Board [7d Ac Kd Qs]
Seat 3: Eklund_1891 (button) (small blind) folded on the Turn
Seat 6: MTails (big blind) collected ($11.76)


PokerStars Hand #168010582069:  Hold'em Limit ($3/$6 USD) - 2017/03/23 17:06:55 ET
Table 'Mirphak' 6-max Seat #3 is the button
Seat 3: Eklund_1891 ($136.19 in chips)
Seat 6: MTails ($155.97 in chips)
Eklund_1891: posts small blind $1
MTails: posts big blind $3
*** HOLE CARDS ***
Eklund_1891: raises $3 to $6
MTails: raises $3 to $9
Eklund_1891: raises $3 to $12
Betting is capped
MTails: calls $3
*** FLOP *** [2d Tc Jh]
MTails: checks
Eklund_1891: bets $3
MTails: calls $3
*** TURN *** [2d Tc Jh] [As]
MTails: checks
Eklund_1891: bets $6
MTails: folds
Uncalled bet ($6) returned to Eklund_1891
Eklund_1891 collected $29.50 from pot
Eklund_1891: doesn't show hand
*** SUMMARY ***
Total pot $30 | Rake $0.50
Board [2d Tc Jh As]
Seat 3: Eklund_1891 (button) (small blind) collected ($29.50)
Seat 6: MTails (big blind) folded on the Turn


PokerStars Hand #168010619315:  Hold'em Limit ($3/$6 USD) - 2017/03/23 17:07:36 ET
Table 'Mirphak' 6-max Seat #3 is the button
Seat 3: Eklund_1891 ($165.19 in chips)
Seat 6: MTails ($125.97 in chips)
Eklund_1891: posts small blind $1
MTails: posts big blind $3
*** HOLE CARDS ***
Eklund_1891: raises $3 to $6
MTails: calls $3
*** FLOP *** [3s Th 5d]
MTails: checks
Eklund_1891: checks
*** TURN *** [3s Th 5d] [8s]
MTails: bets $6
Eklund_1891: raises $6 to $12
MTails: calls $6
*** RIVER *** [3s Th 5d 8s] [4h]
MTails: checks
Eklund_1891: checks
*** SHOW DOWN ***
MTails: shows [6h 9h] (high card Ten)
Eklund_1891: shows [7s 8d] (a pair of Eights)
Eklund_1891 collected $35.50 from pot
*** SUMMARY ***
Total pot $36 | Rake $0.50
Board [3s Th 5d 8s 4h]
Seat 3: Eklund_1891 (button) (small blind) showed [7s 8d] and won ($35.50) with a pair of Eights
Seat 6: MTails (big blind) showed [6h 9h] and lost with high card Ten


PokerStars Hand #168010601512:  Hold'em Limit ($3/$6 USD) - 2017/03/23 17:07:17 ET
Table 'Mirphak' 6-max Seat #6 is the button
Seat 3: Eklund_1891 ($150.69 in chips)
Seat 6: MTails ($140.97 in chips)
MTails: posts small blind $1
Eklund_1891: posts big blind $3
*** HOLE CARDS ***
MTails: raises $3 to $6
Eklund_1891: calls $3
*** FLOP *** [8d 6d Qs]
Eklund_1891: bets $3
MTails: calls $3
*** TURN *** [8d 6d Qs] [Th]
Eklund_1891: checks
MTails: bets $6
Eklund_1891: calls $6
*** RIVER *** [8d 6d Qs Th] [4h]
Eklund_1891: checks
MTails: checks
*** SHOW DOWN ***
Eklund_1891: shows [Kc 6s] (a pair of Sixes)
MTails: mucks hand
Eklund_1891 collected $29.50 from pot
*** SUMMARY ***
Total pot $30 | Rake $0.50
Board [8d 6d Qs Th 4h]
Seat 3: Eklund_1891 (big blind) showed [Kc 6s] and won ($29.50) with a pair of Sixes
Seat 6: MTails (button) (small blind) mucked


PokerStars Hand #168010636181:  Hold'em Limit ($3/$6 USD) - 2017/03/23 17:07:54 ET
Table 'Mirphak' 6-max Seat #6 is the button
Seat 3: Eklund_1891 ($182.69 in chips)
Seat 6: MTails ($107.97 in chips)
MTails: posts small blind $1
Eklund_1891: posts big blind $3
*** HOLE CARDS ***
MTails: raises $3 to $6
Eklund_1891: calls $3
*** FLOP *** [Ts Tc Jh]
Eklund_1891: checks
MTails: bets $3
Eklund_1891: calls $3
*** TURN *** [Ts Tc Jh] [5c]
Eklund_1891: checks
MTails: checks
*** RIVER *** [Ts Tc Jh 5c] [3c]
Eklund_1891: bets $6
MTails: folds
Uncalled bet ($6) returned to Eklund_1891
Eklund_1891 collected $17.64 from pot
Eklund_1891: doesn't show hand
*** SUMMARY ***
Total pot $18 | Rake $0.36
Board [Ts Tc Jh 5c 3c]
Seat 3: Eklund_1891 (big blind) collected ($17.64)
Seat 6: MTails (button) (small blind) folded on the River


PokerStars Hand #168010656835:  Hold'em Limit ($3/$6 USD) - 2017/03/23 17:08:17 ET
Table 'Mirphak' 6-max Seat #3 is the button
Seat 3: Eklund_1891 ($191.33 in chips)
Seat 6: MTails ($98.97 in chips)
Eklund_1891: posts small blind $1
MTails: posts big blind $3
*** HOLE CARDS ***
Eklund_1891: raises $3 to $6
MTails: raises $3 to $9
Eklund_1891: calls $3
*** FLOP *** [8s 8h 9h]
MTails: bets $3
Eklund_1891: folds
Uncalled bet ($3) returned to MTails
MTails collected $17.64 from pot
*** SUMMARY ***
Total pot $18 | Rake $0.36
Board [8s 8h 9h]
Seat 3: Eklund_1891 (button) (small blind) folded on the Flop
Seat 6: MTails (big blind) collected ($17.64)


PokerStars Hand #168010710429:  Hold'em Limit ($3/$6 USD) - 2017/03/23 17:09:16 ET
Table 'Mirphak' 6-max Seat #6 is the button
Seat 3: Eklund_1891 ($203.47 in chips)
Seat 6: MTails ($85.61 in chips)
MTails: posts small blind $1
Eklund_1891: posts big blind $3
*** HOLE CARDS ***
MTails: raises $3 to $6
Eklund_1891: calls $3
*** FLOP *** [Jd Js 7h]
Eklund_1891: checks
MTails: bets $3
Eklund_1891: folds
Uncalled bet ($3) returned to MTails
MTails collected $11.76 from pot
*** SUMMARY ***
Total pot $12 | Rake $0.24
Board [Jd Js 7h]
Seat 3: Eklund_1891 (big blind) folded on the Flop
Seat 6: MTails (button) (small blind) collected ($11.76)


PokerStars Hand #168010670240:  Hold'em Limit ($3/$6 USD) - 2017/03/23 17:08:32 ET
Table 'Mirphak' 6-max Seat #6 is the button
Seat 3: Eklund_1891 ($182.33 in chips)
Seat 6: MTails ($107.61 in chips)
MTails: posts small blind $1
Eklund_1891: posts big blind $3
*** HOLE CARDS ***
MTails: raises $3 to $6
Eklund_1891: calls $3
*** FLOP *** [2s 9d 6s]
Eklund_1891: checks
MTails: bets $3
Eklund_1891: calls $3
*** TURN *** [2s 9d 6s] [4d]
Eklund_1891: checks
MTails: checks
*** RIVER *** [2s 9d 6s 4d] [Kc]
Eklund_1891: bets $6
MTails: calls $6
*** SHOW DOWN ***
Eklund_1891: shows [3c 3h] (a pair of Threes)
MTails: mucks hand
Eklund_1891 collected $29.50 from pot
*** SUMMARY ***
Total pot $30 | Rake $0.50
Board [2s 9d 6s 4d Kc]
Seat 3: Eklund_1891 (big blind) showed [3c 3h] and won ($29.50) with a pair of Threes
Seat 6: MTails (button) (small blind) mucked


PokerStars Hand #168010688583:  Hold'em Limit ($3/$6 USD) - 2017/03/23 17:08:52 ET
Table 'Mirphak' 6-max Seat #3 is the button
Seat 3: Eklund_1891 ($196.83 in chips)
Seat 6: MTails ($92.61 in chips)
Eklund_1891: posts small blind $1
MTails: posts big blind $3
*** HOLE CARDS ***
Eklund_1891: folds
Uncalled bet ($2) returned to MTails
MTails collected $2 from pot
*** SUMMARY ***
Total pot $2 | Rake $0
Seat 3: Eklund_1891 (button) (small blind) folded before Flop
Seat 6: MTails (big blind) collected ($2)


PokerStars Hand #168010692836:  Hold'em Limit ($3/$6 USD) - 2017/03/23 17:08:57 ET
Table 'Mirphak' 6-max Seat #6 is the button
Seat 3: Eklund_1891 ($195.83 in chips)
Seat 6: MTails ($93.61 in chips)
MTails: posts small blind $1
Eklund_1891: posts big blind $3
*** HOLE CARDS ***
MTails: raises $3 to $6
Eklund_1891: calls $3
*** FLOP *** [5s Kd 7c]
Eklund_1891: checks
MTails: bets $3
Eklund_1891: raises $3 to $6
MTails: folds
Uncalled bet ($3) returned to Eklund_1891
Eklund_1891 collected $17.64 from pot
Eklund_1891: doesn't show hand
*** SUMMARY ***
Total pot $18 | Rake $0.36
Board [5s Kd 7c]
Seat 3: Eklund_1891 (big blind) collected ($17.64)
Seat 6: MTails (button) (small blind) folded on the Flop


PokerStars Hand #168010705602:  Hold'em Limit ($3/$6 USD) - 2017/03/23 17:09:11 ET
Table 'Mirphak' 6-max Seat #3 is the button
Seat 3: Eklund_1891 ($204.47 in chips)
Seat 6: MTails ($84.61 in chips)
Eklund_1891: posts small blind $1
MTails: posts big blind $3
*** HOLE CARDS ***
Eklund_1891: folds
Uncalled bet ($2) returned to MTails
MTails collected $2 from pot
*** SUMMARY ***
Total pot $2 | Rake $0
Seat 3: Eklund_1891 (button) (small blind) folded before Flop
Seat 6: MTails (big blind) collected ($2)


PokerStars Hand #168010720765:  Hold'em Limit ($3/$6 USD) - 2017/03/23 17:09:28 ET
Table 'Mirphak' 6-max Seat #3 is the button
Seat 3: Eklund_1891 ($197.47 in chips)
Seat 6: MTails ($91.37 in chips)
Eklund_1891: posts small blind $1
MTails: posts big blind $3
*** HOLE CARDS ***
Eklund_1891: raises $3 to $6
MTails: calls $3
*** FLOP *** [3h Ah 3c]
MTails: checks
Eklund_1891: bets $3
MTails: raises $3 to $6
Eklund_1891: calls $3
*** TURN *** [3h Ah 3c] [Th]
MTails: bets $6
Eklund_1891: folds
Uncalled bet ($6) returned to MTails
MTails collected $23.52 from pot
*** SUMMARY ***
Total pot $24 | Rake $0.48
Board [3h Ah 3c Th]
Seat 3: Eklund_1891 (button) (small blind) folded on the Turn
Seat 6: MTails (big blind) collected ($23.52)


PokerStars Hand #168010751120:  Hold'em Limit ($3/$6 USD) - 2017/03/23 17:10:01 ET
Table 'Mirphak' 6-max Seat #3 is the button
Seat 3: Eklund_1891 ($194.11 in chips)
Seat 6: MTails ($93.89 in chips)
Eklund_1891: posts small blind $1
MTails: posts big blind $3
*** HOLE CARDS ***
Eklund_1891: folds
Uncalled bet ($2) returned to MTails
MTails collected $2 from pot
*** SUMMARY ***
Total pot $2 | Rake $0
Seat 3: Eklund_1891 (button) (small blind) folded before Flop
Seat 6: MTails (big blind) collected ($2)


PokerStars Hand #168010732658:  Hold'em Limit ($3/$6 USD) - 2017/03/23 17:09:41 ET
Table 'Mirphak' 6-max Seat #6 is the button
Seat 3: Eklund_1891 ($185.47 in chips)
Seat 6: MTails ($102.89 in chips)
MTails: posts small blind $1
Eklund_1891: posts big blind $3
*** HOLE CARDS ***
MTails: raises $3 to $6
Eklund_1891: calls $3
*** FLOP *** [Jh Kd 4d]
Eklund_1891: checks
MTails: bets $3
Eklund_1891: calls $3
*** TURN *** [Jh Kd 4d] [As]
Eklund_1891: checks
MTails: checks
*** RIVER *** [Jh Kd 4d As] [Ks]
Eklund_1891: checks
MTails: checks
*** SHOW DOWN ***
Eklund_1891: shows [Qs 4c] (two pair, Kings and Fours)
MTails: mucks hand
Eklund_1891 collected $17.64 from pot
*** SUMMARY ***
Total pot $18 | Rake $0.36
Board [Jh Kd 4d As Ks]
Seat 3: Eklund_1891 (big blind) showed [Qs 4c] and won ($17.64) with two pair, Kings and Fours
Seat 6: MTails (button) (small blind) mucked


PokerStars Hand #168010755754:  Hold'em Limit ($3/$6 USD) - 2017/03/23 17:10:06 ET
Table 'Mirphak' 6-max Seat #6 is the button
Seat 3: Eklund_1891 ($193.11 in chips)
Seat 6: MTails ($94.89 in chips)
MTails: posts small blind $1
Eklund_1891: posts big blind $3
*** HOLE CARDS ***
MTails: raises $3 to $6
Eklund_1891: raises $3 to $9
MTails: calls $3
*** FLOP *** [4h As Qd]
Eklund_1891: bets $3
MTails: calls $3
*** TURN *** [4h As Qd] [9d]
Eklund_1891: bets $6
MTails: calls $6
*** RIVER *** [4h As Qd 9d] [7d]
Eklund_1891: bets $6
MTails: folds
Uncalled bet ($6) returned to Eklund_1891
Eklund_1891 collected $35.50 from pot
Eklund_1891: doesn't show hand
*** SUMMARY ***
Total pot $36 | Rake $0.50
Board [4h As Qd 9d 7d]
Seat 3: Eklund_1891 (big blind) collected ($35.50)
Seat 6: MTails (button) (small blind) folded on the River


PokerStars Hand #168010788373:  Hold'em Limit ($3/$6 USD) - 2017/03/23 17:10:42 ET
Table 'Mirphak' 6-max Seat #6 is the button
Seat 3: Eklund_1891 ($231.11 in chips)
Seat 6: MTails ($55.89 in chips)
MTails: posts small blind $1
Eklund_1891: posts big blind $3
*** HOLE CARDS ***
MTails: raises $3 to $6
Eklund_1891: raises $3 to $9
MTails: calls $3
*** FLOP *** [Tc Ks 7d]
Eklund_1891: bets $3
MTails: calls $3
*** TURN *** [Tc Ks 7d] [2h]
Eklund_1891: checks
MTails: bets $6
Eklund_1891: calls $6
*** RIVER *** [Tc Ks 7d 2h] [3h]
Eklund_1891: bets $6
MTails: calls $6
*** SHOW DOWN ***
Eklund_1891: shows [3c 3d] (three of a kind, Threes)
MTails: mucks hand
Eklund_1891 collected $47.50 from pot
*** SUMMARY ***
Total pot $48 | Rake $0.50
Board [Tc Ks 7d 2h 3h]
Seat 3: Eklund_1891 (big blind) showed [3c 3d] and won ($47.50) with three of a kind, Threes
Seat 6: MTails (button) (small blind) mucked


PokerStars Hand #168010813095:  Hold'em Limit ($3/$6 USD) - 2017/03/23 17:11:09 ET
Table 'Mirphak' 6-max Seat #3 is the button
Seat 3: Eklund_1891 ($254.61 in chips)
Seat 6: MTails ($91.89 in chips)
Eklund_1891: posts small blind $1
MTails: posts big blind $3
*** HOLE CARDS ***
Eklund_1891: raises $3 to $6
MTails: calls $3
*** FLOP *** [Td Qh 2s]
MTails: checks
Zubasa07 joins the table at seat #4
Eklund_1891: bets $3
MTails: folds
Uncalled bet ($3) returned to Eklund_1891
Eklund_1891 collected $11.76 from pot
Eklund_1891: doesn't show hand
*** SUMMARY ***
Total pot $12 | Rake $0.24
Board [Td Qh 2s]
Seat 3: Eklund_1891 (button) (small blind) collected ($11.76)
Seat 6: MTails (big blind) folded on the Flop


PokerStars Hand #168010771162:  Hold'em Limit ($3/$6 USD) - 2017/03/23 17:10:23 ET
Table 'Mirphak' 6-max Seat #3 is the button
Seat 3: Eklund_1891 ($210.61 in chips)
Seat 6: MTails ($76.89 in chips)
Eklund_1891: posts small blind $1
MTails: posts big blind $3
*** HOLE CARDS ***
Eklund_1891: raises $3 to $6
MTails: raises $3 to $9
Eklund_1891: calls $3
*** FLOP *** [8d Kd 3d]
MTails: bets $3
Eklund_1891: raises $3 to $6
MTails: calls $3
*** TURN *** [8d Kd 3d] [Qs]
MTails: checks
Eklund_1891: bets $6
MTails: calls $6
*** RIVER *** [8d Kd 3d Qs] [2d]
MTails: checks
Eklund_1891: checks
*** SHOW DOWN ***
MTails: shows [8c 9c] (a pair of Eights)
Eklund_1891: shows [Kh 2h] (two pair, Kings and Deuces)
Eklund_1891 collected $41.50 from pot
*** SUMMARY ***
Total pot $42 | Rake $0.50
Board [8d Kd 3d Qs 2d]
Seat 3: Eklund_1891 (button) (small blind) showed [Kh 2h] and won ($41.50) with two pair, Kings and Deuces
Seat 6: MTails (big blind) showed [8c 9c] and lost with a pair of Eights


PokerStars Hand #168010824172:  Hold'em Limit ($3/$6 USD) - 2017/03/23 17:11:21 ET
Table 'Mirphak' 6-max Seat #6 is the button
Seat 3: Eklund_1891 ($260.37 in chips)
Seat 6: MTails ($85.89 in chips)
MTails: posts small blind $1
Eklund_1891: posts big blind $3
*** HOLE CARDS ***
MTails: raises $3 to $6
Eklund_1891: calls $3
*** FLOP *** [Jh 8c 9d]
Eklund_1891: checks
MTails: bets $3
Eklund_1891: raises $3 to $6
MTails: raises $3 to $9
Eklund_1891: calls $3
*** TURN *** [Jh 8c 9d] [3h]
Eklund_1891: checks
MTails: checks
*** RIVER *** [Jh 8c 9d 3h] [3d]
Eklund_1891: bets $6
MTails: calls $6
*** SHOW DOWN ***
Eklund_1891: shows [Jc 6d] (two pair, Jacks and Threes)
MTails: mucks hand
Eklund_1891 collected $41.50 from pot
*** SUMMARY ***
Total pot $42 | Rake $0.50
Board [Jh 8c 9d 3h 3d]
Seat 3: Eklund_1891 (big blind) showed [Jc 6d] and won ($41.50) with two pair, Jacks and Threes
Seat 6: MTails (button) (small blind) mucked


PokerStars Hand #168010923785:  Hold'em Limit ($3/$6 USD) - 2017/03/23 17:13:11 ET
Table 'Mirphak' 6-max Seat #4 is the button
Seat 4: Zubasa07 ($335.20 in chips)
Seat 6: MTails ($70.78 in chips)
Zubasa07: posts small blind $1
Eklund_1891 leaves the table
MTails: posts big blind $3
*** HOLE CARDS ***
Zubasa07: raises $3 to $6
MTails: calls $3
*** FLOP *** [7d Js 2c]
MTails: checks
Zubasa07: bets $3
MTails: folds
Uncalled bet ($3) returned to Zubasa07
Zubasa07 collected $11.76 from pot
Zubasa07: doesn't show hand
*** SUMMARY ***
Total pot $12 | Rake $0.24
Board [7d Js 2c]
Seat 4: Zubasa07 (button) (small blind) collected ($11.76)
Seat 6: MTails (big blind) folded on the Flop


