PokerStars Hand #156536835712:  Hold'em Limit ($3/$6 USD) - 2016/07/27 23:45:15 ET
Table 'Mirphak' 6-max Seat #1 is the button
Seat 1: kurt183 ($332.91 in chips)
Seat 3: krytalex ($234.95 in chips)
kurt183: posts small blind $1
krytalex: posts big blind $3
*** HOLE CARDS ***
kurt183: folds
Uncalled bet ($2) returned to krytalex
krytalex collected $2 from pot
*** SUMMARY ***
Total pot $2 | Rake $0
Seat 1: kurt183 (button) (small blind) folded before Flop
Seat 3: krytalex (big blind) collected ($2)


PokerStars Hand #156536843509:  Hold'em Limit ($3/$6 USD) - 2016/07/27 23:45:45 ET
Table 'Mirphak' 6-max Seat #1 is the button
Seat 1: kurt183 ($310.91 in chips)
Seat 3: krytalex ($256.45 in chips)
kurt183: posts small blind $1
krytalex: posts big blind $3
*** HOLE CARDS ***
kurt183: raises $3 to $6
krytalex: folds
Uncalled bet ($3) returned to kurt183
kurt183 collected $6 from pot
kurt183: doesn't show hand
*** SUMMARY ***
Total pot $6 | Rake $0
Seat 1: kurt183 (button) (small blind) collected ($6)
Seat 3: krytalex (big blind) folded before Flop


PokerStars Hand #156536845613:  Hold'em Limit ($3/$6 USD) - 2016/07/27 23:45:53 ET
Table 'Mirphak' 6-max Seat #3 is the button
Seat 1: kurt183 ($313.91 in chips)
Seat 3: krytalex ($253.45 in chips)
krytalex: posts small blind $1
kurt183: posts big blind $3
*** HOLE CARDS ***
krytalex: raises $3 to $6
kurt183: calls $3
*** FLOP *** [Ah Kd 8c]
kurt183: checks
krytalex: bets $3
kurt183: folds
Uncalled bet ($3) returned to krytalex
krytalex collected $11.76 from pot
*** SUMMARY ***
Total pot $12 | Rake $0.24
Board [Ah Kd 8c]
Seat 1: kurt183 (big blind) folded on the Flop
Seat 3: krytalex (button) (small blind) collected ($11.76)


PokerStars Hand #156536848967:  Hold'em Limit ($3/$6 USD) - 2016/07/27 23:46:06 ET
Table 'Mirphak' 6-max Seat #1 is the button
Seat 1: kurt183 ($307.91 in chips)
Seat 3: krytalex ($259.21 in chips)
kurt183: posts small blind $1
krytalex: posts big blind $3
*** HOLE CARDS ***
kurt183: raises $3 to $6
krytalex: folds
Uncalled bet ($3) returned to kurt183
kurt183 collected $6 from pot
kurt183: doesn't show hand
*** SUMMARY ***
Total pot $6 | Rake $0
Seat 1: kurt183 (button) (small blind) collected ($6)
Seat 3: krytalex (big blind) folded before Flop


PokerStars Hand #156536850724:  Hold'em Limit ($3/$6 USD) - 2016/07/27 23:46:13 ET
Table 'Mirphak' 6-max Seat #3 is the button
Seat 1: kurt183 ($310.91 in chips)
Seat 3: krytalex ($256.21 in chips)
krytalex: posts small blind $1
kurt183: posts big blind $3
*** HOLE CARDS ***
krytalex: raises $3 to $6
kurt183: calls $3
*** FLOP *** [2c 3c Kd]
kurt183: checks
krytalex: bets $3
kurt183: folds
Uncalled bet ($3) returned to krytalex
krytalex collected $11.76 from pot
*** SUMMARY ***
Total pot $12 | Rake $0.24
Board [2c 3c Kd]
Seat 1: kurt183 (big blind) folded on the Flop
Seat 3: krytalex (button) (small blind) collected ($11.76)


PokerStars Hand #156536836917:  Hold'em Limit ($3/$6 USD) - 2016/07/27 23:45:20 ET
Table 'Mirphak' 6-max Seat #3 is the button
Seat 1: kurt183 ($331.91 in chips)
Seat 3: krytalex ($235.95 in chips)
krytalex: posts small blind $1
kurt183: posts big blind $3
*** HOLE CARDS ***
krytalex: raises $3 to $6
kurt183: calls $3
*** FLOP *** [Th 8d 4s]
kurt183: bets $3
krytalex: calls $3
*** TURN *** [Th 8d 4s] [6h]
kurt183: bets $6
krytalex: calls $6
*** RIVER *** [Th 8d 4s 6h] [8h]
kurt183: bets $6
krytalex: calls $6
*** SHOW DOWN ***
kurt183: shows [4c Ah] (two pair, Eights and Fours)
krytalex: shows [2c Tc] (two pair, Tens and Eights)
krytalex collected $41.50 from pot
*** SUMMARY ***
Total pot $42 | Rake $0.50
Board [Th 8d 4s 6h 8h]
Seat 1: kurt183 (big blind) showed [4c Ah] and lost with two pair, Eights and Fours
Seat 3: krytalex (button) (small blind) showed [2c Tc] and won ($41.50) with two pair, Tens and Eights


PokerStars Hand #156536855025:  Hold'em Limit ($3/$6 USD) - 2016/07/27 23:46:30 ET
Table 'Mirphak' 6-max Seat #1 is the button
Seat 1: kurt183 ($304.91 in chips)
Seat 3: krytalex ($261.97 in chips)
kurt183: posts small blind $1
krytalex: posts big blind $3
*** HOLE CARDS ***
kurt183: raises $3 to $6
krytalex: calls $3
*** FLOP *** [7c Ah 8h]
krytalex: checks
kurt183: bets $3
krytalex: calls $3
*** TURN *** [7c Ah 8h] [7d]
krytalex: checks
kurt183: checks
*** RIVER *** [7c Ah 8h 7d] [Jd]
krytalex: bets $6
kurt183: calls $6
*** SHOW DOWN ***
krytalex: shows [9c 7s] (three of a kind, Sevens)
kurt183: mucks hand
krytalex collected $29.50 from pot
*** SUMMARY ***
Total pot $30 | Rake $0.50
Board [7c Ah 8h 7d Jd]
Seat 1: kurt183 (button) (small blind) mucked
Seat 3: krytalex (big blind) showed [9c 7s] and won ($29.50) with three of a kind, Sevens


PokerStars Hand #156536868152:  Hold'em Limit ($3/$6 USD) - 2016/07/27 23:47:21 ET
Table 'Mirphak' 6-max Seat #1 is the button
Seat 1: kurt183 ($244.91 in chips)
Seat 3: krytalex ($320.97 in chips)
kurt183: posts small blind $1
krytalex: posts big blind $3
*** HOLE CARDS ***
kurt183: raises $3 to $6
krytalex: folds
Uncalled bet ($3) returned to kurt183
kurt183 collected $6 from pot
kurt183: doesn't show hand
*** SUMMARY ***
Total pot $6 | Rake $0
Seat 1: kurt183 (button) (small blind) collected ($6)
Seat 3: krytalex (big blind) folded before Flop


PokerStars Hand #156536860748:  Hold'em Limit ($3/$6 USD) - 2016/07/27 23:46:52 ET
Table 'Mirphak' 6-max Seat #3 is the button
Seat 1: kurt183 ($289.91 in chips)
Seat 3: krytalex ($276.47 in chips)
krytalex: posts small blind $1
kurt183: posts big blind $3
*** HOLE CARDS ***
krytalex: raises $3 to $6
kurt183: calls $3
*** FLOP *** [7c 9d Jd]
kurt183: checks
krytalex: bets $3
kurt183: calls $3
*** TURN *** [7c 9d Jd] [7h]
kurt183: checks
krytalex: bets $6
kurt183: raises $6 to $12
krytalex: raises $6 to $18
kurt183: raises $6 to $24
Betting is capped
krytalex: calls $6
*** RIVER *** [7c 9d Jd 7h] [9s]
kurt183: bets $6
krytalex: raises $6 to $12
kurt183: calls $6
*** SHOW DOWN ***
krytalex: shows [9h 9c] (four of a kind, Nines)
kurt183: mucks hand
krytalex collected $89.50 from pot
*** SUMMARY ***
Total pot $90 | Rake $0.50
Board [7c 9d Jd 7h 9s]
Seat 1: kurt183 (big blind) mucked
Seat 3: krytalex (button) (small blind) showed [9h 9c] and won ($89.50) with four of a kind, Nines


PokerStars Hand #156536876415:  Hold'em Limit ($3/$6 USD) - 2016/07/27 23:47:53 ET
Table 'Mirphak' 6-max Seat #1 is the button
Seat 1: kurt183 ($217.91 in chips)
Seat 3: krytalex ($347.47 in chips)
kurt183: posts small blind $1
krytalex: posts big blind $3
*** HOLE CARDS ***
kurt183: folds
Uncalled bet ($2) returned to krytalex
krytalex collected $2 from pot
*** SUMMARY ***
Total pot $2 | Rake $0
Seat 1: kurt183 (button) (small blind) folded before Flop
Seat 3: krytalex (big blind) collected ($2)


PokerStars Hand #156536870218:  Hold'em Limit ($3/$6 USD) - 2016/07/27 23:47:29 ET
Table 'Mirphak' 6-max Seat #3 is the button
Seat 1: kurt183 ($247.91 in chips)
Seat 3: krytalex ($317.97 in chips)
krytalex: posts small blind $1
kurt183: posts big blind $3
*** HOLE CARDS ***
krytalex: raises $3 to $6
kurt183: raises $3 to $9
krytalex: calls $3
*** FLOP *** [7d 2h Qd]
kurt183: bets $3
krytalex: calls $3
*** TURN *** [7d 2h Qd] [Ad]
kurt183: bets $6
krytalex: raises $6 to $12
kurt183: calls $6
*** RIVER *** [7d 2h Qd Ad] [Qh]
kurt183: checks
krytalex: bets $6
kurt183: calls $6
*** SHOW DOWN ***
krytalex: shows [Kd 4d] (a flush, Ace high)
kurt183: mucks hand
krytalex collected $59.50 from pot
*** SUMMARY ***
Total pot $60 | Rake $0.50
Board [7d 2h Qd Ad Qh]
Seat 1: kurt183 (big blind) mucked
Seat 3: krytalex (button) (small blind) showed [Kd 4d] and won ($59.50) with a flush, Ace high


PokerStars Hand #156536886734:  Hold'em Limit ($3/$6 USD) - 2016/07/27 23:48:33 ET
Table 'Mirphak' 6-max Seat #1 is the button
Seat 1: kurt183 ($231.41 in chips)
Seat 3: krytalex ($333.47 in chips)
kurt183: posts small blind $1
krytalex: posts big blind $3
*** HOLE CARDS ***
kurt183: folds
Uncalled bet ($2) returned to krytalex
krytalex collected $2 from pot
*** SUMMARY ***
Total pot $2 | Rake $0
Seat 1: kurt183 (button) (small blind) folded before Flop
Seat 3: krytalex (big blind) collected ($2)


PokerStars Hand #156536877537:  Hold'em Limit ($3/$6 USD) - 2016/07/27 23:47:57 ET
Table 'Mirphak' 6-max Seat #3 is the button
Seat 1: kurt183 ($216.91 in chips)
Seat 3: krytalex ($348.47 in chips)
krytalex: posts small blind $1
kurt183: posts big blind $3
*** HOLE CARDS ***
krytalex: raises $3 to $6
kurt183: calls $3
*** FLOP *** [6d 9c 6c]
kurt183: checks
krytalex: bets $3
kurt183: calls $3
*** TURN *** [6d 9c 6c] [4d]
kurt183: checks
krytalex: checks
*** RIVER *** [6d 9c 6c 4d] [Tc]
kurt183: bets $6
krytalex: calls $6
*** SHOW DOWN ***
kurt183: shows [Th 8c] (two pair, Tens and Sixes)
krytalex: mucks hand
kurt183 collected $29.50 from pot
*** SUMMARY ***
Total pot $30 | Rake $0.50
Board [6d 9c 6c 4d Tc]
Seat 1: kurt183 (big blind) showed [Th 8c] and won ($29.50) with two pair, Tens and Sixes
Seat 3: krytalex (button) (small blind) mucked


PokerStars Hand #156536887929:  Hold'em Limit ($3/$6 USD) - 2016/07/27 23:48:38 ET
Table 'Mirphak' 6-max Seat #3 is the button
Seat 1: kurt183 ($230.41 in chips)
Seat 3: krytalex ($334.47 in chips)
krytalex: posts small blind $1
kurt183: posts big blind $3
*** HOLE CARDS ***
krytalex: raises $3 to $6
kurt183: calls $3
*** FLOP *** [Jc 6c 8d]
kurt183: checks
krytalex: checks
*** TURN *** [Jc 6c 8d] [4h]
kurt183: bets $6
krytalex: folds
Uncalled bet ($6) returned to kurt183
kurt183 collected $11.76 from pot
kurt183: doesn't show hand
*** SUMMARY ***
Total pot $12 | Rake $0.24
Board [Jc 6c 8d 4h]
Seat 1: kurt183 (big blind) collected ($11.76)
Seat 3: krytalex (button) (small blind) folded on the Turn


PokerStars Hand #156536892255:  Hold'em Limit ($3/$6 USD) - 2016/07/27 23:48:55 ET
Table 'Mirphak' 6-max Seat #1 is the button
Seat 1: kurt183 ($236.17 in chips)
Seat 3: krytalex ($328.47 in chips)
kurt183: posts small blind $1
krytalex: posts big blind $3
*** HOLE CARDS ***
kurt183: raises $3 to $6
krytalex: calls $3
*** FLOP *** [9h Kd 3d]
krytalex: checks
kurt183: checks
*** TURN *** [9h Kd 3d] [7h]
krytalex: checks
kurt183: bets $6
krytalex: folds
Uncalled bet ($6) returned to kurt183
kurt183 collected $11.76 from pot
kurt183: doesn't show hand
*** SUMMARY ***
Total pot $12 | Rake $0.24
Board [9h Kd 3d 7h]
Seat 1: kurt183 (button) (small blind) collected ($11.76)
Seat 3: krytalex (big blind) folded on the Turn


PokerStars Hand #156536898908:  Hold'em Limit ($3/$6 USD) - 2016/07/27 23:49:21 ET
Table 'Mirphak' 6-max Seat #3 is the button
Seat 1: kurt183 ($241.93 in chips)
Seat 3: krytalex ($322.47 in chips)
krytalex: posts small blind $1
kurt183: posts big blind $3
*** HOLE CARDS ***
krytalex: raises $3 to $6
kurt183: calls $3
*** FLOP *** [8h 8c 4s]
kurt183: checks
krytalex: bets $3
kurt183: folds
Uncalled bet ($3) returned to krytalex
krytalex collected $11.76 from pot
*** SUMMARY ***
Total pot $12 | Rake $0.24
Board [8h 8c 4s]
Seat 1: kurt183 (big blind) folded on the Flop
Seat 3: krytalex (button) (small blind) collected ($11.76)


PokerStars Hand #156536903712:  Hold'em Limit ($3/$6 USD) - 2016/07/27 23:49:39 ET
Table 'Mirphak' 6-max Seat #1 is the button
Seat 1: kurt183 ($235.93 in chips)
Seat 3: krytalex ($328.23 in chips)
kurt183: posts small blind $1
krytalex: posts big blind $3
*** HOLE CARDS ***
kurt183: raises $3 to $6
krytalex: calls $3
*** FLOP *** [Ac Td 4h]
krytalex: checks
kurt183: bets $3
krytalex: calls $3
*** TURN *** [Ac Td 4h] [3s]
krytalex: checks
kurt183: checks
*** RIVER *** [Ac Td 4h 3s] [7s]
krytalex: checks
kurt183: bets $6
krytalex: folds
Uncalled bet ($6) returned to kurt183
kurt183 collected $17.64 from pot
kurt183: doesn't show hand
*** SUMMARY ***
Total pot $18 | Rake $0.36
Board [Ac Td 4h 3s 7s]
Seat 1: kurt183 (button) (small blind) collected ($17.64)
Seat 3: krytalex (big blind) folded on the River


PokerStars Hand #156536918583:  Hold'em Limit ($3/$6 USD) - 2016/07/27 23:50:38 ET
Table 'Mirphak' 6-max Seat #3 is the button
Seat 1: kurt183 ($244.57 in chips)
Seat 3: krytalex ($319.23 in chips)
krytalex: posts small blind $1
kurt183: posts big blind $3
*** HOLE CARDS ***
krytalex: raises $3 to $6
kurt183: folds
Uncalled bet ($3) returned to krytalex
krytalex collected $6 from pot
*** SUMMARY ***
Total pot $6 | Rake $0
Seat 1: kurt183 (big blind) folded before Flop
Seat 3: krytalex (button) (small blind) collected ($6)


PokerStars Hand #156536920592:  Hold'em Limit ($3/$6 USD) - 2016/07/27 23:50:45 ET
Table 'Mirphak' 6-max Seat #1 is the button
Seat 1: kurt183 ($241.57 in chips)
Seat 3: krytalex ($322.23 in chips)
kurt183: posts small blind $1
krytalex: posts big blind $3
*** HOLE CARDS ***
kurt183: raises $3 to $6
krytalex: calls $3
*** FLOP *** [Ts Td 7c]
krytalex: checks
kurt183: bets $3
krytalex: calls $3
*** TURN *** [Ts Td 7c] [9c]
krytalex: bets $6
kurt183: raises $6 to $12
krytalex: raises $6 to $18
kurt183: calls $6
*** RIVER *** [Ts Td 7c 9c] [4c]
krytalex: bets $6
kurt183: calls $6
*** SHOW DOWN ***
krytalex: shows [7h Th] (a full house, Tens full of Sevens)
kurt183: mucks hand
krytalex collected $65.50 from pot
*** SUMMARY ***
Total pot $66 | Rake $0.50
Board [Ts Td 7c 9c 4c]
Seat 1: kurt183 (button) (small blind) mucked
Seat 3: krytalex (big blind) showed [7h Th] and won ($65.50) with a full house, Tens full of Sevens


PokerStars Hand #156536927252:  Hold'em Limit ($3/$6 USD) - 2016/07/27 23:51:11 ET
Table 'Mirphak' 6-max Seat #3 is the button
Seat 1: kurt183 ($208.57 in chips)
Seat 3: krytalex ($354.73 in chips)
krytalex: posts small blind $1
kurt183: posts big blind $3
*** HOLE CARDS ***
krytalex: raises $3 to $6
kurt183: calls $3
*** FLOP *** [Js 6h 8s]
kurt183: bets $3
krytalex: calls $3
*** TURN *** [Js 6h 8s] [2c]
kurt183: bets $6
krytalex: calls $6
*** RIVER *** [Js 6h 8s 2c] [6d]
kurt183: bets $6
krytalex: raises $6 to $12
kurt183: calls $6
*** SHOW DOWN ***
krytalex: shows [5c 6s] (three of a kind, Sixes)
Tiger660 joins the table at seat #4
kurt183: mucks hand
krytalex collected $53.50 from pot
*** SUMMARY ***
Total pot $54 | Rake $0.50
Board [Js 6h 8s 2c 6d]
Seat 1: kurt183 (big blind) mucked
Seat 3: krytalex (button) (small blind) showed [5c 6s] and won ($53.50) with three of a kind, Sixes


PokerStars Hand #156536933987:  Hold'em Limit ($3/$6 USD) - 2016/07/27 23:51:38 ET
Table 'Mirphak' 6-max Seat #1 is the button
Seat 1: kurt183 ($181.57 in chips)
Seat 3: krytalex ($381.23 in chips)
kurt183: posts small blind $1
krytalex: posts big blind $3
*** HOLE CARDS ***
kurt183: raises $3 to $6
krytalex: folds
Uncalled bet ($3) returned to kurt183
kurt183 collected $6 from pot
kurt183: doesn't show hand
*** SUMMARY ***
Total pot $6 | Rake $0
Seat 1: kurt183 (button) (small blind) collected ($6)
Seat 3: krytalex (big blind) folded before Flop


PokerStars Hand #156537006505:  Hold'em Limit ($3/$6 USD) - 2016/07/27 23:56:36 ET
Table 'Mirphak' 6-max Seat #1 is the button
Seat 1: kurt183 ($148.43 in chips)
Seat 4: Tiger660 ($5.63 in chips)
kurt183: posts small blind $1
Tiger660: posts big blind $3
*** HOLE CARDS ***
kurt183: raises $3 to $6
Tiger660: calls $2.63 and is all-in
Uncalled bet ($0.37) returned to kurt183
*** FLOP *** [6h Tc Th]
*** TURN *** [6h Tc Th] [9h]
*** RIVER *** [6h Tc Th 9h] [2h]
*** SHOW DOWN ***
Tiger660: shows [Qs 8c] (a pair of Tens)
kurt183: shows [7d 6c] (two pair, Tens and Sixes)
kurt183 collected $11.03 from pot
*** SUMMARY ***
Total pot $11.26 | Rake $0.23
Board [6h Tc Th 9h 2h]
Seat 1: kurt183 (button) (small blind) showed [7d 6c] and won ($11.03) with two pair, Tens and Sixes
Seat 4: Tiger660 (big blind) showed [Qs 8c] and lost with a pair of Tens


