PokerStars Hand #166760017470:  Hold'em Limit ($3/$6 USD) - 2017/02/25 13:49:19 ET
Table 'Mirphak' 6-max Seat #4 is the button
Seat 1: Chessnok ($80.54 in chips)
Seat 4: japachess ($46.74 in chips)
japachess: posts small blind $1
Chessnok: posts big blind $3
*** HOLE CARDS ***
japachess: folds
Uncalled bet ($2) returned to Chessnok
Chessnok collected $2 from pot
Chessnok: doesn't show hand
*** SUMMARY ***
Total pot $2 | Rake $0
Seat 1: Chessnok (big blind) collected ($2)
Seat 4: japachess (button) (small blind) folded before Flop


PokerStars Hand #166760006393:  Hold'em Limit ($3/$6 USD) - 2017/02/25 13:49:07 ET
Table 'Mirphak' 6-max Seat #1 is the button
Seat 1: Chessnok ($89.54 in chips)
Seat 4: japachess ($38.10 in chips)
Chessnok: posts small blind $1
japachess: posts big blind $3
*** HOLE CARDS ***
Chessnok: raises $3 to $6
japachess: raises $3 to $9
Chessnok: calls $3
*** FLOP *** [Ad As Ah]
japachess: bets $3
Chessnok: folds
Uncalled bet ($3) returned to japachess
japachess collected $17.64 from pot
japachess: doesn't show hand
*** SUMMARY ***
Total pot $18 | Rake $0.36
Board [Ad As Ah]
Seat 1: Chessnok (button) (small blind) folded on the Flop
Seat 4: japachess (big blind) collected ($17.64)


PokerStars Hand #166760023888:  Hold'em Limit ($3/$6 USD) - 2017/02/25 13:49:26 ET
Table 'Mirphak' 6-max Seat #1 is the button
Seat 1: Chessnok ($81.54 in chips)
Seat 4: japachess ($45.74 in chips)
Chessnok: posts small blind $1
japachess: posts big blind $3
*** HOLE CARDS ***
Chessnok: raises $3 to $6
japachess: raises $3 to $9
Chessnok: calls $3
*** FLOP *** [2h Ks Th]
japachess: bets $3
Chessnok: calls $3
*** TURN *** [2h Ks Th] [Kc]
japachess: bets $6
Chessnok: calls $6
*** RIVER *** [2h Ks Th Kc] [3s]
japachess: bets $6
Chessnok: calls $6
*** SHOW DOWN ***
japachess: shows [9h Ad] (a pair of Kings)
Chessnok: mucks hand
japachess collected $47.50 from pot
*** SUMMARY ***
Total pot $48 | Rake $0.50
Board [2h Ks Th Kc 3s]
Seat 1: Chessnok (button) (small blind) mucked
Seat 4: japachess (big blind) showed [9h Ad] and won ($47.50) with a pair of Kings


PokerStars Hand #166760055193:  Hold'em Limit ($3/$6 USD) - 2017/02/25 13:50:01 ET
Table 'Mirphak' 6-max Seat #1 is the button
Seat 1: Chessnok ($61 in chips)
Seat 4: japachess ($68.24 in chips)
Chessnok: posts small blind $1
japachess: posts big blind $3
*** HOLE CARDS ***
Chessnok: folds
Uncalled bet ($2) returned to japachess
japachess collected $2 from pot
japachess: doesn't show hand
*** SUMMARY ***
Total pot $2 | Rake $0
Seat 1: Chessnok (button) (small blind) folded before Flop
Seat 4: japachess (big blind) collected ($2)


PokerStars Hand #166760049397:  Hold'em Limit ($3/$6 USD) - 2017/02/25 13:49:54 ET
Table 'Mirphak' 6-max Seat #4 is the button
Seat 1: Chessnok ($60 in chips)
Seat 4: japachess ($69.24 in chips)
japachess: posts small blind $1
Chessnok: posts big blind $3
*** HOLE CARDS ***
japachess: folds
Uncalled bet ($2) returned to Chessnok
Chessnok collected $2 from pot
Chessnok: doesn't show hand
*** SUMMARY ***
Total pot $2 | Rake $0
Seat 1: Chessnok (big blind) collected ($2)
Seat 4: japachess (button) (small blind) folded before Flop


PokerStars Hand #166760059188:  Hold'em Limit ($3/$6 USD) - 2017/02/25 13:50:05 ET
Table 'Mirphak' 6-max Seat #4 is the button
Seat 1: Chessnok ($60 in chips)
Seat 4: japachess ($69.24 in chips)
japachess: posts small blind $1
Chessnok: posts big blind $3
*** HOLE CARDS ***
japachess: raises $3 to $6
Chessnok: raises $3 to $9
japachess: calls $3
*** FLOP *** [3h Jh Td]
Chessnok: bets $3
japachess: calls $3
*** TURN *** [3h Jh Td] [9s]
Chessnok: bets $6
japachess: calls $6
*** RIVER *** [3h Jh Td 9s] [Ac]
Chessnok: bets $6
japachess: raises $6 to $12
Chessnok: calls $6
*** SHOW DOWN ***
japachess: shows [5s Ks] (high card Ace)
Chessnok: shows [Js Qd] (a pair of Jacks)
Chessnok collected $59.50 from pot
*** SUMMARY ***
Total pot $60 | Rake $0.50
Board [3h Jh Td 9s Ac]
Seat 1: Chessnok (big blind) showed [Js Qd] and won ($59.50) with a pair of Jacks
Seat 4: japachess (button) (small blind) showed [5s Ks] and lost with high card Ace


PokerStars Hand #166760107782:  Hold'em Limit ($3/$6 USD) - 2017/02/25 13:51:00 ET
Table 'Mirphak' 6-max Seat #4 is the button
Seat 1: Chessnok ($98.14 in chips)
Seat 4: japachess ($30.24 in chips)
japachess: posts small blind $1
Chessnok: posts big blind $3
*** HOLE CARDS ***
japachess: folds
Uncalled bet ($2) returned to Chessnok
Chessnok collected $2 from pot
Chessnok: doesn't show hand
*** SUMMARY ***
Total pot $2 | Rake $0
Seat 1: Chessnok (big blind) collected ($2)
Seat 4: japachess (button) (small blind) folded before Flop


PokerStars Hand #166760088681:  Hold'em Limit ($3/$6 USD) - 2017/02/25 13:50:39 ET
Table 'Mirphak' 6-max Seat #1 is the button
Seat 1: Chessnok ($89.50 in chips)
Seat 4: japachess ($39.24 in chips)
Chessnok: posts small blind $1
japachess: posts big blind $3
*** HOLE CARDS ***
Chessnok: raises $3 to $6
japachess: calls $3
*** FLOP *** [5s 5d Ts]
japachess: checks
Chessnok: bets $3
japachess: calls $3
*** TURN *** [5s 5d Ts] [8s]
japachess: checks
Chessnok: bets $6
japachess: folds
Uncalled bet ($6) returned to Chessnok
Chessnok collected $17.64 from pot
Chessnok: doesn't show hand
*** SUMMARY ***
Total pot $18 | Rake $0.36
Board [5s 5d Ts 8s]
Seat 1: Chessnok (button) (small blind) collected ($17.64)
Seat 4: japachess (big blind) folded on the Turn


PokerStars Hand #166760113014:  Hold'em Limit ($3/$6 USD) - 2017/02/25 13:51:06 ET
Table 'Mirphak' 6-max Seat #1 is the button
Seat 1: Chessnok ($99.14 in chips)
Seat 4: japachess ($29.24 in chips)
Chessnok: posts small blind $1
japachess: posts big blind $3
*** HOLE CARDS ***
Chessnok: raises $3 to $6
japachess: calls $3
*** FLOP *** [Js 5d 3s]
japachess: checks
Chessnok: bets $3
japachess: folds
Uncalled bet ($3) returned to Chessnok
Chessnok collected $11.76 from pot
Chessnok: doesn't show hand
*** SUMMARY ***
Total pot $12 | Rake $0.24
Board [Js 5d 3s]
Seat 1: Chessnok (button) (small blind) collected ($11.76)
Seat 4: japachess (big blind) folded on the Flop


PokerStars Hand #166760127412:  Hold'em Limit ($3/$6 USD) - 2017/02/25 13:51:22 ET
Table 'Mirphak' 6-max Seat #1 is the button
Seat 1: Chessnok ($101.90 in chips)
Seat 4: japachess ($26.24 in chips)
Chessnok: posts small blind $1
japachess: posts big blind $3
*** HOLE CARDS ***
Chessnok: raises $3 to $6
japachess: folds
Uncalled bet ($3) returned to Chessnok
Chessnok collected $6 from pot
Chessnok: doesn't show hand
*** SUMMARY ***
Total pot $6 | Rake $0
Seat 1: Chessnok (button) (small blind) collected ($6)
Seat 4: japachess (big blind) folded before Flop


PokerStars Hand #166760121787:  Hold'em Limit ($3/$6 USD) - 2017/02/25 13:51:16 ET
Table 'Mirphak' 6-max Seat #4 is the button
Seat 1: Chessnok ($104.90 in chips)
Seat 4: japachess ($23.24 in chips)
japachess: posts small blind $1
Chessnok: posts big blind $3
*** HOLE CARDS ***
japachess: raises $3 to $6
Chessnok: folds
Uncalled bet ($3) returned to japachess
japachess collected $6 from pot
japachess: doesn't show hand
*** SUMMARY ***
Total pot $6 | Rake $0
Seat 1: Chessnok (big blind) folded before Flop
Seat 4: japachess (button) (small blind) collected ($6)


PokerStars Hand #166760132209:  Hold'em Limit ($3/$6 USD) - 2017/02/25 13:51:27 ET
Table 'Mirphak' 6-max Seat #4 is the button
Seat 1: Chessnok ($104.90 in chips)
Seat 4: japachess ($23.24 in chips)
japachess: posts small blind $1
Chessnok: posts big blind $3
*** HOLE CARDS ***
japachess: folds
Uncalled bet ($2) returned to Chessnok
Chessnok collected $2 from pot
Chessnok: doesn't show hand
*** SUMMARY ***
Total pot $2 | Rake $0
Seat 1: Chessnok (big blind) collected ($2)
Seat 4: japachess (button) (small blind) folded before Flop


PokerStars Hand #166760137611:  Hold'em Limit ($3/$6 USD) - 2017/02/25 13:51:33 ET
Table 'Mirphak' 6-max Seat #1 is the button
Seat 1: Chessnok ($105.90 in chips)
Seat 4: japachess ($22.24 in chips)
Chessnok: posts small blind $1
japachess: posts big blind $3
*** HOLE CARDS ***
Chessnok: raises $3 to $6
japachess: calls $3
*** FLOP *** [6s Ad Ts]
japachess: checks
Chessnok: bets $3
japachess: folds
Uncalled bet ($3) returned to Chessnok
Chessnok collected $11.76 from pot
Chessnok: doesn't show hand
japachess leaves the table
*** SUMMARY ***
Total pot $12 | Rake $0.24
Board [6s Ad Ts]
Seat 1: Chessnok (button) (small blind) collected ($11.76)
Seat 4: japachess (big blind) folded on the Flop


PokerStars Hand #166760270363:  Hold'em Limit ($3/$6 USD) - 2017/02/25 13:53:54 ET
Table 'Mirphak' 6-max Seat #6 is the button
Seat 1: Chessnok ($111.66 in chips)
Seat 6: mogoallin ($120 in chips)
mogoallin: posts small blind $1
Chessnok: posts big blind $3
*** HOLE CARDS ***
mogoallin: raises $3 to $6
Chessnok: calls $3
*** FLOP *** [4c 8c Tc]
Chessnok: checks
mogoallin: bets $3
Chessnok: raises $3 to $6
mogoallin: raises $3 to $9
Chessnok: calls $3
*** TURN *** [4c 8c Tc] [Jh]
Chessnok: bets $6
mogoallin: raises $6 to $12
Chessnok: raises $6 to $18
mogoallin: calls $6
*** RIVER *** [4c 8c Tc Jh] [Qs]
Chessnok: bets $6
mogoallin: calls $6
*** SHOW DOWN ***
Chessnok: shows [7h 9s] (a straight, Eight to Queen)
mogoallin: mucks hand
Chessnok collected $77.50 from pot
*** SUMMARY ***
Total pot $78 | Rake $0.50
Board [4c 8c Tc Jh Qs]
Seat 1: Chessnok (big blind) showed [7h 9s] and won ($77.50) with a straight, Eight to Queen
Seat 6: mogoallin (button) (small blind) mucked


PokerStars Hand #166760288540:  Hold'em Limit ($3/$6 USD) - 2017/02/25 13:54:14 ET
Table 'Mirphak' 6-max Seat #1 is the button
Seat 1: Chessnok ($150.16 in chips)
Seat 6: mogoallin ($81 in chips)
Chessnok: posts small blind $1
mogoallin: posts big blind $3
*** HOLE CARDS ***
Chessnok: folds
Uncalled bet ($2) returned to mogoallin
mogoallin collected $2 from pot
mogoallin: doesn't show hand
*** SUMMARY ***
Total pot $2 | Rake $0
Seat 1: Chessnok (button) (small blind) folded before Flop
Seat 6: mogoallin (big blind) collected ($2)


PokerStars Hand #166760292273:  Hold'em Limit ($3/$6 USD) - 2017/02/25 13:54:19 ET
Table 'Mirphak' 6-max Seat #6 is the button
Seat 1: Chessnok ($149.16 in chips)
Seat 6: mogoallin ($82 in chips)
mogoallin: posts small blind $1
Chessnok: posts big blind $3
*** HOLE CARDS ***
mogoallin: raises $3 to $6
Chessnok: raises $3 to $9
mogoallin: raises $3 to $12
Betting is capped
Chessnok: calls $3
*** FLOP *** [7d Kd Qc]
vestimokrec joins the table at seat #3
Chessnok: checks
mogoallin: bets $3
Chessnok: folds
Uncalled bet ($3) returned to mogoallin
mogoallin collected $23.52 from pot
mogoallin: doesn't show hand
*** SUMMARY ***
Total pot $24 | Rake $0.48
Board [7d Kd Qc]
Seat 1: Chessnok (big blind) folded on the Flop
Seat 6: mogoallin (button) (small blind) collected ($23.52)


