PokerStars Hand #147688703458:  Hold'em Limit ($3/$6 USD) - 2016/01/25 22:00:44 ET
Table 'Misa' 6-max Seat #3 is the button
Seat 3: Pasalapaka ($110.81 in chips)
Seat 4: AzureCaper ($72 in chips)
Pasalapaka: posts small blind $1
AzureCaper: posts big blind $3
*** HOLE CARDS ***
Pasalapaka: folds
Uncalled bet ($2) returned to AzureCaper
AzureCaper collected $2 from pot
AzureCaper: doesn't show hand
*** SUMMARY ***
Total pot $2 | Rake $0
Seat 3: Pasalapaka (button) (small blind) folded before Flop
Seat 4: AzureCaper (big blind) collected ($2)


PokerStars Hand #147688705873:  Hold'em Limit ($3/$6 USD) - 2016/01/25 22:00:51 ET
Table 'Misa' 6-max Seat #4 is the button
Seat 3: Pasalapaka ($109.81 in chips)
Seat 4: AzureCaper ($73 in chips)
AzureCaper: posts small blind $1
Pasalapaka: posts big blind $3
*** HOLE CARDS ***
AzureCaper: raises $3 to $6
Pasalapaka: calls $3
*** FLOP *** [2d 4s 7c]
Pasalapaka: checks
AzureCaper: bets $3
Pasalapaka: calls $3
*** TURN *** [2d 4s 7c] [3d]
Pasalapaka: checks
AzureCaper: bets $6
Pasalapaka: calls $6
*** RIVER *** [2d 4s 7c 3d] [4h]
Pasalapaka: checks
AzureCaper: bets $6
Pasalapaka: calls $6
*** SHOW DOWN ***
AzureCaper: shows [7d Th] (two pair, Sevens and Fours)
Pasalapaka: mucks hand
AzureCaper collected $41.50 from pot
*** SUMMARY ***
Total pot $42 | Rake $0.50
Board [2d 4s 7c 3d 4h]
Seat 3: Pasalapaka (big blind) mucked
Seat 4: AzureCaper (button) (small blind) showed [7d Th] and won ($41.50) with two pair, Sevens and Fours


PokerStars Hand #147688714052:  Hold'em Limit ($3/$6 USD) - 2016/01/25 22:01:13 ET
Table 'Misa' 6-max Seat #3 is the button
Seat 3: Pasalapaka ($88.81 in chips)
Seat 4: AzureCaper ($93.50 in chips)
Pasalapaka: posts small blind $1
AzureCaper: posts big blind $3
*** HOLE CARDS ***
Pasalapaka: raises $3 to $6
AzureCaper: folds
Uncalled bet ($3) returned to Pasalapaka
Pasalapaka collected $6 from pot
*** SUMMARY ***
Total pot $6 | Rake $0
Seat 3: Pasalapaka (button) (small blind) collected ($6)
Seat 4: AzureCaper (big blind) folded before Flop


PokerStars Hand #147688716754:  Hold'em Limit ($3/$6 USD) - 2016/01/25 22:01:20 ET
Table 'Misa' 6-max Seat #4 is the button
Seat 3: Pasalapaka ($91.81 in chips)
Seat 4: AzureCaper ($90.50 in chips)
AzureCaper: posts small blind $1
Pasalapaka: posts big blind $3
*** HOLE CARDS ***
AzureCaper: raises $3 to $6
Pasalapaka: calls $3
*** FLOP *** [8s 4s 2s]
Pasalapaka: checks
AzureCaper: bets $3
Pasalapaka: raises $3 to $6
AzureCaper: calls $3
*** TURN *** [8s 4s 2s] [Tc]
Pasalapaka: bets $6
AzureCaper: calls $6
*** RIVER *** [8s 4s 2s Tc] [9d]
Pasalapaka: checks
AzureCaper: bets $6
Pasalapaka: calls $6
*** SHOW DOWN ***
AzureCaper: shows [Kc Kd] (a pair of Kings)
Pasalapaka: mucks hand
AzureCaper collected $47.50 from pot
*** SUMMARY ***
Total pot $48 | Rake $0.50
Board [8s 4s 2s Tc 9d]
Seat 3: Pasalapaka (big blind) mucked
Seat 4: AzureCaper (button) (small blind) showed [Kc Kd] and won ($47.50) with a pair of Kings


PokerStars Hand #147688725808:  Hold'em Limit ($3/$6 USD) - 2016/01/25 22:01:43 ET
Table 'Misa' 6-max Seat #3 is the button
Seat 3: Pasalapaka ($67.81 in chips)
Seat 4: AzureCaper ($114 in chips)
Pasalapaka: posts small blind $1
AzureCaper: posts big blind $3
*** HOLE CARDS ***
Pasalapaka: raises $3 to $6
AzureCaper: raises $3 to $9
Pasalapaka: calls $3
*** FLOP *** [2d 8d Qd]
AzureCaper: bets $3
ToDaFelt joins the table at seat #5
Pasalapaka: raises $3 to $6
AzureCaper: calls $3
*** TURN *** [2d 8d Qd] [As]
petethepipe joins the table at seat #6
AzureCaper: bets $6
Pasalapaka: calls $6
*** RIVER *** [2d 8d Qd As] [7c]
AzureCaper: checks
Pasalapaka: checks
*** SHOW DOWN ***
AzureCaper: shows [Ah Js] (a pair of Aces)
Pasalapaka: mucks hand
AzureCaper collected $41.50 from pot
*** SUMMARY ***
Total pot $42 | Rake $0.50
Board [2d 8d Qd As 7c]
Seat 3: Pasalapaka (button) (small blind) mucked
Seat 4: AzureCaper (big blind) showed [Ah Js] and won ($41.50) with a pair of Aces


