PokerStars Hand #163178359133:  Hold'em Limit ($3/$6 USD) - 2016/12/19 3:31:58 ET
Table 'Misam' 6-max Seat #3 is the button
Seat 3: WackoJacko13 ($109.58 in chips)
Seat 5: MTails ($120 in chips)
WackoJacko13: posts small blind $1
MTails: posts big blind $3
*** HOLE CARDS ***
Ale4o joins the table at seat #6
WackoJacko13: calls $2
MTails: raises $3 to $6
WackoJacko13: calls $3
*** FLOP *** [Kh Ac Ks]
MTails: bets $3
TbIP-TbIP 88 leaves the table
WackoJacko13: folds
Uncalled bet ($3) returned to MTails
MTails collected $11.76 from pot
*** SUMMARY ***
Total pot $12 | Rake $0.24
Board [Kh Ac Ks]
Seat 3: WackoJacko13 (button) (small blind) folded on the Flop
Seat 5: MTails (big blind) collected ($11.76)


PokerStars Hand #163178625490:  Hold'em Limit ($3/$6 USD) - 2016/12/19 3:47:11 ET
Table 'Misam' 6-max Seat #4 is the button
Seat 2: fifi0701 ($100 in chips)
Seat 4: jacobkimm ($204.82 in chips)
jacobkimm: posts small blind $1
MTails: is sitting out
fifi0701: posts big blind $3
*** HOLE CARDS ***
jacobkimm: raises $3 to $6
fifi0701: raises $3 to $9
jacobkimm: calls $3
*** FLOP *** [2c As Ac]
fifi0701: bets $3
jacobkimm: calls $3
*** TURN *** [2c As Ac] [5s]
fifi0701: checks
habari786 joins the table at seat #6
jacobkimm: bets $6
fifi0701: raises $6 to $12
MTails leaves the table
jacobkimm: calls $6
*** RIVER *** [2c As Ac 5s] [3s]
fifi0701: bets $6
jacobkimm: calls $6
*** SHOW DOWN ***
fifi0701: shows [Ts Qs] (a flush, Ace high)
jacobkimm: mucks hand
fifi0701 collected $59.50 from pot
*** SUMMARY ***
Total pot $60 | Rake $0.50
Board [2c As Ac 5s 3s]
Seat 2: fifi0701 (big blind) showed [Ts Qs] and won ($59.50) with a flush, Ace high
Seat 4: jacobkimm (button) (small blind) mucked


PokerStars Hand #163178617482:  Hold'em Limit ($3/$6 USD) - 2016/12/19 3:46:44 ET
Table 'Misam' 6-max Seat #4 is the button
Seat 4: jacobkimm ($208.82 in chips)
Seat 5: MTails ($177.24 in chips)
jacobkimm: posts small blind $1
MTails: posts big blind $3
*** HOLE CARDS ***
jacobkimm: folds
Uncalled bet ($2) returned to MTails
MTails collected $2 from pot
*** SUMMARY ***
Total pot $2 | Rake $0
Seat 4: jacobkimm (button) (small blind) folded before Flop
Seat 5: MTails (big blind) collected ($2)


PokerStars Hand #163178612585:  Hold'em Limit ($3/$6 USD) - 2016/12/19 3:46:27 ET
Table 'Misam' 6-max Seat #5 is the button
Seat 4: jacobkimm ($214.82 in chips)
Seat 5: MTails ($171.48 in chips)
MTails: posts small blind $1
fifi0701: is sitting out
jacobkimm: posts big blind $3
*** HOLE CARDS ***
MTails: raises $3 to $6
jacobkimm: calls $3
*** FLOP *** [Ah 6h Qd]
jacobkimm: checks
MTails: bets $3
jacobkimm: folds
Uncalled bet ($3) returned to MTails
MTails collected $11.76 from pot
*** SUMMARY ***
Total pot $12 | Rake $0.24
Board [Ah 6h Qd]
Seat 4: jacobkimm (big blind) folded on the Flop
Seat 5: MTails (button) (small blind) collected ($11.76)


PokerStars Hand #163178635069:  Hold'em Limit ($3/$6 USD) - 2016/12/19 3:47:43 ET
Table 'Misam' 6-max Seat #2 is the button
Seat 2: fifi0701 ($129.50 in chips)
Seat 4: jacobkimm ($174.82 in chips)
fifi0701: posts small blind $1
jacobkimm: posts big blind $3
*** HOLE CARDS ***
fifi0701: raises $3 to $6
jacobkimm: raises $3 to $9
fifi0701: raises $3 to $12
Betting is capped
jacobkimm: calls $3
*** FLOP *** [2d 5h 5s]
jacobkimm: checks
fifi0701: bets $3
jacobkimm: raises $3 to $6
fifi0701: raises $3 to $9
jacobkimm: raises $3 to $12
Betting is capped
fifi0701: calls $3
*** TURN *** [2d 5h 5s] [Qd]
jacobkimm: bets $6
fifi0701: calls $6
*** RIVER *** [2d 5h 5s Qd] [3s]
jacobkimm: bets $6
fifi0701: calls $6
*** SHOW DOWN ***
jacobkimm: shows [7s 7h] (two pair, Sevens and Fives)
fifi0701: shows [9c 9s] (two pair, Nines and Fives)
fifi0701 collected $71.50 from pot
*** SUMMARY ***
Total pot $72 | Rake $0.50
Board [2d 5h 5s Qd 3s]
Seat 2: fifi0701 (button) (small blind) showed [9c 9s] and won ($71.50) with two pair, Nines and Fives
Seat 4: jacobkimm (big blind) showed [7s 7h] and lost with two pair, Sevens and Fives


PokerStars Hand #163178671293:  Hold'em Limit ($3/$6 USD) - 2016/12/19 3:49:44 ET
Table 'Misam' 6-max Seat #6 is the button
Seat 4: jacobkimm ($101.71 in chips)
Seat 6: habari786 ($65.47 in chips)
habari786: posts small blind $1
jacobkimm: posts big blind $3
*** HOLE CARDS ***
habari786: folds
Uncalled bet ($2) returned to jacobkimm
jacobkimm collected $2 from pot
*** SUMMARY ***
Total pot $2 | Rake $0
Seat 4: jacobkimm (big blind) collected ($2)
Seat 6: habari786 (button) (small blind) folded before Flop


PokerStars Hand #163178675353:  Hold'em Limit ($3/$6 USD) - 2016/12/19 3:49:58 ET
Table 'Misam' 6-max Seat #6 is the button
Seat 4: jacobkimm ($101.71 in chips)
Seat 6: habari786 ($65.47 in chips)
habari786: posts small blind $1
jacobkimm: posts big blind $3
*** HOLE CARDS ***
habari786: folds
Uncalled bet ($2) returned to jacobkimm
jacobkimm collected $2 from pot
*** SUMMARY ***
Total pot $2 | Rake $0
Seat 4: jacobkimm (big blind) collected ($2)
Seat 6: habari786 (button) (small blind) folded before Flop


PokerStars Hand #163178673551:  Hold'em Limit ($3/$6 USD) - 2016/12/19 3:49:52 ET
Table 'Misam' 6-max Seat #4 is the button
Seat 4: jacobkimm ($102.71 in chips)
Seat 6: habari786 ($64.47 in chips)
jacobkimm: posts small blind $1
habari786: posts big blind $3
*** HOLE CARDS ***
jacobkimm: folds
Uncalled bet ($2) returned to habari786
habari786 collected $2 from pot
habari786: doesn't show hand
*** SUMMARY ***
Total pot $2 | Rake $0
Seat 4: jacobkimm (button) (small blind) folded before Flop
Seat 6: habari786 (big blind) collected ($2)


PokerStars Hand #163178678940:  Hold'em Limit ($3/$6 USD) - 2016/12/19 3:50:10 ET
Table 'Misam' 6-max Seat #4 is the button
Seat 4: jacobkimm ($102.71 in chips)
Seat 6: habari786 ($64.47 in chips)
jacobkimm: posts small blind $1
habari786: posts big blind $3
*** HOLE CARDS ***
jacobkimm: folds
Uncalled bet ($2) returned to habari786
habari786 collected $2 from pot
habari786: doesn't show hand
*** SUMMARY ***
Total pot $2 | Rake $0
Seat 4: jacobkimm (button) (small blind) folded before Flop
Seat 6: habari786 (big blind) collected ($2)


PokerStars Hand #163178683547:  Hold'em Limit ($3/$6 USD) - 2016/12/19 3:50:26 ET
Table 'Misam' 6-max Seat #6 is the button
Seat 4: jacobkimm ($101.71 in chips)
Seat 6: habari786 ($65.47 in chips)
habari786: posts small blind $1
jacobkimm: posts big blind $3
*** HOLE CARDS ***
habari786: raises $3 to $6
jacobkimm: raises $3 to $9
habari786: raises $3 to $12
Betting is capped
jacobkimm: calls $3
*** FLOP *** [9h 9c Ts]
jacobkimm: checks
habari786: bets $3
jacobkimm: calls $3
*** TURN *** [9h 9c Ts] [2h]
jacobkimm: checks
habari786: bets $6
jacobkimm: calls $6
*** RIVER *** [9h 9c Ts 2h] [2c]
jacobkimm: checks
habari786: bets $6
jacobkimm: calls $6
*** SHOW DOWN ***
habari786: shows [5h As] (two pair, Nines and Deuces)
jacobkimm: shows [Ah 4s] (two pair, Nines and Deuces)
jacobkimm collected $26.75 from pot
habari786 collected $26.75 from pot
*** SUMMARY ***
Total pot $54 | Rake $0.50
Board [9h 9c Ts 2h 2c]
Seat 4: jacobkimm (big blind) showed [Ah 4s] and won ($26.75) with two pair, Nines and Deuces
Seat 6: habari786 (button) (small blind) showed [5h As] and won ($26.75) with two pair, Nines and Deuces


PokerStars Hand #163178692786:  Hold'em Limit ($3/$6 USD) - 2016/12/19 3:50:57 ET
Table 'Misam' 6-max Seat #4 is the button
Seat 4: jacobkimm ($101.46 in chips)
Seat 6: habari786 ($65.22 in chips)
jacobkimm: posts small blind $1
habari786: posts big blind $3
*** HOLE CARDS ***
jacobkimm: raises $3 to $6
habari786: calls $3
*** FLOP *** [8s As 9h]
habari786: checks
jacobkimm: bets $3
habari786: folds
Uncalled bet ($3) returned to jacobkimm
jacobkimm collected $11.76 from pot
*** SUMMARY ***
Total pot $12 | Rake $0.24
Board [8s As 9h]
Seat 4: jacobkimm (button) (small blind) collected ($11.76)
Seat 6: habari786 (big blind) folded on the Flop


PokerStars Hand #163178700067:  Hold'em Limit ($3/$6 USD) - 2016/12/19 3:51:21 ET
Table 'Misam' 6-max Seat #6 is the button
Seat 4: jacobkimm ($107.22 in chips)
Seat 6: habari786 ($59.22 in chips)
habari786: posts small blind $1
jacobkimm: posts big blind $3
*** HOLE CARDS ***
habari786: folds
Uncalled bet ($2) returned to jacobkimm
jacobkimm collected $2 from pot
*** SUMMARY ***
Total pot $2 | Rake $0
Seat 4: jacobkimm (big blind) collected ($2)
Seat 6: habari786 (button) (small blind) folded before Flop


