PokerStars Hand #145203247342:  Hold'em Limit ($3/$6 USD) - 2015/12/11 19:57:26 ET
Table 'Misa' 6-max Seat #3 is the button
Seat 3: scorpio04 ($170.81 in chips)
Seat 5: karambakilla ($331.90 in chips)
oj_pimpson will be allowed to play after the button
ukgood will be allowed to play after the button
scorpio04: posts small blind $1
karambakilla: posts big blind $3
*** HOLE CARDS ***
scorpio04: raises $3 to $6
karambakilla: calls $3
*** FLOP *** [6s Qd 5d]
karambakilla: checks
charlys65 joins the table at seat #1
scorpio04: bets $3
karambakilla: calls $3
*** TURN *** [6s Qd 5d] [8h]
karambakilla: checks
scorpio04: checks
*** RIVER *** [6s Qd 5d 8h] [3c]
karambakilla: bets $6
scorpio04: folds
Uncalled bet ($6) returned to karambakilla
karambakilla collected $17.64 from pot
karambakilla: doesn't show hand
*** SUMMARY ***
Total pot $18 | Rake $0.36
Board [6s Qd 5d 8h 3c]
Seat 3: scorpio04 (button) (small blind) folded on the River
Seat 5: karambakilla (big blind) collected ($17.64)


