PokerStars Hand #170579865266:  Hold'em Limit ($3/$6 USD) - 2017/05/18 9:33:39 ET
Table 'Misa' 6-max Seat #1 is the button
Seat 1: mbpaalborg ($37.66 in chips)
Seat 4: Agrotait ($72 in chips)
mbpaalborg: posts small blind $1
Agrotait: posts big blind $3
*** HOLE CARDS ***
mbpaalborg: raises $3 to $6
Agrotait: calls $3
*** FLOP *** [6c Jc 7h]
Agrotait: checks
mbpaalborg: bets $3
Agrotait: raises $3 to $6
mbpaalborg: calls $3
*** TURN *** [6c Jc 7h] [Kd]
Agrotait: bets $6
mbpaalborg: calls $6
*** RIVER *** [6c Jc 7h Kd] [Ac]
Agrotait: checks
mbpaalborg: checks
*** SHOW DOWN ***
Agrotait: shows [7d 5s] (a pair of Sevens)
mbpaalborg: mucks hand
Agrotait collected $35.50 from pot
*** SUMMARY ***
Total pot $36 | Rake $0.50
Board [6c Jc 7h Kd Ac]
Seat 1: mbpaalborg (button) (small blind) mucked
Seat 4: Agrotait (big blind) showed [7d 5s] and won ($35.50) with a pair of Sevens


PokerStars Hand #170579877289:  Hold'em Limit ($3/$6 USD) - 2017/05/18 9:34:02 ET
Table 'Misa' 6-max Seat #4 is the button
Seat 1: mbpaalborg ($19.66 in chips)
Seat 4: Agrotait ($89.50 in chips)
Agrotait: posts small blind $1
mbpaalborg: posts big blind $3
*** HOLE CARDS ***
Agrotait: raises $3 to $6
mbpaalborg: raises $3 to $9
Agrotait: calls $3
*** FLOP *** [3d Qs 9h]
mbpaalborg: bets $3
Agrotait: folds
Uncalled bet ($3) returned to mbpaalborg
mbpaalborg collected $17.64 from pot
mbpaalborg: doesn't show hand
*** SUMMARY ***
Total pot $18 | Rake $0.36
Board [3d Qs 9h]
Seat 1: mbpaalborg (big blind) collected ($17.64)
Seat 4: Agrotait (button) (small blind) folded on the Flop


PokerStars Hand #170579884978:  Hold'em Limit ($3/$6 USD) - 2017/05/18 9:34:16 ET
Table 'Misa' 6-max Seat #1 is the button
Seat 1: mbpaalborg ($28.30 in chips)
Seat 4: Agrotait ($80.50 in chips)
mbpaalborg: posts small blind $1
Agrotait: posts big blind $3
*** HOLE CARDS ***
mbpaalborg: raises $3 to $6
Agrotait: calls $3
*** FLOP *** [3h Tc Ad]
Agrotait: checks
mbpaalborg: bets $3
Agrotait: calls $3
*** TURN *** [3h Tc Ad] [Ac]
Agrotait: checks
mbpaalborg: bets $6
Agrotait: raises $6 to $12
mbpaalborg: raises $6 to $18
Agrotait: raises $6 to $24
Betting is capped
mbpaalborg: calls $1.30 and is all-in
Uncalled bet ($4.70) returned to Agrotait
*** RIVER *** [3h Tc Ad Ac] [Kh]
*** SHOW DOWN ***
Agrotait: shows [5s Td] (two pair, Aces and Tens)
mbpaalborg: shows [Kd As] (a full house, Aces full of Kings)
mbpaalborg collected $56.10 from pot
*** SUMMARY ***
Total pot $56.60 | Rake $0.50
Board [3h Tc Ad Ac Kh]
Seat 1: mbpaalborg (button) (small blind) showed [Kd As] and won ($56.10) with a full house, Aces full of Kings
Seat 4: Agrotait (big blind) showed [5s Td] and lost with two pair, Aces and Tens


PokerStars Hand #170579911071:  Hold'em Limit ($3/$6 USD) - 2017/05/18 9:35:05 ET
Table 'Misa' 6-max Seat #4 is the button
Seat 1: mbpaalborg ($56.10 in chips)
Seat 4: Agrotait ($72 in chips)
Agrotait: posts small blind $1
mbpaalborg: posts big blind $3
*** HOLE CARDS ***
Agrotait: raises $3 to $6
mbpaalborg: raises $3 to $9
Agrotait: calls $3
*** FLOP *** [7h Qh 4s]
mbpaalborg: bets $3
Agrotait: calls $3
*** TURN *** [7h Qh 4s] [Js]
mbpaalborg: bets $6
Agrotait: calls $6
*** RIVER *** [7h Qh 4s Js] [2s]
mbpaalborg: checks
Agrotait: bets $6
mbpaalborg: calls $6
*** SHOW DOWN ***
Agrotait: shows [3s 6s] (a flush, Jack high)
mbpaalborg: mucks hand
Agrotait collected $47.50 from pot
*** SUMMARY ***
Total pot $48 | Rake $0.50
Board [7h Qh 4s Js 2s]
Seat 1: mbpaalborg (big blind) mucked
Seat 4: Agrotait (button) (small blind) showed [3s 6s] and won ($47.50) with a flush, Jack high


PokerStars Hand #170579921924:  Hold'em Limit ($3/$6 USD) - 2017/05/18 9:35:25 ET
Table 'Misa' 6-max Seat #1 is the button
Seat 1: mbpaalborg ($32.10 in chips)
Seat 4: Agrotait ($95.50 in chips)
mbpaalborg: posts small blind $1
Agrotait: posts big blind $3
*** HOLE CARDS ***
mbpaalborg: raises $3 to $6
Agrotait: calls $3
*** FLOP *** [4c 3c 9s]
Agrotait: checks
mbpaalborg: bets $3
Agrotait: raises $3 to $6
mbpaalborg: calls $3
*** TURN *** [4c 3c 9s] [6d]
Agrotait: bets $6
mbpaalborg: folds
Uncalled bet ($6) returned to Agrotait
Agrotait collected $23.52 from pot
Agrotait: doesn't show hand
*** SUMMARY ***
Total pot $24 | Rake $0.48
Board [4c 3c 9s 6d]
Seat 1: mbpaalborg (button) (small blind) folded on the Turn
Seat 4: Agrotait (big blind) collected ($23.52)


PokerStars Hand #170579937619:  Hold'em Limit ($3/$6 USD) - 2017/05/18 9:35:55 ET
Table 'Misa' 6-max Seat #1 is the button
Seat 1: mbpaalborg ($31.62 in chips)
Seat 4: Agrotait ($95.02 in chips)
mbpaalborg: posts small blind $1
Agrotait: posts big blind $3
*** HOLE CARDS ***
mbpaalborg: raises $3 to $6
Agrotait: raises $3 to $9
mbpaalborg: calls $3
*** FLOP *** [9s Qc 2h]
Agrotait: bets $3
mbpaalborg: calls $3
*** TURN *** [9s Qc 2h] [5d]
Agrotait: checks
mbpaalborg: bets $6
Agrotait: calls $6
*** RIVER *** [9s Qc 2h 5d] [9d]
Agrotait: checks
mbpaalborg: bets $6
Agrotait: calls $6
*** SHOW DOWN ***
mbpaalborg: shows [5s Ks] (two pair, Nines and Fives)
Agrotait: mucks hand
mbpaalborg collected $47.50 from pot
*** SUMMARY ***
Total pot $48 | Rake $0.50
Board [9s Qc 2h 5d 9d]
Seat 1: mbpaalborg (button) (small blind) showed [5s Ks] and won ($47.50) with two pair, Nines and Fives
Seat 4: Agrotait (big blind) mucked


PokerStars Hand #170579950569:  Hold'em Limit ($3/$6 USD) - 2017/05/18 9:36:19 ET
Table 'Misa' 6-max Seat #4 is the button
Seat 1: mbpaalborg ($55.12 in chips)
Seat 4: Agrotait ($71.02 in chips)
Agrotait: posts small blind $1
mbpaalborg: posts big blind $3
*** HOLE CARDS ***
Agrotait: raises $3 to $6
mbpaalborg: calls $3
*** FLOP *** [Td 8c 6s]
mbpaalborg: checks
Agrotait: bets $3
mbpaalborg: calls $3
*** TURN *** [Td 8c 6s] [Jd]
mbpaalborg: checks
Agrotait: checks
*** RIVER *** [Td 8c 6s Jd] [3s]
mbpaalborg: checks
Agrotait: bets $6
mbpaalborg: folds
Uncalled bet ($6) returned to Agrotait
Agrotait collected $17.64 from pot
Agrotait: doesn't show hand
*** SUMMARY ***
Total pot $18 | Rake $0.36
Board [Td 8c 6s Jd 3s]
Seat 1: mbpaalborg (big blind) folded on the River
Seat 4: Agrotait (button) (small blind) collected ($17.64)


PokerStars Hand #170579992924:  Hold'em Limit ($3/$6 USD) - 2017/05/18 9:37:39 ET
Table 'Misa' 6-max Seat #1 is the button
Seat 1: mbpaalborg ($80.76 in chips)
Seat 4: Agrotait ($75 in chips)
mbpaalborg: posts small blind $1
Agrotait: posts big blind $3
*** HOLE CARDS ***
mbpaalborg: raises $3 to $6
Agrotait: folds
Uncalled bet ($3) returned to mbpaalborg
mbpaalborg collected $6 from pot
mbpaalborg: doesn't show hand
*** SUMMARY ***
Total pot $6 | Rake $0
Seat 1: mbpaalborg (button) (small blind) collected ($6)
Seat 4: Agrotait (big blind) folded before Flop


PokerStars Hand #170579987194:  Hold'em Limit ($3/$6 USD) - 2017/05/18 9:37:28 ET
Table 'Misa' 6-max Seat #4 is the button
Seat 1: mbpaalborg ($83.76 in chips)
Seat 4: Agrotait ($72 in chips)
Agrotait: posts small blind $1
mbpaalborg: posts big blind $3
*** HOLE CARDS ***
Agrotait: raises $3 to $6
mbpaalborg: folds
Uncalled bet ($3) returned to Agrotait
Agrotait collected $6 from pot
Agrotait: doesn't show hand
*** SUMMARY ***
Total pot $6 | Rake $0
Seat 1: mbpaalborg (big blind) folded before Flop
Seat 4: Agrotait (button) (small blind) collected ($6)


PokerStars Hand #170579960814:  Hold'em Limit ($3/$6 USD) - 2017/05/18 9:36:38 ET
Table 'Misa' 6-max Seat #1 is the button
Seat 1: mbpaalborg ($46.12 in chips)
Seat 4: Agrotait ($79.66 in chips)
mbpaalborg: posts small blind $1
Agrotait: posts big blind $3
*** HOLE CARDS ***
mbpaalborg: raises $3 to $6
Agrotait: calls $3
*** FLOP *** [Qh 9d Ks]
Agrotait: checks
mbpaalborg: bets $3
Agrotait: calls $3
*** TURN *** [Qh 9d Ks] [Jc]
Agrotait: checks
mbpaalborg: bets $6
Agrotait: folds
Uncalled bet ($6) returned to mbpaalborg
mbpaalborg collected $17.64 from pot
mbpaalborg: doesn't show hand
*** SUMMARY ***
Total pot $18 | Rake $0.36
Board [Qh 9d Ks Jc]
Seat 1: mbpaalborg (button) (small blind) collected ($17.64)
Seat 4: Agrotait (big blind) folded on the Turn


PokerStars Hand #170579977959:  Hold'em Limit ($3/$6 USD) - 2017/05/18 9:37:11 ET
Table 'Misa' 6-max Seat #1 is the button
Seat 1: mbpaalborg ($69.26 in chips)
Seat 4: Agrotait ($72 in chips)
mbpaalborg: posts small blind $1
Agrotait: posts big blind $3
*** HOLE CARDS ***
mbpaalborg: raises $3 to $6
Agrotait: calls $3
*** FLOP *** [Td 9h Qd]
Agrotait: checks
mbpaalborg: bets $3
Agrotait: calls $3
*** TURN *** [Td 9h Qd] [Qs]
Agrotait: checks
mbpaalborg: bets $6
Agrotait: calls $6
*** RIVER *** [Td 9h Qd Qs] [Kc]
Agrotait: checks
mbpaalborg: checks
*** SHOW DOWN ***
Agrotait: shows [Ah 6s] (a pair of Queens)
mbpaalborg: shows [7s Ts] (two pair, Queens and Tens)
mbpaalborg collected $29.50 from pot
*** SUMMARY ***
Total pot $30 | Rake $0.50
Board [Td 9h Qd Qs Kc]
Seat 1: mbpaalborg (button) (small blind) showed [7s Ts] and won ($29.50) with two pair, Queens and Tens
Seat 4: Agrotait (big blind) showed [Ah 6s] and lost with a pair of Queens


PokerStars Hand #170579969406:  Hold'em Limit ($3/$6 USD) - 2017/05/18 9:36:55 ET
Table 'Misa' 6-max Seat #4 is the button
Seat 1: mbpaalborg ($54.76 in chips)
Seat 4: Agrotait ($70.66 in chips)
Agrotait: posts small blind $1
mbpaalborg: posts big blind $3
*** HOLE CARDS ***
Agrotait: raises $3 to $6
mbpaalborg: calls $3
*** FLOP *** [Qc Th 7c]
mbpaalborg: checks
Agrotait: bets $3
mbpaalborg: calls $3
*** TURN *** [Qc Th 7c] [5s]
mbpaalborg: checks
Agrotait: bets $6
mbpaalborg: calls $6
*** RIVER *** [Qc Th 7c 5s] [4c]
mbpaalborg: bets $6
Agrotait: folds
Uncalled bet ($6) returned to mbpaalborg
mbpaalborg collected $29.50 from pot
mbpaalborg: doesn't show hand
*** SUMMARY ***
Total pot $30 | Rake $0.50
Board [Qc Th 7c 5s 4c]
Seat 1: mbpaalborg (big blind) collected ($29.50)
Seat 4: Agrotait (button) (small blind) folded on the River


PokerStars Hand #170580019850:  Hold'em Limit ($3/$6 USD) - 2017/05/18 9:38:29 ET
Table 'Misa' 6-max Seat #4 is the button
Seat 1: mbpaalborg ($99.26 in chips)
Seat 4: Agrotait ($79.76 in chips)
Agrotait: posts small blind $1
mbpaalborg: posts big blind $3
*** HOLE CARDS ***
Agrotait: raises $3 to $6
mbpaalborg: folds
Uncalled bet ($3) returned to Agrotait
Agrotait collected $6 from pot
Agrotait: doesn't show hand
*** SUMMARY ***
Total pot $6 | Rake $0
Seat 1: mbpaalborg (big blind) folded before Flop
Seat 4: Agrotait (button) (small blind) collected ($6)


PokerStars Hand #170580017371:  Hold'em Limit ($3/$6 USD) - 2017/05/18 9:38:25 ET
Table 'Misa' 6-max Seat #1 is the button
Seat 1: mbpaalborg ($100.26 in chips)
Seat 4: Agrotait ($78.76 in chips)
mbpaalborg: posts small blind $1
Agrotait: posts big blind $3
*** HOLE CARDS ***
mbpaalborg: folds
Uncalled bet ($2) returned to Agrotait
Agrotait collected $2 from pot
Agrotait: doesn't show hand
*** SUMMARY ***
Total pot $2 | Rake $0
Seat 1: mbpaalborg (button) (small blind) folded before Flop
Seat 4: Agrotait (big blind) collected ($2)


PokerStars Hand #170580012195:  Hold'em Limit ($3/$6 USD) - 2017/05/18 9:38:15 ET
Table 'Misa' 6-max Seat #4 is the button
Seat 1: mbpaalborg ($106.26 in chips)
Seat 4: Agrotait ($73 in chips)
Agrotait: posts small blind $1
mbpaalborg: posts big blind $3
*** HOLE CARDS ***
Agrotait: raises $3 to $6
mbpaalborg: calls $3
*** FLOP *** [6h Kh Ad]
mbpaalborg: checks
Agrotait: bets $3
mbpaalborg: folds
Uncalled bet ($3) returned to Agrotait
Agrotait collected $11.76 from pot
Agrotait: doesn't show hand
*** SUMMARY ***
Total pot $12 | Rake $0.24
Board [6h Kh Ad]
Seat 1: mbpaalborg (big blind) folded on the Flop
Seat 4: Agrotait (button) (small blind) collected ($11.76)


PokerStars Hand #170580009666:  Hold'em Limit ($3/$6 USD) - 2017/05/18 9:38:10 ET
Table 'Misa' 6-max Seat #1 is the button
Seat 1: mbpaalborg ($107.26 in chips)
Seat 4: Agrotait ($72 in chips)
mbpaalborg: posts small blind $1
Agrotait: posts big blind $3
*** HOLE CARDS ***
mbpaalborg: folds
Uncalled bet ($2) returned to Agrotait
Agrotait collected $2 from pot
Agrotait: doesn't show hand
*** SUMMARY ***
Total pot $2 | Rake $0
Seat 1: mbpaalborg (button) (small blind) folded before Flop
Seat 4: Agrotait (big blind) collected ($2)


PokerStars Hand #170579996437:  Hold'em Limit ($3/$6 USD) - 2017/05/18 9:37:46 ET
Table 'Misa' 6-max Seat #4 is the button
Seat 1: mbpaalborg ($83.76 in chips)
Seat 4: Agrotait ($72 in chips)
Agrotait: posts small blind $1
mbpaalborg: posts big blind $3
*** HOLE CARDS ***
Agrotait: raises $3 to $6
mbpaalborg: raises $3 to $9
Agrotait: calls $3
*** FLOP *** [2h Ts Qd]
mbpaalborg: bets $3
Agrotait: calls $3
*** TURN *** [2h Ts Qd] [Qs]
mbpaalborg: bets $6
Agrotait: calls $6
*** RIVER *** [2h Ts Qd Qs] [7s]
mbpaalborg: checks
Agrotait: bets $6
mbpaalborg: raises $6 to $12
Agrotait: folds
Uncalled bet ($6) returned to mbpaalborg
mbpaalborg collected $47.50 from pot
mbpaalborg: doesn't show hand
*** SUMMARY ***
Total pot $48 | Rake $0.50
Board [2h Ts Qd Qs 7s]
Seat 1: mbpaalborg (big blind) collected ($47.50)
Seat 4: Agrotait (button) (small blind) folded on the River


PokerStars Hand #170580023303:  Hold'em Limit ($3/$6 USD) - 2017/05/18 9:38:36 ET
Table 'Misa' 6-max Seat #1 is the button
Seat 1: mbpaalborg ($96.26 in chips)
Seat 4: Agrotait ($82.76 in chips)
mbpaalborg: posts small blind $1
Agrotait: posts big blind $3
*** HOLE CARDS ***
mbpaalborg: raises $3 to $6
Agrotait: calls $3
*** FLOP *** [Ts 8s As]
Agrotait: checks
mbpaalborg: bets $3
Agrotait: calls $3
*** TURN *** [Ts 8s As] [5s]
Agrotait: checks
mbpaalborg: bets $6
Agrotait: folds
Uncalled bet ($6) returned to mbpaalborg
mbpaalborg collected $17.64 from pot
mbpaalborg: doesn't show hand
*** SUMMARY ***
Total pot $18 | Rake $0.36
Board [Ts 8s As 5s]
Seat 1: mbpaalborg (button) (small blind) collected ($17.64)
Seat 4: Agrotait (big blind) folded on the Turn


PokerStars Hand #170580031461:  Hold'em Limit ($3/$6 USD) - 2017/05/18 9:38:51 ET
Table 'Misa' 6-max Seat #4 is the button
Seat 1: mbpaalborg ($104.90 in chips)
Seat 4: Agrotait ($73.76 in chips)
Agrotait: posts small blind $1
mbpaalborg: posts big blind $3
*** HOLE CARDS ***
Agrotait: calls $2
mbpaalborg: raises $3 to $6
Agrotait: calls $3
*** FLOP *** [Jd 4c 3s]
mbpaalborg: bets $3
Agrotait: calls $3
*** TURN *** [Jd 4c 3s] [6d]
mbpaalborg: checks
Agrotait: bets $6
mbpaalborg: calls $6
*** RIVER *** [Jd 4c 3s 6d] [2c]
mbpaalborg: checks
Agrotait: bets $6
mbpaalborg: folds
Uncalled bet ($6) returned to Agrotait
Agrotait collected $29.50 from pot
Agrotait: doesn't show hand
*** SUMMARY ***
Total pot $30 | Rake $0.50
Board [Jd 4c 3s 6d 2c]
Seat 1: mbpaalborg (big blind) folded on the River
Seat 4: Agrotait (button) (small blind) collected ($29.50)


PokerStars Hand #170580058653:  Hold'em Limit ($3/$6 USD) - 2017/05/18 9:39:42 ET
Table 'Misa' 6-max Seat #1 is the button
Seat 1: mbpaalborg ($64.90 in chips)
Seat 4: Agrotait ($112.76 in chips)
mbpaalborg: posts small blind $1
Agrotait: posts big blind $3
*** HOLE CARDS ***
mbpaalborg: folds
Uncalled bet ($2) returned to Agrotait
Agrotait collected $2 from pot
Agrotait: doesn't show hand
*** SUMMARY ***
Total pot $2 | Rake $0
Seat 1: mbpaalborg (button) (small blind) folded before Flop
Seat 4: Agrotait (big blind) collected ($2)


PokerStars Hand #170580046717:  Hold'em Limit ($3/$6 USD) - 2017/05/18 9:39:20 ET
Table 'Misa' 6-max Seat #4 is the button
Seat 1: mbpaalborg ($88.90 in chips)
Seat 4: Agrotait ($89.26 in chips)
Agrotait: posts small blind $1
mbpaalborg: posts big blind $3
*** HOLE CARDS ***
Agrotait: raises $3 to $6
mbpaalborg: raises $3 to $9
Agrotait: calls $3
*** FLOP *** [3s Qh Tc]
mbpaalborg: bets $3
Agrotait: calls $3
*** TURN *** [3s Qh Tc] [7h]
mbpaalborg: bets $6
Agrotait: calls $6
*** RIVER *** [3s Qh Tc 7h] [5c]
mbpaalborg: bets $6
Agrotait: calls $6
*** SHOW DOWN ***
mbpaalborg: shows [Kc 9c] (high card King)
Agrotait: shows [7d Ac] (a pair of Sevens)
Agrotait collected $47.50 from pot
*** SUMMARY ***
Total pot $48 | Rake $0.50
Board [3s Qh Tc 7h 5c]
Seat 1: mbpaalborg (big blind) showed [Kc 9c] and lost with high card King
Seat 4: Agrotait (button) (small blind) showed [7d Ac] and won ($47.50) with a pair of Sevens


PokerStars Hand #170580044135:  Hold'em Limit ($3/$6 USD) - 2017/05/18 9:39:15 ET
Table 'Misa' 6-max Seat #1 is the button
Seat 1: mbpaalborg ($89.90 in chips)
Seat 4: Agrotait ($88.26 in chips)
mbpaalborg: posts small blind $1
Agrotait: posts big blind $3
*** HOLE CARDS ***
mbpaalborg: folds
Uncalled bet ($2) returned to Agrotait
Agrotait collected $2 from pot
Agrotait: doesn't show hand
*** SUMMARY ***
Total pot $2 | Rake $0
Seat 1: mbpaalborg (button) (small blind) folded before Flop
Seat 4: Agrotait (big blind) collected ($2)


PokerStars Hand #170580061089:  Hold'em Limit ($3/$6 USD) - 2017/05/18 9:39:47 ET
Table 'Misa' 6-max Seat #4 is the button
Seat 1: mbpaalborg ($63.90 in chips)
Seat 4: Agrotait ($113.76 in chips)
Agrotait: posts small blind $1
mbpaalborg: posts big blind $3
*** HOLE CARDS ***
Agrotait: folds
Uncalled bet ($2) returned to mbpaalborg
mbpaalborg collected $2 from pot
mbpaalborg: doesn't show hand
*** SUMMARY ***
Total pot $2 | Rake $0
Seat 1: mbpaalborg (big blind) collected ($2)
Seat 4: Agrotait (button) (small blind) folded before Flop


PokerStars Hand #170580118154:  Hold'em Limit ($3/$6 USD) - 2017/05/18 9:41:33 ET
Table 'Misa' 6-max Seat #4 is the button
Seat 1: mbpaalborg ($37.66 in chips)
Seat 4: Agrotait ($138.76 in chips)
Agrotait: posts small blind $1
mbpaalborg: posts big blind $3
*** HOLE CARDS ***
Agrotait: folds
Uncalled bet ($2) returned to mbpaalborg
mbpaalborg collected $2 from pot
mbpaalborg: doesn't show hand
*** SUMMARY ***
Total pot $2 | Rake $0
Seat 1: mbpaalborg (big blind) collected ($2)
Seat 4: Agrotait (button) (small blind) folded before Flop


PokerStars Hand #170580112765:  Hold'em Limit ($3/$6 USD) - 2017/05/18 9:41:23 ET
Table 'Misa' 6-max Seat #1 is the button
Seat 1: mbpaalborg ($31.90 in chips)
Seat 4: Agrotait ($144.76 in chips)
mbpaalborg: posts small blind $1
Agrotait: posts big blind $3
*** HOLE CARDS ***
mbpaalborg: raises $3 to $6
Agrotait: calls $3
*** FLOP *** [Ah 6d Qh]
Agrotait: checks
mbpaalborg: bets $3
Agrotait: folds
Uncalled bet ($3) returned to mbpaalborg
mbpaalborg collected $11.76 from pot
mbpaalborg: doesn't show hand
*** SUMMARY ***
Total pot $12 | Rake $0.24
Board [Ah 6d Qh]
Seat 1: mbpaalborg (button) (small blind) collected ($11.76)
Seat 4: Agrotait (big blind) folded on the Flop


PokerStars Hand #170580120931:  Hold'em Limit ($3/$6 USD) - 2017/05/18 9:41:38 ET
Table 'Misa' 6-max Seat #1 is the button
Seat 1: mbpaalborg ($38.66 in chips)
Seat 4: Agrotait ($137.76 in chips)
mbpaalborg: posts small blind $1
Agrotait: posts big blind $3
*** HOLE CARDS ***
mbpaalborg: raises $3 to $6
Agrotait: folds
Uncalled bet ($3) returned to mbpaalborg
mbpaalborg collected $6 from pot
mbpaalborg: doesn't show hand
*** SUMMARY ***
Total pot $6 | Rake $0
Seat 1: mbpaalborg (button) (small blind) collected ($6)
Seat 4: Agrotait (big blind) folded before Flop


PokerStars Hand #170580103542:  Hold'em Limit ($3/$6 USD) - 2017/05/18 9:41:06 ET
Table 'Misa' 6-max Seat #4 is the button
Seat 1: mbpaalborg ($49.90 in chips)
Seat 4: Agrotait ($127.26 in chips)
Agrotait: posts small blind $1
mbpaalborg: posts big blind $3
*** HOLE CARDS ***
Agrotait: raises $3 to $6
mbpaalborg: calls $3
*** FLOP *** [4h 7d 2c]
mbpaalborg: checks
Agrotait: bets $3
mbpaalborg: raises $3 to $6
Agrotait: calls $3
*** TURN *** [4h 7d 2c] [8c]
mbpaalborg: bets $6
Agrotait: calls $6
*** RIVER *** [4h 7d 2c 8c] [Jh]
mbpaalborg: checks
Agrotait: checks
*** SHOW DOWN ***
mbpaalborg: shows [5d 4s] (a pair of Fours)
Agrotait: shows [9d 4d] (a pair of Fours - Jack+Nine kicker)
Agrotait collected $35.50 from pot
*** SUMMARY ***
Total pot $36 | Rake $0.50
Board [4h 7d 2c 8c Jh]
Seat 1: mbpaalborg (big blind) showed [5d 4s] and lost with a pair of Fours
Seat 4: Agrotait (button) (small blind) showed [9d 4d] and won ($35.50) with a pair of Fours


PokerStars Hand #170580065542:  Hold'em Limit ($3/$6 USD) - 2017/05/18 9:39:55 ET
Table 'Misa' 6-max Seat #1 is the button
Seat 1: mbpaalborg ($64.90 in chips)
Seat 4: Agrotait ($112.76 in chips)
mbpaalborg: posts small blind $1
Agrotait: posts big blind $3
*** HOLE CARDS ***
mbpaalborg: raises $3 to $6
Agrotait: calls $3
*** FLOP *** [9d 6d Qc]
Agrotait: bets $3
mbpaalborg: raises $3 to $6
Agrotait: raises $3 to $9
mbpaalborg: calls $3
*** TURN *** [9d 6d Qc] [8h]
Agrotait: checks
mbpaalborg: checks
*** RIVER *** [9d 6d Qc 8h] [8d]
Agrotait: checks
mbpaalborg: checks
*** SHOW DOWN ***
Agrotait: shows [Js Qd] (two pair, Queens and Eights)
mbpaalborg: mucks hand
Agrotait collected $29.50 from pot
*** SUMMARY ***
Total pot $30 | Rake $0.50
Board [9d 6d Qc 8h 8d]
Seat 1: mbpaalborg (button) (small blind) mucked
Seat 4: Agrotait (big blind) showed [Js Qd] and won ($29.50) with two pair, Queens and Eights


PokerStars Hand #170580124076:  Hold'em Limit ($3/$6 USD) - 2017/05/18 9:41:44 ET
Table 'Misa' 6-max Seat #4 is the button
Seat 1: mbpaalborg ($41.66 in chips)
Seat 4: Agrotait ($134.76 in chips)
Agrotait: posts small blind $1
mbpaalborg: posts big blind $3
*** HOLE CARDS ***
Agrotait: raises $3 to $6
mbpaalborg: calls $3
*** FLOP *** [8d Qd 2s]
mbpaalborg: checks
Agrotait: bets $3
mbpaalborg: calls $3
*** TURN *** [8d Qd 2s] [8c]
mbpaalborg: checks
Agrotait: bets $6
mbpaalborg: folds
Uncalled bet ($6) returned to Agrotait
Agrotait collected $17.64 from pot
Agrotait: doesn't show hand
*** SUMMARY ***
Total pot $18 | Rake $0.36
Board [8d Qd 2s 8c]
Seat 1: mbpaalborg (big blind) folded on the Turn
Seat 4: Agrotait (button) (small blind) collected ($17.64)


PokerStars Hand #170580131123:  Hold'em Limit ($3/$6 USD) - 2017/05/18 9:41:57 ET
Table 'Misa' 6-max Seat #1 is the button
Seat 1: mbpaalborg ($32.66 in chips)
Seat 4: Agrotait ($143.40 in chips)
mbpaalborg: posts small blind $1
Agrotait: posts big blind $3
*** HOLE CARDS ***
mbpaalborg: folds
Uncalled bet ($2) returned to Agrotait
Agrotait collected $2 from pot
Agrotait: doesn't show hand
*** SUMMARY ***
Total pot $2 | Rake $0
Seat 1: mbpaalborg (button) (small blind) folded before Flop
Seat 4: Agrotait (big blind) collected ($2)


PokerStars Hand #170580142887:  Hold'em Limit ($3/$6 USD) - 2017/05/18 9:42:19 ET
Table 'Misa' 6-max Seat #1 is the button
Seat 1: mbpaalborg ($32.66 in chips)
Seat 4: Agrotait ($143.40 in chips)
mbpaalborg: posts small blind $1
Agrotait: posts big blind $3
*** HOLE CARDS ***
mbpaalborg: raises $3 to $6
Agrotait: calls $3
*** FLOP *** [Qd Tc Qs]
Agrotait: checks
mbpaalborg: bets $3
Agrotait: raises $3 to $6
mbpaalborg: calls $3
*** TURN *** [Qd Tc Qs] [Th]
Agrotait: bets $6
mbpaalborg: calls $6
*** RIVER *** [Qd Tc Qs Th] [2d]
Agrotait: bets $6
mbpaalborg: raises $6 to $12
Agrotait: calls $6
*** SHOW DOWN ***
mbpaalborg: shows [9c Qh] (a full house, Queens full of Tens)
Agrotait: mucks hand
mbpaalborg collected $59.50 from pot
*** SUMMARY ***
Total pot $60 | Rake $0.50
Board [Qd Tc Qs Th 2d]
Seat 1: mbpaalborg (button) (small blind) showed [9c Qh] and won ($59.50) with a full house, Queens full of Tens
Seat 4: Agrotait (big blind) mucked


PokerStars Hand #170580133591:  Hold'em Limit ($3/$6 USD) - 2017/05/18 9:42:02 ET
Table 'Misa' 6-max Seat #4 is the button
Seat 1: mbpaalborg ($31.66 in chips)
Seat 4: Agrotait ($144.40 in chips)
Agrotait: posts small blind $1
mbpaalborg: posts big blind $3
*** HOLE CARDS ***
Agrotait: folds
Uncalled bet ($2) returned to mbpaalborg
mbpaalborg collected $2 from pot
mbpaalborg: doesn't show hand
*** SUMMARY ***
Total pot $2 | Rake $0
Seat 1: mbpaalborg (big blind) collected ($2)
Seat 4: Agrotait (button) (small blind) folded before Flop


PokerStars Hand #170580163057:  Hold'em Limit ($3/$6 USD) - 2017/05/18 9:42:57 ET
Table 'Misa' 6-max Seat #1 is the button
Seat 1: mbpaalborg ($63.16 in chips)
Seat 4: Agrotait ($112.40 in chips)
mbpaalborg: posts small blind $1
Agrotait: posts big blind $3
*** HOLE CARDS ***
mbpaalborg: raises $3 to $6
Agrotait: folds
Uncalled bet ($3) returned to mbpaalborg
mbpaalborg collected $6 from pot
mbpaalborg: doesn't show hand
*** SUMMARY ***
Total pot $6 | Rake $0
Seat 1: mbpaalborg (button) (small blind) collected ($6)
Seat 4: Agrotait (big blind) folded before Flop


PokerStars Hand #170580157643:  Hold'em Limit ($3/$6 USD) - 2017/05/18 9:42:47 ET
Table 'Misa' 6-max Seat #4 is the button
Seat 1: mbpaalborg ($62.16 in chips)
Seat 4: Agrotait ($113.40 in chips)
Agrotait: posts small blind $1
mbpaalborg: posts big blind $3
*** HOLE CARDS ***
Agrotait: folds
Uncalled bet ($2) returned to mbpaalborg
mbpaalborg collected $2 from pot
mbpaalborg: doesn't show hand
*** SUMMARY ***
Total pot $2 | Rake $0
Seat 1: mbpaalborg (big blind) collected ($2)
Seat 4: Agrotait (button) (small blind) folded before Flop


