PokerStars Hand #175891217083:  Hold'em Limit ($3/$6 USD) - 2017/09/20 11:09:17 ET
Table 'Misam' 6-max Seat #5 is the button
Seat 4: ChicagoBull4 ($22.92 in chips)
Seat 5: B_loJkl ($83.01 in chips)
B_loJkl: posts small blind $1
ChicagoBull4: posts big blind $3
*** HOLE CARDS ***
B_loJkl: raises $3 to $6
ChicagoBull4: calls $3
*** FLOP *** [Kh 4h 8h]
ChicagoBull4: checks
B_loJkl: bets $3
ChicagoBull4: raises $3 to $6
B_loJkl: folds
Uncalled bet ($3) returned to ChicagoBull4
ChicagoBull4 collected $17.64 from pot
ChicagoBull4: doesn't show hand
*** SUMMARY ***
Total pot $18 | Rake $0.36
Board [Kh 4h 8h]
Seat 4: ChicagoBull4 (big blind) collected ($17.64)
Seat 5: B_loJkl (button) (small blind) folded on the Flop


PokerStars Hand #175891312317:  Hold'em Limit ($3/$6 USD) - 2017/09/20 11:12:03 ET
Table 'Misam' 6-max Seat #6 is the button
Seat 1: t9pkin ($140.98 in chips)
Seat 6: Hadart ($104.68 in chips)
Hadart: posts small blind $1
t9pkin: posts big blind $3
*** HOLE CARDS ***
Hadart: raises $3 to $6
t9pkin: folds
Uncalled bet ($3) returned to Hadart
Hadart collected $6 from pot
Hadart: doesn't show hand
*** SUMMARY ***
Total pot $6 | Rake $0
Seat 1: t9pkin (big blind) folded before Flop
Seat 6: Hadart (button) (small blind) collected ($6)


