PokerStars Hand #147610196182:  Hold'em Limit ($3/$6 USD) - 2016/01/24 14:24:17 ET
Table 'Misa II' 2-max Seat #1 is the button
Seat 1: yirkape ($46.78 in chips)
Seat 2: 7moneymaster ($281.80 in chips)
yirkape: posts small blind $1
7moneymaster: posts big blind $3
*** HOLE CARDS ***
yirkape: folds
Uncalled bet ($2) returned to 7moneymaster
7moneymaster collected $2 from pot
7moneymaster: doesn't show hand
*** SUMMARY ***
Total pot $2 | Rake $0
Seat 1: yirkape (button) (small blind) folded before Flop
Seat 2: 7moneymaster (big blind) collected ($2)


PokerStars Hand #147610171299:  Hold'em Limit ($3/$6 USD) - 2016/01/24 14:23:56 ET
Table 'Misa II' 2-max Seat #2 is the button
Seat 1: yirkape ($23.64 in chips)
Seat 2: 7moneymaster ($305.44 in chips)
7moneymaster: posts small blind $1
yirkape: posts big blind $3
*** HOLE CARDS ***
7moneymaster: raises $3 to $6
yirkape: calls $3
*** FLOP *** [8s 6c Ts]
yirkape: checks
7moneymaster: bets $3
yirkape: calls $3
*** TURN *** [8s 6c Ts] [Jc]
yirkape: checks
7moneymaster: bets $6
yirkape: raises $6 to $12
7moneymaster: raises $6 to $18
yirkape: calls $2.64 and is all-in
Uncalled bet ($3.36) returned to 7moneymaster
*** RIVER *** [8s 6c Ts Jc] [2c]
*** SHOW DOWN ***
yirkape: shows [9d Qd] (a straight, Eight to Queen)
7moneymaster: mucks hand
yirkape collected $46.78 from pot
*** SUMMARY ***
Total pot $47.28 | Rake $0.50
Board [8s 6c Ts Jc 2c]
Seat 1: yirkape (big blind) showed [9d Qd] and won ($46.78) with a straight, Eight to Queen
Seat 2: 7moneymaster (button) (small blind) mucked


PokerStars Hand #147610202261:  Hold'em Limit ($3/$6 USD) - 2016/01/24 14:24:22 ET
Table 'Misa II' 2-max Seat #2 is the button
Seat 1: yirkape ($45.78 in chips)
Seat 2: 7moneymaster ($282.80 in chips)
7moneymaster: posts small blind $1
yirkape: posts big blind $3
*** HOLE CARDS ***
7moneymaster: raises $3 to $6
yirkape: raises $3 to $9
7moneymaster: calls $3
*** FLOP *** [Js 9d Ks]
yirkape: checks
7moneymaster: bets $3
yirkape: calls $3
*** TURN *** [Js 9d Ks] [5c]
yirkape: checks
7moneymaster: bets $6
yirkape: calls $6
*** RIVER *** [Js 9d Ks 5c] [Qc]
yirkape: checks
7moneymaster: bets $6
yirkape: calls $6
*** SHOW DOWN ***
7moneymaster: shows [7d Kh] (a pair of Kings)
yirkape: mucks hand
7moneymaster collected $47.50 from pot
*** SUMMARY ***
Total pot $48 | Rake $0.50
Board [Js 9d Ks 5c Qc]
Seat 1: yirkape (big blind) mucked
Seat 2: 7moneymaster (button) (small blind) showed [7d Kh] and won ($47.50) with a pair of Kings


PokerStars Hand #147610225344:  Hold'em Limit ($3/$6 USD) - 2016/01/24 14:24:41 ET
Table 'Misa II' 2-max Seat #1 is the button
Seat 1: yirkape ($21.78 in chips)
Seat 2: 7moneymaster ($306.30 in chips)
yirkape: posts small blind $1
7moneymaster: posts big blind $3
*** HOLE CARDS ***
yirkape: raises $3 to $6
7moneymaster: raises $3 to $9
yirkape: calls $3
*** FLOP *** [9d Kc 2h]
7moneymaster: bets $3
yirkape: calls $3
*** TURN *** [9d Kc 2h] [7s]
7moneymaster: bets $6
yirkape: folds
Uncalled bet ($6) returned to 7moneymaster
7moneymaster collected $23.52 from pot
7moneymaster: doesn't show hand
*** SUMMARY ***
Total pot $24 | Rake $0.48
Board [9d Kc 2h 7s]
Seat 1: yirkape (button) (small blind) folded on the Turn
Seat 2: 7moneymaster (big blind) collected ($23.52)


PokerStars Hand #147610238251:  Hold'em Limit ($3/$6 USD) - 2016/01/24 14:24:52 ET
Table 'Misa II' 2-max Seat #2 is the button
Seat 1: yirkape ($9.78 in chips)
Seat 2: 7moneymaster ($317.82 in chips)
7moneymaster: posts small blind $1
yirkape: posts big blind $3
*** HOLE CARDS ***
7moneymaster: raises $3 to $6
yirkape: raises $3 to $9
7moneymaster: calls $3
*** FLOP *** [3c 2s 8s]
yirkape: bets $0.78 and is all-in
7moneymaster: calls $0.78
*** TURN *** [3c 2s 8s] [9h]
*** RIVER *** [3c 2s 8s 9h] [Ts]
*** SHOW DOWN ***
yirkape: shows [Ad 3d] (a pair of Threes)
7moneymaster: mucks hand
yirkape collected $19.17 from pot
*** SUMMARY ***
Total pot $19.56 | Rake $0.39
Board [3c 2s 8s 9h Ts]
Seat 1: yirkape (big blind) showed [Ad 3d] and won ($19.17) with a pair of Threes
Seat 2: 7moneymaster (button) (small blind) mucked


PokerStars Hand #147610277196:  Hold'em Limit ($3/$6 USD) - 2016/01/24 14:25:24 ET
Table 'Misa II' 2-max Seat #1 is the button
Seat 1: yirkape ($19.17 in chips)
Seat 2: 7moneymaster ($308.04 in chips)
yirkape: posts small blind $1
7moneymaster: posts big blind $3
*** HOLE CARDS ***
yirkape: calls $2
7moneymaster: checks
*** FLOP *** [3d Ad Td]
7moneymaster: checks
yirkape: bets $3
7moneymaster: calls $3
*** TURN *** [3d Ad Td] [6s]
7moneymaster: checks
yirkape: checks
*** RIVER *** [3d Ad Td 6s] [3c]
7moneymaster: checks
yirkape: bets $6
7moneymaster: calls $6
*** SHOW DOWN ***
yirkape: shows [3h 4h] (three of a kind, Threes)
7moneymaster: mucks hand
yirkape collected $23.52 from pot
*** SUMMARY ***
Total pot $24 | Rake $0.48
Board [3d Ad Td 6s 3c]
Seat 1: yirkape (button) (small blind) showed [3h 4h] and won ($23.52) with three of a kind, Threes
Seat 2: 7moneymaster (big blind) mucked


PokerStars Hand #147610339287:  Hold'em Limit ($3/$6 USD) - 2016/01/24 14:26:16 ET
Table 'Misa II' 2-max Seat #1 is the button
Seat 1: yirkape ($33.57 in chips)
Seat 2: 7moneymaster ($293.04 in chips)
yirkape: posts small blind $1
7moneymaster: posts big blind $3
*** HOLE CARDS ***
yirkape: folds
Uncalled bet ($2) returned to 7moneymaster
7moneymaster collected $2 from pot
7moneymaster: doesn't show hand
*** SUMMARY ***
Total pot $2 | Rake $0
Seat 1: yirkape (button) (small blind) folded before Flop
Seat 2: 7moneymaster (big blind) collected ($2)


PokerStars Hand #147610311370:  Hold'em Limit ($3/$6 USD) - 2016/01/24 14:25:52 ET
Table 'Misa II' 2-max Seat #2 is the button
Seat 1: yirkape ($30.69 in chips)
Seat 2: 7moneymaster ($296.04 in chips)
7moneymaster: posts small blind $1
yirkape: posts big blind $3
*** HOLE CARDS ***
7moneymaster: calls $2
yirkape: checks
*** FLOP *** [Jc 9h 4c]
yirkape: checks
7moneymaster: checks
*** TURN *** [Jc 9h 4c] [5h]
yirkape: bets $6
7moneymaster: folds
Uncalled bet ($6) returned to yirkape
yirkape collected $5.88 from pot
yirkape: doesn't show hand
*** SUMMARY ***
Total pot $6 | Rake $0.12
Board [Jc 9h 4c 5h]
Seat 1: yirkape (big blind) collected ($5.88)
Seat 2: 7moneymaster (button) (small blind) folded on the Turn


PokerStars Hand #147610345793:  Hold'em Limit ($3/$6 USD) - 2016/01/24 14:26:21 ET
Table 'Misa II' 2-max Seat #2 is the button
Seat 1: yirkape ($32.57 in chips)
Seat 2: 7moneymaster ($294.04 in chips)
7moneymaster: posts small blind $1
yirkape: posts big blind $3
*** HOLE CARDS ***
7moneymaster: raises $3 to $6
yirkape: calls $3
*** FLOP *** [7h 5d Kh]
yirkape: bets $3
7moneymaster: calls $3
*** TURN *** [7h 5d Kh] [Jc]
yirkape: checks
7moneymaster: bets $6
yirkape: calls $6
*** RIVER *** [7h 5d Kh Jc] [Qd]
yirkape: bets $6
7moneymaster: folds
Uncalled bet ($6) returned to yirkape
yirkape collected $29.50 from pot
yirkape: doesn't show hand
*** SUMMARY ***
Total pot $30 | Rake $0.50
Board [7h 5d Kh Jc Qd]
Seat 1: yirkape (big blind) collected ($29.50)
Seat 2: 7moneymaster (button) (small blind) folded on the River


PokerStars Hand #147610383744:  Hold'em Limit ($3/$6 USD) - 2016/01/24 14:26:53 ET
Table 'Misa II' 2-max Seat #1 is the button
Seat 1: yirkape ($47.07 in chips)
Seat 2: 7moneymaster ($279.04 in chips)
yirkape: posts small blind $1
7moneymaster: posts big blind $3
*** HOLE CARDS ***
yirkape: raises $3 to $6
7moneymaster: raises $3 to $9
yirkape: calls $3
*** FLOP *** [Kc 3d 6c]
7moneymaster: bets $3
yirkape: calls $3
*** TURN *** [Kc 3d 6c] [9c]
7moneymaster: checks
yirkape: checks
*** RIVER *** [Kc 3d 6c 9c] [5h]
7moneymaster: checks
yirkape: checks
*** SHOW DOWN ***
7moneymaster: shows [Jd Kh] (a pair of Kings)
yirkape: mucks hand
7moneymaster collected $23.52 from pot
*** SUMMARY ***
Total pot $24 | Rake $0.48
Board [Kc 3d 6c 9c 5h]
Seat 1: yirkape (button) (small blind) mucked
Seat 2: 7moneymaster (big blind) showed [Jd Kh] and won ($23.52) with a pair of Kings


PokerStars Hand #147610402618:  Hold'em Limit ($3/$6 USD) - 2016/01/24 14:27:08 ET
Table 'Misa II' 2-max Seat #2 is the button
Seat 1: yirkape ($35.07 in chips)
Seat 2: 7moneymaster ($290.56 in chips)
7moneymaster: posts small blind $1
yirkape: posts big blind $3
*** HOLE CARDS ***
7moneymaster: raises $3 to $6
yirkape: calls $3
*** FLOP *** [Qc 6d 7d]
yirkape: checks
7moneymaster: bets $3
yirkape: calls $3
*** TURN *** [Qc 6d 7d] [3s]
yirkape: checks
7moneymaster: bets $6
yirkape: folds
Uncalled bet ($6) returned to 7moneymaster
7moneymaster collected $17.64 from pot
7moneymaster: doesn't show hand
*** SUMMARY ***
Total pot $18 | Rake $0.36
Board [Qc 6d 7d 3s]
Seat 1: yirkape (big blind) folded on the Turn
Seat 2: 7moneymaster (button) (small blind) collected ($17.64)


PokerStars Hand #147610430505:  Hold'em Limit ($3/$6 USD) - 2016/01/24 14:27:32 ET
Table 'Misa II' 2-max Seat #1 is the button
Seat 1: yirkape ($26.07 in chips)
Seat 2: 7moneymaster ($299.20 in chips)
yirkape: posts small blind $1
7moneymaster: posts big blind $3
*** HOLE CARDS ***
yirkape: raises $3 to $6
7moneymaster: calls $3
*** FLOP *** [5c 7c Kc]
7moneymaster: checks
yirkape: bets $3
7moneymaster: raises $3 to $6
yirkape: calls $3
*** TURN *** [5c 7c Kc] [9d]
7moneymaster: bets $6
yirkape: calls $6
*** RIVER *** [5c 7c Kc 9d] [Jh]
7moneymaster: bets $6
yirkape: raises $2.07 to $8.07 and is all-in
7moneymaster: calls $2.07
*** SHOW DOWN ***
yirkape: shows [Jc 3d] (a pair of Jacks)
7moneymaster: shows [7s Kh] (two pair, Kings and Sevens)
7moneymaster collected $51.64 from pot
*** SUMMARY ***
Total pot $52.14 | Rake $0.50
Board [5c 7c Kc 9d Jh]
Seat 1: yirkape (button) (small blind) showed [Jc 3d] and lost with a pair of Jacks
Seat 2: 7moneymaster (big blind) showed [7s Kh] and won ($51.64) with two pair, Kings and Sevens


