PokerStars Hand #167790016593:  Hold'em Limit ($3/$6 USD) - 2017/03/19 2:29:14 ET
Table 'Misam' 6-max Seat #3 is the button
Seat 3: hairy1961 ($57.64 in chips)
Seat 4: LifeisagameX ($84 in chips)
hairy1961: posts small blind $1
LifeisagameX: posts big blind $3
*** HOLE CARDS ***
hairy1961: folds
Uncalled bet ($2) returned to LifeisagameX
LifeisagameX collected $2 from pot
LifeisagameX: doesn't show hand
*** SUMMARY ***
Total pot $2 | Rake $0
Seat 3: hairy1961 (button) (small blind) folded before Flop
Seat 4: LifeisagameX (big blind) collected ($2)


PokerStars Hand #167790022237:  Hold'em Limit ($3/$6 USD) - 2017/03/19 2:29:35 ET
Table 'Misam' 6-max Seat #3 is the button
Seat 3: hairy1961 ($62.40 in chips)
Seat 4: LifeisagameX ($84 in chips)
hairy1961: posts small blind $1
LifeisagameX: posts big blind $3
*** HOLE CARDS ***
hairy1961: folds
Uncalled bet ($2) returned to LifeisagameX
LifeisagameX collected $2 from pot
LifeisagameX: doesn't show hand
*** SUMMARY ***
Total pot $2 | Rake $0
Seat 3: hairy1961 (button) (small blind) folded before Flop
Seat 4: LifeisagameX (big blind) collected ($2)


PokerStars Hand #167790018632:  Hold'em Limit ($3/$6 USD) - 2017/03/19 2:29:21 ET
Table 'Misam' 6-max Seat #4 is the button
Seat 3: hairy1961 ($56.64 in chips)
Seat 4: LifeisagameX ($85 in chips)
LifeisagameX: posts small blind $1
hairy1961: posts big blind $3
*** HOLE CARDS ***
LifeisagameX: raises $3 to $6
hairy1961: calls $3
*** FLOP *** [Kh 8s 7c]
hairy1961: bets $3
LifeisagameX: folds
Uncalled bet ($3) returned to hairy1961
hairy1961 collected $11.76 from pot
*** SUMMARY ***
Total pot $12 | Rake $0.24
Board [Kh 8s 7c]
Seat 3: hairy1961 (big blind) collected ($11.76)
Seat 4: LifeisagameX (button) (small blind) folded on the Flop


PokerStars Hand #167790009689:  Hold'em Limit ($3/$6 USD) - 2017/03/19 2:28:48 ET
Table 'Misam' 6-max Seat #3 is the button
Seat 3: hairy1961 ($50 in chips)
Seat 4: LifeisagameX ($84 in chips)
hairy1961: posts small blind $1
LifeisagameX: posts big blind $3
*** HOLE CARDS ***
hairy1961: folds
Uncalled bet ($2) returned to LifeisagameX
LifeisagameX collected $2 from pot
LifeisagameX: doesn't show hand
*** SUMMARY ***
Total pot $2 | Rake $0
Seat 3: hairy1961 (button) (small blind) folded before Flop
Seat 4: LifeisagameX (big blind) collected ($2)


PokerStars Hand #167790012415:  Hold'em Limit ($3/$6 USD) - 2017/03/19 2:28:58 ET
Table 'Misam' 6-max Seat #4 is the button
Seat 3: hairy1961 ($49 in chips)
Seat 4: LifeisagameX ($85 in chips)
LifeisagameX: posts small blind $1
hairy1961: posts big blind $3
*** HOLE CARDS ***
LifeisagameX: raises $3 to $6
hairy1961: raises $3 to $9
LifeisagameX: calls $3
*** FLOP *** [8d 6h Tc]
hairy1961: bets $3
LifeisagameX: folds
Uncalled bet ($3) returned to hairy1961
hairy1961 collected $17.64 from pot
*** SUMMARY ***
Total pot $18 | Rake $0.36
Board [8d 6h Tc]
Seat 3: hairy1961 (big blind) collected ($17.64)
Seat 4: LifeisagameX (button) (small blind) folded on the Flop


PokerStars Hand #167790024041:  Hold'em Limit ($3/$6 USD) - 2017/03/19 2:29:42 ET
Table 'Misam' 6-max Seat #4 is the button
Seat 3: hairy1961 ($61.40 in chips)
Seat 4: LifeisagameX ($85 in chips)
LifeisagameX: posts small blind $1
hairy1961: posts big blind $3
*** HOLE CARDS ***
LifeisagameX: raises $3 to $6
hairy1961: calls $3
*** FLOP *** [3s 5c 7c]
hairy1961: checks
LifeisagameX: bets $3
hairy1961: calls $3
*** TURN *** [3s 5c 7c] [7d]
hairy1961: checks
LifeisagameX: bets $6
hairy1961: raises $6 to $12
LifeisagameX: calls $6
*** RIVER *** [3s 5c 7c 7d] [4d]
hairy1961: bets $6
LifeisagameX: folds
Uncalled bet ($6) returned to hairy1961
hairy1961 collected $41.50 from pot
*** SUMMARY ***
Total pot $42 | Rake $0.50
Board [3s 5c 7c 7d 4d]
Seat 3: hairy1961 (big blind) collected ($41.50)
Seat 4: LifeisagameX (button) (small blind) folded on the River


PokerStars Hand #167790033628:  Hold'em Limit ($3/$6 USD) - 2017/03/19 2:30:18 ET
Table 'Misam' 6-max Seat #4 is the button
Seat 3: hairy1961 ($80.90 in chips)
Seat 4: LifeisagameX ($85 in chips)
LifeisagameX: posts small blind $1
hairy1961: posts big blind $3
*** HOLE CARDS ***
LifeisagameX: raises $3 to $6
hairy1961: folds
Uncalled bet ($3) returned to LifeisagameX
LifeisagameX collected $6 from pot
LifeisagameX: doesn't show hand
*** SUMMARY ***
Total pot $6 | Rake $0
Seat 3: hairy1961 (big blind) folded before Flop
Seat 4: LifeisagameX (button) (small blind) collected ($6)


PokerStars Hand #167790032038:  Hold'em Limit ($3/$6 USD) - 2017/03/19 2:30:12 ET
Table 'Misam' 6-max Seat #3 is the button
Seat 3: hairy1961 ($81.90 in chips)
Seat 4: LifeisagameX ($84 in chips)
hairy1961: posts small blind $1
LifeisagameX: posts big blind $3
*** HOLE CARDS ***
hairy1961: folds
Uncalled bet ($2) returned to LifeisagameX
LifeisagameX collected $2 from pot
LifeisagameX: doesn't show hand
*** SUMMARY ***
Total pot $2 | Rake $0
Seat 3: hairy1961 (button) (small blind) folded before Flop
Seat 4: LifeisagameX (big blind) collected ($2)


PokerStars Hand #167790035450:  Hold'em Limit ($3/$6 USD) - 2017/03/19 2:30:25 ET
Table 'Misam' 6-max Seat #3 is the button
Seat 3: hairy1961 ($77.90 in chips)
Seat 4: LifeisagameX ($88 in chips)
hairy1961: posts small blind $1
LifeisagameX: posts big blind $3
*** HOLE CARDS ***
hairy1961: folds
Uncalled bet ($2) returned to LifeisagameX
LifeisagameX collected $2 from pot
LifeisagameX: doesn't show hand
*** SUMMARY ***
Total pot $2 | Rake $0
Seat 3: hairy1961 (button) (small blind) folded before Flop
Seat 4: LifeisagameX (big blind) collected ($2)


PokerStars Hand #167790210106:  Hold'em Limit ($3/$6 USD) - 2017/03/19 2:41:16 ET
Table 'Misam' 6-max Seat #3 is the button
Seat 3: hairy1961 ($60.31 in chips)
Seat 4: LifeisagameX ($101.50 in chips)
hairy1961: posts small blind $1
LifeisagameX: posts big blind $3
*** HOLE CARDS ***
hairy1961: folds
Uncalled bet ($2) returned to LifeisagameX
LifeisagameX collected $2 from pot
LifeisagameX: doesn't show hand
*** SUMMARY ***
Total pot $2 | Rake $0
Seat 3: hairy1961 (button) (small blind) folded before Flop
Seat 4: LifeisagameX (big blind) collected ($2)


PokerStars Hand #167790200820:  Hold'em Limit ($3/$6 USD) - 2017/03/19 2:40:41 ET
Table 'Misam' 6-max Seat #4 is the button
Seat 3: hairy1961 ($54.55 in chips)
Seat 4: LifeisagameX ($107.50 in chips)
LifeisagameX: posts small blind $1
hairy1961: posts big blind $3
*** HOLE CARDS ***
LifeisagameX: raises $3 to $6
hairy1961: calls $3
*** FLOP *** [9d 5d 5s]
hairy1961: checks
LifeisagameX: checks
*** TURN *** [9d 5d 5s] [Js]
hairy1961: bets $6
LifeisagameX: folds
Uncalled bet ($6) returned to hairy1961
hairy1961 collected $11.76 from pot
*** SUMMARY ***
Total pot $12 | Rake $0.24
Board [9d 5d 5s Js]
Seat 3: hairy1961 (big blind) collected ($11.76)
Seat 4: LifeisagameX (button) (small blind) folded on the Turn


PokerStars Hand #167790229157:  Hold'em Limit ($3/$6 USD) - 2017/03/19 2:42:27 ET
Table 'Misam' 6-max Seat #3 is the button
Seat 3: hairy1961 ($29.31 in chips)
Seat 4: LifeisagameX ($132 in chips)
hairy1961: posts small blind $1
LifeisagameX: posts big blind $3
*** HOLE CARDS ***
hairy1961: raises $3 to $6
LifeisagameX: calls $3
*** FLOP *** [8h 4h 7s]
LifeisagameX: checks
hairy1961: bets $3
LifeisagameX: folds
Uncalled bet ($3) returned to hairy1961
hairy1961 collected $11.76 from pot
*** SUMMARY ***
Total pot $12 | Rake $0.24
Board [8h 4h 7s]
Seat 3: hairy1961 (button) (small blind) collected ($11.76)
Seat 4: LifeisagameX (big blind) folded on the Flop


PokerStars Hand #167790212004:  Hold'em Limit ($3/$6 USD) - 2017/03/19 2:41:23 ET
Table 'Misam' 6-max Seat #4 is the button
Seat 3: hairy1961 ($59.31 in chips)
Seat 4: LifeisagameX ($102.50 in chips)
LifeisagameX: posts small blind $1
hairy1961: posts big blind $3
*** HOLE CARDS ***
LifeisagameX: raises $3 to $6
hairy1961: raises $3 to $9
LifeisagameX: calls $3
*** FLOP *** [4d 5d Kd]
hairy1961: bets $3
LifeisagameX: calls $3
*** TURN *** [4d 5d Kd] [Qd]
hairy1961: bets $6
LifeisagameX: raises $6 to $12
hairy1961: calls $6
*** RIVER *** [4d 5d Kd Qd] [4c]
hairy1961: bets $6
LifeisagameX: calls $6
*** SHOW DOWN ***
hairy1961: shows [2d 7d] (a flush, King high)
LifeisagameX: shows [8d 6d] (a flush, King high - Eight higher)
LifeisagameX collected $59.50 from pot
*** SUMMARY ***
Total pot $60 | Rake $0.50
Board [4d 5d Kd Qd 4c]
Seat 3: hairy1961 (big blind) showed [2d 7d] and lost with a flush, King high
Seat 4: LifeisagameX (button) (small blind) showed [8d 6d] and won ($59.50) with a flush, King high


PokerStars Hand #167790240394:  Hold'em Limit ($3/$6 USD) - 2017/03/19 2:43:09 ET
Table 'Misam' 6-max Seat #4 is the button
Seat 3: hairy1961 ($35.07 in chips)
Seat 4: LifeisagameX ($126 in chips)
LifeisagameX: posts small blind $1
hairy1961: posts big blind $3
*** HOLE CARDS ***
LifeisagameX: raises $3 to $6
hairy1961: calls $3
*** FLOP *** [Ah Kc Jh]
MTails joins the table at seat #2
hairy1961: bets $3
LifeisagameX: folds
Uncalled bet ($3) returned to hairy1961
hairy1961 collected $11.76 from pot
*** SUMMARY ***
Total pot $12 | Rake $0.24
Board [Ah Kc Jh]
Seat 3: hairy1961 (big blind) collected ($11.76)
Seat 4: LifeisagameX (button) (small blind) folded on the Flop


PokerStars Hand #167790246933:  Hold'em Limit ($3/$6 USD) - 2017/03/19 2:43:33 ET
Table 'Misam' 6-max Seat #3 is the button
Seat 3: hairy1961 ($40.83 in chips)
Seat 4: LifeisagameX ($120 in chips)
hairy1961: posts small blind $1
LifeisagameX: posts big blind $3
*** HOLE CARDS ***
hairy1961: raises $3 to $6
LifeisagameX: folds
Uncalled bet ($3) returned to hairy1961
hairy1961 collected $6 from pot
*** SUMMARY ***
Total pot $6 | Rake $0
Seat 3: hairy1961 (button) (small blind) collected ($6)
Seat 4: LifeisagameX (big blind) folded before Flop


PokerStars Hand #167790269182:  Hold'em Limit ($3/$6 USD) - 2017/03/19 2:44:55 ET
Table 'Misam' 6-max Seat #2 is the button
Seat 2: MTails ($126.50 in chips)
Seat 3: hairy1961 ($33.23 in chips)
MTails: posts small blind $1
hairy1961: posts big blind $3
*** HOLE CARDS ***
MTails: folds
Uncalled bet ($2) returned to hairy1961
hairy1961 collected $2 from pot
*** SUMMARY ***
Total pot $2 | Rake $0
Seat 2: MTails (button) (small blind) folded before Flop
Seat 3: hairy1961 (big blind) collected ($2)


PokerStars Hand #167790267556:  Hold'em Limit ($3/$6 USD) - 2017/03/19 2:44:49 ET
Table 'Misam' 6-max Seat #3 is the button
Seat 2: MTails ($125.50 in chips)
Seat 3: hairy1961 ($34.23 in chips)
hairy1961: posts small blind $1
MTails: posts big blind $3
*** HOLE CARDS ***
hairy1961: folds
Uncalled bet ($2) returned to MTails
MTails collected $2 from pot
MTails: doesn't show hand
*** SUMMARY ***
Total pot $2 | Rake $0
Seat 2: MTails (big blind) collected ($2)
Seat 3: hairy1961 (button) (small blind) folded before Flop


PokerStars Hand #167790270553:  Hold'em Limit ($3/$6 USD) - 2017/03/19 2:45:00 ET
Table 'Misam' 6-max Seat #3 is the button
Seat 2: MTails ($125.50 in chips)
Seat 3: hairy1961 ($34.23 in chips)
hairy1961: posts small blind $1
MTails: posts big blind $3
*** HOLE CARDS ***
hairy1961: folds
Uncalled bet ($2) returned to MTails
MTails collected $2 from pot
*** SUMMARY ***
Total pot $2 | Rake $0
Seat 2: MTails (big blind) collected ($2)
Seat 3: hairy1961 (button) (small blind) folded before Flop


PokerStars Hand #167790264276:  Hold'em Limit ($3/$6 USD) - 2017/03/19 2:44:37 ET
Table 'Misam' 6-max Seat #2 is the button
Seat 2: MTails ($134.50 in chips)
Seat 3: hairy1961 ($25.59 in chips)
MTails: posts small blind $1
hairy1961: posts big blind $3
*** HOLE CARDS ***
MTails: raises $3 to $6
hairy1961: raises $3 to $9
MTails: calls $3
*** FLOP *** [4d 8d Ah]
hairy1961: bets $3
MTails: folds
Uncalled bet ($3) returned to hairy1961
hairy1961 collected $17.64 from pot
*** SUMMARY ***
Total pot $18 | Rake $0.36
Board [4d 8d Ah]
Seat 2: MTails (button) (small blind) folded on the Flop
Seat 3: hairy1961 (big blind) collected ($17.64)


PokerStars Hand #167790261393:  Hold'em Limit ($3/$6 USD) - 2017/03/19 2:44:26 ET
Table 'Misam' 6-max Seat #3 is the button
Seat 2: MTails ($140.50 in chips)
Seat 3: hairy1961 ($19.83 in chips)
hairy1961: posts small blind $1
MTails: posts big blind $3
*** HOLE CARDS ***
hairy1961: raises $3 to $6
MTails: calls $3
*** FLOP *** [Jd 4s Kd]
LifeisagameX leaves the table
MTails: checks
hairy1961: bets $3
MTails: folds
Uncalled bet ($3) returned to hairy1961
hairy1961 collected $11.76 from pot
*** SUMMARY ***
Total pot $12 | Rake $0.24
Board [Jd 4s Kd]
Seat 2: MTails (big blind) folded on the Flop
Seat 3: hairy1961 (button) (small blind) collected ($11.76)


PokerStars Hand #167790254051:  Hold'em Limit ($3/$6 USD) - 2017/03/19 2:43:59 ET
Table 'Misam' 6-max Seat #2 is the button
Seat 2: MTails ($117 in chips)
Seat 3: hairy1961 ($43.83 in chips)
MTails: posts small blind $1
hairy1961: posts big blind $3
*** HOLE CARDS ***
MTails: raises $3 to $6
hairy1961: calls $3
*** FLOP *** [8c Qd 6c]
hairy1961: bets $3
MTails: raises $3 to $6
hairy1961: calls $3
*** TURN *** [8c Qd 6c] [5d]
hairy1961: checks
MTails: bets $6
hairy1961: calls $6
*** RIVER *** [8c Qd 6c 5d] [7d]
hairy1961: checks
MTails: bets $6
hairy1961: calls $6
*** SHOW DOWN ***
MTails: shows [Kd Td] (a flush, King high)
hairy1961: mucks hand
MTails collected $47.50 from pot
*** SUMMARY ***
Total pot $48 | Rake $0.50
Board [8c Qd 6c 5d 7d]
Seat 2: MTails (button) (small blind) showed [Kd Td] and won ($47.50) with a flush, King high
Seat 3: hairy1961 (big blind) mucked


PokerStars Hand #167790272056:  Hold'em Limit ($3/$6 USD) - 2017/03/19 2:45:06 ET
Table 'Misam' 6-max Seat #2 is the button
Seat 2: MTails ($126.50 in chips)
Seat 3: hairy1961 ($33.23 in chips)
MTails: posts small blind $1
hairy1961: posts big blind $3
*** HOLE CARDS ***
MTails: raises $3 to $6
hairy1961: calls $3
*** FLOP *** [3d 2s Kd]
hairy1961: checks
MTails: bets $3
hairy1961: folds
Uncalled bet ($3) returned to MTails
MTails collected $11.76 from pot
*** SUMMARY ***
Total pot $12 | Rake $0.24
Board [3d 2s Kd]
Seat 2: MTails (button) (small blind) collected ($11.76)
Seat 3: hairy1961 (big blind) folded on the Flop


PokerStars Hand #167790285582:  Hold'em Limit ($3/$6 USD) - 2017/03/19 2:45:56 ET
Table 'Misam' 6-max Seat #3 is the button
Seat 2: MTails ($119.90 in chips)
Seat 3: hairy1961 ($38.73 in chips)
hairy1961: posts small blind $1
MTails: posts big blind $3
*** HOLE CARDS ***
hairy1961: folds
Uncalled bet ($2) returned to MTails
MTails collected $2 from pot
*** SUMMARY ***
Total pot $2 | Rake $0
Seat 2: MTails (big blind) collected ($2)
Seat 3: hairy1961 (button) (small blind) folded before Flop


PokerStars Hand #167790281183:  Hold'em Limit ($3/$6 USD) - 2017/03/19 2:45:40 ET
Table 'Misam' 6-max Seat #2 is the button
Seat 2: MTails ($111.26 in chips)
Seat 3: hairy1961 ($47.73 in chips)
MTails: posts small blind $1
hairy1961: posts big blind $3
*** HOLE CARDS ***
MTails: raises $3 to $6
hairy1961: calls $3
*** FLOP *** [Ac 2d Jh]
hairy1961: bets $3
MTails: raises $3 to $6
hairy1961: folds
Uncalled bet ($3) returned to MTails
MTails collected $17.64 from pot
*** SUMMARY ***
Total pot $18 | Rake $0.36
Board [Ac 2d Jh]
Seat 2: MTails (button) (small blind) collected ($17.64)
Seat 3: hairy1961 (big blind) folded on the Flop


PokerStars Hand #167790275629:  Hold'em Limit ($3/$6 USD) - 2017/03/19 2:45:19 ET
Table 'Misam' 6-max Seat #3 is the button
Seat 2: MTails ($132.26 in chips)
Seat 3: hairy1961 ($27.23 in chips)
hairy1961: posts small blind $1
MTails: posts big blind $3
*** HOLE CARDS ***
hairy1961: raises $3 to $6
MTails: calls $3
*** FLOP *** [7c 6c 3c]
MTails: checks
hairy1961: bets $3
MTails: calls $3
*** TURN *** [7c 6c 3c] [2h]
MTails: checks
hairy1961: bets $6
MTails: calls $6
*** RIVER *** [7c 6c 3c 2h] [8h]
MTails: checks
hairy1961: bets $6
MTails: calls $6
*** SHOW DOWN ***
hairy1961: shows [Ts 7s] (a pair of Sevens)
MTails: mucks hand
hairy1961 collected $41.50 from pot
*** SUMMARY ***
Total pot $42 | Rake $0.50
Board [7c 6c 3c 2h 8h]
Seat 2: MTails (big blind) mucked
Seat 3: hairy1961 (button) (small blind) showed [Ts 7s] and won ($41.50) with a pair of Sevens


PokerStars Hand #167790290312:  Hold'em Limit ($3/$6 USD) - 2017/03/19 2:46:14 ET
Table 'Misam' 6-max Seat #3 is the button
Seat 2: MTails ($119.90 in chips)
Seat 3: hairy1961 ($38.73 in chips)
hairy1961: posts small blind $1
MTails: posts big blind $3
*** HOLE CARDS ***
Agrotait joins the table at seat #4
hairy1961: raises $3 to $6
MTails: calls $3
*** FLOP *** [2c 2s 2d]
MTails: checks
hairy1961: checks
*** TURN *** [2c 2s 2d] [7d]
MTails: bets $6
hairy1961: calls $6
*** RIVER *** [2c 2s 2d 7d] [7s]
MTails: checks
hairy1961: checks
*** SHOW DOWN ***
MTails: shows [6d Jc] (a full house, Deuces full of Sevens)
hairy1961: shows [Ah 3s] (a full house, Deuces full of Sevens)
MTails collected $11.76 from pot
hairy1961 collected $11.76 from pot
*** SUMMARY ***
Total pot $24 | Rake $0.48
Board [2c 2s 2d 7d 7s]
Seat 2: MTails (big blind) showed [6d Jc] and won ($11.76) with a full house, Deuces full of Sevens
Seat 3: hairy1961 (button) (small blind) showed [Ah 3s] and won ($11.76) with a full house, Deuces full of Sevens


PokerStars Hand #167790295835:  Hold'em Limit ($3/$6 USD) - 2017/03/19 2:46:34 ET
Table 'Misam' 6-max Seat #2 is the button
Seat 2: MTails ($119.66 in chips)
Seat 3: hairy1961 ($38.49 in chips)
MTails: posts small blind $1
hairy1961: posts big blind $3
*** HOLE CARDS ***
MTails: raises $3 to $6
hairy1961: calls $3
*** FLOP *** [3d 7c 4s]
hairy1961: checks
MTails: bets $3
hairy1961: raises $3 to $6
MTails: calls $3
*** TURN *** [3d 7c 4s] [Ac]
hairy1961: bets $6
MTails: raises $6 to $12
hairy1961: calls $6
*** RIVER *** [3d 7c 4s Ac] [Ad]
hairy1961: checks
MTails: checks
*** SHOW DOWN ***
hairy1961: shows [9h 7s] (two pair, Aces and Sevens)
MTails: mucks hand
hairy1961 collected $47.50 from pot
*** SUMMARY ***
Total pot $48 | Rake $0.50
Board [3d 7c 4s Ac Ad]
Seat 2: MTails (button) (small blind) mucked
Seat 3: hairy1961 (big blind) showed [9h 7s] and won ($47.50) with two pair, Aces and Sevens


PokerStars Hand #167790287107:  Hold'em Limit ($3/$6 USD) - 2017/03/19 2:46:02 ET
Table 'Misam' 6-max Seat #2 is the button
Seat 2: MTails ($120.90 in chips)
Seat 3: hairy1961 ($37.73 in chips)
MTails: posts small blind $1
hairy1961: posts big blind $3
*** HOLE CARDS ***
MTails: folds
Uncalled bet ($2) returned to hairy1961
hairy1961 collected $2 from pot
*** SUMMARY ***
Total pot $2 | Rake $0
Seat 2: MTails (button) (small blind) folded before Flop
Seat 3: hairy1961 (big blind) collected ($2)


