PokerStars Hand #171255435509:  Hold'em Limit ($3/$6 USD) - 2017/06/02 15:40:44 ET
Table 'Misenus' 6-max Seat #2 is the button
Seat 2: mason82 ($639.22 in chips)
Seat 4: belik555 ($161.13 in chips)
mason82: posts small blind $1
zxkz: is sitting out
belik555: posts big blind $3
*** HOLE CARDS ***
mason82: folds
Uncalled bet ($2) returned to belik555
zxkz leaves the table
belik555 collected $2 from pot
belik555: doesn't show hand
*** SUMMARY ***
Total pot $2 | Rake $0
Seat 2: mason82 (button) (small blind) folded before Flop
Seat 4: belik555 (big blind) collected ($2)


PokerStars Hand #171255439753:  Hold'em Limit ($3/$6 USD) - 2017/06/02 15:40:50 ET
Table 'Misenus' 6-max Seat #4 is the button
Seat 2: mason82 ($638.22 in chips)
Seat 4: belik555 ($162.13 in chips)
belik555: posts small blind $1
mason82: posts big blind $3
*** HOLE CARDS ***
vestimokrec joins the table at seat #3
belik555: raises $3 to $6
mason82: calls $3
*** FLOP *** [7d Qs 8s]
mason82: checks
belik555: bets $3
mason82: calls $3
*** TURN *** [7d Qs 8s] [4h]
mason82: checks
belik555: bets $6
mason82: calls $6
*** RIVER *** [7d Qs 8s 4h] [Kd]
mason82: checks
belik555: bets $6
mason82: calls $6
*** SHOW DOWN ***
belik555: shows [Qd 8d] (two pair, Queens and Eights)
mason82: mucks hand
belik555 collected $41.50 from pot
*** SUMMARY ***
Total pot $42 | Rake $0.50
Board [7d Qs 8s 4h Kd]
Seat 2: mason82 (big blind) mucked
Seat 4: belik555 (button) (small blind) showed [Qd 8d] and won ($41.50) with two pair, Queens and Eights


