PokerStars Hand #167653628279:  Hold'em Limit ($3/$6 USD) - 2017/03/16 4:47:54 ET
Table 'Misenus' 6-max Seat #4 is the button
Seat 3: KIT426 ($178.37 in chips)
Seat 4: VolkovDmitri ($128.64 in chips)
VolkovDmitri: posts small blind $1
KIT426: posts big blind $3
*** HOLE CARDS ***
VolkovDmitri: raises $3 to $6
KIT426: calls $3
*** FLOP *** [2s 4s Td]
KIT426: checks
VolkovDmitri: bets $3
KIT426: calls $3
*** TURN *** [2s 4s Td] [Ts]
KIT426: checks
VolkovDmitri: checks
*** RIVER *** [2s 4s Td Ts] [2h]
KIT426: checks
VolkovDmitri: checks
*** SHOW DOWN ***
KIT426: shows [Qd 9c] (two pair, Tens and Deuces)
VolkovDmitri: shows [Kh 8h] (two pair, Tens and Deuces - King kicker)
VolkovDmitri collected $17.64 from pot
*** SUMMARY ***
Total pot $18 | Rake $0.36
Board [2s 4s Td Ts 2h]
Seat 3: KIT426 (big blind) showed [Qd 9c] and lost with two pair, Tens and Deuces
Seat 4: VolkovDmitri (button) (small blind) showed [Kh 8h] and won ($17.64) with two pair, Tens and Deuces


PokerStars Hand #167653617716:  Hold'em Limit ($3/$6 USD) - 2017/03/16 4:47:21 ET
Table 'Misenus' 6-max Seat #3 is the button
Seat 3: KIT426 ($187.37 in chips)
Seat 4: VolkovDmitri ($120 in chips)
KIT426: posts small blind $1
VolkovDmitri: posts big blind $3
*** HOLE CARDS ***
KIT426: calls $2
VolkovDmitri: raises $3 to $6
KIT426: calls $3
*** FLOP *** [Tc Td 9s]
VolkovDmitri: bets $3
KIT426: calls $3
*** TURN *** [Tc Td 9s] [5d]
VolkovDmitri: bets $6
KIT426: folds
Uncalled bet ($6) returned to VolkovDmitri
VolkovDmitri collected $17.64 from pot
VolkovDmitri: doesn't show hand
*** SUMMARY ***
Total pot $18 | Rake $0.36
Board [Tc Td 9s 5d]
Seat 3: KIT426 (button) (small blind) folded on the Turn
Seat 4: VolkovDmitri (big blind) collected ($17.64)


PokerStars Hand #167653655506:  Hold'em Limit ($3/$6 USD) - 2017/03/16 4:49:20 ET
Table 'Misenus' 6-max Seat #3 is the button
Seat 3: KIT426 ($219.37 in chips)
Seat 4: VolkovDmitri ($120 in chips)
KIT426: posts small blind $1
VolkovDmitri: posts big blind $3
*** HOLE CARDS ***
KIT426: calls $2
VolkovDmitri: raises $3 to $6
KIT426: folds
Uncalled bet ($3) returned to VolkovDmitri
VolkovDmitri collected $6 from pot
VolkovDmitri: doesn't show hand
*** SUMMARY ***
Total pot $6 | Rake $0
Seat 3: KIT426 (button) (small blind) folded before Flop
Seat 4: VolkovDmitri (big blind) collected ($6)


PokerStars Hand #167653635828:  Hold'em Limit ($3/$6 USD) - 2017/03/16 4:48:18 ET
Table 'Misenus' 6-max Seat #3 is the button
Seat 3: KIT426 ($169.37 in chips)
Seat 4: VolkovDmitri ($137.28 in chips)
KIT426: posts small blind $1
VolkovDmitri: posts big blind $3
*** HOLE CARDS ***
KIT426: raises $3 to $6
VolkovDmitri: calls $3
*** FLOP *** [8d 2d 2s]
VolkovDmitri: checks
KIT426: bets $3
VolkovDmitri: raises $3 to $6
KIT426: calls $3
*** TURN *** [8d 2d 2s] [9d]
VolkovDmitri: bets $6
KIT426: raises $6 to $12
VolkovDmitri: calls $6
*** RIVER *** [8d 2d 2s 9d] [7s]
VolkovDmitri: checks
KIT426: bets $6
VolkovDmitri: folds
Uncalled bet ($6) returned to KIT426
KIT426 collected $47.50 from pot
*** SUMMARY ***
Total pot $48 | Rake $0.50
Board [8d 2d 2s 9d 7s]
Seat 3: KIT426 (button) (small blind) collected ($47.50)
Seat 4: VolkovDmitri (big blind) folded on the River


PokerStars Hand #167653647168:  Hold'em Limit ($3/$6 USD) - 2017/03/16 4:48:54 ET
Table 'Misenus' 6-max Seat #4 is the button
Seat 3: KIT426 ($192.87 in chips)
Seat 4: VolkovDmitri ($120 in chips)
VolkovDmitri: posts small blind $1
KIT426: posts big blind $3
*** HOLE CARDS ***
VolkovDmitri: raises $3 to $6
KIT426: calls $3
*** FLOP *** [7s Qs 9s]
KIT426: checks
VolkovDmitri: bets $3
KIT426: calls $3
*** TURN *** [7s Qs 9s] [Th]
KIT426: checks
VolkovDmitri: bets $6
KIT426: raises $6 to $12
VolkovDmitri: calls $6
*** RIVER *** [7s Qs 9s Th] [Kc]
KIT426: bets $6
VolkovDmitri: calls $6
*** SHOW DOWN ***
KIT426: shows [6s 5s] (a flush, Queen high)
VolkovDmitri: mucks hand
KIT426 collected $53.50 from pot
*** SUMMARY ***
Total pot $54 | Rake $0.50
Board [7s Qs 9s Th Kc]
Seat 3: KIT426 (big blind) showed [6s 5s] and won ($53.50) with a flush, Queen high
Seat 4: VolkovDmitri (button) (small blind) mucked


PokerStars Hand #167653668407:  Hold'em Limit ($3/$6 USD) - 2017/03/16 4:50:01 ET
Table 'Misenus' 6-max Seat #3 is the button
Seat 3: KIT426 ($195.37 in chips)
Seat 4: VolkovDmitri ($143.50 in chips)
KIT426: posts small blind $1
VolkovDmitri: posts big blind $3
*** HOLE CARDS ***
KIT426: raises $3 to $6
VolkovDmitri: calls $3
*** FLOP *** [2s Ah Qc]
VolkovDmitri: checks
KIT426: bets $3
VolkovDmitri: calls $3
*** TURN *** [2s Ah Qc] [3d]
VolkovDmitri: checks
KIT426: bets $6
VolkovDmitri: folds
Uncalled bet ($6) returned to KIT426
KIT426 collected $17.64 from pot
*** SUMMARY ***
Total pot $18 | Rake $0.36
Board [2s Ah Qc 3d]
Seat 3: KIT426 (button) (small blind) collected ($17.64)
Seat 4: VolkovDmitri (big blind) folded on the Turn


PokerStars Hand #167653658802:  Hold'em Limit ($3/$6 USD) - 2017/03/16 4:49:31 ET
Table 'Misenus' 6-max Seat #4 is the button
Seat 3: KIT426 ($216.37 in chips)
Seat 4: VolkovDmitri ($123 in chips)
VolkovDmitri: posts small blind $1
KIT426: posts big blind $3
*** HOLE CARDS ***
VolkovDmitri: raises $3 to $6
KIT426: calls $3
*** FLOP *** [9h 8d 7c]
KIT426: checks
VolkovDmitri: bets $3
KIT426: calls $3
*** TURN *** [9h 8d 7c] [Kc]
KIT426: checks
VolkovDmitri: bets $6
KIT426: calls $6
*** RIVER *** [9h 8d 7c Kc] [Ac]
KIT426: checks
VolkovDmitri: bets $6
KIT426: calls $6
*** SHOW DOWN ***
VolkovDmitri: shows [8c 9c] (a flush, Ace high)
KIT426: mucks hand
VolkovDmitri collected $41.50 from pot
*** SUMMARY ***
Total pot $42 | Rake $0.50
Board [9h 8d 7c Kc Ac]
Seat 3: KIT426 (big blind) mucked
Seat 4: VolkovDmitri (button) (small blind) showed [8c 9c] and won ($41.50) with a flush, Ace high


PokerStars Hand #167653687634:  Hold'em Limit ($3/$6 USD) - 2017/03/16 4:51:01 ET
Table 'Misenus' 6-max Seat #3 is the button
Seat 3: KIT426 ($183.01 in chips)
Seat 4: VolkovDmitri ($155 in chips)
KIT426: posts small blind $1
VolkovDmitri: posts big blind $3
*** HOLE CARDS ***
KIT426: raises $3 to $6
VolkovDmitri: calls $3
*** FLOP *** [Kd Ac 7h]
VolkovDmitri: checks
KIT426: bets $3
VolkovDmitri: folds
Uncalled bet ($3) returned to KIT426
KIT426 collected $11.76 from pot
*** SUMMARY ***
Total pot $12 | Rake $0.24
Board [Kd Ac 7h]
Seat 3: KIT426 (button) (small blind) collected ($11.76)
Seat 4: VolkovDmitri (big blind) folded on the Flop


PokerStars Hand #167653675750:  Hold'em Limit ($3/$6 USD) - 2017/03/16 4:50:24 ET
Table 'Misenus' 6-max Seat #4 is the button
Seat 3: KIT426 ($204.01 in chips)
Seat 4: VolkovDmitri ($134.50 in chips)
VolkovDmitri: posts small blind $1
KIT426: posts big blind $3
*** HOLE CARDS ***
VolkovDmitri: raises $3 to $6
KIT426: calls $3
*** FLOP *** [3h 3d 5s]
KIT426: checks
VolkovDmitri: bets $3
KIT426: calls $3
*** TURN *** [3h 3d 5s] [4d]
KIT426: checks
VolkovDmitri: bets $6
KIT426: calls $6
*** RIVER *** [3h 3d 5s 4d] [4c]
KIT426: checks
VolkovDmitri: bets $6
KIT426: calls $6
*** SHOW DOWN ***
VolkovDmitri: shows [3s 2s] (a full house, Threes full of Fours)
KIT426: mucks hand
VolkovDmitri collected $41.50 from pot
*** SUMMARY ***
Total pot $42 | Rake $0.50
Board [3h 3d 5s 4d 4c]
Seat 3: KIT426 (big blind) mucked
Seat 4: VolkovDmitri (button) (small blind) showed [3s 2s] and won ($41.50) with a full house, Threes full of Fours


PokerStars Hand #167653697263:  Hold'em Limit ($3/$6 USD) - 2017/03/16 4:51:31 ET
Table 'Misenus' 6-max Seat #3 is the button
Seat 3: KIT426 ($185.77 in chips)
Seat 4: VolkovDmitri ($152 in chips)
KIT426: posts small blind $1
VolkovDmitri: posts big blind $3
*** HOLE CARDS ***
KIT426: folds
Uncalled bet ($2) returned to VolkovDmitri
VolkovDmitri collected $2 from pot
VolkovDmitri: doesn't show hand
*** SUMMARY ***
Total pot $2 | Rake $0
Seat 3: KIT426 (button) (small blind) folded before Flop
Seat 4: VolkovDmitri (big blind) collected ($2)


PokerStars Hand #167653694682:  Hold'em Limit ($3/$6 USD) - 2017/03/16 4:51:23 ET
Table 'Misenus' 6-max Seat #4 is the button
Seat 3: KIT426 ($188.77 in chips)
Seat 4: VolkovDmitri ($149 in chips)
VolkovDmitri: posts small blind $1
KIT426: posts big blind $3
*** HOLE CARDS ***
VolkovDmitri: raises $3 to $6
KIT426: folds
Uncalled bet ($3) returned to VolkovDmitri
VolkovDmitri collected $6 from pot
VolkovDmitri: doesn't show hand
*** SUMMARY ***
Total pot $6 | Rake $0
Seat 3: KIT426 (big blind) folded before Flop
Seat 4: VolkovDmitri (button) (small blind) collected ($6)


PokerStars Hand #167653712247:  Hold'em Limit ($3/$6 USD) - 2017/03/16 4:52:17 ET
Table 'Misenus' 6-max Seat #4 is the button
Seat 3: KIT426 ($202.27 in chips)
Seat 4: VolkovDmitri ($134.76 in chips)
VolkovDmitri: posts small blind $1
KIT426: posts big blind $3
*** HOLE CARDS ***
VolkovDmitri: raises $3 to $6
KIT426: calls $3
*** FLOP *** [Qd 2h 9s]
KIT426: checks
VolkovDmitri: bets $3
KIT426: calls $3
*** TURN *** [Qd 2h 9s] [Js]
KIT426: checks
VolkovDmitri: bets $6
KIT426: folds
Uncalled bet ($6) returned to VolkovDmitri
VolkovDmitri collected $17.64 from pot
VolkovDmitri: doesn't show hand
*** SUMMARY ***
Total pot $18 | Rake $0.36
Board [Qd 2h 9s Js]
Seat 3: KIT426 (big blind) folded on the Turn
Seat 4: VolkovDmitri (button) (small blind) collected ($17.64)


PokerStars Hand #167653699009:  Hold'em Limit ($3/$6 USD) - 2017/03/16 4:51:36 ET
Table 'Misenus' 6-max Seat #4 is the button
Seat 3: KIT426 ($184.77 in chips)
Seat 4: VolkovDmitri ($153 in chips)
VolkovDmitri: posts small blind $1
KIT426: posts big blind $3
*** HOLE CARDS ***
VolkovDmitri: raises $3 to $6
KIT426: calls $3
*** FLOP *** [7d Qc Ah]
KIT426: checks
VolkovDmitri: bets $3
KIT426: folds
Uncalled bet ($3) returned to VolkovDmitri
VolkovDmitri collected $11.76 from pot
VolkovDmitri: doesn't show hand
*** SUMMARY ***
Total pot $12 | Rake $0.24
Board [7d Qc Ah]
Seat 3: KIT426 (big blind) folded on the Flop
Seat 4: VolkovDmitri (button) (small blind) collected ($11.76)


PokerStars Hand #167653718446:  Hold'em Limit ($3/$6 USD) - 2017/03/16 4:52:36 ET
Table 'Misenus' 6-max Seat #3 is the button
Seat 3: KIT426 ($193.27 in chips)
Seat 4: VolkovDmitri ($143.40 in chips)
KIT426: posts small blind $1
VolkovDmitri: posts big blind $3
*** HOLE CARDS ***
KIT426: calls $2
VolkovDmitri: checks
*** FLOP *** [3c Qd 9d]
VolkovDmitri: bets $3
KIT426: calls $3
*** TURN *** [3c Qd 9d] [9s]
VolkovDmitri: bets $6
KIT426: raises $6 to $12
VolkovDmitri: calls $6
*** RIVER *** [3c Qd 9d 9s] [Ks]
VolkovDmitri: checks
KIT426: bets $6
VolkovDmitri: calls $6
*** SHOW DOWN ***
KIT426: shows [4h 3d] (two pair, Nines and Threes)
VolkovDmitri: shows [6c 9h] (three of a kind, Nines)
VolkovDmitri collected $47.50 from pot
*** SUMMARY ***
Total pot $48 | Rake $0.50
Board [3c Qd 9d 9s Ks]
Seat 3: KIT426 (button) (small blind) showed [4h 3d] and lost with two pair, Nines and Threes
Seat 4: VolkovDmitri (big blind) showed [6c 9h] and won ($47.50) with three of a kind, Nines


PokerStars Hand #167653742995:  Hold'em Limit ($3/$6 USD) - 2017/03/16 4:53:53 ET
Table 'Misenus' 6-max Seat #4 is the button
Seat 3: KIT426 ($183.67 in chips)
Seat 4: VolkovDmitri ($151.90 in chips)
VolkovDmitri: posts small blind $1
KIT426: posts big blind $3
*** HOLE CARDS ***
VolkovDmitri: raises $3 to $6
KIT426: calls $3
*** FLOP *** [Jd Kc Qs]
KIT426: checks
VolkovDmitri: bets $3
KIT426: calls $3
*** TURN *** [Jd Kc Qs] [5s]
KIT426: checks
VolkovDmitri: bets $6
KIT426: raises $6 to $12
VolkovDmitri: calls $6
*** RIVER *** [Jd Kc Qs 5s] [8c]
KIT426: bets $6
VolkovDmitri: calls $6
*** SHOW DOWN ***
KIT426: shows [8s Kd] (two pair, Kings and Eights)
VolkovDmitri: mucks hand
KIT426 collected $53.50 from pot
*** SUMMARY ***
Total pot $54 | Rake $0.50
Board [Jd Kc Qs 5s 8c]
Seat 3: KIT426 (big blind) showed [8s Kd] and won ($53.50) with two pair, Kings and Eights
Seat 4: VolkovDmitri (button) (small blind) mucked


PokerStars Hand #167653750993:  Hold'em Limit ($3/$6 USD) - 2017/03/16 4:54:19 ET
Table 'Misenus' 6-max Seat #3 is the button
Seat 3: KIT426 ($210.17 in chips)
Seat 4: VolkovDmitri ($124.90 in chips)
KIT426: posts small blind $1
VolkovDmitri: posts big blind $3
*** HOLE CARDS ***
KIT426: folds
Uncalled bet ($2) returned to VolkovDmitri
VolkovDmitri collected $2 from pot
VolkovDmitri: doesn't show hand
*** SUMMARY ***
Total pot $2 | Rake $0
Seat 3: KIT426 (button) (small blind) folded before Flop
Seat 4: VolkovDmitri (big blind) collected ($2)


PokerStars Hand #167653737843:  Hold'em Limit ($3/$6 USD) - 2017/03/16 4:53:37 ET
Table 'Misenus' 6-max Seat #3 is the button
Seat 3: KIT426 ($177.91 in chips)
Seat 4: VolkovDmitri ($157.90 in chips)
KIT426: posts small blind $1
VolkovDmitri: posts big blind $3
*** HOLE CARDS ***
KIT426: raises $3 to $6
VolkovDmitri: calls $3
*** FLOP *** [Tc Ks 5c]
VolkovDmitri: checks
KIT426: bets $3
VolkovDmitri: folds
Uncalled bet ($3) returned to KIT426
KIT426 collected $11.76 from pot
*** SUMMARY ***
Total pot $12 | Rake $0.24
Board [Tc Ks 5c]
Seat 3: KIT426 (button) (small blind) collected ($11.76)
Seat 4: VolkovDmitri (big blind) folded on the Flop


PokerStars Hand #167653764678:  Hold'em Limit ($3/$6 USD) - 2017/03/16 4:55:02 ET
Table 'Misenus' 6-max Seat #3 is the button
Seat 3: KIT426 ($188.17 in chips)
Seat 4: VolkovDmitri ($146.40 in chips)
KIT426: posts small blind $1
VolkovDmitri: posts big blind $3
*** HOLE CARDS ***
KIT426: raises $3 to $6
VolkovDmitri: raises $3 to $9
KIT426: calls $3
*** FLOP *** [7h 2h Jh]
VolkovDmitri: bets $3
KIT426: calls $3
*** TURN *** [7h 2h Jh] [4s]
VolkovDmitri: checks
KIT426: bets $6
VolkovDmitri: calls $6
*** RIVER *** [7h 2h Jh 4s] [4h]
VolkovDmitri: bets $6
KIT426: calls $6
*** SHOW DOWN ***
VolkovDmitri: shows [Ah 9s] (a flush, Ace high)
KIT426: mucks hand
VolkovDmitri collected $47.50 from pot
*** SUMMARY ***
Total pot $48 | Rake $0.50
Board [7h 2h Jh 4s 4h]
Seat 3: KIT426 (button) (small blind) mucked
Seat 4: VolkovDmitri (big blind) showed [Ah 9s] and won ($47.50) with a flush, Ace high


PokerStars Hand #167653754509:  Hold'em Limit ($3/$6 USD) - 2017/03/16 4:54:30 ET
Table 'Misenus' 6-max Seat #4 is the button
Seat 3: KIT426 ($209.17 in chips)
Seat 4: VolkovDmitri ($125.90 in chips)
VolkovDmitri: posts small blind $1
KIT426: posts big blind $3
*** HOLE CARDS ***
VolkovDmitri: raises $3 to $6
KIT426: calls $3
*** FLOP *** [Qd 2h 5c]
KIT426: checks
VolkovDmitri: bets $3
KIT426: calls $3
*** TURN *** [Qd 2h 5c] [9d]
KIT426: checks
VolkovDmitri: bets $6
KIT426: calls $6
*** RIVER *** [Qd 2h 5c 9d] [8c]
KIT426: checks
VolkovDmitri: bets $6
KIT426: calls $6
*** SHOW DOWN ***
VolkovDmitri: shows [6s Qc] (a pair of Queens)
KIT426: mucks hand
VolkovDmitri collected $41.50 from pot
*** SUMMARY ***
Total pot $42 | Rake $0.50
Board [Qd 2h 5c 9d 8c]
Seat 3: KIT426 (big blind) mucked
Seat 4: VolkovDmitri (button) (small blind) showed [6s Qc] and won ($41.50) with a pair of Queens


PokerStars Hand #167653780755:  Hold'em Limit ($3/$6 USD) - 2017/03/16 4:55:57 ET
Table 'Misenus' 6-max Seat #3 is the button
Seat 3: KIT426 ($175.69 in chips)
Seat 4: VolkovDmitri ($157.90 in chips)
KIT426: posts small blind $1
VolkovDmitri: posts big blind $3
*** HOLE CARDS ***
KIT426: raises $3 to $6
VolkovDmitri: calls $3
*** FLOP *** [Kd 4s 9d]
VolkovDmitri: checks
KIT426: bets $3
VolkovDmitri: calls $3
*** TURN *** [Kd 4s 9d] [Jh]
VolkovDmitri: checks
KIT426: bets $6
VolkovDmitri: calls $6
*** RIVER *** [Kd 4s 9d Jh] [7h]
VolkovDmitri: checks
KIT426: checks
*** SHOW DOWN ***
VolkovDmitri: shows [4c 5h] (a pair of Fours)
KIT426: mucks hand
VolkovDmitri collected $29.50 from pot
*** SUMMARY ***
Total pot $30 | Rake $0.50
Board [Kd 4s 9d Jh 7h]
Seat 3: KIT426 (button) (small blind) mucked
Seat 4: VolkovDmitri (big blind) showed [4c 5h] and won ($29.50) with a pair of Fours


PokerStars Hand #167653772365:  Hold'em Limit ($3/$6 USD) - 2017/03/16 4:55:28 ET
Table 'Misenus' 6-max Seat #4 is the button
Seat 3: KIT426 ($164.17 in chips)
Seat 4: VolkovDmitri ($169.90 in chips)
VolkovDmitri: posts small blind $1
KIT426: posts big blind $3
*** HOLE CARDS ***
VolkovDmitri: raises $3 to $6
KIT426: calls $3
*** FLOP *** [5d 4d Kh]
KIT426: checks
VolkovDmitri: checks
*** TURN *** [5d 4d Kh] [4s]
KIT426: bets $6
VolkovDmitri: calls $6
*** RIVER *** [5d 4d Kh 4s] [As]
KIT426: checks
VolkovDmitri: checks
*** SHOW DOWN ***
KIT426: shows [5c 7d] (two pair, Fives and Fours)
VolkovDmitri: mucks hand
KIT426 collected $23.52 from pot
*** SUMMARY ***
Total pot $24 | Rake $0.48
Board [5d 4d Kh 4s As]
Seat 3: KIT426 (big blind) showed [5c 7d] and won ($23.52) with two pair, Fives and Fours
Seat 4: VolkovDmitri (button) (small blind) mucked


PokerStars Hand #167653789966:  Hold'em Limit ($3/$6 USD) - 2017/03/16 4:56:30 ET
Table 'Misenus' 6-max Seat #4 is the button
Seat 3: KIT426 ($160.69 in chips)
Seat 4: VolkovDmitri ($172.40 in chips)
VolkovDmitri: posts small blind $1
KIT426: posts big blind $3
*** HOLE CARDS ***
VolkovDmitri: folds
Uncalled bet ($2) returned to KIT426
KIT426 collected $2 from pot
*** SUMMARY ***
Total pot $2 | Rake $0
Seat 3: KIT426 (big blind) collected ($2)
Seat 4: VolkovDmitri (button) (small blind) folded before Flop


PokerStars Hand #167653793349:  Hold'em Limit ($3/$6 USD) - 2017/03/16 4:56:42 ET
Table 'Misenus' 6-max Seat #3 is the button
Seat 3: KIT426 ($161.69 in chips)
Seat 4: VolkovDmitri ($171.40 in chips)
KIT426: posts small blind $1
VolkovDmitri: posts big blind $3
*** HOLE CARDS ***
KIT426: raises $3 to $6
VolkovDmitri: raises $3 to $9
KIT426: raises $3 to $12
Betting is capped
VolkovDmitri: calls $3
*** FLOP *** [2s Kd 4s]
VolkovDmitri: checks
KIT426: bets $3
VolkovDmitri: calls $3
*** TURN *** [2s Kd 4s] [7s]
VolkovDmitri: bets $6
KIT426: calls $6
*** RIVER *** [2s Kd 4s 7s] [2h]
VolkovDmitri: bets $6
KIT426: folds
Uncalled bet ($6) returned to VolkovDmitri
VolkovDmitri collected $41.50 from pot
VolkovDmitri: doesn't show hand
*** SUMMARY ***
Total pot $42 | Rake $0.50
Board [2s Kd 4s 7s 2h]
Seat 3: KIT426 (button) (small blind) folded on the River
Seat 4: VolkovDmitri (big blind) collected ($41.50)


PokerStars Hand #167653804772:  Hold'em Limit ($3/$6 USD) - 2017/03/16 4:57:21 ET
Table 'Misenus' 6-max Seat #4 is the button
Seat 3: KIT426 ($140.69 in chips)
Seat 4: VolkovDmitri ($191.90 in chips)
VolkovDmitri: posts small blind $1
KIT426: posts big blind $3
*** HOLE CARDS ***
VolkovDmitri: raises $3 to $6
KIT426: calls $3
*** FLOP *** [Js Kd 8d]
KIT426: checks
VolkovDmitri: bets $3
KIT426: calls $3
*** TURN *** [Js Kd 8d] [Ad]
KIT426: checks
VolkovDmitri: bets $6
KIT426: folds
Uncalled bet ($6) returned to VolkovDmitri
VolkovDmitri collected $17.64 from pot
VolkovDmitri: doesn't show hand
*** SUMMARY ***
Total pot $18 | Rake $0.36
Board [Js Kd 8d Ad]
Seat 3: KIT426 (big blind) folded on the Turn
Seat 4: VolkovDmitri (button) (small blind) collected ($17.64)


PokerStars Hand #167653809556:  Hold'em Limit ($3/$6 USD) - 2017/03/16 4:57:38 ET
Table 'Misenus' 6-max Seat #3 is the button
Seat 3: KIT426 ($131.69 in chips)
Seat 4: VolkovDmitri ($200.54 in chips)
KIT426: posts small blind $1
VolkovDmitri: posts big blind $3
*** HOLE CARDS ***
KIT426: raises $3 to $6
VolkovDmitri: raises $3 to $9
KIT426: calls $3
*** FLOP *** [Qs 3d 2d]
VolkovDmitri: bets $3
KIT426: calls $3
*** TURN *** [Qs 3d 2d] [9c]
VolkovDmitri: bets $6
KIT426: folds
Uncalled bet ($6) returned to VolkovDmitri
VolkovDmitri collected $23.52 from pot
VolkovDmitri: doesn't show hand
*** SUMMARY ***
Total pot $24 | Rake $0.48
Board [Qs 3d 2d 9c]
Seat 3: KIT426 (button) (small blind) folded on the Turn
Seat 4: VolkovDmitri (big blind) collected ($23.52)


PokerStars Hand #167653818491:  Hold'em Limit ($3/$6 USD) - 2017/03/16 4:58:09 ET
Table 'Misenus' 6-max Seat #4 is the button
Seat 3: KIT426 ($119.69 in chips)
Seat 4: VolkovDmitri ($212.06 in chips)
VolkovDmitri: posts small blind $1
KIT426: posts big blind $3
*** HOLE CARDS ***
VolkovDmitri: raises $3 to $6
KIT426: raises $3 to $9
VolkovDmitri: calls $3
*** FLOP *** [Kh Tc Jh]
KIT426: bets $3
VolkovDmitri: raises $3 to $6
KIT426: raises $3 to $9
VolkovDmitri: calls $3
*** TURN *** [Kh Tc Jh] [6s]
KIT426: bets $6
VolkovDmitri: calls $6
*** RIVER *** [Kh Tc Jh 6s] [2s]
KIT426: bets $6
VolkovDmitri: calls $6
*** SHOW DOWN ***
KIT426: shows [Td Ah] (a pair of Tens)
VolkovDmitri: shows [Qh Kc] (a pair of Kings)
VolkovDmitri collected $59.50 from pot
*** SUMMARY ***
Total pot $60 | Rake $0.50
Board [Kh Tc Jh 6s 2s]
Seat 3: KIT426 (big blind) showed [Td Ah] and lost with a pair of Tens
Seat 4: VolkovDmitri (button) (small blind) showed [Qh Kc] and won ($59.50) with a pair of Kings


PokerStars Hand #167653832281:  Hold'em Limit ($3/$6 USD) - 2017/03/16 4:58:57 ET
Table 'Misenus' 6-max Seat #4 is the button
Seat 3: KIT426 ($95.45 in chips)
Seat 4: VolkovDmitri ($235.56 in chips)
VolkovDmitri: posts small blind $1
KIT426: posts big blind $3
*** HOLE CARDS ***
VolkovDmitri: raises $3 to $6
KIT426: calls $3
*** FLOP *** [Jc 8c Js]
KIT426: checks
VolkovDmitri: bets $3
KIT426: calls $3
*** TURN *** [Jc 8c Js] [Kc]
KIT426: checks
VolkovDmitri: bets $6
KIT426: calls $6
*** RIVER *** [Jc 8c Js Kc] [2s]
KIT426: checks
VolkovDmitri: bets $6
KIT426: calls $6
*** SHOW DOWN ***
VolkovDmitri: shows [Tc Ks] (two pair, Kings and Jacks)
KIT426: mucks hand
VolkovDmitri collected $41.50 from pot
*** SUMMARY ***
Total pot $42 | Rake $0.50
Board [Jc 8c Js Kc 2s]
Seat 3: KIT426 (big blind) mucked
Seat 4: VolkovDmitri (button) (small blind) showed [Tc Ks] and won ($41.50) with two pair, Kings and Jacks


PokerStars Hand #167653827120:  Hold'em Limit ($3/$6 USD) - 2017/03/16 4:58:39 ET
Table 'Misenus' 6-max Seat #3 is the button
Seat 3: KIT426 ($89.69 in chips)
Seat 4: VolkovDmitri ($241.56 in chips)
KIT426: posts small blind $1
VolkovDmitri: posts big blind $3
*** HOLE CARDS ***
KIT426: raises $3 to $6
VolkovDmitri: calls $3
*** FLOP *** [2h Th Ad]
VolkovDmitri: checks
KIT426: bets $3
VolkovDmitri: folds
Uncalled bet ($3) returned to KIT426
KIT426 collected $11.76 from pot
*** SUMMARY ***
Total pot $12 | Rake $0.24
Board [2h Th Ad]
Seat 3: KIT426 (button) (small blind) collected ($11.76)
Seat 4: VolkovDmitri (big blind) folded on the Flop


PokerStars Hand #167653840157:  Hold'em Limit ($3/$6 USD) - 2017/03/16 4:59:24 ET
Table 'Misenus' 6-max Seat #3 is the button
Seat 3: KIT426 ($74.45 in chips)
Seat 4: VolkovDmitri ($256.06 in chips)
KIT426: posts small blind $1
VolkovDmitri: posts big blind $3
*** HOLE CARDS ***
KIT426: raises $3 to $6
VolkovDmitri: calls $3
*** FLOP *** [5s Th 5d]
VolkovDmitri: checks
KIT426: bets $3
VolkovDmitri: raises $3 to $6
KIT426: calls $3
*** TURN *** [5s Th 5d] [Tc]
VolkovDmitri: bets $6
KIT426: calls $6
*** RIVER *** [5s Th 5d Tc] [9s]
VolkovDmitri: checks
KIT426: bets $6
VolkovDmitri: folds
Uncalled bet ($6) returned to KIT426
KIT426 collected $35.50 from pot
*** SUMMARY ***
Total pot $36 | Rake $0.50
Board [5s Th 5d Tc 9s]
Seat 3: KIT426 (button) (small blind) collected ($35.50)
Seat 4: VolkovDmitri (big blind) folded on the River


PokerStars Hand #167653856303:  Hold'em Limit ($3/$6 USD) - 2017/03/16 5:00:19 ET
Table 'Misenus' 6-max Seat #4 is the button
Seat 3: KIT426 ($91.95 in chips)
Seat 4: VolkovDmitri ($238.06 in chips)
VolkovDmitri: posts small blind $1
KIT426: posts big blind $3
*** HOLE CARDS ***
VolkovDmitri: raises $3 to $6
KIT426: folds
Uncalled bet ($3) returned to VolkovDmitri
VolkovDmitri collected $6 from pot
VolkovDmitri: doesn't show hand
*** SUMMARY ***
Total pot $6 | Rake $0
Seat 3: KIT426 (big blind) folded before Flop
Seat 4: VolkovDmitri (button) (small blind) collected ($6)


PokerStars Hand #167653859222:  Hold'em Limit ($3/$6 USD) - 2017/03/16 5:00:28 ET
Table 'Misenus' 6-max Seat #3 is the button
Seat 3: KIT426 ($88.95 in chips)
Seat 4: VolkovDmitri ($241.06 in chips)
KIT426: posts small blind $1
VolkovDmitri: posts big blind $3
*** HOLE CARDS ***
KIT426: raises $3 to $6
VolkovDmitri: folds
Uncalled bet ($3) returned to KIT426
KIT426 collected $6 from pot
*** SUMMARY ***
Total pot $6 | Rake $0
Seat 3: KIT426 (button) (small blind) collected ($6)
Seat 4: VolkovDmitri (big blind) folded before Flop


PokerStars Hand #167653862313:  Hold'em Limit ($3/$6 USD) - 2017/03/16 5:00:39 ET
Table 'Misenus' 6-max Seat #4 is the button
Seat 3: KIT426 ($91.95 in chips)
Seat 4: VolkovDmitri ($238.06 in chips)
VolkovDmitri: posts small blind $1
KIT426: posts big blind $3
*** HOLE CARDS ***
VolkovDmitri: raises $3 to $6
KIT426: calls $3
*** FLOP *** [3c 2d 2c]
KIT426: checks
VolkovDmitri: bets $3
KIT426: calls $3
*** TURN *** [3c 2d 2c] [7s]
KIT426: checks
VolkovDmitri: checks
*** RIVER *** [3c 2d 2c 7s] [2h]
KIT426: bets $6
VolkovDmitri: folds
Uncalled bet ($6) returned to KIT426
KIT426 collected $17.64 from pot
*** SUMMARY ***
Total pot $18 | Rake $0.36
Board [3c 2d 2c 7s 2h]
Seat 3: KIT426 (big blind) collected ($17.64)
Seat 4: VolkovDmitri (button) (small blind) folded on the River


PokerStars Hand #167653872706:  Hold'em Limit ($3/$6 USD) - 2017/03/16 5:01:12 ET
Table 'Misenus' 6-max Seat #3 is the button
Seat 3: KIT426 ($100.59 in chips)
Seat 4: VolkovDmitri ($229.06 in chips)
KIT426: posts small blind $1
VolkovDmitri: posts big blind $3
*** HOLE CARDS ***
KIT426: folds
Uncalled bet ($2) returned to VolkovDmitri
VolkovDmitri collected $2 from pot
VolkovDmitri: doesn't show hand
*** SUMMARY ***
Total pot $2 | Rake $0
Seat 3: KIT426 (button) (small blind) folded before Flop
Seat 4: VolkovDmitri (big blind) collected ($2)


PokerStars Hand #167653881302:  Hold'em Limit ($3/$6 USD) - 2017/03/16 5:01:39 ET
Table 'Misenus' 6-max Seat #3 is the button
Seat 3: KIT426 ($93.59 in chips)
Seat 4: VolkovDmitri ($235.82 in chips)
KIT426: posts small blind $1
VolkovDmitri: posts big blind $3
*** HOLE CARDS ***
KIT426: folds
Uncalled bet ($2) returned to VolkovDmitri
VolkovDmitri collected $2 from pot
VolkovDmitri: doesn't show hand
*** SUMMARY ***
Total pot $2 | Rake $0
Seat 3: KIT426 (button) (small blind) folded before Flop
Seat 4: VolkovDmitri (big blind) collected ($2)


PokerStars Hand #167653874414:  Hold'em Limit ($3/$6 USD) - 2017/03/16 5:01:17 ET
Table 'Misenus' 6-max Seat #4 is the button
Seat 3: KIT426 ($99.59 in chips)
Seat 4: VolkovDmitri ($230.06 in chips)
VolkovDmitri: posts small blind $1
KIT426: posts big blind $3
*** HOLE CARDS ***
VolkovDmitri: raises $3 to $6
KIT426: calls $3
*** FLOP *** [8d Qc Ts]
KIT426: checks
VolkovDmitri: bets $3
KIT426: folds
Uncalled bet ($3) returned to VolkovDmitri
VolkovDmitri collected $11.76 from pot
VolkovDmitri: doesn't show hand
*** SUMMARY ***
Total pot $12 | Rake $0.24
Board [8d Qc Ts]
Seat 3: KIT426 (big blind) folded on the Flop
Seat 4: VolkovDmitri (button) (small blind) collected ($11.76)


PokerStars Hand #167653892439:  Hold'em Limit ($3/$6 USD) - 2017/03/16 5:02:14 ET
Table 'Misenus' 6-max Seat #3 is the button
Seat 3: KIT426 ($83.59 in chips)
Seat 4: VolkovDmitri ($245.46 in chips)
KIT426: posts small blind $1
VolkovDmitri: posts big blind $3
*** HOLE CARDS ***
KIT426: raises $3 to $6
VolkovDmitri: calls $3
*** FLOP *** [2c Ad Js]
VolkovDmitri: checks
KIT426: bets $3
VolkovDmitri: folds
Uncalled bet ($3) returned to KIT426
KIT426 collected $11.76 from pot
*** SUMMARY ***
Total pot $12 | Rake $0.24
Board [2c Ad Js]
Seat 3: KIT426 (button) (small blind) collected ($11.76)
Seat 4: VolkovDmitri (big blind) folded on the Flop


PokerStars Hand #167653882828:  Hold'em Limit ($3/$6 USD) - 2017/03/16 5:01:44 ET
Table 'Misenus' 6-max Seat #4 is the button
Seat 3: KIT426 ($92.59 in chips)
Seat 4: VolkovDmitri ($236.82 in chips)
VolkovDmitri: posts small blind $1
KIT426: posts big blind $3
*** HOLE CARDS ***
VolkovDmitri: raises $3 to $6
KIT426: calls $3
*** FLOP *** [6c Jh 8c]
KIT426: checks
VolkovDmitri: bets $3
KIT426: calls $3
*** TURN *** [6c Jh 8c] [9h]
KIT426: checks
VolkovDmitri: bets $6
KIT426: folds
Uncalled bet ($6) returned to VolkovDmitri
VolkovDmitri collected $17.64 from pot
*** SUMMARY ***
Total pot $18 | Rake $0.36
Board [6c Jh 8c 9h]
Seat 3: KIT426 (big blind) folded on the Turn
Seat 4: VolkovDmitri (button) (small blind) collected ($17.64)


PokerStars Hand #167653909984:  Hold'em Limit ($3/$6 USD) - 2017/03/16 5:03:09 ET
Table 'Misenus' 6-max Seat #3 is the button
Seat 3: KIT426 ($115.85 in chips)
Seat 4: VolkovDmitri ($212.46 in chips)
KIT426: posts small blind $1
VolkovDmitri: posts big blind $3
*** HOLE CARDS ***
KIT426: folds
Uncalled bet ($2) returned to VolkovDmitri
VolkovDmitri collected $2 from pot
VolkovDmitri: doesn't show hand
*** SUMMARY ***
Total pot $2 | Rake $0
Seat 3: KIT426 (button) (small blind) folded before Flop
Seat 4: VolkovDmitri (big blind) collected ($2)


PokerStars Hand #167653897721:  Hold'em Limit ($3/$6 USD) - 2017/03/16 5:02:31 ET
Table 'Misenus' 6-max Seat #4 is the button
Seat 3: KIT426 ($89.35 in chips)
Seat 4: VolkovDmitri ($239.46 in chips)
VolkovDmitri: posts small blind $1
KIT426: posts big blind $3
*** HOLE CARDS ***
VolkovDmitri: raises $3 to $6
KIT426: calls $3
*** FLOP *** [5s Kc 4c]
KIT426: checks
VolkovDmitri: bets $3
KIT426: calls $3
*** TURN *** [5s Kc 4c] [3h]
KIT426: checks
VolkovDmitri: bets $6
KIT426: raises $6 to $12
VolkovDmitri: calls $6
*** RIVER *** [5s Kc 4c 3h] [Td]
KIT426: bets $6
VolkovDmitri: calls $6
*** SHOW DOWN ***
KIT426: shows [4s 5c] (two pair, Fives and Fours)
VolkovDmitri: mucks hand
KIT426 collected $53.50 from pot
*** SUMMARY ***
Total pot $54 | Rake $0.50
Board [5s Kc 4c 3h Td]
Seat 3: KIT426 (big blind) showed [4s 5c] and won ($53.50) with two pair, Fives and Fours
Seat 4: VolkovDmitri (button) (small blind) mucked


PokerStars Hand #167653930607:  Hold'em Limit ($3/$6 USD) - 2017/03/16 5:04:13 ET
Table 'Misenus' 6-max Seat #3 is the button
Seat 3: KIT426 ($123.49 in chips)
Seat 4: VolkovDmitri ($204.46 in chips)
KIT426: posts small blind $1
VolkovDmitri: posts big blind $3
*** HOLE CARDS ***
KIT426: calls $2
VolkovDmitri: raises $3 to $6
KIT426: calls $3
*** FLOP *** [9c 9d 6c]
VolkovDmitri: checks
KIT426: checks
*** TURN *** [9c 9d 6c] [Ks]
VolkovDmitri: checks
KIT426: checks
*** RIVER *** [9c 9d 6c Ks] [Tc]
VolkovDmitri: checks
KIT426: checks
*** SHOW DOWN ***
VolkovDmitri: shows [Jc 3h] (a pair of Nines)
KIT426: mucks hand
VolkovDmitri collected $11.76 from pot
*** SUMMARY ***
Total pot $12 | Rake $0.24
Board [9c 9d 6c Ks Tc]
Seat 3: KIT426 (button) (small blind) mucked
Seat 4: VolkovDmitri (big blind) showed [Jc 3h] and won ($11.76) with a pair of Nines


PokerStars Hand #167653911692:  Hold'em Limit ($3/$6 USD) - 2017/03/16 5:03:15 ET
Table 'Misenus' 6-max Seat #4 is the button
Seat 3: KIT426 ($114.85 in chips)
Seat 4: VolkovDmitri ($213.46 in chips)
VolkovDmitri: posts small blind $1
KIT426: posts big blind $3
*** HOLE CARDS ***
VolkovDmitri: raises $3 to $6
KIT426: calls $3
*** FLOP *** [Ac 4h Js]
KIT426: checks
VolkovDmitri: bets $3
KIT426: calls $3
*** TURN *** [Ac 4h Js] [6h]
KIT426: checks
VolkovDmitri: checks
*** RIVER *** [Ac 4h Js 6h] [9s]
KIT426: bets $6
VolkovDmitri: folds
Uncalled bet ($6) returned to KIT426
KIT426 collected $17.64 from pot
*** SUMMARY ***
Total pot $18 | Rake $0.36
Board [Ac 4h Js 6h 9s]
Seat 3: KIT426 (big blind) collected ($17.64)
Seat 4: VolkovDmitri (button) (small blind) folded on the River


PokerStars Hand #167653961747:  Hold'em Limit ($3/$6 USD) - 2017/03/16 5:05:46 ET
Table 'Misenus' 6-max Seat #3 is the button
Seat 3: KIT426 ($131.99 in chips)
Seat 4: VolkovDmitri ($195.22 in chips)
KIT426: posts small blind $1
VolkovDmitri: posts big blind $3
*** HOLE CARDS ***
KIT426: calls $2
VolkovDmitri: checks
*** FLOP *** [Qs Js Qd]
VolkovDmitri: checks
KIT426: checks
*** TURN *** [Qs Js Qd] [9s]
VolkovDmitri: checks
KIT426: checks
*** RIVER *** [Qs Js Qd 9s] [6d]
VolkovDmitri: bets $6
KIT426: folds
Uncalled bet ($6) returned to VolkovDmitri
VolkovDmitri collected $5.88 from pot
VolkovDmitri: doesn't show hand
*** SUMMARY ***
Total pot $6 | Rake $0.12
Board [Qs Js Qd 9s 6d]
Seat 3: KIT426 (button) (small blind) folded on the River
Seat 4: VolkovDmitri (big blind) collected ($5.88)


PokerStars Hand #167653975209:  Hold'em Limit ($3/$6 USD) - 2017/03/16 5:06:26 ET
Table 'Misenus' 6-max Seat #4 is the button
Seat 3: KIT426 ($128.99 in chips)
Seat 4: VolkovDmitri ($198.10 in chips)
VolkovDmitri: posts small blind $1
KIT426: posts big blind $3
*** HOLE CARDS ***
VolkovDmitri: raises $3 to $6
KIT426: calls $3
*** FLOP *** [8c 9s 4d]
KIT426: checks
VolkovDmitri: bets $3
KIT426: calls $3
*** TURN *** [8c 9s 4d] [Ac]
KIT426: checks
VolkovDmitri: bets $6
KIT426: folds
Uncalled bet ($6) returned to VolkovDmitri
VolkovDmitri collected $17.64 from pot
VolkovDmitri: doesn't show hand
*** SUMMARY ***
Total pot $18 | Rake $0.36
Board [8c 9s 4d Ac]
Seat 3: KIT426 (big blind) folded on the Turn
Seat 4: VolkovDmitri (button) (small blind) collected ($17.64)


PokerStars Hand #167653984408:  Hold'em Limit ($3/$6 USD) - 2017/03/16 5:06:54 ET
Table 'Misenus' 6-max Seat #3 is the button
Seat 3: KIT426 ($119.99 in chips)
Seat 4: VolkovDmitri ($206.74 in chips)
KIT426: posts small blind $1
VolkovDmitri: posts big blind $3
*** HOLE CARDS ***
KIT426: raises $3 to $6
VolkovDmitri: raises $3 to $9
KIT426: calls $3
*** FLOP *** [Qc 3c Kd]
VolkovDmitri: bets $3
KIT426: calls $3
*** TURN *** [Qc 3c Kd] [Tc]
VolkovDmitri: checks
KIT426: bets $6
VolkovDmitri: calls $6
*** RIVER *** [Qc 3c Kd Tc] [6s]
VolkovDmitri: checks
KIT426: bets $6
VolkovDmitri: calls $6
*** SHOW DOWN ***
KIT426: shows [Qh Kh] (two pair, Kings and Queens)
VolkovDmitri: mucks hand
KIT426 collected $47.50 from pot
*** SUMMARY ***
Total pot $48 | Rake $0.50
Board [Qc 3c Kd Tc 6s]
Seat 3: KIT426 (button) (small blind) showed [Qh Kh] and won ($47.50) with two pair, Kings and Queens
Seat 4: VolkovDmitri (big blind) mucked


PokerStars Hand #167654012665:  Hold'em Limit ($3/$6 USD) - 2017/03/16 5:08:17 ET
Table 'Misenus' 6-max Seat #4 is the button
Seat 3: KIT426 ($125.24 in chips)
Seat 4: VolkovDmitri ($199.99 in chips)
VolkovDmitri: posts small blind $1
KIT426: posts big blind $3
*** HOLE CARDS ***
VolkovDmitri: raises $3 to $6
KIT426: raises $3 to $9
VolkovDmitri: calls $3
*** FLOP *** [8h 6c Ad]
KIT426: bets $3
VolkovDmitri: folds
Uncalled bet ($3) returned to KIT426
KIT426 collected $17.64 from pot
*** SUMMARY ***
Total pot $18 | Rake $0.36
Board [8h 6c Ad]
Seat 3: KIT426 (big blind) collected ($17.64)
Seat 4: VolkovDmitri (button) (small blind) folded on the Flop


PokerStars Hand #167653994349:  Hold'em Limit ($3/$6 USD) - 2017/03/16 5:07:23 ET
Table 'Misenus' 6-max Seat #4 is the button
Seat 3: KIT426 ($143.49 in chips)
Seat 4: VolkovDmitri ($182.74 in chips)
VolkovDmitri: posts small blind $1
KIT426: posts big blind $3
*** HOLE CARDS ***
VolkovDmitri: raises $3 to $6
KIT426: calls $3
*** FLOP *** [4c 8d 6h]
KIT426: checks
VolkovDmitri: bets $3
KIT426: calls $3
*** TURN *** [4c 8d 6h] [7c]
KIT426: checks
VolkovDmitri: checks
*** RIVER *** [4c 8d 6h 7c] [Td]
KIT426: checks
VolkovDmitri: bets $6
KIT426: raises $6 to $12
VolkovDmitri: calls $6
*** SHOW DOWN ***
KIT426: shows [Kh 9s] (a straight, Six to Ten)
VolkovDmitri: shows [9h Qs] (a straight, Six to Ten)
KIT426 collected $20.75 from pot
VolkovDmitri collected $20.75 from pot
*** SUMMARY ***
Total pot $42 | Rake $0.50
Board [4c 8d 6h 7c Td]
Seat 3: KIT426 (big blind) showed [Kh 9s] and won ($20.75) with a straight, Six to Ten
Seat 4: VolkovDmitri (button) (small blind) showed [9h Qs] and won ($20.75) with a straight, Six to Ten


PokerStars Hand #167654004496:  Hold'em Limit ($3/$6 USD) - 2017/03/16 5:07:53 ET
Table 'Misenus' 6-max Seat #3 is the button
Seat 3: KIT426 ($143.24 in chips)
Seat 4: VolkovDmitri ($182.49 in chips)
KIT426: posts small blind $1
VolkovDmitri: posts big blind $3
*** HOLE CARDS ***
KIT426: calls $2
VolkovDmitri: checks
*** FLOP *** [Ts 5c 6s]
VolkovDmitri: checks
KIT426: bets $3
VolkovDmitri: calls $3
*** TURN *** [Ts 5c 6s] [2d]
VolkovDmitri: bets $6
KIT426: calls $6
*** RIVER *** [Ts 5c 6s 2d] [5s]
VolkovDmitri: bets $6
KIT426: calls $6
*** SHOW DOWN ***
VolkovDmitri: shows [4c 3h] (a straight, Deuce to Six)
KIT426: mucks hand
VolkovDmitri collected $35.50 from pot
*** SUMMARY ***
Total pot $36 | Rake $0.50
Board [Ts 5c 6s 2d 5s]
Seat 3: KIT426 (button) (small blind) mucked
Seat 4: VolkovDmitri (big blind) showed [4c 3h] and won ($35.50) with a straight, Deuce to Six


PokerStars Hand #167654020100:  Hold'em Limit ($3/$6 USD) - 2017/03/16 5:08:39 ET
Table 'Misenus' 6-max Seat #3 is the button
Seat 3: KIT426 ($133.88 in chips)
Seat 4: VolkovDmitri ($190.99 in chips)
KIT426: posts small blind $1
VolkovDmitri: posts big blind $3
*** HOLE CARDS ***
KIT426: raises $3 to $6
VolkovDmitri: calls $3
*** FLOP *** [9s Kd 8h]
VolkovDmitri: checks
pokertriss joins the table at seat #2
KIT426: bets $3
VolkovDmitri: raises $3 to $6
KIT426: calls $3
*** TURN *** [9s Kd 8h] [Ah]
VolkovDmitri: bets $6
KIT426: calls $6
*** RIVER *** [9s Kd 8h Ah] [9d]
VolkovDmitri: bets $6
KIT426: folds
Uncalled bet ($6) returned to VolkovDmitri
VolkovDmitri collected $35.50 from pot
VolkovDmitri: doesn't show hand
*** SUMMARY ***
Total pot $36 | Rake $0.50
Board [9s Kd 8h Ah 9d]
Seat 3: KIT426 (button) (small blind) folded on the River
Seat 4: VolkovDmitri (big blind) collected ($35.50)


PokerStars Hand #167660663054:  Hold'em Limit ($3/$6 USD) - 2017/03/16 9:27:46 ET
Table 'Misenus' 6-max Seat #2 is the button
Seat 2: Chessnok ($256.35 in chips)
Seat 3: Antrax288 ($50.28 in chips)
Chessnok: posts small blind $1
Antrax288: posts big blind $3
*** HOLE CARDS ***
Chessnok: folds
Uncalled bet ($2) returned to Antrax288
Antrax288 collected $2 from pot
Antrax288: doesn't show hand
*** SUMMARY ***
Total pot $2 | Rake $0
Seat 2: Chessnok (button) (small blind) folded before Flop
Seat 3: Antrax288 (big blind) collected ($2)


PokerStars Hand #167660650668:  Hold'em Limit ($3/$6 USD) - 2017/03/16 9:27:22 ET
Table 'Misenus' 6-max Seat #3 is the button
Seat 2: Chessnok ($238.85 in chips)
Seat 3: Antrax288 ($68.28 in chips)
Antrax288: posts small blind $1
TbIP-TbIP 88: is sitting out
B_loJkl: is sitting out
Chessnok: posts big blind $3
*** HOLE CARDS ***
Antrax288: raises $3 to $6
Chessnok: calls $3
*** FLOP *** [Ad Kc 2h]
Chessnok: checks
Antrax288: bets $3
Chessnok: raises $3 to $6
Antrax288: calls $3
*** TURN *** [Ad Kc 2h] [As]
B_loJkl leaves the table
Chessnok: checks
Antrax288: bets $6
B_loJkl joins the table at seat #4
Chessnok: calls $6
*** RIVER *** [Ad Kc 2h As] [7s]
Chessnok: checks
Antrax288: checks
*** SHOW DOWN ***
Chessnok: shows [2c Kh] (two pair, Aces and Kings)
Antrax288: mucks hand
Chessnok collected $35.50 from pot
*** SUMMARY ***
Total pot $36 | Rake $0.50
Board [Ad Kc 2h As 7s]
Seat 2: Chessnok (big blind) showed [2c Kh] and won ($35.50) with two pair, Aces and Kings
Seat 3: Antrax288 (button) (small blind) mucked


