PokerStars Hand #162222335256:  Hold'em Limit ($3/$6 USD) - 2016/11/30 23:50:23 ET
Table 'Misenus' 6-max Seat #3 is the button
Seat 3: mylifeluvsol ($30 in chips)
Seat 4: Agrotait ($72 in chips)
mylifeluvsol: posts small blind $1
Agrotait: posts big blind $3
*** HOLE CARDS ***
mylifeluvsol: raises $3 to $6
Agrotait: calls $3
*** FLOP *** [9c Ks Qd]
Agrotait: checks
mylifeluvsol: checks
*** TURN *** [9c Ks Qd] [9h]
Agrotait: bets $6
mylifeluvsol: calls $6
*** RIVER *** [9c Ks Qd 9h] [As]
Agrotait: checks
highrise207 joins the table at seat #6
mylifeluvsol: bets $6
Agrotait: folds
Uncalled bet ($6) returned to mylifeluvsol
mylifeluvsol collected $23.52 from pot
*** SUMMARY ***
Total pot $24 | Rake $0.48
Board [9c Ks Qd 9h As]
Seat 3: mylifeluvsol (button) (small blind) collected ($23.52)
Seat 4: Agrotait (big blind) folded on the River


PokerStars Hand #162222469903:  Hold'em Limit ($3/$6 USD) - 2016/11/30 23:58:36 ET
Table 'Misenus' 6-max Seat #1 is the button
Seat 1: B_loJkl ($144.02 in chips)
Seat 5: avraam888 ($53.02 in chips)
B_loJkl: posts small blind $1
wobetting: is sitting out
avraam888: posts big blind $3
*** HOLE CARDS ***
wobetting leaves the table
B_loJkl: folds
Uncalled bet ($2) returned to avraam888
avraam888 collected $2 from pot
avraam888: doesn't show hand
*** SUMMARY ***
Total pot $2 | Rake $0
Seat 1: B_loJkl (button) (small blind) folded before Flop
Seat 5: avraam888 (big blind) collected ($2)


PokerStars Hand #162222475581:  Hold'em Limit ($3/$6 USD) - 2016/11/30 23:58:58 ET
Table 'Misenus' 6-max Seat #5 is the button
Seat 1: B_loJkl ($143.02 in chips)
Seat 5: avraam888 ($54.02 in chips)
avraam888: posts small blind $1
B_loJkl: posts big blind $3
*** HOLE CARDS ***
avraam888: raises $3 to $6
B_loJkl: calls $3
*** FLOP *** [Tc 9s As]
B_loJkl: checks
avraam888: bets $3
B_loJkl: calls $3
*** TURN *** [Tc 9s As] [3h]
B_loJkl: bets $6
avraam888: calls $6
*** RIVER *** [Tc 9s As 3h] [2c]
B_loJkl: bets $6
avraam888: folds
Uncalled bet ($6) returned to B_loJkl
D87654321 joins the table at seat #2
B_loJkl collected $29.50 from pot
B_loJkl: doesn't show hand
*** SUMMARY ***
Total pot $30 | Rake $0.50
Board [Tc 9s As 3h 2c]
Seat 1: B_loJkl (big blind) collected ($29.50)
Seat 5: avraam888 (button) (small blind) folded on the River


PokerStars Hand #162222509311:  Hold'em Limit ($3/$6 USD) - 2016/12/01 0:01:09 ET
Table 'Misenus' 6-max Seat #1 is the button
Seat 1: B_loJkl ($109.52 in chips)
Seat 2: D87654321 ($203.02 in chips)
B_loJkl: posts small blind $1
D87654321: posts big blind $3
*** HOLE CARDS ***
avraam888 leaves the table
B_loJkl: raises $3 to $6
D87654321: calls $3
*** FLOP *** [Ah 5d 5s]
D87654321: checks
B_loJkl: bets $3
D87654321: raises $3 to $6
B_loJkl: calls $3
*** TURN *** [Ah 5d 5s] [7h]
D87654321: checks
B_loJkl: bets $6
D87654321: folds
Uncalled bet ($6) returned to B_loJkl
B_loJkl collected $23.52 from pot
B_loJkl: doesn't show hand
*** SUMMARY ***
Total pot $24 | Rake $0.48
Board [Ah 5d 5s 7h]
Seat 1: B_loJkl (button) (small blind) collected ($23.52)
Seat 2: D87654321 (big blind) folded on the Turn


PokerStars Hand #162222506621:  Hold'em Limit ($3/$6 USD) - 2016/12/01 0:00:59 ET
Table 'Misenus' 6-max Seat #2 is the button
Seat 1: B_loJkl ($108.52 in chips)
Seat 2: D87654321 ($204.02 in chips)
D87654321: posts small blind $1
B_loJkl: posts big blind $3
*** HOLE CARDS ***
wobetting joins the table at seat #4
D87654321: folds
Uncalled bet ($2) returned to B_loJkl
B_loJkl collected $2 from pot
B_loJkl: doesn't show hand
*** SUMMARY ***
Total pot $2 | Rake $0
Seat 1: B_loJkl (big blind) collected ($2)
Seat 2: D87654321 (button) (small blind) folded before Flop


PokerStars Hand #162222520877:  Hold'em Limit ($3/$6 USD) - 2016/12/01 0:01:52 ET
Table 'Misenus' 6-max Seat #2 is the button
Seat 1: B_loJkl ($121.04 in chips)
Seat 2: D87654321 ($191.02 in chips)
D87654321: posts small blind $1
mylifeluvsol was removed from the table for failing to post
B_loJkl: posts big blind $3
*** HOLE CARDS ***
D87654321: raises $3 to $6
B_loJkl: calls $3
*** FLOP *** [8h 9s Tc]
B_loJkl: checks
D87654321: bets $3
wobetting leaves the table
B_loJkl: calls $3
*** TURN *** [8h 9s Tc] [Kd]
B_loJkl: checks
D87654321: bets $6
B_loJkl: calls $6
*** RIVER *** [8h 9s Tc Kd] [Th]
B_loJkl: checks
D87654321: bets $6
B_loJkl: folds
Uncalled bet ($6) returned to D87654321
D87654321 collected $29.50 from pot
*** SUMMARY ***
Total pot $30 | Rake $0.50
Board [8h 9s Tc Kd Th]
Seat 1: B_loJkl (big blind) folded on the River
Seat 2: D87654321 (button) (small blind) collected ($29.50)


PokerStars Hand #162222530903:  Hold'em Limit ($3/$6 USD) - 2016/12/01 0:02:28 ET
Table 'Misenus' 6-max Seat #1 is the button
Seat 1: B_loJkl ($106.04 in chips)
Seat 2: D87654321 ($205.52 in chips)
B_loJkl: posts small blind $1
D87654321: posts big blind $3
*** HOLE CARDS ***
B_loJkl: raises $3 to $6
D87654321: raises $3 to $9
B_loJkl: calls $3
*** FLOP *** [2d 4c 9c]
D87654321: bets $3
B_loJkl: calls $3
*** TURN *** [2d 4c 9c] [4h]
D87654321: bets $6
B_loJkl: calls $6
*** RIVER *** [2d 4c 9c 4h] [4d]
D87654321: bets $6
B_loJkl: folds
Uncalled bet ($6) returned to D87654321
D87654321 collected $35.50 from pot
D87654321: shows [Qs Qc] (a full house, Fours full of Queens)
*** SUMMARY ***
Total pot $36 | Rake $0.50
Board [2d 4c 9c 4h 4d]
Seat 1: B_loJkl (button) (small blind) folded on the River
Seat 2: D87654321 (big blind) collected ($35.50)


