PokerStars Hand #145914865410:  Hold'em Limit ($3/$6 USD) - 2015/12/25 17:09:54 ET
Table 'Mitaka' 6-max Seat #1 is the button
Seat 1: asshair0815 ($120 in chips)
Seat 4: MTails ($120 in chips)
asshair0815: posts small blind $1
MTails: posts big blind $3
*** HOLE CARDS ***
asshair0815: raises $3 to $6
MTails: calls $3
*** FLOP *** [Tc 6s 4h]
MTails: checks
asshair0815: bets $3
MTails: calls $3
*** TURN *** [Tc 6s 4h] [5h]
MTails: checks
asshair0815: checks
*** RIVER *** [Tc 6s 4h 5h] [3c]
MTails: checks
asshair0815: checks
*** SHOW DOWN ***
MTails: shows [Kd Jc] (high card King)
asshair0815: shows [Ah 8s] (high card Ace)
asshair0815 collected $17.64 from pot
*** SUMMARY ***
Total pot $18 | Rake $0.36
Board [Tc 6s 4h 5h 3c]
Seat 1: asshair0815 (button) (small blind) showed [Ah 8s] and won ($17.64) with high card Ace
Seat 4: MTails (big blind) showed [Kd Jc] and lost with high card King


PokerStars Hand #145914890695:  Hold'em Limit ($3/$6 USD) - 2015/12/25 17:10:22 ET
Table 'Mitaka' 6-max Seat #4 is the button
Seat 1: asshair0815 ($128.64 in chips)
Seat 4: MTails ($111 in chips)
MTails: posts small blind $1
asshair0815: posts big blind $3
*** HOLE CARDS ***
MTails: raises $3 to $6
asshair0815: calls $3
*** FLOP *** [3s As 9s]
asshair0815: checks
MTails: bets $3
asshair0815: calls $3
*** TURN *** [3s As 9s] [Qc]
asshair0815: checks
MTails: checks
*** RIVER *** [3s As 9s Qc] [7h]
asshair0815: checks
MTails: bets $6
asshair0815: folds
Uncalled bet ($6) returned to MTails
MTails collected $17.64 from pot
*** SUMMARY ***
Total pot $18 | Rake $0.36
Board [3s As 9s Qc 7h]
Seat 1: asshair0815 (big blind) folded on the River
Seat 4: MTails (button) (small blind) collected ($17.64)


PokerStars Hand #145914919734:  Hold'em Limit ($3/$6 USD) - 2015/12/25 17:10:55 ET
Table 'Mitaka' 6-max Seat #1 is the button
Seat 1: asshair0815 ($119.64 in chips)
Seat 4: MTails ($119.64 in chips)
asshair0815: posts small blind $1
MTails: posts big blind $3
*** HOLE CARDS ***
asshair0815: raises $3 to $6
MTails: calls $3
*** FLOP *** [6h Kc 3d]
MTails: checks
asshair0815: bets $3
MTails: calls $3
*** TURN *** [6h Kc 3d] [Ad]
MTails: checks
asshair0815: bets $6
MTails: raises $6 to $12
asshair0815: raises $6 to $18
MTails: calls $6
*** RIVER *** [6h Kc 3d Ad] [Jh]
MTails: checks
asshair0815: bets $6
MTails: calls $6
*** SHOW DOWN ***
asshair0815: shows [Ac 6s] (two pair, Aces and Sixes)
MTails: mucks hand
asshair0815 collected $65.50 from pot
*** SUMMARY ***
Total pot $66 | Rake $0.50
Board [6h Kc 3d Ad Jh]
Seat 1: asshair0815 (button) (small blind) showed [Ac 6s] and won ($65.50) with two pair, Aces and Sixes
Seat 4: MTails (big blind) mucked


PokerStars Hand #145914946827:  Hold'em Limit ($3/$6 USD) - 2015/12/25 17:11:25 ET
Table 'Mitaka' 6-max Seat #4 is the button
Seat 1: asshair0815 ($152.14 in chips)
Seat 4: MTails ($86.64 in chips)
MTails: posts small blind $1
asshair0815: posts big blind $3
*** HOLE CARDS ***
MTails: raises $3 to $6
asshair0815: calls $3
*** FLOP *** [Qd 2h 7c]
asshair0815: checks
MTails: bets $3
asshair0815: raises $3 to $6
GO99APE joins the table at seat #2
MTails: calls $3
*** TURN *** [Qd 2h 7c] [2c]
asshair0815: bets $6
MTails: calls $6
*** RIVER *** [Qd 2h 7c 2c] [Js]
asshair0815: bets $6
MTails: calls $6
*** SHOW DOWN ***
asshair0815: shows [4h 6c] (a pair of Deuces)
MTails: shows [7h 9s] (two pair, Sevens and Deuces)
MTails collected $47.50 from pot
*** SUMMARY ***
Total pot $48 | Rake $0.50
Board [Qd 2h 7c 2c Js]
Seat 1: asshair0815 (big blind) showed [4h 6c] and lost with a pair of Deuces
Seat 4: MTails (button) (small blind) showed [7h 9s] and won ($47.50) with two pair, Sevens and Deuces


PokerStars Hand #145915184194:  Hold'em Limit ($3/$6 USD) - 2015/12/25 17:15:51 ET
Table 'Mitaka' 6-max Seat #4 is the button
Seat 1: asshair0815 ($132.31 in chips)
Seat 4: MTails ($145.79 in chips)
MTails: posts small blind $1
asshair0815: posts big blind $3
*** HOLE CARDS ***
MTails: raises $3 to $6
asshair0815: calls $3
*** FLOP *** [7h 2d 6s]
asshair0815: checks
MTails: bets $3
asshair0815: calls $3
*** TURN *** [7h 2d 6s] [Ts]
asshair0815: checks
MTails: bets $6
asshair0815: folds
Uncalled bet ($6) returned to MTails
MTails collected $17.64 from pot
*** SUMMARY ***
Total pot $18 | Rake $0.36
Board [7h 2d 6s Ts]
Seat 1: asshair0815 (big blind) folded on the Turn
Seat 4: MTails (button) (small blind) collected ($17.64)


PokerStars Hand #145915222355:  Hold'em Limit ($3/$6 USD) - 2015/12/25 17:16:34 ET
Table 'Mitaka' 6-max Seat #4 is the button
Seat 1: asshair0815 ($126.31 in chips)
Seat 4: MTails ($151.43 in chips)
MTails: posts small blind $1
asshair0815: posts big blind $3
*** HOLE CARDS ***
MTails: raises $3 to $6
asshair0815: calls $3
*** FLOP *** [6h 5s Qh]
asshair0815: checks
MTails: bets $3
asshair0815: raises $3 to $6
MTails: calls $3
*** TURN *** [6h 5s Qh] [Td]
asshair0815: bets $6
MTails: calls $6
*** RIVER *** [6h 5s Qh Td] [Ad]
asshair0815: bets $6
MTails: calls $6
*** SHOW DOWN ***
asshair0815: shows [9d 8h] (high card Ace)
MTails: shows [7d 6d] (a pair of Sixes)
MTails collected $47.50 from pot
*** SUMMARY ***
Total pot $48 | Rake $0.50
Board [6h 5s Qh Td Ad]
Seat 1: asshair0815 (big blind) showed [9d 8h] and lost with high card Ace
Seat 4: MTails (button) (small blind) showed [7d 6d] and won ($47.50) with a pair of Sixes


PokerStars Hand #145915210927:  Hold'em Limit ($3/$6 USD) - 2015/12/25 17:16:21 ET
Table 'Mitaka' 6-max Seat #1 is the button
Seat 1: asshair0815 ($123.31 in chips)
Seat 4: MTails ($154.43 in chips)
asshair0815: posts small blind $1
MTails: posts big blind $3
*** HOLE CARDS ***
asshair0815: raises $3 to $6
MTails: folds
Uncalled bet ($3) returned to asshair0815
asshair0815 collected $6 from pot
asshair0815: doesn't show hand
*** SUMMARY ***
Total pot $6 | Rake $0
Seat 1: asshair0815 (button) (small blind) collected ($6)
Seat 4: MTails (big blind) folded before Flop


PokerStars Hand #145916302649:  Hold'em Limit ($3/$6 USD) - 2015/12/25 17:32:56 ET
Table 'Mitaka' 6-max Seat #2 is the button
Seat 2: Chessnok ($104.61 in chips)
Seat 3: vestimokrec ($204.57 in chips)
Chessnok: posts small blind $1
vestimokrec: posts big blind $3
*** HOLE CARDS ***
Chessnok: raises $3 to $6
<-POODLE89-> leaves the table
vestimokrec: calls $3
*** FLOP *** [Jh 6s 5c]
vestimokrec: checks
Chessnok: bets $3
vestimokrec: calls $3
*** TURN *** [Jh 6s 5c] [Ts]
vestimokrec: checks
Chessnok: checks
*** RIVER *** [Jh 6s 5c Ts] [6h]
vestimokrec: checks
Chessnok: bets $6
vestimokrec: folds
Uncalled bet ($6) returned to Chessnok
Chessnok collected $17.64 from pot
Chessnok: doesn't show hand
*** SUMMARY ***
Total pot $18 | Rake $0.36
Board [Jh 6s 5c Ts 6h]
Seat 2: Chessnok (button) (small blind) collected ($17.64)
Seat 3: vestimokrec (big blind) folded on the River


