PokerStars Hand #154057411706:  Hold'em Limit ($3/$6 USD) - 2016/05/30 14:10:37 ET
Table 'Mitidika II' 6-max Seat #2 is the button
Seat 2: ValeryRon ($127.78 in chips)
Seat 6: artecris ($251 in chips)
ValeryRon: posts small blind $1
artecris: posts big blind $3
*** HOLE CARDS ***
ABATAPP leaves the table
ValeryRon: raises $3 to $6
artecris: folds
Uncalled bet ($3) returned to ValeryRon
kolaz03 joins the table at seat #1
ValeryRon collected $6 from pot
*** SUMMARY ***
Total pot $6 | Rake $0
Seat 2: ValeryRon (button) (small blind) collected ($6)
Seat 6: artecris (big blind) folded before Flop


PokerStars Hand #154057407859:  Hold'em Limit ($3/$6 USD) - 2016/05/30 14:10:32 ET
Table 'Mitidika II' 6-max Seat #6 is the button
Seat 2: ValeryRon ($126.78 in chips)
Seat 6: artecris ($252 in chips)
artecris: posts small blind $1
ValeryRon: posts big blind $3
*** HOLE CARDS ***
artecris: folds
Uncalled bet ($2) returned to ValeryRon
ValeryRon collected $2 from pot
*** SUMMARY ***
Total pot $2 | Rake $0
Seat 2: ValeryRon (big blind) collected ($2)
Seat 6: artecris (button) (small blind) folded before Flop


PokerStars Hand #154057378381:  Hold'em Limit ($3/$6 USD) - 2016/05/30 14:09:57 ET
Table 'Mitidika II' 6-max Seat #2 is the button
Seat 2: ValeryRon ($103.28 in chips)
Seat 6: artecris ($276 in chips)
ValeryRon: posts small blind $1
ABATAPP: is sitting out
artecris: posts big blind $3
*** HOLE CARDS ***
ValeryRon: raises $3 to $6
artecris: calls $3
*** FLOP *** [2d Jc 8d]
artecris: checks
ValeryRon: bets $3
artecris: raises $3 to $6
ValeryRon: calls $3
*** TURN *** [2d Jc 8d] [Qs]
artecris: bets $6
ValeryRon: calls $6
*** RIVER *** [2d Jc 8d Qs] [4c]
artecris: checks
Zubasa07 leaves the table
ValeryRon: bets $6
artecris: calls $6
*** SHOW DOWN ***
ValeryRon: shows [3h Js] (a pair of Jacks)
artecris: mucks hand
ValeryRon collected $47.50 from pot
*** SUMMARY ***
Total pot $48 | Rake $0.50
Board [2d Jc 8d Qs 4c]
Seat 2: ValeryRon (button) (small blind) showed [3h Js] and won ($47.50) with a pair of Jacks
Seat 6: artecris (big blind) mucked


