PokerStars Hand #171911905662:  Hold'em Limit ($3/$6 USD) - 2017/06/17 20:44:47 ET
Table 'Mitidika' 6-max Seat #6 is the button
Seat 5: ashtar 516 ($99.56 in chips)
Seat 6: scorpio04 ($294 in chips)
scorpio04: posts small blind $1
EVBET: is sitting out
Krazy90: is sitting out
EVBET leaves the table
ashtar 516: posts big blind $3
*** HOLE CARDS ***
Krazy90 leaves the table
scorpio04: raises $3 to $6
ashtar 516: calls $3
*** FLOP *** [2d 3c 9d]
ashtar 516: checks
scorpio04: bets $3
ashtar 516: raises $3 to $6
scorpio04: folds
Uncalled bet ($3) returned to ashtar 516
ashtar 516 collected $17.64 from pot
*** SUMMARY ***
Total pot $18 | Rake $0.36
Board [2d 3c 9d]
Seat 5: ashtar 516 (big blind) collected ($17.64)
Seat 6: scorpio04 (button) (small blind) folded on the Flop


PokerStars Hand #171911926460:  Hold'em Limit ($3/$6 USD) - 2017/06/17 20:45:35 ET
Table 'Mitidika' 6-max Seat #5 is the button
Seat 5: ashtar 516 ($108.20 in chips)
Seat 6: scorpio04 ($285 in chips)
ashtar 516: posts small blind $1
scorpio04: posts big blind $3
*** HOLE CARDS ***
ashtar 516: folds
Uncalled bet ($2) returned to scorpio04
scorpio04 collected $2 from pot
scorpio04: doesn't show hand
*** SUMMARY ***
Total pot $2 | Rake $0
Seat 5: ashtar 516 (button) (small blind) folded before Flop
Seat 6: scorpio04 (big blind) collected ($2)


PokerStars Hand #171911929932:  Hold'em Limit ($3/$6 USD) - 2017/06/17 20:45:43 ET
Table 'Mitidika' 6-max Seat #6 is the button
Seat 5: ashtar 516 ($107.20 in chips)
Seat 6: scorpio04 ($286 in chips)
scorpio04: posts small blind $1
ashtar 516: posts big blind $3
*** HOLE CARDS ***
scorpio04: raises $3 to $6
ashtar 516: calls $3
*** FLOP *** [9h 3s 5d]
ashtar 516: checks
scorpio04: bets $3
ashtar 516: calls $3
*** TURN *** [9h 3s 5d] [4d]
ashtar 516: checks
scorpio04: checks
*** RIVER *** [9h 3s 5d 4d] [8d]
ashtar 516: bets $6
scorpio04: folds
Uncalled bet ($6) returned to ashtar 516
ashtar 516 collected $17.64 from pot
*** SUMMARY ***
Total pot $18 | Rake $0.36
Board [9h 3s 5d 4d 8d]
Seat 5: ashtar 516 (big blind) collected ($17.64)
Seat 6: scorpio04 (button) (small blind) folded on the River


PokerStars Hand #171911950136:  Hold'em Limit ($3/$6 USD) - 2017/06/17 20:46:24 ET
Table 'Mitidika' 6-max Seat #5 is the button
Seat 5: ashtar 516 ($115.84 in chips)
Seat 6: scorpio04 ($277 in chips)
ashtar 516: posts small blind $1
scorpio04: posts big blind $3
*** HOLE CARDS ***
ashtar 516: raises $3 to $6
scorpio04: raises $3 to $9
ashtar 516: calls $3
*** FLOP *** [3h Tc Td]
scorpio04: bets $3
ashtar 516: calls $3
*** TURN *** [3h Tc Td] [Qd]
scorpio04: bets $6
ashtar 516: folds
Uncalled bet ($6) returned to scorpio04
scorpio04 collected $23.52 from pot
scorpio04: doesn't show hand
*** SUMMARY ***
Total pot $24 | Rake $0.48
Board [3h Tc Td Qd]
Seat 5: ashtar 516 (button) (small blind) folded on the Turn
Seat 6: scorpio04 (big blind) collected ($23.52)


PokerStars Hand #171911972556:  Hold'em Limit ($3/$6 USD) - 2017/06/17 20:47:16 ET
Table 'Mitidika' 6-max Seat #6 is the button
Seat 5: ashtar 516 ($103.84 in chips)
Seat 6: scorpio04 ($288.52 in chips)
scorpio04: posts small blind $1
ashtar 516: posts big blind $3
*** HOLE CARDS ***
scorpio04: folds
Uncalled bet ($2) returned to ashtar 516
ashtar 516 collected $2 from pot
*** SUMMARY ***
Total pot $2 | Rake $0
Seat 5: ashtar 516 (big blind) collected ($2)
Seat 6: scorpio04 (button) (small blind) folded before Flop


PokerStars Hand #171911976666:  Hold'em Limit ($3/$6 USD) - 2017/06/17 20:47:26 ET
Table 'Mitidika' 6-max Seat #5 is the button
Seat 5: ashtar 516 ($104.84 in chips)
Seat 6: scorpio04 ($287.52 in chips)
ashtar 516: posts small blind $1
scorpio04: posts big blind $3
*** HOLE CARDS ***
ashtar 516: raises $3 to $6
scorpio04: calls $3
*** FLOP *** [6h 4c 3d]
scorpio04: checks
ashtar 516: bets $3
scorpio04: calls $3
*** TURN *** [6h 4c 3d] [8c]
scorpio04: checks
ashtar 516: bets $6
scorpio04: calls $6
*** RIVER *** [6h 4c 3d 8c] [2h]
scorpio04: checks
ashtar 516: checks
*** SHOW DOWN ***
scorpio04: shows [Js 3s] (a pair of Threes)
ashtar 516: shows [4s Kh] (a pair of Fours)
ashtar 516 collected $29.50 from pot
*** SUMMARY ***
Total pot $30 | Rake $0.50
Board [6h 4c 3d 8c 2h]
Seat 5: ashtar 516 (button) (small blind) showed [4s Kh] and won ($29.50) with a pair of Fours
Seat 6: scorpio04 (big blind) showed [Js 3s] and lost with a pair of Threes


