PokerStars Hand #157503823224:  Hold'em Limit ($3/$6 USD) - 2016/08/20 5:18:10 ET
Table 'Mitidika' 6-max Seat #4 is the button
Seat 3: b.lutsik ($59 in chips)
Seat 4: VolkovDmitri ($121 in chips)
VolkovDmitri: posts small blind $1
b.lutsik: posts big blind $3
*** HOLE CARDS ***
VolkovDmitri: raises $3 to $6
b.lutsik: calls $3
*** FLOP *** [Ks 7c Qh]
b.lutsik: checks
VolkovDmitri: bets $3
b.lutsik: calls $3
*** TURN *** [Ks 7c Qh] [9h]
b.lutsik: checks
VolkovDmitri: checks
*** RIVER *** [Ks 7c Qh 9h] [Kh]
b.lutsik: bets $6
VolkovDmitri: folds
Uncalled bet ($6) returned to b.lutsik
b.lutsik collected $17.64 from pot
b.lutsik: doesn't show hand
*** SUMMARY ***
Total pot $18 | Rake $0.36
Board [Ks 7c Qh 9h Kh]
Seat 3: b.lutsik (big blind) collected ($17.64)
Seat 4: VolkovDmitri (button) (small blind) folded on the River


PokerStars Hand #157503818549:  Hold'em Limit ($3/$6 USD) - 2016/08/20 5:17:57 ET
Table 'Mitidika' 6-max Seat #3 is the button
Seat 3: b.lutsik ($60 in chips)
Seat 4: VolkovDmitri ($120 in chips)
b.lutsik: posts small blind $1
VolkovDmitri: posts big blind $3
*** HOLE CARDS ***
b.lutsik: folds
Uncalled bet ($2) returned to VolkovDmitri
VolkovDmitri collected $2 from pot
VolkovDmitri: doesn't show hand
*** SUMMARY ***
Total pot $2 | Rake $0
Seat 3: b.lutsik (button) (small blind) folded before Flop
Seat 4: VolkovDmitri (big blind) collected ($2)


PokerStars Hand #157503847878:  Hold'em Limit ($3/$6 USD) - 2016/08/20 5:19:16 ET
Table 'Mitidika' 6-max Seat #3 is the button
Seat 3: b.lutsik ($44.64 in chips)
Seat 4: VolkovDmitri ($142.50 in chips)
b.lutsik: posts small blind $1
VolkovDmitri: posts big blind $3
*** HOLE CARDS ***
b.lutsik: raises $3 to $6
VolkovDmitri: raises $3 to $9
b.lutsik: calls $3
*** FLOP *** [Ah Kd 4c]
VolkovDmitri: bets $3
b.lutsik: calls $3
*** TURN *** [Ah Kd 4c] [6c]
VolkovDmitri: bets $6
b.lutsik: calls $6
*** RIVER *** [Ah Kd 4c 6c] [Qc]
VolkovDmitri: bets $6
b.lutsik: calls $6
*** SHOW DOWN ***
VolkovDmitri: shows [Ks Kh] (three of a kind, Kings)
b.lutsik: mucks hand
VolkovDmitri collected $47.50 from pot
*** SUMMARY ***
Total pot $48 | Rake $0.50
Board [Ah Kd 4c 6c Qc]
Seat 3: b.lutsik (button) (small blind) mucked
Seat 4: VolkovDmitri (big blind) showed [Ks Kh] and won ($47.50) with three of a kind, Kings


PokerStars Hand #157503844694:  Hold'em Limit ($3/$6 USD) - 2016/08/20 5:19:08 ET
Table 'Mitidika' 6-max Seat #4 is the button
Seat 3: b.lutsik ($43.64 in chips)
Seat 4: VolkovDmitri ($143.50 in chips)
VolkovDmitri: posts small blind $1
b.lutsik: posts big blind $3
*** HOLE CARDS ***
VolkovDmitri: folds
Uncalled bet ($2) returned to b.lutsik
b.lutsik collected $2 from pot
b.lutsik: doesn't show hand
*** SUMMARY ***
Total pot $2 | Rake $0
Seat 3: b.lutsik (big blind) collected ($2)
Seat 4: VolkovDmitri (button) (small blind) folded before Flop


PokerStars Hand #157503835005:  Hold'em Limit ($3/$6 USD) - 2016/08/20 5:18:42 ET
Table 'Mitidika' 6-max Seat #3 is the button
Seat 3: b.lutsik ($67.64 in chips)
Seat 4: VolkovDmitri ($120 in chips)
b.lutsik: posts small blind $1
VolkovDmitri: posts big blind $3
*** HOLE CARDS ***
b.lutsik: raises $3 to $6
VolkovDmitri: raises $3 to $9
b.lutsik: calls $3
*** FLOP *** [4s Jc 7c]
VolkovDmitri: bets $3
b.lutsik: calls $3
*** TURN *** [4s Jc 7c] [9h]
VolkovDmitri: bets $6
b.lutsik: calls $6
*** RIVER *** [4s Jc 7c 9h] [3s]
VolkovDmitri: bets $6
b.lutsik: calls $6
*** SHOW DOWN ***
VolkovDmitri: shows [Td Js] (a pair of Jacks)
b.lutsik: mucks hand
VolkovDmitri collected $47.50 from pot
*** SUMMARY ***
Total pot $48 | Rake $0.50
Board [4s Jc 7c 9h 3s]
Seat 3: b.lutsik (button) (small blind) mucked
Seat 4: VolkovDmitri (big blind) showed [Td Js] and won ($47.50) with a pair of Jacks


PokerStars Hand #157503871025:  Hold'em Limit ($3/$6 USD) - 2016/08/20 5:20:19 ET
Table 'Mitidika' 6-max Seat #3 is the button
Seat 3: b.lutsik ($54.64 in chips)
Seat 4: VolkovDmitri ($171.76 in chips)
b.lutsik: posts small blind $1
VolkovDmitri: posts big blind $3
*** HOLE CARDS ***
b.lutsik: raises $3 to $6
VolkovDmitri: calls $3
*** FLOP *** [5c 8h Kc]
VolkovDmitri: checks
b.lutsik: bets $3
VolkovDmitri: raises $3 to $6
b.lutsik: calls $3
*** TURN *** [5c 8h Kc] [8s]
VolkovDmitri: bets $6
b.lutsik: calls $6
*** RIVER *** [5c 8h Kc 8s] [Ts]
VolkovDmitri: bets $6
b.lutsik: folds
Uncalled bet ($6) returned to VolkovDmitri
VolkovDmitri collected $35.50 from pot
VolkovDmitri: doesn't show hand
*** SUMMARY ***
Total pot $36 | Rake $0.50
Board [5c 8h Kc 8s Ts]
Seat 3: b.lutsik (button) (small blind) folded on the River
Seat 4: VolkovDmitri (big blind) collected ($35.50)


PokerStars Hand #157503863941:  Hold'em Limit ($3/$6 USD) - 2016/08/20 5:20:00 ET
Table 'Mitidika' 6-max Seat #4 is the button
Seat 3: b.lutsik ($20.64 in chips)
Seat 4: VolkovDmitri ($166 in chips)
VolkovDmitri: posts small blind $1
b.lutsik: posts big blind $3
*** HOLE CARDS ***
VolkovDmitri: raises $3 to $6
b.lutsik: calls $3
*** FLOP *** [2s Tc Ah]
b.lutsik: checks
VolkovDmitri: bets $3
b.lutsik: folds
Uncalled bet ($3) returned to VolkovDmitri
VolkovDmitri collected $11.76 from pot
VolkovDmitri: doesn't show hand
*** SUMMARY ***
Total pot $12 | Rake $0.24
Board [2s Tc Ah]
Seat 3: b.lutsik (big blind) folded on the Flop
Seat 4: VolkovDmitri (button) (small blind) collected ($11.76)


PokerStars Hand #157503887698:  Hold'em Limit ($3/$6 USD) - 2016/08/20 5:21:04 ET
Table 'Mitidika' 6-max Seat #3 is the button
Seat 3: b.lutsik ($30.64 in chips)
Seat 4: VolkovDmitri ($195.02 in chips)
b.lutsik: posts small blind $1
VolkovDmitri: posts big blind $3
*** HOLE CARDS ***
b.lutsik: raises $3 to $6
VolkovDmitri: calls $3
*** FLOP *** [2h 9c 8c]
VolkovDmitri: checks
b.lutsik: checks
*** TURN *** [2h 9c 8c] [Ad]
VolkovDmitri: checks
b.lutsik: checks
*** RIVER *** [2h 9c 8c Ad] [4h]
VolkovDmitri: bets $6
b.lutsik: folds
Uncalled bet ($6) returned to VolkovDmitri
VolkovDmitri collected $11.76 from pot
VolkovDmitri: doesn't show hand
*** SUMMARY ***
Total pot $12 | Rake $0.24
Board [2h 9c 8c Ad 4h]
Seat 3: b.lutsik (button) (small blind) folded on the River
Seat 4: VolkovDmitri (big blind) collected ($11.76)


PokerStars Hand #157503881241:  Hold'em Limit ($3/$6 USD) - 2016/08/20 5:20:47 ET
Table 'Mitidika' 6-max Seat #4 is the button
Seat 3: b.lutsik ($36.64 in chips)
Seat 4: VolkovDmitri ($189.26 in chips)
VolkovDmitri: posts small blind $1
b.lutsik: posts big blind $3
*** HOLE CARDS ***
VolkovDmitri: raises $3 to $6
b.lutsik: calls $3
*** FLOP *** [6s 5s 2s]
b.lutsik: checks
VolkovDmitri: bets $3
b.lutsik: folds
Uncalled bet ($3) returned to VolkovDmitri
VolkovDmitri collected $11.76 from pot
VolkovDmitri: doesn't show hand
*** SUMMARY ***
Total pot $12 | Rake $0.24
Board [6s 5s 2s]
Seat 3: b.lutsik (big blind) folded on the Flop
Seat 4: VolkovDmitri (button) (small blind) collected ($11.76)


PokerStars Hand #157503923341:  Hold'em Limit ($3/$6 USD) - 2016/08/20 5:22:41 ET
Table 'Mitidika' 6-max Seat #4 is the button
Seat 3: b.lutsik ($75.40 in chips)
Seat 4: VolkovDmitri ($209.28 in chips)
VolkovDmitri: posts small blind $1
b.lutsik: posts big blind $3
*** HOLE CARDS ***
VolkovDmitri: raises $3 to $6
b.lutsik: folds
Uncalled bet ($3) returned to VolkovDmitri
VolkovDmitri collected $6 from pot
VolkovDmitri: doesn't show hand
*** SUMMARY ***
Total pot $6 | Rake $0
Seat 3: b.lutsik (big blind) folded before Flop
Seat 4: VolkovDmitri (button) (small blind) collected ($6)


PokerStars Hand #157503910826:  Hold'em Limit ($3/$6 USD) - 2016/08/20 5:22:07 ET
Table 'Mitidika' 6-max Seat #3 is the button
Seat 3: b.lutsik ($69.64 in chips)
Seat 4: VolkovDmitri ($215.28 in chips)
b.lutsik: posts small blind $1
VolkovDmitri: posts big blind $3
*** HOLE CARDS ***
b.lutsik: raises $3 to $6
VolkovDmitri: calls $3
*** FLOP *** [Ts 9d 4d]
VolkovDmitri: checks
b.lutsik: bets $3
VolkovDmitri: folds
Uncalled bet ($3) returned to b.lutsik
b.lutsik collected $11.76 from pot
b.lutsik: doesn't show hand
*** SUMMARY ***
Total pot $12 | Rake $0.24
Board [Ts 9d 4d]
Seat 3: b.lutsik (button) (small blind) collected ($11.76)
Seat 4: VolkovDmitri (big blind) folded on the Flop


PokerStars Hand #157503896247:  Hold'em Limit ($3/$6 USD) - 2016/08/20 5:21:28 ET
Table 'Mitidika' 6-max Seat #4 is the button
Seat 3: b.lutsik ($24.64 in chips)
Seat 4: VolkovDmitri ($200.78 in chips)
VolkovDmitri: posts small blind $1
b.lutsik: posts big blind $3
*** HOLE CARDS ***
VolkovDmitri: raises $3 to $6
b.lutsik: calls $3
*** FLOP *** [Td 4s Jc]
b.lutsik: checks
VolkovDmitri: bets $3
b.lutsik: calls $3
*** TURN *** [Td 4s Jc] [9d]
b.lutsik: checks
VolkovDmitri: bets $6
b.lutsik: calls $6
*** RIVER *** [Td 4s Jc 9d] [5h]
b.lutsik: checks
VolkovDmitri: bets $6
b.lutsik: folds
Uncalled bet ($6) returned to VolkovDmitri
VolkovDmitri collected $29.50 from pot
VolkovDmitri: doesn't show hand
*** SUMMARY ***
Total pot $30 | Rake $0.50
Board [Td 4s Jc 9d 5h]
Seat 3: b.lutsik (big blind) folded on the River
Seat 4: VolkovDmitri (button) (small blind) collected ($29.50)


PokerStars Hand #157503935102:  Hold'em Limit ($3/$6 USD) - 2016/08/20 5:23:13 ET
Table 'Mitidika' 6-max Seat #4 is the button
Seat 3: b.lutsik ($78.16 in chips)
Seat 4: VolkovDmitri ($206.28 in chips)
VolkovDmitri: posts small blind $1
b.lutsik: posts big blind $3
*** HOLE CARDS ***
VolkovDmitri: folds
Uncalled bet ($2) returned to b.lutsik
b.lutsik collected $2 from pot
b.lutsik: doesn't show hand
*** SUMMARY ***
Total pot $2 | Rake $0
Seat 3: b.lutsik (big blind) collected ($2)
Seat 4: VolkovDmitri (button) (small blind) folded before Flop


PokerStars Hand #157503925491:  Hold'em Limit ($3/$6 USD) - 2016/08/20 5:22:47 ET
Table 'Mitidika' 6-max Seat #3 is the button
Seat 3: b.lutsik ($72.40 in chips)
Seat 4: VolkovDmitri ($212.28 in chips)
b.lutsik: posts small blind $1
VolkovDmitri: posts big blind $3
*** HOLE CARDS ***
b.lutsik: raises $3 to $6
VolkovDmitri: calls $3
*** FLOP *** [6h Ad 2c]
VolkovDmitri: checks
b.lutsik: checks
*** TURN *** [6h Ad 2c] [Ac]
VolkovDmitri: checks
b.lutsik: checks
*** RIVER *** [6h Ad 2c Ac] [9d]
VolkovDmitri: checks
b.lutsik: checks
*** SHOW DOWN ***
VolkovDmitri: shows [8h 7s] (a pair of Aces)
b.lutsik: shows [Qh 8d] (a pair of Aces - Queen kicker)
b.lutsik collected $11.76 from pot
*** SUMMARY ***
Total pot $12 | Rake $0.24
Board [6h Ad 2c Ac 9d]
Seat 3: b.lutsik (button) (small blind) showed [Qh 8d] and won ($11.76) with a pair of Aces
Seat 4: VolkovDmitri (big blind) showed [8h 7s] and lost with a pair of Aces


