PokerStars Hand #165135902511:  Hold'em Limit ($3/$6 USD) - 2017/01/25 6:06:41 ET
Table 'Mitidika' 6-max Seat #5 is the button
Seat 5: Great_Kang ($183.67 in chips)
Seat 6: volkovsky ($139.59 in chips)
Great_Kang: posts small blind $1
volkovsky: posts big blind $3
*** HOLE CARDS ***
Great_Kang: folds
Uncalled bet ($2) returned to volkovsky
volkovsky collected $2 from pot
volkovsky: doesn't show hand
*** SUMMARY ***
Total pot $2 | Rake $0
Seat 5: Great_Kang (button) (small blind) folded before Flop
Seat 6: volkovsky (big blind) collected ($2)


PokerStars Hand #165135888085:  Hold'em Limit ($3/$6 USD) - 2017/01/25 6:06:09 ET
Table 'Mitidika' 6-max Seat #6 is the button
Seat 5: Great_Kang ($166.17 in chips)
Seat 6: volkovsky ($157.59 in chips)
volkovsky: posts small blind $1
Great_Kang: posts big blind $3
*** HOLE CARDS ***
volkovsky: raises $3 to $6
Great_Kang: calls $3
*** FLOP *** [Ac 8s Kc]
nordschrott leaves the table
Great_Kang: checks
volkovsky: bets $3
Great_Kang: raises $3 to $6
volkovsky: calls $3
*** TURN *** [Ac 8s Kc] [7d]
Great_Kang: bets $6
volkovsky: calls $6
*** RIVER *** [Ac 8s Kc 7d] [9d]
Great_Kang: bets $6
volkovsky: folds
Uncalled bet ($6) returned to Great_Kang
Great_Kang collected $35.50 from pot
Great_Kang: doesn't show hand
*** SUMMARY ***
Total pot $36 | Rake $0.50
Board [Ac 8s Kc 7d 9d]
Seat 5: Great_Kang (big blind) collected ($35.50)
Seat 6: volkovsky (button) (small blind) folded on the River


