PokerStars Hand #164233638235:  Hold'em Limit ($3/$6 USD) - 2017/01/08 8:14:15 ET
Table 'Mitlincoln' 6-max Seat #1 is the button
Seat 1: Profitables ($61 in chips)
Seat 2: BelSv ($78 in chips)
Profitables: posts small blind $1
BelSv: posts big blind $3
*** HOLE CARDS ***
Profitables: raises $3 to $6
BelSv: calls $3
*** FLOP *** [8h 4d 2c]
BelSv: checks
Profitables: checks
*** TURN *** [8h 4d 2c] [9d]
BelSv: bets $6
Profitables: folds
Uncalled bet ($6) returned to BelSv
BelSv collected $11.76 from pot
BelSv: doesn't show hand
*** SUMMARY ***
Total pot $12 | Rake $0.24
Board [8h 4d 2c 9d]
Seat 1: Profitables (button) (small blind) folded on the Turn
Seat 2: BelSv (big blind) collected ($11.76)


PokerStars Hand #164233628895:  Hold'em Limit ($3/$6 USD) - 2017/01/08 8:14:01 ET
Table 'Mitlincoln' 6-max Seat #2 is the button
Seat 1: Profitables ($60 in chips)
Seat 2: BelSv ($78 in chips)
BelSv: posts small blind $1
TbIP-TbIP 88: is sitting out
TbIP-TbIP 88 leaves the table
Profitables: posts big blind $3
*** HOLE CARDS ***
BelSv: folds
Uncalled bet ($2) returned to Profitables
Profitables collected $2 from pot
Profitables: doesn't show hand
KolliMong joins the table at seat #3
*** SUMMARY ***
Total pot $2 | Rake $0
Seat 1: Profitables (big blind) collected ($2)
Seat 2: BelSv (button) (small blind) folded before Flop


PokerStars Hand #164234159347:  Hold'em Limit ($3/$6 USD) - 2017/01/08 8:26:48 ET
Table 'Mitlincoln' 6-max Seat #2 is the button
Seat 1: Profitables ($80.52 in chips)
Seat 2: BelSv ($135.55 in chips)
BelSv: posts small blind $1
KolliMong is disconnected
KolliMong has timed out while disconnected
KolliMong: is sitting out
miezemuis: is sitting out
Profitables: posts big blind $3
*** HOLE CARDS ***
BelSv: raises $3 to $6
Profitables: calls $3
*** FLOP *** [8h 5c 5s]
Profitables: checks
BelSv: bets $3
Profitables: folds
Uncalled bet ($3) returned to BelSv
BelSv collected $11.76 from pot
BelSv: doesn't show hand
*** SUMMARY ***
Total pot $12 | Rake $0.24
Board [8h 5c 5s]
Seat 1: Profitables (big blind) folded on the Flop
Seat 2: BelSv (button) (small blind) collected ($11.76)


PokerStars Hand #164234187657:  Hold'em Limit ($3/$6 USD) - 2017/01/08 8:27:29 ET
Table 'Mitlincoln' 6-max Seat #1 is the button
Seat 1: Profitables ($74.52 in chips)
Seat 2: BelSv ($141.31 in chips)
Profitables: posts small blind $1
BelSv: posts big blind $3
*** HOLE CARDS ***
Profitables: raises $3 to $6
BelSv: calls $3
*** FLOP *** [Kc Th 4h]
BelSv: checks
Profitables: bets $3
BelSv: raises $3 to $6
Profitables: calls $3
*** TURN *** [Kc Th 4h] [Ad]
BelSv: bets $6
Profitables: calls $6
*** RIVER *** [Kc Th 4h Ad] [5c]
BelSv: checks
Profitables: bets $6
BelSv: calls $6
*** SHOW DOWN ***
Profitables: shows [5s Ts] (two pair, Tens and Fives)
BelSv: mucks hand
Profitables collected $47.50 from pot
*** SUMMARY ***
Total pot $48 | Rake $0.50
Board [Kc Th 4h Ad 5c]
Seat 1: Profitables (button) (small blind) showed [5s Ts] and won ($47.50) with two pair, Tens and Fives
Seat 2: BelSv (big blind) mucked


PokerStars Hand #164234232217:  Hold'em Limit ($3/$6 USD) - 2017/01/08 8:28:33 ET
Table 'Mitlincoln' 6-max Seat #4 is the button
Seat 2: BelSv ($116.31 in chips)
Seat 4: miezemuis ($352.41 in chips)
miezemuis: posts small blind $1
BelSv: posts big blind $3
*** HOLE CARDS ***
Profitables leaves the table
miezemuis: raises $3 to $6
BelSv: folds
Uncalled bet ($3) returned to miezemuis
miezemuis collected $6 from pot
*** SUMMARY ***
Total pot $6 | Rake $0
Seat 2: BelSv (big blind) folded before Flop
Seat 4: miezemuis (button) (small blind) collected ($6)


