PokerStars Hand #152914227163:  Hold'em Limit ($3/$6 USD) - 2016/05/05 21:51:18 ET
Table 'Mizar' 10-max Seat #5 is the button
Seat 5: sougne ($116 in chips)
Seat 6: GoliafUa ($124 in chips)
sougne: posts small blind $1
GoliafUa: posts big blind $3
*** HOLE CARDS ***
sougne: calls $2
GoliafUa: raises $3 to $6
sougne: calls $3
*** FLOP *** [8d Kh 7s]
GoliafUa: bets $3
sougne: folds
Uncalled bet ($3) returned to GoliafUa
GoliafUa collected $11.76 from pot
*** SUMMARY ***
Total pot $12 | Rake $0.24
Board [8d Kh 7s]
Seat 5: sougne (button) (small blind) folded on the Flop
Seat 6: GoliafUa (big blind) collected ($11.76)


PokerStars Hand #152914224043:  Hold'em Limit ($3/$6 USD) - 2016/05/05 21:51:09 ET
Table 'Mizar' 10-max Seat #6 is the button
Seat 5: sougne ($119 in chips)
Seat 6: GoliafUa ($121 in chips)
GoliafUa: posts small blind $1
sougne: posts big blind $3
*** HOLE CARDS ***
GoliafUa: raises $3 to $6
sougne: folds
Uncalled bet ($3) returned to GoliafUa
GoliafUa collected $6 from pot
*** SUMMARY ***
Total pot $6 | Rake $0
Seat 5: sougne (big blind) folded before Flop
Seat 6: GoliafUa (button) (small blind) collected ($6)


PokerStars Hand #152914220652:  Hold'em Limit ($3/$6 USD) - 2016/05/05 21:51:00 ET
Table 'Mizar' 10-max Seat #5 is the button
Seat 5: sougne ($120 in chips)
Seat 6: GoliafUa ($120 in chips)
sougne: posts small blind $1
GoliafUa: posts big blind $3
*** HOLE CARDS ***
sougne: folds
Uncalled bet ($2) returned to GoliafUa
GoliafUa collected $2 from pot
*** SUMMARY ***
Total pot $2 | Rake $0
Seat 5: sougne (button) (small blind) folded before Flop
Seat 6: GoliafUa (big blind) collected ($2)


PokerStars Hand #152914232640:  Hold'em Limit ($3/$6 USD) - 2016/05/05 21:51:32 ET
Table 'Mizar' 10-max Seat #6 is the button
Seat 5: sougne ($110 in chips)
Seat 6: GoliafUa ($129.76 in chips)
GoliafUa: posts small blind $1
sougne: posts big blind $3
*** HOLE CARDS ***
GoliafUa: raises $3 to $6
sougne: calls $3
*** FLOP *** [4d 3c Kh]
sougne: checks
GoliafUa: bets $3
sougne: raises $3 to $6
GoliafUa: folds
Uncalled bet ($3) returned to sougne
sougne collected $17.64 from pot
sougne: doesn't show hand
*** SUMMARY ***
Total pot $18 | Rake $0.36
Board [4d 3c Kh]
Seat 5: sougne (big blind) collected ($17.64)
Seat 6: GoliafUa (button) (small blind) folded on the Flop


PokerStars Hand #152920213232:  Hold'em Limit ($3/$6 USD) - 2016/05/06 3:50:50 ET
Table 'Mizar' 10-max Seat #7 is the button
Seat 6: JoeBlack1982 ($174 in chips)
Seat 7: VolkovDmitri ($120 in chips)
VolkovDmitri: posts small blind $1
JoeBlack1982: posts big blind $3
*** HOLE CARDS ***
VolkovDmitri: raises $3 to $6
JoeBlack1982: calls $3
*** FLOP *** [9d Js 5d]
JoeBlack1982: checks
VolkovDmitri: bets $3
JoeBlack1982: calls $3
*** TURN *** [9d Js 5d] [Qh]
JoeBlack1982: checks
VolkovDmitri: checks
*** RIVER *** [9d Js 5d Qh] [Kh]
JoeBlack1982: bets $6
VolkovDmitri: folds
Uncalled bet ($6) returned to JoeBlack1982
JoeBlack1982 collected $17.64 from pot
JoeBlack1982: doesn't show hand
*** SUMMARY ***
Total pot $18 | Rake $0.36
Board [9d Js 5d Qh Kh]
Seat 6: JoeBlack1982 (big blind) collected ($17.64)
Seat 7: VolkovDmitri (button) (small blind) folded on the River


PokerStars Hand #152920231174:  Hold'em Limit ($3/$6 USD) - 2016/05/06 3:51:50 ET
Table 'Mizar' 10-max Seat #6 is the button
Seat 6: JoeBlack1982 ($170.64 in chips)
Seat 7: VolkovDmitri ($131.52 in chips)
JoeBlack1982: posts small blind $1
VolkovDmitri: posts big blind $3
*** HOLE CARDS ***
JoeBlack1982: raises $3 to $6
VolkovDmitri: calls $3
*** FLOP *** [Kc Jc 6d]
VolkovDmitri: bets $3
JoeBlack1982: calls $3
*** TURN *** [Kc Jc 6d] [7h]
VolkovDmitri: checks
JoeBlack1982: bets $6
VolkovDmitri: folds
Uncalled bet ($6) returned to JoeBlack1982
JoeBlack1982 collected $17.64 from pot
JoeBlack1982: doesn't show hand
*** SUMMARY ***
Total pot $18 | Rake $0.36
Board [Kc Jc 6d 7h]
Seat 6: JoeBlack1982 (button) (small blind) collected ($17.64)
Seat 7: VolkovDmitri (big blind) folded on the Turn


PokerStars Hand #152920222327:  Hold'em Limit ($3/$6 USD) - 2016/05/06 3:51:20 ET
Table 'Mizar' 10-max Seat #6 is the button
Seat 6: JoeBlack1982 ($182.64 in chips)
Seat 7: VolkovDmitri ($120 in chips)
JoeBlack1982: posts small blind $1
VolkovDmitri: posts big blind $3
*** HOLE CARDS ***
JoeBlack1982: calls $2
VolkovDmitri: raises $3 to $6
JoeBlack1982: calls $3
*** FLOP *** [4d Ks 3s]
VolkovDmitri: bets $3
JoeBlack1982: folds
Uncalled bet ($3) returned to VolkovDmitri
VolkovDmitri collected $11.76 from pot
VolkovDmitri: doesn't show hand
*** SUMMARY ***
Total pot $12 | Rake $0.24
Board [4d Ks 3s]
Seat 6: JoeBlack1982 (button) (small blind) folded on the Flop
Seat 7: VolkovDmitri (big blind) collected ($11.76)


PokerStars Hand #152920225784:  Hold'em Limit ($3/$6 USD) - 2016/05/06 3:51:32 ET
Table 'Mizar' 10-max Seat #7 is the button
Seat 6: JoeBlack1982 ($176.64 in chips)
Seat 7: VolkovDmitri ($125.76 in chips)
VolkovDmitri: posts small blind $1
JoeBlack1982: posts big blind $3
*** HOLE CARDS ***
VolkovDmitri: raises $3 to $6
JoeBlack1982: calls $3
*** FLOP *** [Js 7s Jc]
JoeBlack1982: checks
VolkovDmitri: bets $3
JoeBlack1982: folds
Uncalled bet ($3) returned to VolkovDmitri
VolkovDmitri collected $11.76 from pot
VolkovDmitri: doesn't show hand
*** SUMMARY ***
Total pot $12 | Rake $0.24
Board [Js 7s Jc]
Seat 6: JoeBlack1982 (big blind) folded on the Flop
Seat 7: VolkovDmitri (button) (small blind) collected ($11.76)


PokerStars Hand #152920241153:  Hold'em Limit ($3/$6 USD) - 2016/05/06 3:52:23 ET
Table 'Mizar' 10-max Seat #7 is the button
Seat 6: JoeBlack1982 ($179.28 in chips)
Seat 7: VolkovDmitri ($122.52 in chips)
VolkovDmitri: posts small blind $1
JoeBlack1982: posts big blind $3
*** HOLE CARDS ***
VolkovDmitri: folds
Uncalled bet ($2) returned to JoeBlack1982
JoeBlack1982 collected $2 from pot
JoeBlack1982: doesn't show hand
*** SUMMARY ***
Total pot $2 | Rake $0
Seat 6: JoeBlack1982 (big blind) collected ($2)
Seat 7: VolkovDmitri (button) (small blind) folded before Flop


PokerStars Hand #152920242934:  Hold'em Limit ($3/$6 USD) - 2016/05/06 3:52:28 ET
Table 'Mizar' 10-max Seat #6 is the button
Seat 6: JoeBlack1982 ($180.28 in chips)
Seat 7: VolkovDmitri ($121.52 in chips)
JoeBlack1982: posts small blind $1
VolkovDmitri: posts big blind $3
*** HOLE CARDS ***
JoeBlack1982: calls $2
VolkovDmitri: raises $3 to $6
JoeBlack1982: calls $3
*** FLOP *** [As 4d 3s]
VolkovDmitri: bets $3
JoeBlack1982: raises $3 to $6
VolkovDmitri: raises $3 to $9
JoeBlack1982: raises $3 to $12
Betting is capped
VolkovDmitri: calls $3
*** TURN *** [As 4d 3s] [4h]
VolkovDmitri: checks
JoeBlack1982: bets $6
VolkovDmitri: calls $6
*** RIVER *** [As 4d 3s 4h] [8d]
VolkovDmitri: checks
JoeBlack1982: checks
*** SHOW DOWN ***
VolkovDmitri: shows [9d Ac] (two pair, Aces and Fours)
JoeBlack1982: mucks hand
VolkovDmitri collected $47.50 from pot
*** SUMMARY ***
Total pot $48 | Rake $0.50
Board [As 4d 3s 4h 8d]
Seat 6: JoeBlack1982 (button) (small blind) mucked
Seat 7: VolkovDmitri (big blind) showed [9d Ac] and won ($47.50) with two pair, Aces and Fours


PokerStars Hand #152920266172:  Hold'em Limit ($3/$6 USD) - 2016/05/06 3:53:45 ET
Table 'Mizar' 10-max Seat #7 is the button
Seat 6: JoeBlack1982 ($166.80 in chips)
Seat 7: VolkovDmitri ($134.02 in chips)
VolkovDmitri: posts small blind $1
JoeBlack1982: posts big blind $3
*** HOLE CARDS ***
VolkovDmitri: raises $3 to $6
JoeBlack1982: folds
Uncalled bet ($3) returned to VolkovDmitri
VolkovDmitri collected $6 from pot
VolkovDmitri: doesn't show hand
*** SUMMARY ***
Total pot $6 | Rake $0
Seat 6: JoeBlack1982 (big blind) folded before Flop
Seat 7: VolkovDmitri (button) (small blind) collected ($6)


PokerStars Hand #152920264647:  Hold'em Limit ($3/$6 USD) - 2016/05/06 3:53:40 ET
Table 'Mizar' 10-max Seat #6 is the button
Seat 6: JoeBlack1982 ($167.80 in chips)
Seat 7: VolkovDmitri ($133.02 in chips)
JoeBlack1982: posts small blind $1
VolkovDmitri: posts big blind $3
*** HOLE CARDS ***
JoeBlack1982: folds
Uncalled bet ($2) returned to VolkovDmitri
VolkovDmitri collected $2 from pot
VolkovDmitri: doesn't show hand
*** SUMMARY ***
Total pot $2 | Rake $0
Seat 6: JoeBlack1982 (button) (small blind) folded before Flop
Seat 7: VolkovDmitri (big blind) collected ($2)


PokerStars Hand #152920254297:  Hold'em Limit ($3/$6 USD) - 2016/05/06 3:53:06 ET
Table 'Mizar' 10-max Seat #7 is the button
Seat 6: JoeBlack1982 ($156.28 in chips)
Seat 7: VolkovDmitri ($145.02 in chips)
VolkovDmitri: posts small blind $1
JoeBlack1982: posts big blind $3
*** HOLE CARDS ***
VolkovDmitri: raises $3 to $6
JoeBlack1982: calls $3
*** FLOP *** [6c 3d 8d]
JoeBlack1982: checks
VolkovDmitri: bets $3
JoeBlack1982: raises $3 to $6
VolkovDmitri: calls $3
*** TURN *** [6c 3d 8d] [8s]
JoeBlack1982: bets $6
VolkovDmitri: folds
Uncalled bet ($6) returned to JoeBlack1982
JoeBlack1982 collected $23.52 from pot
JoeBlack1982: doesn't show hand
*** SUMMARY ***
Total pot $24 | Rake $0.48
Board [6c 3d 8d 8s]
Seat 6: JoeBlack1982 (big blind) collected ($23.52)
Seat 7: VolkovDmitri (button) (small blind) folded on the Turn


PokerStars Hand #152920268086:  Hold'em Limit ($3/$6 USD) - 2016/05/06 3:53:52 ET
Table 'Mizar' 10-max Seat #6 is the button
Seat 6: JoeBlack1982 ($163.80 in chips)
Seat 7: VolkovDmitri ($137.02 in chips)
JoeBlack1982: posts small blind $1
VolkovDmitri: posts big blind $3
*** HOLE CARDS ***
JoeBlack1982: raises $3 to $6
VolkovDmitri: raises $3 to $9
JoeBlack1982: calls $3
*** FLOP *** [Tc Qc Kc]
VolkovDmitri: bets $3
JoeBlack1982: calls $3
*** TURN *** [Tc Qc Kc] [2d]
VolkovDmitri: bets $6
JoeBlack1982: calls $6
*** RIVER *** [Tc Qc Kc 2d] [4c]
VolkovDmitri: checks
JoeBlack1982: bets $6
VolkovDmitri: folds
Uncalled bet ($6) returned to JoeBlack1982
JoeBlack1982 collected $35.50 from pot
JoeBlack1982: doesn't show hand
*** SUMMARY ***
Total pot $36 | Rake $0.50
Board [Tc Qc Kc 2d 4c]
Seat 6: JoeBlack1982 (button) (small blind) collected ($35.50)
Seat 7: VolkovDmitri (big blind) folded on the River


PokerStars Hand #152920276558:  Hold'em Limit ($3/$6 USD) - 2016/05/06 3:54:20 ET
Table 'Mizar' 10-max Seat #7 is the button
Seat 6: JoeBlack1982 ($181.30 in chips)
Seat 7: VolkovDmitri ($120 in chips)
VolkovDmitri: posts small blind $1
JoeBlack1982: posts big blind $3
*** HOLE CARDS ***
VolkovDmitri: folds
Uncalled bet ($2) returned to JoeBlack1982
JoeBlack1982 collected $2 from pot
JoeBlack1982: doesn't show hand
*** SUMMARY ***
Total pot $2 | Rake $0
Seat 6: JoeBlack1982 (big blind) collected ($2)
Seat 7: VolkovDmitri (button) (small blind) folded before Flop


PokerStars Hand #152920280377:  Hold'em Limit ($3/$6 USD) - 2016/05/06 3:54:32 ET
Table 'Mizar' 10-max Seat #6 is the button
Seat 6: JoeBlack1982 ($182.30 in chips)
Seat 7: VolkovDmitri ($120 in chips)
JoeBlack1982: posts small blind $1
VolkovDmitri: posts big blind $3
*** HOLE CARDS ***
JoeBlack1982: folds
Uncalled bet ($2) returned to VolkovDmitri
VolkovDmitri collected $2 from pot
VolkovDmitri: doesn't show hand
*** SUMMARY ***
Total pot $2 | Rake $0
Seat 6: JoeBlack1982 (button) (small blind) folded before Flop
Seat 7: VolkovDmitri (big blind) collected ($2)


PokerStars Hand #152920292914:  Hold'em Limit ($3/$6 USD) - 2016/05/06 3:55:15 ET
Table 'Mizar' 10-max Seat #7 is the button
Seat 6: JoeBlack1982 ($194.80 in chips)
Seat 7: VolkovDmitri ($121 in chips)
VolkovDmitri: posts small blind $1
JoeBlack1982: posts big blind $3
*** HOLE CARDS ***
VolkovDmitri: raises $3 to $6
JoeBlack1982: folds
Uncalled bet ($3) returned to VolkovDmitri
VolkovDmitri collected $6 from pot
VolkovDmitri: doesn't show hand
*** SUMMARY ***
Total pot $6 | Rake $0
Seat 6: JoeBlack1982 (big blind) folded before Flop
Seat 7: VolkovDmitri (button) (small blind) collected ($6)


PokerStars Hand #152920290286:  Hold'em Limit ($3/$6 USD) - 2016/05/06 3:55:05 ET
Table 'Mizar' 10-max Seat #6 is the button
Seat 6: JoeBlack1982 ($195.80 in chips)
Seat 7: VolkovDmitri ($120 in chips)
JoeBlack1982: posts small blind $1
VolkovDmitri: posts big blind $3
*** HOLE CARDS ***
JoeBlack1982: folds
Uncalled bet ($2) returned to VolkovDmitri
VolkovDmitri collected $2 from pot
VolkovDmitri: doesn't show hand
*** SUMMARY ***
Total pot $2 | Rake $0
Seat 6: JoeBlack1982 (button) (small blind) folded before Flop
Seat 7: VolkovDmitri (big blind) collected ($2)


PokerStars Hand #152920282008:  Hold'em Limit ($3/$6 USD) - 2016/05/06 3:54:37 ET
Table 'Mizar' 10-max Seat #7 is the button
Seat 6: JoeBlack1982 ($181.30 in chips)
Seat 7: VolkovDmitri ($121 in chips)
VolkovDmitri: posts small blind $1
JoeBlack1982: posts big blind $3
*** HOLE CARDS ***
VolkovDmitri: raises $3 to $6
JoeBlack1982: calls $3
*** FLOP *** [Jc Ts Kd]
JoeBlack1982: checks
VolkovDmitri: bets $3
JoeBlack1982: calls $3
*** TURN *** [Jc Ts Kd] [Th]
JoeBlack1982: checks
VolkovDmitri: checks
*** RIVER *** [Jc Ts Kd Th] [7h]
JoeBlack1982: bets $6
VolkovDmitri: calls $6
*** SHOW DOWN ***
JoeBlack1982: shows [3s Ks] (two pair, Kings and Tens)
VolkovDmitri: mucks hand
JoeBlack1982 collected $29.50 from pot
*** SUMMARY ***
Total pot $30 | Rake $0.50
Board [Jc Ts Kd Th 7h]
Seat 6: JoeBlack1982 (big blind) showed [3s Ks] and won ($29.50) with two pair, Kings and Tens
Seat 7: VolkovDmitri (button) (small blind) mucked


PokerStars Hand #152920295267:  Hold'em Limit ($3/$6 USD) - 2016/05/06 3:55:24 ET
Table 'Mizar' 10-max Seat #6 is the button
Seat 6: JoeBlack1982 ($191.80 in chips)
Seat 7: VolkovDmitri ($124 in chips)
JoeBlack1982: posts small blind $1
VolkovDmitri: posts big blind $3
*** HOLE CARDS ***
JoeBlack1982: raises $3 to $6
VolkovDmitri: raises $3 to $9
JoeBlack1982: calls $3
*** FLOP *** [2d 6h Qc]
VolkovDmitri: bets $3
JoeBlack1982: calls $3
*** TURN *** [2d 6h Qc] [As]
VolkovDmitri: bets $6
JoeBlack1982: calls $6
*** RIVER *** [2d 6h Qc As] [3d]
VolkovDmitri: bets $6
JoeBlack1982: calls $6
*** SHOW DOWN ***
VolkovDmitri: shows [6d Ac] (two pair, Aces and Sixes)
JoeBlack1982: mucks hand
VolkovDmitri collected $47.50 from pot
*** SUMMARY ***
Total pot $48 | Rake $0.50
Board [2d 6h Qc As 3d]
Seat 6: JoeBlack1982 (button) (small blind) mucked
Seat 7: VolkovDmitri (big blind) showed [6d Ac] and won ($47.50) with two pair, Aces and Sixes


PokerStars Hand #152920302186:  Hold'em Limit ($3/$6 USD) - 2016/05/06 3:55:49 ET
Table 'Mizar' 10-max Seat #7 is the button
Seat 6: JoeBlack1982 ($167.80 in chips)
Seat 7: VolkovDmitri ($147.50 in chips)
VolkovDmitri: posts small blind $1
JoeBlack1982: posts big blind $3
*** HOLE CARDS ***
VolkovDmitri: raises $3 to $6
JoeBlack1982: raises $3 to $9
VolkovDmitri: calls $3
*** FLOP *** [6s Td 3h]
JoeBlack1982: checks
VolkovDmitri: bets $3
JoeBlack1982: calls $3
*** TURN *** [6s Td 3h] [5d]
JoeBlack1982: checks
VolkovDmitri: bets $6
JoeBlack1982: raises $6 to $12
VolkovDmitri: calls $6
*** RIVER *** [6s Td 3h 5d] [Tc]
JoeBlack1982: bets $6
VolkovDmitri: calls $6
*** SHOW DOWN ***
JoeBlack1982: shows [Js 5s] (two pair, Tens and Fives)
VolkovDmitri: mucks hand
JoeBlack1982 collected $59.50 from pot
*** SUMMARY ***
Total pot $60 | Rake $0.50
Board [6s Td 3h 5d Tc]
Seat 6: JoeBlack1982 (big blind) showed [Js 5s] and won ($59.50) with two pair, Tens and Fives
Seat 7: VolkovDmitri (button) (small blind) mucked


PokerStars Hand #152920315746:  Hold'em Limit ($3/$6 USD) - 2016/05/06 3:56:40 ET
Table 'Mizar' 10-max Seat #6 is the button
Seat 6: JoeBlack1982 ($197.30 in chips)
Seat 7: VolkovDmitri ($120 in chips)
JoeBlack1982: posts small blind $1
VolkovDmitri: posts big blind $3
*** HOLE CARDS ***
JoeBlack1982: calls $2
VolkovDmitri: raises $3 to $6
JoeBlack1982: calls $3
*** FLOP *** [4h 9d Qc]
VolkovDmitri: bets $3
JoeBlack1982: calls $3
*** TURN *** [4h 9d Qc] [3c]
VolkovDmitri: bets $6
JoeBlack1982: calls $6
*** RIVER *** [4h 9d Qc 3c] [7c]
VolkovDmitri: bets $6
JoeBlack1982: calls $6
*** SHOW DOWN ***
VolkovDmitri: shows [Qs Td] (a pair of Queens)
JoeBlack1982: mucks hand
VolkovDmitri collected $41.50 from pot
*** SUMMARY ***
Total pot $42 | Rake $0.50
Board [4h 9d Qc 3c 7c]
Seat 6: JoeBlack1982 (button) (small blind) mucked
Seat 7: VolkovDmitri (big blind) showed [Qs Td] and won ($41.50) with a pair of Queens


PokerStars Hand #152920324981:  Hold'em Limit ($3/$6 USD) - 2016/05/06 3:57:14 ET
Table 'Mizar' 10-max Seat #7 is the button
Seat 6: JoeBlack1982 ($176.30 in chips)
Seat 7: VolkovDmitri ($140.50 in chips)
VolkovDmitri: posts small blind $1
JoeBlack1982: posts big blind $3
*** HOLE CARDS ***
VolkovDmitri: raises $3 to $6
JoeBlack1982: folds
Uncalled bet ($3) returned to VolkovDmitri
JoeBlack1982 leaves the table
VolkovDmitri collected $6 from pot
VolkovDmitri: doesn't show hand
*** SUMMARY ***
Total pot $6 | Rake $0
Seat 6: JoeBlack1982 (big blind) folded before Flop
Seat 7: VolkovDmitri (button) (small blind) collected ($6)


