PokerStars Hand #146014647537:  Hold'em Limit ($3/$6 USD) - 2015/12/27 14:01:28 ET
Table 'Mizar' 2-max Seat #1 is the button
Seat 1: rlfeo549 ($25.74 in chips)
Seat 2: lfeAEKfc ($45.62 in chips)
rlfeo549: posts small blind $1
lfeAEKfc: posts big blind $3
*** HOLE CARDS ***
rlfeo549: calls $2
lfeAEKfc: checks
*** FLOP *** [Kd Tc 5s]
lfeAEKfc: checks
rlfeo549: bets $3
lfeAEKfc: calls $3
*** TURN *** [Kd Tc 5s] [Jc]
lfeAEKfc: checks
rlfeo549: bets $6
lfeAEKfc: folds
Uncalled bet ($6) returned to rlfeo549
rlfeo549 collected $11.76 from pot
rlfeo549: doesn't show hand
*** SUMMARY ***
Total pot $12 | Rake $0.24
Board [Kd Tc 5s Jc]
Seat 1: rlfeo549 (button) (small blind) collected ($11.76)
Seat 2: lfeAEKfc (big blind) folded on the Turn


PokerStars Hand #146014665515:  Hold'em Limit ($3/$6 USD) - 2015/12/27 14:01:45 ET
Table 'Mizar' 2-max Seat #2 is the button
Seat 1: rlfeo549 ($31.50 in chips)
Seat 2: lfeAEKfc ($39.62 in chips)
lfeAEKfc: posts small blind $1
rlfeo549: posts big blind $3
*** HOLE CARDS ***
lfeAEKfc: calls $2
rlfeo549: raises $3 to $6
lfeAEKfc: calls $3
*** FLOP *** [6d 6s 8d]
rlfeo549: checks
lfeAEKfc: checks
*** TURN *** [6d 6s 8d] [5s]
rlfeo549: bets $6
lfeAEKfc: calls $6
*** RIVER *** [6d 6s 8d 5s] [9d]
rlfeo549: checks
lfeAEKfc: checks
*** SHOW DOWN ***
rlfeo549: shows [Ah 9h] (two pair, Nines and Sixes)
lfeAEKfc: mucks hand
rlfeo549 collected $23.52 from pot
*** SUMMARY ***
Total pot $24 | Rake $0.48
Board [6d 6s 8d 5s 9d]
Seat 1: rlfeo549 (big blind) showed [Ah 9h] and won ($23.52) with two pair, Nines and Sixes
Seat 2: lfeAEKfc (button) (small blind) mucked


PokerStars Hand #146014681565:  Hold'em Limit ($3/$6 USD) - 2015/12/27 14:02:00 ET
Table 'Mizar' 2-max Seat #1 is the button
Seat 1: rlfeo549 ($43.02 in chips)
Seat 2: lfeAEKfc ($27.62 in chips)
rlfeo549: posts small blind $1
lfeAEKfc: posts big blind $3
*** HOLE CARDS ***
rlfeo549: calls $2
lfeAEKfc: raises $3 to $6
rlfeo549: calls $3
*** FLOP *** [Kc Ad Js]
lfeAEKfc: bets $3
rlfeo549: calls $3
*** TURN *** [Kc Ad Js] [2c]
lfeAEKfc: checks
rlfeo549: checks
*** RIVER *** [Kc Ad Js 2c] [Qh]
lfeAEKfc: checks
rlfeo549: checks
*** SHOW DOWN ***
lfeAEKfc: shows [9c Ks] (a pair of Kings)
rlfeo549: shows [Kd 3h] (a pair of Kings)
lfeAEKfc collected $8.82 from pot
rlfeo549 collected $8.82 from pot
*** SUMMARY ***
Total pot $18 | Rake $0.36
Board [Kc Ad Js 2c Qh]
Seat 1: rlfeo549 (button) (small blind) showed [Kd 3h] and won ($8.82) with a pair of Kings
Seat 2: lfeAEKfc (big blind) showed [9c Ks] and won ($8.82) with a pair of Kings


PokerStars Hand #146014699529:  Hold'em Limit ($3/$6 USD) - 2015/12/27 14:02:17 ET
Table 'Mizar' 2-max Seat #2 is the button
Seat 1: rlfeo549 ($42.84 in chips)
Seat 2: lfeAEKfc ($27.44 in chips)
lfeAEKfc: posts small blind $1
rlfeo549: posts big blind $3
*** HOLE CARDS ***
lfeAEKfc: calls $2
rlfeo549: checks
*** FLOP *** [Ac Jh 7s]
rlfeo549: checks
lfeAEKfc: bets $3
rlfeo549: calls $3
*** TURN *** [Ac Jh 7s] [7h]
rlfeo549: checks
lfeAEKfc: checks
*** RIVER *** [Ac Jh 7s 7h] [Qc]
rlfeo549: checks
lfeAEKfc: checks
*** SHOW DOWN ***
rlfeo549: shows [Kh Qd] (two pair, Queens and Sevens)
lfeAEKfc: mucks hand
rlfeo549 collected $11.76 from pot
*** SUMMARY ***
Total pot $12 | Rake $0.24
Board [Ac Jh 7s 7h Qc]
Seat 1: rlfeo549 (big blind) showed [Kh Qd] and won ($11.76) with two pair, Queens and Sevens
Seat 2: lfeAEKfc (button) (small blind) mucked


PokerStars Hand #146014785715:  Hold'em Limit ($3/$6 USD) - 2015/12/27 14:03:31 ET
Table 'Mizar' 2-max Seat #2 is the button
Seat 1: rlfeo549 ($48.10 in chips)
Seat 2: lfeAEKfc ($20.84 in chips)
lfeAEKfc: posts small blind $1
rlfeo549: posts big blind $3
*** HOLE CARDS ***
lfeAEKfc: raises $3 to $6
rlfeo549: calls $3
*** FLOP *** [7h As 8h]
rlfeo549: checks
lfeAEKfc: bets $3
rlfeo549: calls $3
*** TURN *** [7h As 8h] [7d]
rlfeo549: checks
lfeAEKfc: bets $6
rlfeo549: folds
Uncalled bet ($6) returned to lfeAEKfc
lfeAEKfc collected $17.64 from pot
lfeAEKfc: doesn't show hand
*** SUMMARY ***
Total pot $18 | Rake $0.36
Board [7h As 8h 7d]
Seat 1: rlfeo549 (big blind) folded on the Turn
Seat 2: lfeAEKfc (button) (small blind) collected ($17.64)


PokerStars Hand #146014720737:  Hold'em Limit ($3/$6 USD) - 2015/12/27 14:02:36 ET
Table 'Mizar' 2-max Seat #1 is the button
Seat 1: rlfeo549 ($48.60 in chips)
Seat 2: lfeAEKfc ($21.44 in chips)
rlfeo549: posts small blind $1
lfeAEKfc: posts big blind $3
*** HOLE CARDS ***
rlfeo549: calls $2
lfeAEKfc: raises $3 to $6
rlfeo549: calls $3
*** FLOP *** [7h Tc 9h]
lfeAEKfc: bets $3
rlfeo549: calls $3
*** TURN *** [7h Tc 9h] [Qs]
lfeAEKfc: checks
rlfeo549: checks
*** RIVER *** [7h Tc 9h Qs] [As]
lfeAEKfc: checks
rlfeo549: checks
*** SHOW DOWN ***
lfeAEKfc: shows [Jh Ac] (a pair of Aces)
rlfeo549: mucks hand
lfeAEKfc collected $17.64 from pot
*** SUMMARY ***
Total pot $18 | Rake $0.36
Board [7h Tc 9h Qs As]
Seat 1: rlfeo549 (button) (small blind) mucked
Seat 2: lfeAEKfc (big blind) showed [Jh Ac] and won ($17.64) with a pair of Aces


PokerStars Hand #146014743672:  Hold'em Limit ($3/$6 USD) - 2015/12/27 14:02:56 ET
Table 'Mizar' 2-max Seat #2 is the button
Seat 1: rlfeo549 ($39.60 in chips)
Seat 2: lfeAEKfc ($30.08 in chips)
lfeAEKfc: posts small blind $1
rlfeo549: posts big blind $3
*** HOLE CARDS ***
lfeAEKfc: calls $2
rlfeo549: checks
*** FLOP *** [6c 6h 4d]
rlfeo549: checks
lfeAEKfc: bets $3
rlfeo549: calls $3
*** TURN *** [6c 6h 4d] [Tc]
rlfeo549: checks
lfeAEKfc: bets $6
rlfeo549: folds
Uncalled bet ($6) returned to lfeAEKfc
lfeAEKfc collected $11.76 from pot
lfeAEKfc: doesn't show hand
*** SUMMARY ***
Total pot $12 | Rake $0.24
Board [6c 6h 4d Tc]
Seat 1: rlfeo549 (big blind) folded on the Turn
Seat 2: lfeAEKfc (button) (small blind) collected ($11.76)


PokerStars Hand #146014763326:  Hold'em Limit ($3/$6 USD) - 2015/12/27 14:03:12 ET
Table 'Mizar' 2-max Seat #1 is the button
Seat 1: rlfeo549 ($33.60 in chips)
Seat 2: lfeAEKfc ($35.84 in chips)
rlfeo549: posts small blind $1
lfeAEKfc: posts big blind $3
*** HOLE CARDS ***
rlfeo549: calls $2
lfeAEKfc: raises $3 to $6
rlfeo549: calls $3
*** FLOP *** [Ks Kh Qs]
lfeAEKfc: bets $3
rlfeo549: calls $3
*** TURN *** [Ks Kh Qs] [8c]
lfeAEKfc: bets $6
rlfeo549: calls $6
*** RIVER *** [Ks Kh Qs 8c] [Ad]
lfeAEKfc: checks
rlfeo549: checks
*** SHOW DOWN ***
lfeAEKfc: shows [3h Qc] (two pair, Kings and Queens)
rlfeo549: shows [3s Ah] (two pair, Aces and Kings)
rlfeo549 collected $29.50 from pot
*** SUMMARY ***
Total pot $30 | Rake $0.50
Board [Ks Kh Qs 8c Ad]
Seat 1: rlfeo549 (button) (small blind) showed [3s Ah] and won ($29.50) with two pair, Aces and Kings
Seat 2: lfeAEKfc (big blind) showed [3h Qc] and lost with two pair, Kings and Queens


PokerStars Hand #146014804856:  Hold'em Limit ($3/$6 USD) - 2015/12/27 14:03:48 ET
Table 'Mizar' 2-max Seat #1 is the button
Seat 1: rlfeo549 ($39.10 in chips)
Seat 2: lfeAEKfc ($29.48 in chips)
rlfeo549: posts small blind $1
lfeAEKfc: posts big blind $3
*** HOLE CARDS ***
rlfeo549: calls $2
lfeAEKfc: raises $3 to $6
rlfeo549: calls $3
*** FLOP *** [8s Qc 4s]
lfeAEKfc: bets $3
rlfeo549: calls $3
*** TURN *** [8s Qc 4s] [Ts]
lfeAEKfc: checks
rlfeo549: checks
*** RIVER *** [8s Qc 4s Ts] [9d]
lfeAEKfc: bets $6
rlfeo549: folds
Uncalled bet ($6) returned to lfeAEKfc
lfeAEKfc collected $17.64 from pot
lfeAEKfc: doesn't show hand
*** SUMMARY ***
Total pot $18 | Rake $0.36
Board [8s Qc 4s Ts 9d]
Seat 1: rlfeo549 (button) (small blind) folded on the River
Seat 2: lfeAEKfc (big blind) collected ($17.64)


PokerStars Hand #146014834125:  Hold'em Limit ($3/$6 USD) - 2015/12/27 14:04:13 ET
Table 'Mizar' 2-max Seat #2 is the button
Seat 1: rlfeo549 ($30.10 in chips)
Seat 2: lfeAEKfc ($38.12 in chips)
lfeAEKfc: posts small blind $1
rlfeo549: posts big blind $3
*** HOLE CARDS ***
lfeAEKfc: calls $2
rlfeo549: checks
*** FLOP *** [2c 7d Jc]
rlfeo549: checks
lfeAEKfc: checks
*** TURN *** [2c 7d Jc] [Th]
rlfeo549: checks
lfeAEKfc: checks
*** RIVER *** [2c 7d Jc Th] [7s]
rlfeo549: checks
lfeAEKfc: checks
*** SHOW DOWN ***
rlfeo549: shows [Qs Kh] (a pair of Sevens)
lfeAEKfc: mucks hand
rlfeo549 collected $5.88 from pot
*** SUMMARY ***
Total pot $6 | Rake $0.12
Board [2c 7d Jc Th 7s]
Seat 1: rlfeo549 (big blind) showed [Qs Kh] and won ($5.88) with a pair of Sevens
Seat 2: lfeAEKfc (button) (small blind) mucked


PokerStars Hand #146014849246:  Hold'em Limit ($3/$6 USD) - 2015/12/27 14:04:26 ET
Table 'Mizar' 2-max Seat #1 is the button
Seat 1: rlfeo549 ($32.98 in chips)
Seat 2: lfeAEKfc ($35.12 in chips)
rlfeo549: posts small blind $1
lfeAEKfc: posts big blind $3
*** HOLE CARDS ***
rlfeo549: calls $2
lfeAEKfc: raises $3 to $6
rlfeo549: calls $3
*** FLOP *** [9h 8d 6h]
lfeAEKfc: checks
rlfeo549: checks
*** TURN *** [9h 8d 6h] [6c]
lfeAEKfc: checks
rlfeo549: checks
*** RIVER *** [9h 8d 6h 6c] [3s]
lfeAEKfc: checks
rlfeo549: checks
*** SHOW DOWN ***
lfeAEKfc: shows [9d 6s] (a full house, Sixes full of Nines)
rlfeo549: mucks hand
lfeAEKfc collected $11.76 from pot
*** SUMMARY ***
Total pot $12 | Rake $0.24
Board [9h 8d 6h 6c 3s]
Seat 1: rlfeo549 (button) (small blind) mucked
Seat 2: lfeAEKfc (big blind) showed [9d 6s] and won ($11.76) with a full house, Sixes full of Nines


PokerStars Hand #146014888587:  Hold'em Limit ($3/$6 USD) - 2015/12/27 14:05:00 ET
Table 'Mizar' 2-max Seat #1 is the button
Seat 1: rlfeo549 ($32.74 in chips)
Seat 2: lfeAEKfc ($34.88 in chips)
rlfeo549: posts small blind $1
lfeAEKfc: posts big blind $3
*** HOLE CARDS ***
rlfeo549: calls $2
lfeAEKfc: raises $3 to $6
rlfeo549: calls $3
*** FLOP *** [Ts 5s 5d]
lfeAEKfc: bets $3
rlfeo549: calls $3
*** TURN *** [Ts 5s 5d] [Kc]
lfeAEKfc: checks
rlfeo549: checks
*** RIVER *** [Ts 5s 5d Kc] [Jd]
lfeAEKfc: checks
rlfeo549: checks
*** SHOW DOWN ***
lfeAEKfc: shows [6h 3c] (a pair of Fives)
rlfeo549: shows [3d 8h] (a pair of Fives)
lfeAEKfc collected $8.82 from pot
rlfeo549 collected $8.82 from pot
*** SUMMARY ***
Total pot $18 | Rake $0.36
Board [Ts 5s 5d Kc Jd]
Seat 1: rlfeo549 (button) (small blind) showed [3d 8h] and won ($8.82) with a pair of Fives
Seat 2: lfeAEKfc (big blind) showed [6h 3c] and won ($8.82) with a pair of Fives


PokerStars Hand #146014864301:  Hold'em Limit ($3/$6 USD) - 2015/12/27 14:04:39 ET
Table 'Mizar' 2-max Seat #2 is the button
Seat 1: rlfeo549 ($26.98 in chips)
Seat 2: lfeAEKfc ($40.88 in chips)
lfeAEKfc: posts small blind $1
rlfeo549: posts big blind $3
*** HOLE CARDS ***
lfeAEKfc: calls $2
rlfeo549: checks
*** FLOP *** [5s 2h Ah]
rlfeo549: bets $3
lfeAEKfc: calls $3
*** TURN *** [5s 2h Ah] [7h]
rlfeo549: checks
lfeAEKfc: checks
*** RIVER *** [5s 2h Ah 7h] [6h]
rlfeo549: checks
lfeAEKfc: checks
*** SHOW DOWN ***
rlfeo549: shows [8d 4s] (a straight, Four to Eight)
lfeAEKfc: mucks hand
rlfeo549 collected $11.76 from pot
*** SUMMARY ***
Total pot $12 | Rake $0.24
Board [5s 2h Ah 7h 6h]
Seat 1: rlfeo549 (big blind) showed [8d 4s] and won ($11.76) with a straight, Four to Eight
Seat 2: lfeAEKfc (button) (small blind) mucked


PokerStars Hand #146014924235:  Hold'em Limit ($3/$6 USD) - 2015/12/27 14:05:33 ET
Table 'Mizar' 2-max Seat #1 is the button
Seat 1: rlfeo549 ($20.56 in chips)
Seat 2: lfeAEKfc ($46.22 in chips)
rlfeo549: posts small blind $1
lfeAEKfc: posts big blind $3
*** HOLE CARDS ***
rlfeo549: calls $2
lfeAEKfc: checks
*** FLOP *** [2c 3s 8d]
lfeAEKfc: checks
rlfeo549: bets $3
lfeAEKfc: calls $3
*** TURN *** [2c 3s 8d] [Qd]
lfeAEKfc: checks
rlfeo549: bets $6
lfeAEKfc: folds
Uncalled bet ($6) returned to rlfeo549
rlfeo549 collected $11.76 from pot
rlfeo549: doesn't show hand
*** SUMMARY ***
Total pot $12 | Rake $0.24
Board [2c 3s 8d Qd]
Seat 1: rlfeo549 (button) (small blind) collected ($11.76)
Seat 2: lfeAEKfc (big blind) folded on the Turn


PokerStars Hand #146014902547:  Hold'em Limit ($3/$6 USD) - 2015/12/27 14:05:12 ET
Table 'Mizar' 2-max Seat #2 is the button
Seat 1: rlfeo549 ($32.56 in chips)
Seat 2: lfeAEKfc ($34.70 in chips)
lfeAEKfc: posts small blind $1
rlfeo549: posts big blind $3
*** HOLE CARDS ***
lfeAEKfc: calls $2
rlfeo549: checks
*** FLOP *** [Js 9d 5c]
rlfeo549: checks
lfeAEKfc: bets $3
rlfeo549: calls $3
*** TURN *** [Js 9d 5c] [8s]
rlfeo549: checks
lfeAEKfc: bets $6
rlfeo549: calls $6
*** RIVER *** [Js 9d 5c 8s] [2h]
rlfeo549: checks
lfeAEKfc: checks
*** SHOW DOWN ***
rlfeo549: shows [As Kc] (high card Ace)
lfeAEKfc: shows [Jh Tc] (a pair of Jacks)
lfeAEKfc collected $23.52 from pot
*** SUMMARY ***
Total pot $24 | Rake $0.48
Board [Js 9d 5c 8s 2h]
Seat 1: rlfeo549 (big blind) showed [As Kc] and lost with high card Ace
Seat 2: lfeAEKfc (button) (small blind) showed [Jh Tc] and won ($23.52) with a pair of Jacks


PokerStars Hand #146014960540:  Hold'em Limit ($3/$6 USD) - 2015/12/27 14:06:03 ET
Table 'Mizar' 2-max Seat #1 is the button
Seat 1: rlfeo549 ($34.96 in chips)
Seat 2: lfeAEKfc ($31.22 in chips)
rlfeo549: posts small blind $1
lfeAEKfc: posts big blind $3
*** HOLE CARDS ***
rlfeo549: calls $2
lfeAEKfc: raises $3 to $6
rlfeo549: calls $3
*** FLOP *** [4h Kh 4s]
lfeAEKfc: bets $3
rlfeo549: calls $3
*** TURN *** [4h Kh 4s] [3h]
lfeAEKfc: checks
rlfeo549: checks
*** RIVER *** [4h Kh 4s 3h] [Qs]
lfeAEKfc: bets $6
rlfeo549: calls $6
*** SHOW DOWN ***
lfeAEKfc: shows [Th 6h] (a flush, King high)
rlfeo549: mucks hand
lfeAEKfc collected $29.50 from pot
*** SUMMARY ***
Total pot $30 | Rake $0.50
Board [4h Kh 4s 3h Qs]
Seat 1: rlfeo549 (button) (small blind) mucked
Seat 2: lfeAEKfc (big blind) showed [Th 6h] and won ($29.50) with a flush, King high


PokerStars Hand #146014943386:  Hold'em Limit ($3/$6 USD) - 2015/12/27 14:05:49 ET
Table 'Mizar' 2-max Seat #2 is the button
Seat 1: rlfeo549 ($26.32 in chips)
Seat 2: lfeAEKfc ($40.22 in chips)
lfeAEKfc: posts small blind $1
rlfeo549: posts big blind $3
*** HOLE CARDS ***
lfeAEKfc: calls $2
rlfeo549: raises $3 to $6
lfeAEKfc: calls $3
*** FLOP *** [6h 8d 2c]
rlfeo549: bets $3
lfeAEKfc: calls $3
*** TURN *** [6h 8d 2c] [3d]
rlfeo549: bets $6
lfeAEKfc: folds
Uncalled bet ($6) returned to rlfeo549
rlfeo549 collected $17.64 from pot
rlfeo549: doesn't show hand
*** SUMMARY ***
Total pot $18 | Rake $0.36
Board [6h 8d 2c 3d]
Seat 1: rlfeo549 (big blind) collected ($17.64)
Seat 2: lfeAEKfc (button) (small blind) folded on the Turn


PokerStars Hand #146015000421:  Hold'em Limit ($3/$6 USD) - 2015/12/27 14:06:38 ET
Table 'Mizar' 2-max Seat #1 is the button
Seat 1: rlfeo549 ($16.96 in chips)
Seat 2: lfeAEKfc ($48.60 in chips)
rlfeo549: posts small blind $1
lfeAEKfc: posts big blind $3
*** HOLE CARDS ***
rlfeo549: calls $2
lfeAEKfc: checks
*** FLOP *** [Js 8h 6h]
lfeAEKfc: checks
rlfeo549: checks
*** TURN *** [Js 8h 6h] [Ts]
lfeAEKfc: checks
rlfeo549: checks
*** RIVER *** [Js 8h 6h Ts] [3c]
lfeAEKfc: checks
rlfeo549: bets $6
lfeAEKfc: calls $6
*** SHOW DOWN ***
rlfeo549: shows [Th As] (a pair of Tens)
lfeAEKfc: mucks hand
rlfeo549 collected $17.64 from pot
*** SUMMARY ***
Total pot $18 | Rake $0.36
Board [Js 8h 6h Ts 3c]
Seat 1: rlfeo549 (button) (small blind) showed [Th As] and won ($17.64) with a pair of Tens
Seat 2: lfeAEKfc (big blind) mucked


PokerStars Hand #146014984723:  Hold'em Limit ($3/$6 USD) - 2015/12/27 14:06:25 ET
Table 'Mizar' 2-max Seat #2 is the button
Seat 1: rlfeo549 ($19.96 in chips)
Seat 2: lfeAEKfc ($45.72 in chips)
lfeAEKfc: posts small blind $1
rlfeo549: posts big blind $3
*** HOLE CARDS ***
lfeAEKfc: calls $2
rlfeo549: checks
*** FLOP *** [Kc Jc Ks]
rlfeo549: checks
lfeAEKfc: checks
*** TURN *** [Kc Jc Ks] [5s]
rlfeo549: checks
lfeAEKfc: checks
*** RIVER *** [Kc Jc Ks 5s] [6h]
rlfeo549: checks
lfeAEKfc: checks
*** SHOW DOWN ***
rlfeo549: shows [9h 8h] (a pair of Kings)
lfeAEKfc: shows [Qh Jd] (two pair, Kings and Jacks)
lfeAEKfc collected $5.88 from pot
*** SUMMARY ***
Total pot $6 | Rake $0.12
Board [Kc Jc Ks 5s 6h]
Seat 1: rlfeo549 (big blind) showed [9h 8h] and lost with a pair of Kings
Seat 2: lfeAEKfc (button) (small blind) showed [Qh Jd] and won ($5.88) with two pair, Kings and Jacks


PokerStars Hand #146015031626:  Hold'em Limit ($3/$6 USD) - 2015/12/27 14:07:04 ET
Table 'Mizar' 2-max Seat #1 is the button
Seat 1: rlfeo549 ($31.36 in chips)
Seat 2: lfeAEKfc ($33.60 in chips)
rlfeo549: posts small blind $1
lfeAEKfc: posts big blind $3
*** HOLE CARDS ***
rlfeo549: calls $2
lfeAEKfc: raises $3 to $6
rlfeo549: calls $3
*** FLOP *** [Kc 5h 2h]
lfeAEKfc: bets $3
rlfeo549: calls $3
*** TURN *** [Kc 5h 2h] [Tc]
lfeAEKfc: bets $6
rlfeo549: calls $6
*** RIVER *** [Kc 5h 2h Tc] [5c]
lfeAEKfc: checks
rlfeo549: checks
*** SHOW DOWN ***
lfeAEKfc: shows [Ac 7c] (a flush, Ace high)
rlfeo549: mucks hand
lfeAEKfc collected $29.50 from pot
*** SUMMARY ***
Total pot $30 | Rake $0.50
Board [Kc 5h 2h Tc 5c]
Seat 1: rlfeo549 (button) (small blind) mucked
Seat 2: lfeAEKfc (big blind) showed [Ac 7c] and won ($29.50) with a flush, Ace high


PokerStars Hand #146015019564:  Hold'em Limit ($3/$6 USD) - 2015/12/27 14:06:53 ET
Table 'Mizar' 2-max Seat #2 is the button
Seat 1: rlfeo549 ($25.60 in chips)
Seat 2: lfeAEKfc ($39.60 in chips)
lfeAEKfc: posts small blind $1
rlfeo549: posts big blind $3
*** HOLE CARDS ***
lfeAEKfc: calls $2
rlfeo549: raises $3 to $6
lfeAEKfc: calls $3
*** FLOP *** [Js 5c Kd]
rlfeo549: bets $3
lfeAEKfc: folds
Uncalled bet ($3) returned to rlfeo549
rlfeo549 collected $11.76 from pot
rlfeo549: doesn't show hand
*** SUMMARY ***
Total pot $12 | Rake $0.24
Board [Js 5c Kd]
Seat 1: rlfeo549 (big blind) collected ($11.76)
Seat 2: lfeAEKfc (button) (small blind) folded on the Flop


PokerStars Hand #146015066340:  Hold'em Limit ($3/$6 USD) - 2015/12/27 14:07:33 ET
Table 'Mizar' 2-max Seat #1 is the button
Seat 1: rlfeo549 ($22.12 in chips)
Seat 2: lfeAEKfc ($42.10 in chips)
rlfeo549: posts small blind $1
lfeAEKfc: posts big blind $3
*** HOLE CARDS ***
rlfeo549: raises $3 to $6
lfeAEKfc: calls $3
*** FLOP *** [9d 3s Ad]
lfeAEKfc: checks
rlfeo549: bets $3
lfeAEKfc: calls $3
*** TURN *** [9d 3s Ad] [7h]
lfeAEKfc: checks
rlfeo549: checks
*** RIVER *** [9d 3s Ad 7h] [4s]
lfeAEKfc: checks
rlfeo549: checks
*** SHOW DOWN ***
lfeAEKfc: shows [5h 6h] (a straight, Three to Seven)
rlfeo549: mucks hand
lfeAEKfc collected $17.64 from pot
*** SUMMARY ***
Total pot $18 | Rake $0.36
Board [9d 3s Ad 7h 4s]
Seat 1: rlfeo549 (button) (small blind) mucked
Seat 2: lfeAEKfc (big blind) showed [5h 6h] and won ($17.64) with a straight, Three to Seven


PokerStars Hand #146015051106:  Hold'em Limit ($3/$6 USD) - 2015/12/27 14:07:20 ET
Table 'Mizar' 2-max Seat #2 is the button
Seat 1: rlfeo549 ($16.36 in chips)
Seat 2: lfeAEKfc ($48.10 in chips)
lfeAEKfc: posts small blind $1
rlfeo549: posts big blind $3
*** HOLE CARDS ***
lfeAEKfc: calls $2
rlfeo549: checks
*** FLOP *** [Qd 8h Tc]
rlfeo549: bets $3
lfeAEKfc: calls $3
*** TURN *** [Qd 8h Tc] [5s]
rlfeo549: bets $6
lfeAEKfc: folds
Uncalled bet ($6) returned to rlfeo549
rlfeo549 collected $11.76 from pot
rlfeo549: doesn't show hand
*** SUMMARY ***
Total pot $12 | Rake $0.24
Board [Qd 8h Tc 5s]
Seat 1: rlfeo549 (big blind) collected ($11.76)
Seat 2: lfeAEKfc (button) (small blind) folded on the Turn


PokerStars Hand #146015107731:  Hold'em Limit ($3/$6 USD) - 2015/12/27 14:08:08 ET
Table 'Mizar' 2-max Seat #1 is the button
Seat 1: rlfeo549 ($21.76 in chips)
Seat 2: lfeAEKfc ($41.74 in chips)
rlfeo549: posts small blind $1
lfeAEKfc: posts big blind $3
*** HOLE CARDS ***
rlfeo549: calls $2
lfeAEKfc: checks
*** FLOP *** [Ac Kc 3s]
lfeAEKfc: checks
rlfeo549: bets $3
lfeAEKfc: calls $3
*** TURN *** [Ac Kc 3s] [4d]
lfeAEKfc: checks
rlfeo549: checks
*** RIVER *** [Ac Kc 3s 4d] [6d]
lfeAEKfc: checks
rlfeo549: checks
*** SHOW DOWN ***
lfeAEKfc: shows [Qh 9c] (high card Ace)
rlfeo549: shows [8h 3d] (a pair of Threes)
rlfeo549 collected $11.76 from pot
*** SUMMARY ***
Total pot $12 | Rake $0.24
Board [Ac Kc 3s 4d 6d]
Seat 1: rlfeo549 (button) (small blind) showed [8h 3d] and won ($11.76) with a pair of Threes
Seat 2: lfeAEKfc (big blind) showed [Qh 9c] and lost with high card Ace


PokerStars Hand #146015085164:  Hold'em Limit ($3/$6 USD) - 2015/12/27 14:07:49 ET
Table 'Mizar' 2-max Seat #2 is the button
Seat 1: rlfeo549 ($13.12 in chips)
Seat 2: lfeAEKfc ($50.74 in chips)
lfeAEKfc: posts small blind $1
rlfeo549: posts big blind $3
*** HOLE CARDS ***
lfeAEKfc: calls $2
rlfeo549: raises $3 to $6
lfeAEKfc: calls $3
*** FLOP *** [Qs Kc Qd]
rlfeo549: bets $3
lfeAEKfc: calls $3
*** TURN *** [Qs Kc Qd] [3h]
rlfeo549: checks
lfeAEKfc: checks
*** RIVER *** [Qs Kc Qd 3h] [2c]
rlfeo549: checks
lfeAEKfc: checks
*** SHOW DOWN ***
rlfeo549: shows [Qh 5d] (three of a kind, Queens)
lfeAEKfc: mucks hand
rlfeo549 collected $17.64 from pot
*** SUMMARY ***
Total pot $18 | Rake $0.36
Board [Qs Kc Qd 3h 2c]
Seat 1: rlfeo549 (big blind) showed [Qh 5d] and won ($17.64) with three of a kind, Queens
Seat 2: lfeAEKfc (button) (small blind) mucked


PokerStars Hand #146015127231:  Hold'em Limit ($3/$6 USD) - 2015/12/27 14:08:24 ET
Table 'Mizar' 2-max Seat #2 is the button
Seat 1: rlfeo549 ($27.52 in chips)
Seat 2: lfeAEKfc ($35.74 in chips)
lfeAEKfc: posts small blind $1
rlfeo549: posts big blind $3
*** HOLE CARDS ***
lfeAEKfc: calls $2
rlfeo549: checks
*** FLOP *** [7s Ad Qh]
rlfeo549: bets $3
lfeAEKfc: calls $3
*** TURN *** [7s Ad Qh] [Kh]
rlfeo549: bets $6
lfeAEKfc: calls $6
*** RIVER *** [7s Ad Qh Kh] [As]
rlfeo549: checks
lfeAEKfc: checks
*** SHOW DOWN ***
rlfeo549: shows [Tc 4h] (a pair of Aces)
lfeAEKfc: shows [9d Js] (a pair of Aces - King+Queen+Jack kicker)
lfeAEKfc collected $23.52 from pot
*** SUMMARY ***
Total pot $24 | Rake $0.48
Board [7s Ad Qh Kh As]
Seat 1: rlfeo549 (big blind) showed [Tc 4h] and lost with a pair of Aces
Seat 2: lfeAEKfc (button) (small blind) showed [9d Js] and won ($23.52) with a pair of Aces


PokerStars Hand #146015173790:  Hold'em Limit ($3/$6 USD) - 2015/12/27 14:09:04 ET
Table 'Mizar' 2-max Seat #2 is the button
Seat 1: rlfeo549 ($27.04 in chips)
Seat 2: lfeAEKfc ($35.26 in chips)
lfeAEKfc: posts small blind $1
rlfeo549: posts big blind $3
*** HOLE CARDS ***
lfeAEKfc: calls $2
rlfeo549: raises $3 to $6
lfeAEKfc: calls $3
*** FLOP *** [Jd 4c 6s]
rlfeo549: bets $3
lfeAEKfc: calls $3
*** TURN *** [Jd 4c 6s] [Qd]
rlfeo549: bets $6
lfeAEKfc: folds
Uncalled bet ($6) returned to rlfeo549
rlfeo549 collected $17.64 from pot
rlfeo549: doesn't show hand
*** SUMMARY ***
Total pot $18 | Rake $0.36
Board [Jd 4c 6s Qd]
Seat 1: rlfeo549 (big blind) collected ($17.64)
Seat 2: lfeAEKfc (button) (small blind) folded on the Turn


PokerStars Hand #146015149052:  Hold'em Limit ($3/$6 USD) - 2015/12/27 14:08:43 ET
Table 'Mizar' 2-max Seat #1 is the button
Seat 1: rlfeo549 ($15.52 in chips)
Seat 2: lfeAEKfc ($47.26 in chips)
rlfeo549: posts small blind $1
lfeAEKfc: posts big blind $3
*** HOLE CARDS ***
rlfeo549: calls $2
lfeAEKfc: checks
*** FLOP *** [8s Qs Ad]
lfeAEKfc: checks
rlfeo549: bets $3
lfeAEKfc: calls $3
*** TURN *** [8s Qs Ad] [2c]
lfeAEKfc: checks
rlfeo549: bets $6
lfeAEKfc: calls $6
*** RIVER *** [8s Qs Ad 2c] [8h]
lfeAEKfc: checks
rlfeo549: bets $3.52 and is all-in
lfeAEKfc: folds
Uncalled bet ($3.52) returned to rlfeo549
rlfeo549 collected $23.52 from pot
rlfeo549: doesn't show hand
*** SUMMARY ***
Total pot $24 | Rake $0.48
Board [8s Qs Ad 2c 8h]
Seat 1: rlfeo549 (button) (small blind) collected ($23.52)
Seat 2: lfeAEKfc (big blind) folded on the River


PokerStars Hand #146015210413:  Hold'em Limit ($3/$6 USD) - 2015/12/27 14:09:35 ET
Table 'Mizar' 2-max Seat #2 is the button
Seat 1: rlfeo549 ($44.32 in chips)
Seat 2: lfeAEKfc ($17.26 in chips)
lfeAEKfc: posts small blind $1
rlfeo549: posts big blind $3
*** HOLE CARDS ***
lfeAEKfc: calls $2
rlfeo549: checks
*** FLOP *** [6h Th 8s]
rlfeo549: checks
lfeAEKfc: checks
*** TURN *** [6h Th 8s] [Kh]
rlfeo549: checks
lfeAEKfc: checks
*** RIVER *** [6h Th 8s Kh] [9c]
rlfeo549: checks
lfeAEKfc: checks
*** SHOW DOWN ***
rlfeo549: shows [4c 5s] (high card King)
lfeAEKfc: shows [9s 7h] (a straight, Six to Ten)
lfeAEKfc collected $5.88 from pot
*** SUMMARY ***
Total pot $6 | Rake $0.12
Board [6h Th 8s Kh 9c]
Seat 1: rlfeo549 (big blind) showed [4c 5s] and lost with high card King
Seat 2: lfeAEKfc (button) (small blind) showed [9s 7h] and won ($5.88) with a straight, Six to Ten


PokerStars Hand #146015193853:  Hold'em Limit ($3/$6 USD) - 2015/12/27 14:09:21 ET
Table 'Mizar' 2-max Seat #1 is the button
Seat 1: rlfeo549 ($35.68 in chips)
Seat 2: lfeAEKfc ($26.26 in chips)
rlfeo549: posts small blind $1
lfeAEKfc: posts big blind $3
*** HOLE CARDS ***
rlfeo549: raises $3 to $6
lfeAEKfc: calls $3
*** FLOP *** [3s 5s 4h]
lfeAEKfc: bets $3
rlfeo549: calls $3
*** TURN *** [3s 5s 4h] [Qh]
lfeAEKfc: checks
rlfeo549: checks
*** RIVER *** [3s 5s 4h Qh] [Td]
lfeAEKfc: checks
rlfeo549: checks
*** SHOW DOWN ***
lfeAEKfc: shows [9c 6d] (high card Queen)
rlfeo549: shows [7c Jd] (high card Queen - Jack kicker)
rlfeo549 collected $17.64 from pot
*** SUMMARY ***
Total pot $18 | Rake $0.36
Board [3s 5s 4h Qh Td]
Seat 1: rlfeo549 (button) (small blind) showed [7c Jd] and won ($17.64) with high card Queen
Seat 2: lfeAEKfc (big blind) showed [9c 6d] and lost with high card Queen


PokerStars Hand #146015225551:  Hold'em Limit ($3/$6 USD) - 2015/12/27 14:09:48 ET
Table 'Mizar' 2-max Seat #1 is the button
Seat 1: rlfeo549 ($41.32 in chips)
Seat 2: lfeAEKfc ($20.14 in chips)
rlfeo549: posts small blind $1
lfeAEKfc: posts big blind $3
*** HOLE CARDS ***
rlfeo549: calls $2
lfeAEKfc: raises $3 to $6
rlfeo549: calls $3
*** FLOP *** [9h 5h 3s]
lfeAEKfc: bets $3
rlfeo549: calls $3
*** TURN *** [9h 5h 3s] [6c]
lfeAEKfc: checks
rlfeo549: checks
*** RIVER *** [9h 5h 3s 6c] [Th]
lfeAEKfc: checks
rlfeo549: checks
*** SHOW DOWN ***
lfeAEKfc: shows [As 8s] (high card Ace)
rlfeo549: shows [2d 4s] (a straight, Deuce to Six)
rlfeo549 collected $17.64 from pot
*** SUMMARY ***
Total pot $18 | Rake $0.36
Board [9h 5h 3s 6c Th]
Seat 1: rlfeo549 (button) (small blind) showed [2d 4s] and won ($17.64) with a straight, Deuce to Six
Seat 2: lfeAEKfc (big blind) showed [As 8s] and lost with high card Ace


PokerStars Hand #146015274052:  Hold'em Limit ($3/$6 USD) - 2015/12/27 14:10:31 ET
Table 'Mizar' 2-max Seat #2 is the button
Seat 1: rlfeo549 ($40.96 in chips)
Seat 2: lfeAEKfc ($19.90 in chips)
lfeAEKfc: posts small blind $1
rlfeo549: posts big blind $3
*** HOLE CARDS ***
lfeAEKfc: calls $2
rlfeo549: checks
*** FLOP *** [8c Ad 9c]
rlfeo549: checks
lfeAEKfc: bets $3
rlfeo549: calls $3
*** TURN *** [8c Ad 9c] [3d]
rlfeo549: checks
lfeAEKfc: bets $6
rlfeo549: folds
Uncalled bet ($6) returned to lfeAEKfc
lfeAEKfc collected $11.76 from pot
lfeAEKfc: doesn't show hand
*** SUMMARY ***
Total pot $12 | Rake $0.24
Board [8c Ad 9c 3d]
Seat 1: rlfeo549 (big blind) folded on the Turn
Seat 2: lfeAEKfc (button) (small blind) collected ($11.76)


PokerStars Hand #146015252696:  Hold'em Limit ($3/$6 USD) - 2015/12/27 14:10:11 ET
Table 'Mizar' 2-max Seat #1 is the button
Seat 1: rlfeo549 ($46.96 in chips)
Seat 2: lfeAEKfc ($14.14 in chips)
rlfeo549: posts small blind $1
lfeAEKfc: posts big blind $3
*** HOLE CARDS ***
rlfeo549: calls $2
lfeAEKfc: raises $3 to $6
rlfeo549: calls $3
*** FLOP *** [4h 9s Jh]
lfeAEKfc: checks
rlfeo549: checks
*** TURN *** [4h 9s Jh] [Ts]
lfeAEKfc: checks
rlfeo549: checks
*** RIVER *** [4h 9s Jh Ts] [Qh]
lfeAEKfc: checks
rlfeo549: checks
*** SHOW DOWN ***
lfeAEKfc: shows [Ah Ac] (a pair of Aces)
rlfeo549: mucks hand
lfeAEKfc collected $11.76 from pot
*** SUMMARY ***
Total pot $12 | Rake $0.24
Board [4h 9s Jh Ts Qh]
Seat 1: rlfeo549 (button) (small blind) mucked
Seat 2: lfeAEKfc (big blind) showed [Ah Ac] and won ($11.76) with a pair of Aces


PokerStars Hand #146015244656:  Hold'em Limit ($3/$6 USD) - 2015/12/27 14:10:04 ET
Table 'Mizar' 2-max Seat #2 is the button
Seat 1: rlfeo549 ($49.96 in chips)
Seat 2: lfeAEKfc ($11.14 in chips)
lfeAEKfc: posts small blind $1
rlfeo549: posts big blind $3
*** HOLE CARDS ***
lfeAEKfc: raises $3 to $6
rlfeo549: folds
Uncalled bet ($3) returned to lfeAEKfc
lfeAEKfc collected $6 from pot
lfeAEKfc: doesn't show hand
*** SUMMARY ***
Total pot $6 | Rake $0
Seat 1: rlfeo549 (big blind) folded before Flop
Seat 2: lfeAEKfc (button) (small blind) collected ($6)


PokerStars Hand #146015293842:  Hold'em Limit ($3/$6 USD) - 2015/12/27 14:10:48 ET
Table 'Mizar' 2-max Seat #1 is the button
Seat 1: rlfeo549 ($34.96 in chips)
Seat 2: lfeAEKfc ($25.66 in chips)
rlfeo549: posts small blind $1
lfeAEKfc: posts big blind $3
*** HOLE CARDS ***
rlfeo549: calls $2
lfeAEKfc: raises $3 to $6
rlfeo549: calls $3
*** FLOP *** [8c Tc 6c]
lfeAEKfc: bets $3
rlfeo549: calls $3
*** TURN *** [8c Tc 6c] [8h]
lfeAEKfc: checks
rlfeo549: checks
*** RIVER *** [8c Tc 6c 8h] [7s]
lfeAEKfc: checks
rlfeo549: checks
*** SHOW DOWN ***
lfeAEKfc: shows [4c Kh] (a pair of Eights)
rlfeo549: shows [7d 7c] (a full house, Sevens full of Eights)
rlfeo549 collected $17.64 from pot
*** SUMMARY ***
Total pot $18 | Rake $0.36
Board [8c Tc 6c 8h 7s]
Seat 1: rlfeo549 (button) (small blind) showed [7d 7c] and won ($17.64) with a full house, Sevens full of Eights
Seat 2: lfeAEKfc (big blind) showed [4c Kh] and lost with a pair of Eights


PokerStars Hand #146015357855:  Hold'em Limit ($3/$6 USD) - 2015/12/27 14:11:42 ET
Table 'Mizar' 2-max Seat #1 is the button
Seat 1: rlfeo549 ($40.36 in chips)
Seat 2: lfeAEKfc ($19.42 in chips)
rlfeo549: posts small blind $1
lfeAEKfc: posts big blind $3
*** HOLE CARDS ***
rlfeo549: calls $2
lfeAEKfc: raises $3 to $6
rlfeo549: calls $3
*** FLOP *** [Qc 2s Jc]
lfeAEKfc: bets $3
rlfeo549: folds
Uncalled bet ($3) returned to lfeAEKfc
lfeAEKfc collected $11.76 from pot
lfeAEKfc: doesn't show hand
*** SUMMARY ***
Total pot $12 | Rake $0.24
Board [Qc 2s Jc]
Seat 1: rlfeo549 (button) (small blind) folded on the Flop
Seat 2: lfeAEKfc (big blind) collected ($11.76)


PokerStars Hand #146015343555:  Hold'em Limit ($3/$6 USD) - 2015/12/27 14:11:30 ET
Table 'Mizar' 2-max Seat #2 is the button
Seat 1: rlfeo549 ($46.36 in chips)
Seat 2: lfeAEKfc ($13.66 in chips)
lfeAEKfc: posts small blind $1
rlfeo549: posts big blind $3
*** HOLE CARDS ***
lfeAEKfc: raises $3 to $6
rlfeo549: calls $3
*** FLOP *** [3h 2h 6c]
rlfeo549: checks
lfeAEKfc: bets $3
rlfeo549: folds
Uncalled bet ($3) returned to lfeAEKfc
lfeAEKfc collected $11.76 from pot
lfeAEKfc: doesn't show hand
*** SUMMARY ***
Total pot $12 | Rake $0.24
Board [3h 2h 6c]
Seat 1: rlfeo549 (big blind) folded on the Flop
Seat 2: lfeAEKfc (button) (small blind) collected ($11.76)


PokerStars Hand #146015335341:  Hold'em Limit ($3/$6 USD) - 2015/12/27 14:11:23 ET
Table 'Mizar' 2-max Seat #1 is the button
Seat 1: rlfeo549 ($49.36 in chips)
Seat 2: lfeAEKfc ($10.66 in chips)
rlfeo549: posts small blind $1
lfeAEKfc: posts big blind $3
*** HOLE CARDS ***
rlfeo549: calls $2
lfeAEKfc: raises $3 to $6
rlfeo549: folds
Uncalled bet ($3) returned to lfeAEKfc
lfeAEKfc collected $6 from pot
lfeAEKfc: doesn't show hand
*** SUMMARY ***
Total pot $6 | Rake $0
Seat 1: rlfeo549 (button) (small blind) folded before Flop
Seat 2: lfeAEKfc (big blind) collected ($6)


PokerStars Hand #146015311946:  Hold'em Limit ($3/$6 USD) - 2015/12/27 14:11:03 ET
Table 'Mizar' 2-max Seat #2 is the button
Seat 1: rlfeo549 ($43.60 in chips)
Seat 2: lfeAEKfc ($16.66 in chips)
lfeAEKfc: posts small blind $1
rlfeo549: posts big blind $3
*** HOLE CARDS ***
lfeAEKfc: calls $2
rlfeo549: checks
*** FLOP *** [Ah 8h Tc]
rlfeo549: checks
lfeAEKfc: bets $3
rlfeo549: calls $3
*** TURN *** [Ah 8h Tc] [Ac]
rlfeo549: checks
lfeAEKfc: checks
*** RIVER *** [Ah 8h Tc Ac] [6h]
rlfeo549: checks
lfeAEKfc: checks
*** SHOW DOWN ***
rlfeo549: shows [7h Ad] (three of a kind, Aces)
lfeAEKfc: mucks hand
rlfeo549 collected $11.76 from pot
*** SUMMARY ***
Total pot $12 | Rake $0.24
Board [Ah 8h Tc Ac 6h]
Seat 1: rlfeo549 (big blind) showed [7h Ad] and won ($11.76) with three of a kind, Aces
Seat 2: lfeAEKfc (button) (small blind) mucked


PokerStars Hand #146015419297:  Hold'em Limit ($3/$6 USD) - 2015/12/27 14:12:35 ET
Table 'Mizar' 2-max Seat #1 is the button
Seat 1: rlfeo549 ($31 in chips)
Seat 2: lfeAEKfc ($27.70 in chips)
rlfeo549: posts small blind $1
lfeAEKfc: posts big blind $3
*** HOLE CARDS ***
rlfeo549: calls $2
lfeAEKfc: raises $3 to $6
rlfeo549: calls $3
*** FLOP *** [8c 7d Ks]
lfeAEKfc: bets $3
rlfeo549: calls $3
*** TURN *** [8c 7d Ks] [3c]
lfeAEKfc: checks
rlfeo549: checks
*** RIVER *** [8c 7d Ks 3c] [Qs]
lfeAEKfc: checks
rlfeo549: checks
*** SHOW DOWN ***
lfeAEKfc: shows [Qc 7h] (two pair, Queens and Sevens)
rlfeo549: shows [Qh 8d] (two pair, Queens and Eights)
rlfeo549 collected $17.64 from pot
*** SUMMARY ***
Total pot $18 | Rake $0.36
Board [8c 7d Ks 3c Qs]
Seat 1: rlfeo549 (button) (small blind) showed [Qh 8d] and won ($17.64) with two pair, Queens and Eights
Seat 2: lfeAEKfc (big blind) showed [Qc 7h] and lost with two pair, Queens and Sevens


PokerStars Hand #146015406923:  Hold'em Limit ($3/$6 USD) - 2015/12/27 14:12:24 ET
Table 'Mizar' 2-max Seat #2 is the button
Seat 1: rlfeo549 ($37 in chips)
Seat 2: lfeAEKfc ($21.94 in chips)
lfeAEKfc: posts small blind $1
rlfeo549: posts big blind $3
*** HOLE CARDS ***
lfeAEKfc: raises $3 to $6
rlfeo549: calls $3
*** FLOP *** [7d Ks Js]
rlfeo549: checks
lfeAEKfc: bets $3
rlfeo549: folds
Uncalled bet ($3) returned to lfeAEKfc
lfeAEKfc collected $11.76 from pot
lfeAEKfc: doesn't show hand
*** SUMMARY ***
Total pot $12 | Rake $0.24
Board [7d Ks Js]
Seat 1: rlfeo549 (big blind) folded on the Flop
Seat 2: lfeAEKfc (button) (small blind) collected ($11.76)


PokerStars Hand #146015392455:  Hold'em Limit ($3/$6 USD) - 2015/12/27 14:12:12 ET
Table 'Mizar' 2-max Seat #1 is the button
Seat 1: rlfeo549 ($43 in chips)
Seat 2: lfeAEKfc ($16.18 in chips)
rlfeo549: posts small blind $1
lfeAEKfc: posts big blind $3
*** HOLE CARDS ***
rlfeo549: calls $2
lfeAEKfc: raises $3 to $6
rlfeo549: calls $3
*** FLOP *** [9d 6c 5h]
lfeAEKfc: bets $3
rlfeo549: folds
Uncalled bet ($3) returned to lfeAEKfc
lfeAEKfc collected $11.76 from pot
lfeAEKfc: doesn't show hand
*** SUMMARY ***
Total pot $12 | Rake $0.24
Board [9d 6c 5h]
Seat 1: rlfeo549 (button) (small blind) folded on the Flop
Seat 2: lfeAEKfc (big blind) collected ($11.76)


PokerStars Hand #146015373706:  Hold'em Limit ($3/$6 USD) - 2015/12/27 14:11:56 ET
Table 'Mizar' 2-max Seat #2 is the button
Seat 1: rlfeo549 ($34.36 in chips)
Seat 2: lfeAEKfc ($25.18 in chips)
lfeAEKfc: posts small blind $1
rlfeo549: posts big blind $3
*** HOLE CARDS ***
lfeAEKfc: raises $3 to $6
rlfeo549: calls $3
*** FLOP *** [Jd 2d 4s]
rlfeo549: checks
lfeAEKfc: bets $3
rlfeo549: calls $3
*** TURN *** [Jd 2d 4s] [Th]
rlfeo549: checks
lfeAEKfc: checks
*** RIVER *** [Jd 2d 4s Th] [8c]
rlfeo549: checks
lfeAEKfc: checks
*** SHOW DOWN ***
rlfeo549: shows [5c Tc] (a pair of Tens)
lfeAEKfc: mucks hand
rlfeo549 collected $17.64 from pot
*** SUMMARY ***
Total pot $18 | Rake $0.36
Board [Jd 2d 4s Th 8c]
Seat 1: rlfeo549 (big blind) showed [5c Tc] and won ($17.64) with a pair of Tens
Seat 2: lfeAEKfc (button) (small blind) mucked


PokerStars Hand #146015440884:  Hold'em Limit ($3/$6 USD) - 2015/12/27 14:12:54 ET
Table 'Mizar' 2-max Seat #2 is the button
Seat 1: rlfeo549 ($39.64 in chips)
Seat 2: lfeAEKfc ($18.70 in chips)
lfeAEKfc: posts small blind $1
rlfeo549: posts big blind $3
*** HOLE CARDS ***
lfeAEKfc: calls $2
rlfeo549: checks
*** FLOP *** [Js Th 7d]
rlfeo549: checks
lfeAEKfc: checks
*** TURN *** [Js Th 7d] [8c]
rlfeo549: checks
lfeAEKfc: checks
*** RIVER *** [Js Th 7d 8c] [2d]
rlfeo549: checks
lfeAEKfc: bets $6
rlfeo549: calls $6
*** SHOW DOWN ***
lfeAEKfc: shows [9c Qd] (a straight, Eight to Queen)
rlfeo549: mucks hand
lfeAEKfc collected $17.64 from pot
*** SUMMARY ***
Total pot $18 | Rake $0.36
Board [Js Th 7d 8c 2d]
Seat 1: rlfeo549 (big blind) mucked
Seat 2: lfeAEKfc (button) (small blind) showed [9c Qd] and won ($17.64) with a straight, Eight to Queen


PokerStars Hand #146015496608:  Hold'em Limit ($3/$6 USD) - 2015/12/27 14:13:44 ET
Table 'Mizar' 2-max Seat #1 is the button
Seat 1: rlfeo549 ($12.64 in chips)
Seat 2: lfeAEKfc ($44.62 in chips)
rlfeo549: posts small blind $1
lfeAEKfc: posts big blind $3
*** HOLE CARDS ***
rlfeo549: calls $2
lfeAEKfc: checks
*** FLOP *** [Jc Qs 8d]
lfeAEKfc: checks
rlfeo549: bets $3
lfeAEKfc: folds
Uncalled bet ($3) returned to rlfeo549
rlfeo549 collected $5.88 from pot
rlfeo549: doesn't show hand
*** SUMMARY ***
Total pot $6 | Rake $0.12
Board [Jc Qs 8d]
Seat 1: rlfeo549 (button) (small blind) collected ($5.88)
Seat 2: lfeAEKfc (big blind) folded on the Flop


PokerStars Hand #146015481977:  Hold'em Limit ($3/$6 USD) - 2015/12/27 14:13:31 ET
Table 'Mizar' 2-max Seat #2 is the button
Seat 1: rlfeo549 ($21.64 in chips)
Seat 2: lfeAEKfc ($35.98 in chips)
lfeAEKfc: posts small blind $1
rlfeo549: posts big blind $3
*** HOLE CARDS ***
lfeAEKfc: raises $3 to $6
rlfeo549: calls $3
*** FLOP *** [3h Ah 3d]
rlfeo549: bets $3
lfeAEKfc: calls $3
*** TURN *** [3h Ah 3d] [4s]
rlfeo549: checks
lfeAEKfc: checks
*** RIVER *** [3h Ah 3d 4s] [5s]
rlfeo549: checks
lfeAEKfc: checks
*** SHOW DOWN ***
rlfeo549: shows [7d Qs] (a pair of Threes)
lfeAEKfc: shows [Jh 3s] (three of a kind, Threes)
lfeAEKfc collected $17.64 from pot
*** SUMMARY ***
Total pot $18 | Rake $0.36
Board [3h Ah 3d 4s 5s]
Seat 1: rlfeo549 (big blind) showed [7d Qs] and lost with a pair of Threes
Seat 2: lfeAEKfc (button) (small blind) showed [Jh 3s] and won ($17.64) with three of a kind, Threes


PokerStars Hand #146015462056:  Hold'em Limit ($3/$6 USD) - 2015/12/27 14:13:12 ET
Table 'Mizar' 2-max Seat #1 is the button
Seat 1: rlfeo549 ($30.64 in chips)
Seat 2: lfeAEKfc ($27.34 in chips)
rlfeo549: posts small blind $1
lfeAEKfc: posts big blind $3
*** HOLE CARDS ***
rlfeo549: calls $2
lfeAEKfc: raises $3 to $6
rlfeo549: calls $3
*** FLOP *** [2h Jh 5d]
lfeAEKfc: bets $3
rlfeo549: calls $3
*** TURN *** [2h Jh 5d] [9h]
lfeAEKfc: bets $6
rlfeo549: folds
Uncalled bet ($6) returned to lfeAEKfc
lfeAEKfc collected $17.64 from pot
lfeAEKfc: doesn't show hand
*** SUMMARY ***
Total pot $18 | Rake $0.36
Board [2h Jh 5d 9h]
Seat 1: rlfeo549 (button) (small blind) folded on the Turn
Seat 2: lfeAEKfc (big blind) collected ($17.64)


PokerStars Hand #146015507990:  Hold'em Limit ($3/$6 USD) - 2015/12/27 14:13:56 ET
Table 'Mizar' 2-max Seat #2 is the button
Seat 1: rlfeo549 ($15.52 in chips)
Seat 2: lfeAEKfc ($41.62 in chips)
lfeAEKfc: posts small blind $1
rlfeo549: posts big blind $3
*** HOLE CARDS ***
lfeAEKfc: calls $2
rlfeo549: raises $3 to $6
lfeAEKfc: calls $3
*** FLOP *** [9d Qs 9h]
rlfeo549: bets $3
lfeAEKfc: folds
Uncalled bet ($3) returned to rlfeo549
rlfeo549 collected $11.76 from pot
rlfeo549: doesn't show hand
*** SUMMARY ***
Total pot $12 | Rake $0.24
Board [9d Qs 9h]
Seat 1: rlfeo549 (big blind) collected ($11.76)
Seat 2: lfeAEKfc (button) (small blind) folded on the Flop


PokerStars Hand #146015525379:  Hold'em Limit ($3/$6 USD) - 2015/12/27 14:14:12 ET
Table 'Mizar' 2-max Seat #1 is the button
Seat 1: rlfeo549 ($21.28 in chips)
Seat 2: lfeAEKfc ($35.62 in chips)
rlfeo549: posts small blind $1
lfeAEKfc: posts big blind $3
*** HOLE CARDS ***
rlfeo549: calls $2
lfeAEKfc: raises $3 to $6
rlfeo549: calls $3
*** FLOP *** [9d 4c Kc]
lfeAEKfc: bets $3
rlfeo549: folds
Uncalled bet ($3) returned to lfeAEKfc
lfeAEKfc collected $11.76 from pot
*** SUMMARY ***
Total pot $12 | Rake $0.24
Board [9d 4c Kc]
Seat 1: rlfeo549 (button) (small blind) folded on the Flop
Seat 2: lfeAEKfc (big blind) collected ($11.76)


PokerStars Hand #146015583210:  Hold'em Limit ($3/$6 USD) - 2015/12/27 14:15:03 ET
Table 'Mizar' 2-max Seat #2 is the button
Seat 1: rlfeo549 ($15.28 in chips)
Seat 2: lfeAEKfc ($41.38 in chips)
lfeAEKfc: posts small blind $1
rlfeo549: posts big blind $3
*** HOLE CARDS ***
lfeAEKfc: calls $2
rlfeo549: raises $3 to $6
lfeAEKfc: calls $3
*** FLOP *** [4h Ah Qc]
rlfeo549: bets $3
lfeAEKfc: folds
Uncalled bet ($3) returned to rlfeo549
rlfeo549 collected $11.76 from pot
rlfeo549: doesn't show hand
*** SUMMARY ***
Total pot $12 | Rake $0.24
Board [4h Ah Qc]
Seat 1: rlfeo549 (big blind) collected ($11.76)
Seat 2: lfeAEKfc (button) (small blind) folded on the Flop


PokerStars Hand #146015596933:  Hold'em Limit ($3/$6 USD) - 2015/12/27 14:15:15 ET
Table 'Mizar' 2-max Seat #1 is the button
Seat 1: rlfeo549 ($21.04 in chips)
Seat 2: lfeAEKfc ($35.38 in chips)
rlfeo549: posts small blind $1
lfeAEKfc: posts big blind $3
*** HOLE CARDS ***
rlfeo549: raises $3 to $6
lfeAEKfc: calls $3
*** FLOP *** [3d 2s 5d]
lfeAEKfc: checks
rlfeo549: bets $3
lfeAEKfc: calls $3
*** TURN *** [3d 2s 5d] [Ac]
lfeAEKfc: checks
rlfeo549: checks
*** RIVER *** [3d 2s 5d Ac] [4d]
lfeAEKfc: checks
rlfeo549: checks
*** SHOW DOWN ***
lfeAEKfc: shows [9d 9s] (a straight, Ace to Five)
rlfeo549: shows [7h 6d] (a straight, Three to Seven)
rlfeo549 collected $17.64 from pot
*** SUMMARY ***
Total pot $18 | Rake $0.36
Board [3d 2s 5d Ac 4d]
Seat 1: rlfeo549 (button) (small blind) showed [7h 6d] and won ($17.64) with a straight, Three to Seven
Seat 2: lfeAEKfc (big blind) showed [9d 9s] and lost with a straight, Ace to Five


PokerStars Hand #146015635115:  Hold'em Limit ($3/$6 USD) - 2015/12/27 14:15:58 ET
Table 'Mizar' 2-max Seat #1 is the button
Seat 1: rlfeo549 ($14.68 in chips)
Seat 2: lfeAEKfc ($40.88 in chips)
rlfeo549: posts small blind $1
lfeAEKfc: posts big blind $3
*** HOLE CARDS ***
rlfeo549: calls $2
lfeAEKfc: checks
*** FLOP *** [As 5c 3h]
lfeAEKfc: checks
rlfeo549: bets $3
lfeAEKfc: calls $3
*** TURN *** [As 5c 3h] [Qs]
lfeAEKfc: checks
rlfeo549: bets $6
lfeAEKfc: folds
Uncalled bet ($6) returned to rlfeo549
rlfeo549 collected $11.76 from pot
rlfeo549: doesn't show hand
*** SUMMARY ***
Total pot $12 | Rake $0.24
Board [As 5c 3h Qs]
Seat 1: rlfeo549 (button) (small blind) collected ($11.76)
Seat 2: lfeAEKfc (big blind) folded on the Turn


PokerStars Hand #146015618187:  Hold'em Limit ($3/$6 USD) - 2015/12/27 14:15:38 ET
Table 'Mizar' 2-max Seat #2 is the button
Seat 1: rlfeo549 ($29.68 in chips)
Seat 2: lfeAEKfc ($26.38 in chips)
lfeAEKfc: posts small blind $1
rlfeo549: posts big blind $3
*** HOLE CARDS ***
lfeAEKfc: calls $2
rlfeo549: raises $3 to $6
lfeAEKfc: calls $3
*** FLOP *** [7s 5h 7d]
rlfeo549: bets $3
lfeAEKfc: calls $3
*** TURN *** [7s 5h 7d] [9h]
rlfeo549: bets $6
lfeAEKfc: calls $6
*** RIVER *** [7s 5h 7d 9h] [Kc]
rlfeo549: checks
lfeAEKfc: checks
*** SHOW DOWN ***
rlfeo549: shows [7h 4c] (three of a kind, Sevens)
lfeAEKfc: shows [9c 7c] (a full house, Sevens full of Nines)
lfeAEKfc collected $29.50 from pot
*** SUMMARY ***
Total pot $30 | Rake $0.50
Board [7s 5h 7d 9h Kc]
Seat 1: rlfeo549 (big blind) showed [7h 4c] and lost with three of a kind, Sevens
Seat 2: lfeAEKfc (button) (small blind) showed [9c 7c] and won ($29.50) with a full house, Sevens full of Nines


PokerStars Hand #146015659658:  Hold'em Limit ($3/$6 USD) - 2015/12/27 14:16:22 ET
Table 'Mizar' 2-max Seat #2 is the button
Seat 1: rlfeo549 ($20.44 in chips)
Seat 2: lfeAEKfc ($34.88 in chips)
lfeAEKfc: posts small blind $1
rlfeo549: posts big blind $3
*** HOLE CARDS ***
lfeAEKfc: calls $2
rlfeo549: raises $3 to $6
lfeAEKfc: calls $3
*** FLOP *** [8h Tc Jd]
rlfeo549: bets $3
lfeAEKfc: calls $3
*** TURN *** [8h Tc Jd] [5s]
rlfeo549: bets $6
lfeAEKfc: folds
Uncalled bet ($6) returned to rlfeo549
rlfeo549 collected $17.64 from pot
rlfeo549: doesn't show hand
*** SUMMARY ***
Total pot $18 | Rake $0.36
Board [8h Tc Jd 5s]
Seat 1: rlfeo549 (big blind) collected ($17.64)
Seat 2: lfeAEKfc (button) (small blind) folded on the Turn


PokerStars Hand #146015724751:  Hold'em Limit ($3/$6 USD) - 2015/12/27 14:17:17 ET
Table 'Mizar' 2-max Seat #2 is the button
Seat 1: rlfeo549 ($20.08 in chips)
Seat 2: lfeAEKfc ($34.52 in chips)
lfeAEKfc: posts small blind $1
rlfeo549: posts big blind $3
*** HOLE CARDS ***
lfeAEKfc: raises $3 to $6
rlfeo549: calls $3
*** FLOP *** [8c Jc Kh]
rlfeo549: checks
lfeAEKfc: checks
*** TURN *** [8c Jc Kh] [Qs]
rlfeo549: bets $6
lfeAEKfc: folds
Uncalled bet ($6) returned to rlfeo549
rlfeo549 collected $11.76 from pot
rlfeo549: doesn't show hand
*** SUMMARY ***
Total pot $12 | Rake $0.24
Board [8c Jc Kh Qs]
Seat 1: rlfeo549 (big blind) collected ($11.76)
Seat 2: lfeAEKfc (button) (small blind) folded on the Turn


PokerStars Hand #146015695363:  Hold'em Limit ($3/$6 USD) - 2015/12/27 14:16:51 ET
Table 'Mizar' 2-max Seat #1 is the button
Seat 1: rlfeo549 ($29.08 in chips)
Seat 2: lfeAEKfc ($25.88 in chips)
rlfeo549: posts small blind $1
lfeAEKfc: posts big blind $3
*** HOLE CARDS ***
rlfeo549: calls $2
lfeAEKfc: raises $3 to $6
rlfeo549: calls $3
*** FLOP *** [2h Ad Ts]
lfeAEKfc: bets $3
rlfeo549: calls $3
*** TURN *** [2h Ad Ts] [6h]
lfeAEKfc: bets $6
rlfeo549: folds
Uncalled bet ($6) returned to lfeAEKfc
lfeAEKfc collected $17.64 from pot
lfeAEKfc: doesn't show hand
*** SUMMARY ***
Total pot $18 | Rake $0.36
Board [2h Ad Ts 6h]
Seat 1: rlfeo549 (button) (small blind) folded on the Turn
Seat 2: lfeAEKfc (big blind) collected ($17.64)


PokerStars Hand #146015747509:  Hold'em Limit ($3/$6 USD) - 2015/12/27 14:17:36 ET
Table 'Mizar' 2-max Seat #1 is the button
Seat 1: rlfeo549 ($25.84 in chips)
Seat 2: lfeAEKfc ($28.52 in chips)
rlfeo549: posts small blind $1
lfeAEKfc: posts big blind $3
*** HOLE CARDS ***
rlfeo549: calls $2
lfeAEKfc: raises $3 to $6
rlfeo549: calls $3
*** FLOP *** [2h 5s 3d]
lfeAEKfc: checks
rlfeo549: checks
*** TURN *** [2h 5s 3d] [8s]
lfeAEKfc: checks
rlfeo549: checks
*** RIVER *** [2h 5s 3d 8s] [Ks]
lfeAEKfc: checks
rlfeo549: checks
*** SHOW DOWN ***
lfeAEKfc: shows [Qh Kc] (a pair of Kings)
rlfeo549: mucks hand
lfeAEKfc collected $11.76 from pot
*** SUMMARY ***
Total pot $12 | Rake $0.24
Board [2h 5s 3d 8s Ks]
Seat 1: rlfeo549 (button) (small blind) mucked
Seat 2: lfeAEKfc (big blind) showed [Qh Kc] and won ($11.76) with a pair of Kings


PokerStars Hand #146015827355:  Hold'em Limit ($3/$6 USD) - 2015/12/27 14:18:44 ET
Table 'Mizar' 2-max Seat #2 is the button
Seat 1: rlfeo549 ($45.86 in chips)
Seat 2: lfeAEKfc ($7.28 in chips)
lfeAEKfc: posts small blind $1
rlfeo549: posts big blind $3
*** HOLE CARDS ***
lfeAEKfc: calls $2
rlfeo549: checks
*** FLOP *** [Ts Tc 5d]
rlfeo549: checks
lfeAEKfc: bets $3
rlfeo549: folds
Uncalled bet ($3) returned to lfeAEKfc
lfeAEKfc collected $5.88 from pot
lfeAEKfc: doesn't show hand
*** SUMMARY ***
Total pot $6 | Rake $0.12
Board [Ts Tc 5d]
Seat 1: rlfeo549 (big blind) folded on the Flop
Seat 2: lfeAEKfc (button) (small blind) collected ($5.88)


PokerStars Hand #146015804941:  Hold'em Limit ($3/$6 USD) - 2015/12/27 14:18:24 ET
Table 'Mizar' 2-max Seat #1 is the button
Seat 1: rlfeo549 ($31.36 in chips)
Seat 2: lfeAEKfc ($22.28 in chips)
rlfeo549: posts small blind $1
lfeAEKfc: posts big blind $3
*** HOLE CARDS ***
rlfeo549: raises $3 to $6
lfeAEKfc: calls $3
*** FLOP *** [6c 3s 4d]
lfeAEKfc: checks
rlfeo549: bets $3
lfeAEKfc: calls $3
*** TURN *** [6c 3s 4d] [2c]
lfeAEKfc: bets $6
rlfeo549: calls $6
*** RIVER *** [6c 3s 4d 2c] [Td]
lfeAEKfc: checks
rlfeo549: checks
*** SHOW DOWN ***
lfeAEKfc: shows [2s Th] (two pair, Tens and Deuces)
rlfeo549: shows [Kd 5d] (a straight, Deuce to Six)
rlfeo549 collected $29.50 from pot
*** SUMMARY ***
Total pot $30 | Rake $0.50
Board [6c 3s 4d 2c Td]
Seat 1: rlfeo549 (button) (small blind) showed [Kd 5d] and won ($29.50) with a straight, Deuce to Six
Seat 2: lfeAEKfc (big blind) showed [2s Th] and lost with two pair, Tens and Deuces


PokerStars Hand #146015776815:  Hold'em Limit ($3/$6 USD) - 2015/12/27 14:18:01 ET
Table 'Mizar' 2-max Seat #2 is the button
Seat 1: rlfeo549 ($19.84 in chips)
Seat 2: lfeAEKfc ($34.28 in chips)
lfeAEKfc: posts small blind $1
rlfeo549: posts big blind $3
*** HOLE CARDS ***
lfeAEKfc: calls $2
rlfeo549: checks
*** FLOP *** [Td 5s Tc]
rlfeo549: bets $3
lfeAEKfc: calls $3
*** TURN *** [Td 5s Tc] [7c]
rlfeo549: bets $6
lfeAEKfc: calls $6
*** RIVER *** [Td 5s Tc 7c] [7h]
rlfeo549: bets $6
lfeAEKfc: folds
Uncalled bet ($6) returned to rlfeo549
rlfeo549 collected $23.52 from pot
rlfeo549: doesn't show hand
*** SUMMARY ***
Total pot $24 | Rake $0.48
Board [Td 5s Tc 7c 7h]
Seat 1: rlfeo549 (big blind) collected ($23.52)
Seat 2: lfeAEKfc (button) (small blind) folded on the River


PokerStars Hand #146015872229:  Hold'em Limit ($3/$6 USD) - 2015/12/27 14:19:23 ET
Table 'Mizar' 2-max Seat #1 is the button
Seat 1: rlfeo549 ($48.50 in chips)
Seat 2: lfeAEKfc ($4.16 in chips)
rlfeo549: posts small blind $1
lfeAEKfc: posts big blind $3
*** HOLE CARDS ***
rlfeo549: calls $2
lfeAEKfc: raises $1.16 to $4.16 and is all-in
rlfeo549: folds
Uncalled bet ($1.16) returned to lfeAEKfc
lfeAEKfc collected $6 from pot
lfeAEKfc: doesn't show hand
*** SUMMARY ***
Total pot $6 | Rake $0
Seat 1: rlfeo549 (button) (small blind) folded before Flop
Seat 2: lfeAEKfc (big blind) collected ($6)


PokerStars Hand #146015880367:  Hold'em Limit ($3/$6 USD) - 2015/12/27 14:19:31 ET
Table 'Mizar' 2-max Seat #2 is the button
Seat 1: rlfeo549 ($45.50 in chips)
Seat 2: lfeAEKfc ($7.16 in chips)
lfeAEKfc: posts small blind $1
rlfeo549: posts big blind $3
*** HOLE CARDS ***
lfeAEKfc: raises $3 to $6
rlfeo549: folds
Uncalled bet ($3) returned to lfeAEKfc
lfeAEKfc collected $6 from pot
lfeAEKfc: doesn't show hand
*** SUMMARY ***
Total pot $6 | Rake $0
Seat 1: rlfeo549 (big blind) folded before Flop
Seat 2: lfeAEKfc (button) (small blind) collected ($6)


PokerStars Hand #146015892001:  Hold'em Limit ($3/$6 USD) - 2015/12/27 14:19:41 ET
Table 'Mizar' 2-max Seat #1 is the button
Seat 1: rlfeo549 ($42.50 in chips)
Seat 2: lfeAEKfc ($10.16 in chips)
rlfeo549: posts small blind $1
lfeAEKfc: posts big blind $3
*** HOLE CARDS ***
rlfeo549: calls $2
lfeAEKfc: raises $3 to $6
rlfeo549: calls $3
*** FLOP *** [5s 3s Ad]
lfeAEKfc: bets $3
rlfeo549: folds
Uncalled bet ($3) returned to lfeAEKfc
lfeAEKfc collected $11.76 from pot
lfeAEKfc: doesn't show hand
*** SUMMARY ***
Total pot $12 | Rake $0.24
Board [5s 3s Ad]
Seat 1: rlfeo549 (button) (small blind) folded on the Flop
Seat 2: lfeAEKfc (big blind) collected ($11.76)


PokerStars Hand #146015841063:  Hold'em Limit ($3/$6 USD) - 2015/12/27 14:18:56 ET
Table 'Mizar' 2-max Seat #1 is the button
Seat 1: rlfeo549 ($42.86 in chips)
Seat 2: lfeAEKfc ($10.16 in chips)
rlfeo549: posts small blind $1
lfeAEKfc: posts big blind $3
*** HOLE CARDS ***
rlfeo549: calls $2
lfeAEKfc: raises $3 to $6
rlfeo549: folds
Uncalled bet ($3) returned to lfeAEKfc
lfeAEKfc collected $6 from pot
lfeAEKfc: doesn't show hand
*** SUMMARY ***
Total pot $6 | Rake $0
Seat 1: rlfeo549 (button) (small blind) folded before Flop
Seat 2: lfeAEKfc (big blind) collected ($6)


PokerStars Hand #146015850203:  Hold'em Limit ($3/$6 USD) - 2015/12/27 14:19:04 ET
Table 'Mizar' 2-max Seat #2 is the button
Seat 1: rlfeo549 ($39.86 in chips)
Seat 2: lfeAEKfc ($13.16 in chips)
lfeAEKfc: posts small blind $1
rlfeo549: posts big blind $3
*** HOLE CARDS ***
lfeAEKfc: raises $3 to $6
rlfeo549: calls $3
*** FLOP *** [5d Jd 2d]
rlfeo549: checks
lfeAEKfc: bets $3
rlfeo549: calls $3
*** TURN *** [5d Jd 2d] [Kh]
rlfeo549: checks
lfeAEKfc: checks
*** RIVER *** [5d Jd 2d Kh] [Ad]
rlfeo549: checks
lfeAEKfc: checks
*** SHOW DOWN ***
rlfeo549: shows [7d 8d] (a flush, Ace high)
lfeAEKfc: mucks hand
rlfeo549 collected $17.64 from pot
*** SUMMARY ***
Total pot $18 | Rake $0.36
Board [5d Jd 2d Kh Ad]
Seat 1: rlfeo549 (big blind) showed [7d 8d] and won ($17.64) with a flush, Ace high
Seat 2: lfeAEKfc (button) (small blind) mucked


PokerStars Hand #146015922369:  Hold'em Limit ($3/$6 USD) - 2015/12/27 14:20:06 ET
Table 'Mizar' 2-max Seat #1 is the button
Seat 1: rlfeo549 ($30.50 in chips)
Seat 2: lfeAEKfc ($21.68 in chips)
rlfeo549: posts small blind $1
lfeAEKfc: posts big blind $3
*** HOLE CARDS ***
rlfeo549: calls $2
lfeAEKfc: raises $3 to $6
rlfeo549: calls $3
*** FLOP *** [6s Th Ac]
lfeAEKfc: bets $3
rlfeo549: calls $3
*** TURN *** [6s Th Ac] [9d]
lfeAEKfc: bets $6
rlfeo549: calls $6
*** RIVER *** [6s Th Ac 9d] [Qh]
lfeAEKfc: checks
rlfeo549: checks
*** SHOW DOWN ***
lfeAEKfc: shows [4d 5s] (high card Ace)
rlfeo549: shows [8c 5c] (high card Ace - Queen+Ten+Nine+Eight kicker)
rlfeo549 collected $29.50 from pot
*** SUMMARY ***
Total pot $30 | Rake $0.50
Board [6s Th Ac 9d Qh]
Seat 1: rlfeo549 (button) (small blind) showed [8c 5c] and won ($29.50) with high card Ace
Seat 2: lfeAEKfc (big blind) showed [4d 5s] and lost with high card Ace


PokerStars Hand #146015943383:  Hold'em Limit ($3/$6 USD) - 2015/12/27 14:20:25 ET
Table 'Mizar' 2-max Seat #2 is the button
Seat 1: rlfeo549 ($45 in chips)
Seat 2: lfeAEKfc ($6.68 in chips)
lfeAEKfc: posts small blind $1
rlfeo549: posts big blind $3
*** HOLE CARDS ***
lfeAEKfc: raises $3 to $6
rlfeo549: folds
Uncalled bet ($3) returned to lfeAEKfc
lfeAEKfc collected $6 from pot
lfeAEKfc: doesn't show hand
*** SUMMARY ***
Total pot $6 | Rake $0
Seat 1: rlfeo549 (big blind) folded before Flop
Seat 2: lfeAEKfc (button) (small blind) collected ($6)


PokerStars Hand #146015949917:  Hold'em Limit ($3/$6 USD) - 2015/12/27 14:20:32 ET
Table 'Mizar' 2-max Seat #1 is the button
Seat 1: rlfeo549 ($42 in chips)
Seat 2: lfeAEKfc ($9.68 in chips)
rlfeo549: posts small blind $1
lfeAEKfc: posts big blind $3
*** HOLE CARDS ***
rlfeo549: calls $2
lfeAEKfc: raises $3 to $6
rlfeo549: calls $3
*** FLOP *** [5d 8s Ad]
lfeAEKfc: bets $3
rlfeo549: folds
Uncalled bet ($3) returned to lfeAEKfc
lfeAEKfc collected $11.76 from pot
lfeAEKfc: doesn't show hand
*** SUMMARY ***
Total pot $12 | Rake $0.24
Board [5d 8s Ad]
Seat 1: rlfeo549 (button) (small blind) folded on the Flop
Seat 2: lfeAEKfc (big blind) collected ($11.76)


PokerStars Hand #146015962962:  Hold'em Limit ($3/$6 USD) - 2015/12/27 14:20:44 ET
Table 'Mizar' 2-max Seat #2 is the button
Seat 1: rlfeo549 ($36 in chips)
Seat 2: lfeAEKfc ($15.44 in chips)
lfeAEKfc: posts small blind $1
rlfeo549: posts big blind $3
*** HOLE CARDS ***
lfeAEKfc: raises $3 to $6
rlfeo549: calls $3
*** FLOP *** [2d Jc 5h]
rlfeo549: checks
lfeAEKfc: bets $3
rlfeo549: folds
Uncalled bet ($3) returned to lfeAEKfc
lfeAEKfc collected $11.76 from pot
lfeAEKfc: doesn't show hand
*** SUMMARY ***
Total pot $12 | Rake $0.24
Board [2d Jc 5h]
Seat 1: rlfeo549 (big blind) folded on the Flop
Seat 2: lfeAEKfc (button) (small blind) collected ($11.76)


PokerStars Hand #146015909042:  Hold'em Limit ($3/$6 USD) - 2015/12/27 14:19:55 ET
Table 'Mizar' 2-max Seat #2 is the button
Seat 1: rlfeo549 ($36.50 in chips)
Seat 2: lfeAEKfc ($15.92 in chips)
lfeAEKfc: posts small blind $1
rlfeo549: posts big blind $3
*** HOLE CARDS ***
lfeAEKfc: raises $3 to $6
rlfeo549: calls $3
*** FLOP *** [Ah Ac 2h]
rlfeo549: checks
lfeAEKfc: bets $3
rlfeo549: folds
Uncalled bet ($3) returned to lfeAEKfc
lfeAEKfc collected $11.76 from pot
lfeAEKfc: doesn't show hand
*** SUMMARY ***
Total pot $12 | Rake $0.24
Board [Ah Ac 2h]
Seat 1: rlfeo549 (big blind) folded on the Flop
Seat 2: lfeAEKfc (button) (small blind) collected ($11.76)


PokerStars Hand #146015977828:  Hold'em Limit ($3/$6 USD) - 2015/12/27 14:20:57 ET
Table 'Mizar' 2-max Seat #1 is the button
Seat 1: rlfeo549 ($30 in chips)
Seat 2: lfeAEKfc ($21.20 in chips)
rlfeo549: posts small blind $1
lfeAEKfc: posts big blind $3
*** HOLE CARDS ***
rlfeo549: calls $2
lfeAEKfc: raises $3 to $6
rlfeo549: calls $3
*** FLOP *** [Jh Th 9h]
lfeAEKfc: bets $3
rlfeo549: calls $3
*** TURN *** [Jh Th 9h] [Qd]
lfeAEKfc: bets $6
rlfeo549: calls $6
*** RIVER *** [Jh Th 9h Qd] [7s]
lfeAEKfc: checks
rlfeo549: checks
*** SHOW DOWN ***
lfeAEKfc: shows [8s 4s] (a straight, Eight to Queen)
rlfeo549: shows [8c As] (a straight, Eight to Queen)
lfeAEKfc collected $14.75 from pot
rlfeo549 collected $14.75 from pot
*** SUMMARY ***
Total pot $30 | Rake $0.50
Board [Jh Th 9h Qd 7s]
Seat 1: rlfeo549 (button) (small blind) showed [8c As] and won ($14.75) with a straight, Eight to Queen
Seat 2: lfeAEKfc (big blind) showed [8s 4s] and won ($14.75) with a straight, Eight to Queen


PokerStars Hand #146016028425:  Hold'em Limit ($3/$6 USD) - 2015/12/27 14:21:39 ET
Table 'Mizar' 2-max Seat #2 is the button
Seat 1: rlfeo549 ($29.75 in chips)
Seat 2: lfeAEKfc ($20.95 in chips)
lfeAEKfc: posts small blind $1
rlfeo549: posts big blind $3
*** HOLE CARDS ***
lfeAEKfc: raises $3 to $6
rlfeo549: calls $3
*** FLOP *** [6d Jc Qc]
rlfeo549: checks
lfeAEKfc: checks
*** TURN *** [6d Jc Qc] [8h]
rlfeo549: checks
lfeAEKfc: checks
*** RIVER *** [6d Jc Qc 8h] [Td]
rlfeo549: checks
lfeAEKfc: checks
*** SHOW DOWN ***
rlfeo549: shows [5h 8c] (a pair of Eights)
lfeAEKfc: shows [9c 9h] (a straight, Eight to Queen)
lfeAEKfc collected $11.76 from pot
*** SUMMARY ***
Total pot $12 | Rake $0.24
Board [6d Jc Qc 8h Td]
Seat 1: rlfeo549 (big blind) showed [5h 8c] and lost with a pair of Eights
Seat 2: lfeAEKfc (button) (small blind) showed [9c 9h] and won ($11.76) with a straight, Eight to Queen


PokerStars Hand #146016060314:  Hold'em Limit ($3/$6 USD) - 2015/12/27 14:22:06 ET
Table 'Mizar' 2-max Seat #2 is the button
Seat 1: rlfeo549 ($29.51 in chips)
Seat 2: lfeAEKfc ($20.71 in chips)
lfeAEKfc: posts small blind $1
rlfeo549: posts big blind $3
*** HOLE CARDS ***
lfeAEKfc: calls $2
rlfeo549: checks
*** FLOP *** [9c 6d Kc]
rlfeo549: checks
lfeAEKfc: checks
*** TURN *** [9c 6d Kc] [4c]
rlfeo549: checks
lfeAEKfc: bets $6
rlfeo549: calls $6
*** RIVER *** [9c 6d Kc 4c] [5c]
rlfeo549: checks
lfeAEKfc: checks
*** SHOW DOWN ***
rlfeo549: shows [2d Ad] (high card Ace)
lfeAEKfc: shows [3h 2s] (a straight, Deuce to Six)
lfeAEKfc collected $17.64 from pot
*** SUMMARY ***
Total pot $18 | Rake $0.36
Board [9c 6d Kc 4c 5c]
Seat 1: rlfeo549 (big blind) showed [2d Ad] and lost with high card Ace
Seat 2: lfeAEKfc (button) (small blind) showed [3h 2s] and won ($17.64) with a straight, Deuce to Six


PokerStars Hand #146016093450:  Hold'em Limit ($3/$6 USD) - 2015/12/27 14:22:34 ET
Table 'Mizar' 2-max Seat #1 is the button
Seat 1: rlfeo549 ($20.51 in chips)
Seat 2: lfeAEKfc ($29.35 in chips)
rlfeo549: posts small blind $1
lfeAEKfc: posts big blind $3
*** HOLE CARDS ***
rlfeo549: calls $2
lfeAEKfc: checks
*** FLOP *** [Ad 8h 9h]
lfeAEKfc: checks
rlfeo549: checks
*** TURN *** [Ad 8h 9h] [9c]
lfeAEKfc: checks
rlfeo549: checks
*** RIVER *** [Ad 8h 9h 9c] [3c]
lfeAEKfc: checks
rlfeo549: checks
*** SHOW DOWN ***
lfeAEKfc: shows [Kd Kh] (two pair, Kings and Nines)
rlfeo549: mucks hand
lfeAEKfc collected $5.88 from pot
*** SUMMARY ***
Total pot $6 | Rake $0.12
Board [Ad 8h 9h 9c 3c]
Seat 1: rlfeo549 (button) (small blind) mucked
Seat 2: lfeAEKfc (big blind) showed [Kd Kh] and won ($5.88) with two pair, Kings and Nines


PokerStars Hand #146016044403:  Hold'em Limit ($3/$6 USD) - 2015/12/27 14:21:53 ET
Table 'Mizar' 2-max Seat #1 is the button
Seat 1: rlfeo549 ($23.75 in chips)
Seat 2: lfeAEKfc ($26.71 in chips)
rlfeo549: posts small blind $1
lfeAEKfc: posts big blind $3
*** HOLE CARDS ***
rlfeo549: calls $2
lfeAEKfc: checks
*** FLOP *** [Ks Ad 6d]
lfeAEKfc: bets $3
rlfeo549: calls $3
*** TURN *** [Ks Ad 6d] [9s]
lfeAEKfc: checks
rlfeo549: checks
*** RIVER *** [Ks Ad 6d 9s] [7c]
lfeAEKfc: checks
rlfeo549: checks
*** SHOW DOWN ***
lfeAEKfc: shows [9c 2h] (a pair of Nines)
rlfeo549: shows [Ah 7h] (two pair, Aces and Sevens)
rlfeo549 collected $11.76 from pot
*** SUMMARY ***
Total pot $12 | Rake $0.24
Board [Ks Ad 6d 9s 7c]
Seat 1: rlfeo549 (button) (small blind) showed [Ah 7h] and won ($11.76) with two pair, Aces and Sevens
Seat 2: lfeAEKfc (big blind) showed [9c 2h] and lost with a pair of Nines


PokerStars Hand #146016127647:  Hold'em Limit ($3/$6 USD) - 2015/12/27 14:23:03 ET
Table 'Mizar' 2-max Seat #1 is the button
Seat 1: rlfeo549 ($11.51 in chips)
Seat 2: lfeAEKfc ($37.99 in chips)
rlfeo549: posts small blind $1
lfeAEKfc: posts big blind $3
*** HOLE CARDS ***
rlfeo549: calls $2
lfeAEKfc: checks
*** FLOP *** [Ah 7d 4h]
lfeAEKfc: checks
rlfeo549: bets $3
lfeAEKfc: calls $3
*** TURN *** [Ah 7d 4h] [Td]
lfeAEKfc: checks
rlfeo549: bets $5.51 and is all-in
lfeAEKfc: folds
Uncalled bet ($5.51) returned to rlfeo549
rlfeo549 collected $11.76 from pot
rlfeo549: doesn't show hand
*** SUMMARY ***
Total pot $12 | Rake $0.24
Board [Ah 7d 4h Td]
Seat 1: rlfeo549 (button) (small blind) collected ($11.76)
Seat 2: lfeAEKfc (big blind) folded on the Turn


PokerStars Hand #146016161638:  Hold'em Limit ($3/$6 USD) - 2015/12/27 14:23:33 ET
Table 'Mizar' 2-max Seat #2 is the button
Seat 1: rlfeo549 ($17.27 in chips)
Seat 2: lfeAEKfc ($31.99 in chips)
lfeAEKfc: posts small blind $1
rlfeo549: posts big blind $3
*** HOLE CARDS ***
lfeAEKfc: calls $2
rlfeo549: raises $3 to $6
lfeAEKfc: calls $3
*** FLOP *** [8c Qd Js]
rlfeo549: bets $3
lfeAEKfc: calls $3
*** TURN *** [8c Qd Js] [6d]
rlfeo549: checks
lfeAEKfc: checks
*** RIVER *** [8c Qd Js 6d] [6s]
rlfeo549: checks
lfeAEKfc: checks
*** SHOW DOWN ***
rlfeo549: shows [5h 4d] (a pair of Sixes)
lfeAEKfc: shows [Ts Qh] (two pair, Queens and Sixes)
lfeAEKfc collected $17.64 from pot
*** SUMMARY ***
Total pot $18 | Rake $0.36
Board [8c Qd Js 6d 6s]
Seat 1: rlfeo549 (big blind) showed [5h 4d] and lost with a pair of Sixes
Seat 2: lfeAEKfc (button) (small blind) showed [Ts Qh] and won ($17.64) with two pair, Queens and Sixes


PokerStars Hand #146016110356:  Hold'em Limit ($3/$6 USD) - 2015/12/27 14:22:48 ET
Table 'Mizar' 2-max Seat #2 is the button
Seat 1: rlfeo549 ($17.51 in chips)
Seat 2: lfeAEKfc ($32.23 in chips)
lfeAEKfc: posts small blind $1
rlfeo549: posts big blind $3
*** HOLE CARDS ***
lfeAEKfc: calls $2
rlfeo549: raises $3 to $6
lfeAEKfc: calls $3
*** FLOP *** [4c Kc Qc]
rlfeo549: checks
lfeAEKfc: checks
*** TURN *** [4c Kc Qc] [9d]
rlfeo549: checks
lfeAEKfc: checks
*** RIVER *** [4c Kc Qc 9d] [8s]
rlfeo549: checks
lfeAEKfc: checks
*** SHOW DOWN ***
rlfeo549: shows [3h 9h] (a pair of Nines)
lfeAEKfc: shows [Js Kd] (a pair of Kings)
lfeAEKfc collected $11.76 from pot
*** SUMMARY ***
Total pot $12 | Rake $0.24
Board [4c Kc Qc 9d 8s]
Seat 1: rlfeo549 (big blind) showed [3h 9h] and lost with a pair of Nines
Seat 2: lfeAEKfc (button) (small blind) showed [Js Kd] and won ($11.76) with a pair of Kings


PokerStars Hand #146016222798:  Hold'em Limit ($3/$6 USD) - 2015/12/27 14:24:25 ET
Table 'Mizar' 2-max Seat #2 is the button
Seat 1: rlfeo549 ($16.97 in chips)
Seat 2: lfeAEKfc ($31.57 in chips)
lfeAEKfc: posts small blind $1
rlfeo549: posts big blind $3
*** HOLE CARDS ***
lfeAEKfc: calls $2
rlfeo549: raises $3 to $6
lfeAEKfc: calls $3
*** FLOP *** [Kc 6s 9c]
rlfeo549: bets $3
lfeAEKfc: calls $3
*** TURN *** [Kc 6s 9c] [Jc]
rlfeo549: checks
lfeAEKfc: checks
*** RIVER *** [Kc 6s 9c Jc] [Kd]
rlfeo549: checks
lfeAEKfc: checks
*** SHOW DOWN ***
rlfeo549: shows [3c 4c] (a flush, King high)
lfeAEKfc: mucks hand
rlfeo549 collected $17.64 from pot
*** SUMMARY ***
Total pot $18 | Rake $0.36
Board [Kc 6s 9c Jc Kd]
Seat 1: rlfeo549 (big blind) showed [3c 4c] and won ($17.64) with a flush, King high
Seat 2: lfeAEKfc (button) (small blind) mucked


PokerStars Hand #146016195016:  Hold'em Limit ($3/$6 USD) - 2015/12/27 14:24:02 ET
Table 'Mizar' 2-max Seat #2 is the button
Seat 1: rlfeo549 ($8.21 in chips)
Seat 2: lfeAEKfc ($40.57 in chips)
lfeAEKfc: posts small blind $1
rlfeo549: posts big blind $3
*** HOLE CARDS ***
lfeAEKfc: calls $2
rlfeo549: raises $3 to $6
lfeAEKfc: folds
Uncalled bet ($3) returned to rlfeo549
rlfeo549 collected $6 from pot
rlfeo549: doesn't show hand
*** SUMMARY ***
Total pot $6 | Rake $0
Seat 1: rlfeo549 (big blind) collected ($6)
Seat 2: lfeAEKfc (button) (small blind) folded before Flop


PokerStars Hand #146016180833:  Hold'em Limit ($3/$6 USD) - 2015/12/27 14:23:50 ET
Table 'Mizar' 2-max Seat #1 is the button
Seat 1: rlfeo549 ($8.27 in chips)
Seat 2: lfeAEKfc ($40.63 in chips)
rlfeo549: posts small blind $1
lfeAEKfc: posts big blind $3
*** HOLE CARDS ***
rlfeo549: calls $2
lfeAEKfc: checks
*** FLOP *** [5c Kc 3c]
lfeAEKfc: checks
rlfeo549: checks
*** TURN *** [5c Kc 3c] [9c]
lfeAEKfc: checks
rlfeo549: checks
*** RIVER *** [5c Kc 3c 9c] [Jc]
lfeAEKfc: checks
rlfeo549: checks
*** SHOW DOWN ***
lfeAEKfc: shows [Qs Jh] (a flush, King high)
rlfeo549: shows [7s 9h] (a flush, King high)
lfeAEKfc collected $2.94 from pot
rlfeo549 collected $2.94 from pot
*** SUMMARY ***
Total pot $6 | Rake $0.12
Board [5c Kc 3c 9c Jc]
Seat 1: rlfeo549 (button) (small blind) showed [7s 9h] and won ($2.94) with a flush, King high
Seat 2: lfeAEKfc (big blind) showed [Qs Jh] and won ($2.94) with a flush, King high


PokerStars Hand #146016206583:  Hold'em Limit ($3/$6 USD) - 2015/12/27 14:24:11 ET
Table 'Mizar' 2-max Seat #1 is the button
Seat 1: rlfeo549 ($11.21 in chips)
Seat 2: lfeAEKfc ($37.57 in chips)
rlfeo549: posts small blind $1
lfeAEKfc: posts big blind $3
*** HOLE CARDS ***
rlfeo549: raises $3 to $6
lfeAEKfc: calls $3
*** FLOP *** [Js 3s 7c]
lfeAEKfc: checks
rlfeo549: bets $3
lfeAEKfc: folds
Uncalled bet ($3) returned to rlfeo549
rlfeo549 collected $11.76 from pot
rlfeo549: doesn't show hand
*** SUMMARY ***
Total pot $12 | Rake $0.24
Board [Js 3s 7c]
Seat 1: rlfeo549 (button) (small blind) collected ($11.76)
Seat 2: lfeAEKfc (big blind) folded on the Flop


PokerStars Hand #146016242330:  Hold'em Limit ($3/$6 USD) - 2015/12/27 14:24:42 ET
Table 'Mizar' 2-max Seat #1 is the button
Seat 1: rlfeo549 ($25.61 in chips)
Seat 2: lfeAEKfc ($22.57 in chips)
rlfeo549: posts small blind $1
lfeAEKfc: posts big blind $3
*** HOLE CARDS ***
rlfeo549: calls $2
lfeAEKfc: raises $3 to $6
rlfeo549: calls $3
*** FLOP *** [Td Kh 2d]
lfeAEKfc: checks
rlfeo549: bets $3
lfeAEKfc: calls $3
*** TURN *** [Td Kh 2d] [5d]
lfeAEKfc: checks
rlfeo549: bets $6
lfeAEKfc: calls $6
*** RIVER *** [Td Kh 2d 5d] [5s]
lfeAEKfc: checks
rlfeo549: checks
*** SHOW DOWN ***
lfeAEKfc: shows [Jc 4h] (a pair of Fives)
rlfeo549: mucks hand
lfeAEKfc collected $29.50 from pot
*** SUMMARY ***
Total pot $30 | Rake $0.50
Board [Td Kh 2d 5d 5s]
Seat 1: rlfeo549 (button) (small blind) mucked
Seat 2: lfeAEKfc (big blind) showed [Jc 4h] and won ($29.50) with a pair of Fives


PokerStars Hand #146016272324:  Hold'em Limit ($3/$6 USD) - 2015/12/27 14:25:07 ET
Table 'Mizar' 2-max Seat #2 is the button
Seat 1: rlfeo549 ($10.61 in chips)
Seat 2: lfeAEKfc ($37.07 in chips)
lfeAEKfc: posts small blind $1
rlfeo549: posts big blind $3
*** HOLE CARDS ***
lfeAEKfc: calls $2
rlfeo549: raises $3 to $6
lfeAEKfc: folds
Uncalled bet ($3) returned to rlfeo549
rlfeo549 collected $6 from pot
rlfeo549: doesn't show hand
*** SUMMARY ***
Total pot $6 | Rake $0
Seat 1: rlfeo549 (big blind) collected ($6)
Seat 2: lfeAEKfc (button) (small blind) folded before Flop


PokerStars Hand #146016285222:  Hold'em Limit ($3/$6 USD) - 2015/12/27 14:25:18 ET
Table 'Mizar' 2-max Seat #1 is the button
Seat 1: rlfeo549 ($13.61 in chips)
Seat 2: lfeAEKfc ($34.07 in chips)
rlfeo549: posts small blind $1
lfeAEKfc: posts big blind $3
*** HOLE CARDS ***
rlfeo549: raises $3 to $6
lfeAEKfc: calls $3
*** FLOP *** [Qs Jd 6d]
lfeAEKfc: checks
rlfeo549: bets $3
lfeAEKfc: folds
Uncalled bet ($3) returned to rlfeo549
rlfeo549 collected $11.76 from pot
rlfeo549: doesn't show hand
*** SUMMARY ***
Total pot $12 | Rake $0.24
Board [Qs Jd 6d]
Seat 1: rlfeo549 (button) (small blind) collected ($11.76)
Seat 2: lfeAEKfc (big blind) folded on the Flop


PokerStars Hand #146016316122:  Hold'em Limit ($3/$6 USD) - 2015/12/27 14:25:45 ET
Table 'Mizar' 2-max Seat #2 is the button
Seat 1: rlfeo549 ($19.37 in chips)
Seat 2: lfeAEKfc ($28.07 in chips)
lfeAEKfc: posts small blind $1
rlfeo549: posts big blind $3
*** HOLE CARDS ***
lfeAEKfc: calls $2
rlfeo549: raises $3 to $6
lfeAEKfc: calls $3
*** FLOP *** [Jc 3c 6d]
rlfeo549: bets $3
lfeAEKfc: folds
Uncalled bet ($3) returned to rlfeo549
rlfeo549 collected $11.76 from pot
rlfeo549: doesn't show hand
*** SUMMARY ***
Total pot $12 | Rake $0.24
Board [Jc 3c 6d]
Seat 1: rlfeo549 (big blind) collected ($11.76)
Seat 2: lfeAEKfc (button) (small blind) folded on the Flop


PokerStars Hand #146016405860:  Hold'em Limit ($3/$6 USD) - 2015/12/27 14:27:02 ET
Table 'Mizar' 2-max Seat #1 is the button
Seat 1: rlfeo549 ($25.13 in chips)
Seat 2: lfeAEKfc ($22.07 in chips)
rlfeo549: posts small blind $1
lfeAEKfc: posts big blind $3
*** HOLE CARDS ***
rlfeo549: raises $3 to $6
lfeAEKfc: calls $3
*** FLOP *** [9s 8h 6h]
lfeAEKfc: bets $3
rlfeo549: calls $3
*** TURN *** [9s 8h 6h] [Ah]
lfeAEKfc: checks
rlfeo549: checks
*** RIVER *** [9s 8h 6h Ah] [Qc]
lfeAEKfc: checks
rlfeo549: checks
*** SHOW DOWN ***
lfeAEKfc: shows [8s 4d] (a pair of Eights)
rlfeo549: mucks hand
lfeAEKfc collected $17.64 from pot
*** SUMMARY ***
Total pot $18 | Rake $0.36
Board [9s 8h 6h Ah Qc]
Seat 1: rlfeo549 (button) (small blind) mucked
Seat 2: lfeAEKfc (big blind) showed [8s 4d] and won ($17.64) with a pair of Eights


PokerStars Hand #146016439444:  Hold'em Limit ($3/$6 USD) - 2015/12/27 14:27:30 ET
Table 'Mizar' 2-max Seat #2 is the button
Seat 1: rlfeo549 ($16.13 in chips)
Seat 2: lfeAEKfc ($30.71 in chips)
lfeAEKfc: posts small blind $1
rlfeo549: posts big blind $3
*** HOLE CARDS ***
lfeAEKfc: calls $2
rlfeo549: checks
*** FLOP *** [6h 8c 3d]
rlfeo549: bets $3
lfeAEKfc: calls $3
*** TURN *** [6h 8c 3d] [7h]
rlfeo549: bets $6
lfeAEKfc: folds
Uncalled bet ($6) returned to rlfeo549
rlfeo549 collected $11.76 from pot
rlfeo549: doesn't show hand
*** SUMMARY ***
Total pot $12 | Rake $0.24
Board [6h 8c 3d 7h]
Seat 1: rlfeo549 (big blind) collected ($11.76)
Seat 2: lfeAEKfc (button) (small blind) folded on the Turn


PokerStars Hand #146016462301:  Hold'em Limit ($3/$6 USD) - 2015/12/27 14:27:50 ET
Table 'Mizar' 2-max Seat #1 is the button
Seat 1: rlfeo549 ($21.89 in chips)
Seat 2: lfeAEKfc ($24.71 in chips)
rlfeo549: posts small blind $1
lfeAEKfc: posts big blind $3
*** HOLE CARDS ***
rlfeo549: calls $2
lfeAEKfc: checks
*** FLOP *** [6d Ac 2c]
lfeAEKfc: checks
rlfeo549: bets $3
lfeAEKfc: calls $3
*** TURN *** [6d Ac 2c] [9d]
lfeAEKfc: checks
rlfeo549: bets $6
lfeAEKfc: calls $6
*** RIVER *** [6d Ac 2c 9d] [9h]
lfeAEKfc: checks
rlfeo549: checks
*** SHOW DOWN ***
lfeAEKfc: shows [Th Qd] (a pair of Nines)
rlfeo549: shows [Ks 9c] (three of a kind, Nines)
rlfeo549 collected $23.52 from pot
*** SUMMARY ***
Total pot $24 | Rake $0.48
Board [6d Ac 2c 9d 9h]
Seat 1: rlfeo549 (button) (small blind) showed [Ks 9c] and won ($23.52) with three of a kind, Nines
Seat 2: lfeAEKfc (big blind) showed [Th Qd] and lost with a pair of Nines


PokerStars Hand #146016485094:  Hold'em Limit ($3/$6 USD) - 2015/12/27 14:28:10 ET
Table 'Mizar' 2-max Seat #2 is the button
Seat 1: rlfeo549 ($33.41 in chips)
Seat 2: lfeAEKfc ($12.71 in chips)
lfeAEKfc: posts small blind $1
rlfeo549: posts big blind $3
*** HOLE CARDS ***
lfeAEKfc: calls $2
rlfeo549: checks
*** FLOP *** [Th 5s 4c]
rlfeo549: checks
lfeAEKfc: bets $3
rlfeo549: folds
Uncalled bet ($3) returned to lfeAEKfc
lfeAEKfc collected $5.88 from pot
lfeAEKfc: doesn't show hand
*** SUMMARY ***
Total pot $6 | Rake $0.12
Board [Th 5s 4c]
Seat 1: rlfeo549 (big blind) folded on the Flop
Seat 2: lfeAEKfc (button) (small blind) collected ($5.88)


PokerStars Hand #146016501142:  Hold'em Limit ($3/$6 USD) - 2015/12/27 14:28:24 ET
Table 'Mizar' 2-max Seat #1 is the button
Seat 1: rlfeo549 ($30.41 in chips)
Seat 2: lfeAEKfc ($15.59 in chips)
rlfeo549: posts small blind $1
lfeAEKfc: posts big blind $3
*** HOLE CARDS ***
rlfeo549: calls $2
lfeAEKfc: raises $3 to $6
rlfeo549: calls $3
*** FLOP *** [2s Jc 9s]
lfeAEKfc: bets $3
rlfeo549: calls $3
*** TURN *** [2s Jc 9s] [5h]
lfeAEKfc: checks
rlfeo549: checks
*** RIVER *** [2s Jc 9s 5h] [Jd]
lfeAEKfc: checks
rlfeo549: checks
*** SHOW DOWN ***
lfeAEKfc: shows [9d Js] (a full house, Jacks full of Nines)
rlfeo549: mucks hand
lfeAEKfc collected $17.64 from pot
*** SUMMARY ***
Total pot $18 | Rake $0.36
Board [2s Jc 9s 5h Jd]
Seat 1: rlfeo549 (button) (small blind) mucked
Seat 2: lfeAEKfc (big blind) showed [9d Js] and won ($17.64) with a full house, Jacks full of Nines


PokerStars Hand #146016521913:  Hold'em Limit ($3/$6 USD) - 2015/12/27 14:28:42 ET
Table 'Mizar' 2-max Seat #2 is the button
Seat 1: rlfeo549 ($21.41 in chips)
Seat 2: lfeAEKfc ($24.23 in chips)
lfeAEKfc: posts small blind $1
rlfeo549: posts big blind $3
*** HOLE CARDS ***
lfeAEKfc: calls $2
rlfeo549: checks
*** FLOP *** [Jc Td 2d]
rlfeo549: bets $3
lfeAEKfc: calls $3
*** TURN *** [Jc Td 2d] [4s]
rlfeo549: bets $6
lfeAEKfc: calls $6
*** RIVER *** [Jc Td 2d 4s] [7d]
rlfeo549: checks
lfeAEKfc: checks
*** SHOW DOWN ***
rlfeo549: shows [2c 7h] (two pair, Sevens and Deuces)
lfeAEKfc: shows [Jd 7c] (two pair, Jacks and Sevens)
lfeAEKfc collected $23.52 from pot
*** SUMMARY ***
Total pot $24 | Rake $0.48
Board [Jc Td 2d 4s 7d]
Seat 1: rlfeo549 (big blind) showed [2c 7h] and lost with two pair, Sevens and Deuces
Seat 2: lfeAEKfc (button) (small blind) showed [Jd 7c] and won ($23.52) with two pair, Jacks and Sevens


PokerStars Hand #146016546341:  Hold'em Limit ($3/$6 USD) - 2015/12/27 14:29:03 ET
Table 'Mizar' 2-max Seat #1 is the button
Seat 1: rlfeo549 ($9.41 in chips)
Seat 2: lfeAEKfc ($35.75 in chips)
rlfeo549: posts small blind $1
lfeAEKfc: posts big blind $3
*** HOLE CARDS ***
rlfeo549: calls $2
lfeAEKfc: checks
*** FLOP *** [As Js 2d]
lfeAEKfc: checks
rlfeo549: bets $3
lfeAEKfc: folds
Uncalled bet ($3) returned to rlfeo549
rlfeo549 collected $5.88 from pot
rlfeo549: doesn't show hand
*** SUMMARY ***
Total pot $6 | Rake $0.12
Board [As Js 2d]
Seat 1: rlfeo549 (button) (small blind) collected ($5.88)
Seat 2: lfeAEKfc (big blind) folded on the Flop


PokerStars Hand #146016574462:  Hold'em Limit ($3/$6 USD) - 2015/12/27 14:29:29 ET
Table 'Mizar' 2-max Seat #2 is the button
Seat 1: rlfeo549 ($12.29 in chips)
Seat 2: lfeAEKfc ($32.75 in chips)
lfeAEKfc: posts small blind $1
rlfeo549: posts big blind $3
*** HOLE CARDS ***
lfeAEKfc: calls $2
rlfeo549: raises $3 to $6
lfeAEKfc: calls $3
*** FLOP *** [8c Ah Td]
rlfeo549: bets $3
lfeAEKfc: folds
Uncalled bet ($3) returned to rlfeo549
rlfeo549 collected $11.76 from pot
rlfeo549: doesn't show hand
*** SUMMARY ***
Total pot $12 | Rake $0.24
Board [8c Ah Td]
Seat 1: rlfeo549 (big blind) collected ($11.76)
Seat 2: lfeAEKfc (button) (small blind) folded on the Flop


PokerStars Hand #146016588153:  Hold'em Limit ($3/$6 USD) - 2015/12/27 14:29:40 ET
Table 'Mizar' 2-max Seat #1 is the button
Seat 1: rlfeo549 ($18.05 in chips)
Seat 2: lfeAEKfc ($26.75 in chips)
rlfeo549: posts small blind $1
lfeAEKfc: posts big blind $3
*** HOLE CARDS ***
rlfeo549: raises $3 to $6
lfeAEKfc: calls $3
*** FLOP *** [8h 2d Jd]
lfeAEKfc: checks
rlfeo549: bets $3
lfeAEKfc: calls $3
*** TURN *** [8h 2d Jd] [9h]
lfeAEKfc: checks
rlfeo549: checks
*** RIVER *** [8h 2d Jd 9h] [2c]
lfeAEKfc: checks
rlfeo549: checks
*** SHOW DOWN ***
lfeAEKfc: shows [4h Ah] (a pair of Deuces)
rlfeo549: shows [Kd Jh] (two pair, Jacks and Deuces)
rlfeo549 collected $17.64 from pot
*** SUMMARY ***
Total pot $18 | Rake $0.36
Board [8h 2d Jd 9h 2c]
Seat 1: rlfeo549 (button) (small blind) showed [Kd Jh] and won ($17.64) with two pair, Jacks and Deuces
Seat 2: lfeAEKfc (big blind) showed [4h Ah] and lost with a pair of Deuces


PokerStars Hand #146016612998:  Hold'em Limit ($3/$6 USD) - 2015/12/27 14:30:01 ET
Table 'Mizar' 2-max Seat #2 is the button
Seat 1: rlfeo549 ($26.69 in chips)
Seat 2: lfeAEKfc ($17.75 in chips)
lfeAEKfc: posts small blind $1
rlfeo549: posts big blind $3
*** HOLE CARDS ***
lfeAEKfc: calls $2
rlfeo549: raises $3 to $6
lfeAEKfc: calls $3
*** FLOP *** [8d Ts 6s]
rlfeo549: checks
lfeAEKfc: checks
*** TURN *** [8d Ts 6s] [2c]
rlfeo549: checks
lfeAEKfc: bets $6
rlfeo549: calls $6
*** RIVER *** [8d Ts 6s 2c] [Qs]
rlfeo549: checks
lfeAEKfc: bets $5.75 and is all-in
rlfeo549: folds
Uncalled bet ($5.75) returned to lfeAEKfc
lfeAEKfc collected $23.52 from pot
lfeAEKfc: doesn't show hand
*** SUMMARY ***
Total pot $24 | Rake $0.48
Board [8d Ts 6s 2c Qs]
Seat 1: rlfeo549 (big blind) folded on the River
Seat 2: lfeAEKfc (button) (small blind) collected ($23.52)


PokerStars Hand #146016654981:  Hold'em Limit ($3/$6 USD) - 2015/12/27 14:30:44 ET
Table 'Mizar' 2-max Seat #2 is the button
Seat 1: rlfeo549 ($20.45 in chips)
Seat 2: lfeAEKfc ($23.27 in chips)
lfeAEKfc: posts small blind $1
rlfeo549: posts big blind $3
*** HOLE CARDS ***
lfeAEKfc: calls $2
rlfeo549: checks
*** FLOP *** [8h 4d 3c]
rlfeo549: checks
lfeAEKfc: checks
*** TURN *** [8h 4d 3c] [Js]
rlfeo549: bets $6
lfeAEKfc: calls $6
*** RIVER *** [8h 4d 3c Js] [6h]
rlfeo549: checks
lfeAEKfc: checks
*** SHOW DOWN ***
rlfeo549: shows [As Kh] (high card Ace)
lfeAEKfc: shows [Qs 6d] (a pair of Sixes)
lfeAEKfc collected $17.64 from pot
*** SUMMARY ***
Total pot $18 | Rake $0.36
Board [8h 4d 3c Js 6h]
Seat 1: rlfeo549 (big blind) showed [As Kh] and lost with high card Ace
Seat 2: lfeAEKfc (button) (small blind) showed [Qs 6d] and won ($17.64) with a pair of Sixes


PokerStars Hand #146016678203:  Hold'em Limit ($3/$6 USD) - 2015/12/27 14:31:09 ET
Table 'Mizar' 2-max Seat #1 is the button
Seat 1: rlfeo549 ($11.45 in chips)
Seat 2: lfeAEKfc ($31.91 in chips)
rlfeo549: posts small blind $1
lfeAEKfc: posts big blind $3
*** HOLE CARDS ***
rlfeo549: calls $2
lfeAEKfc: checks
*** FLOP *** [3s 7h Ad]
lfeAEKfc: checks
rlfeo549: bets $3
lfeAEKfc: folds
Uncalled bet ($3) returned to rlfeo549
rlfeo549 collected $5.88 from pot
rlfeo549: doesn't show hand
*** SUMMARY ***
Total pot $6 | Rake $0.12
Board [3s 7h Ad]
Seat 1: rlfeo549 (button) (small blind) collected ($5.88)
Seat 2: lfeAEKfc (big blind) folded on the Flop


PokerStars Hand #146016762453:  Hold'em Limit ($3/$6 USD) - 2015/12/27 14:32:27 ET
Table 'Mizar' 2-max Seat #1 is the button
Seat 1: rlfeo549 ($5.33 in chips)
Seat 2: lfeAEKfc ($37.55 in chips)
rlfeo549: posts small blind $1
lfeAEKfc: posts big blind $3
*** HOLE CARDS ***
rlfeo549: raises $2.33 to $5.33 and is all-in
lfeAEKfc: folds
Uncalled bet ($2.33) returned to rlfeo549
rlfeo549 collected $6 from pot
rlfeo549: doesn't show hand
*** SUMMARY ***
Total pot $6 | Rake $0
Seat 1: rlfeo549 (button) (small blind) collected ($6)
Seat 2: lfeAEKfc (big blind) folded before Flop


PokerStars Hand #146016714258:  Hold'em Limit ($3/$6 USD) - 2015/12/27 14:31:46 ET
Table 'Mizar' 2-max Seat #2 is the button
Seat 1: rlfeo549 ($14.33 in chips)
Seat 2: lfeAEKfc ($28.91 in chips)
lfeAEKfc: posts small blind $1
rlfeo549: posts big blind $3
*** HOLE CARDS ***
lfeAEKfc: calls $2
rlfeo549: raises $3 to $6
lfeAEKfc: calls $3
*** FLOP *** [Qh 9d Th]
rlfeo549: checks
lfeAEKfc: bets $3
rlfeo549: calls $3
*** TURN *** [Qh 9d Th] [2s]
rlfeo549: checks
lfeAEKfc: checks
*** RIVER *** [Qh 9d Th 2s] [2d]
rlfeo549: checks
lfeAEKfc: checks
*** SHOW DOWN ***
rlfeo549: shows [7d 4c] (a pair of Deuces)
lfeAEKfc: shows [Jc 7h] (a pair of Deuces - Queen+Jack kicker)
lfeAEKfc collected $17.64 from pot
*** SUMMARY ***
Total pot $18 | Rake $0.36
Board [Qh 9d Th 2s 2d]
Seat 1: rlfeo549 (big blind) showed [7d 4c] and lost with a pair of Deuces
Seat 2: lfeAEKfc (button) (small blind) showed [Jc 7h] and won ($17.64) with a pair of Deuces


PokerStars Hand #146016773390:  Hold'em Limit ($3/$6 USD) - 2015/12/27 14:32:36 ET
Table 'Mizar' 2-max Seat #2 is the button
Seat 1: rlfeo549 ($8.33 in chips)
Seat 2: lfeAEKfc ($34.55 in chips)
lfeAEKfc: posts small blind $1
rlfeo549: posts big blind $3
*** HOLE CARDS ***
lfeAEKfc: calls $2
rlfeo549: raises $3 to $6
lfeAEKfc: calls $3
*** FLOP *** [7s 9s Ac]
rlfeo549: bets $2.33 and is all-in
lfeAEKfc: folds
Uncalled bet ($2.33) returned to rlfeo549
rlfeo549 collected $11.76 from pot
rlfeo549: doesn't show hand
*** SUMMARY ***
Total pot $12 | Rake $0.24
Board [7s 9s Ac]
Seat 1: rlfeo549 (big blind) collected ($11.76)
Seat 2: lfeAEKfc (button) (small blind) folded on the Flop


PokerStars Hand #146016834091:  Hold'em Limit ($3/$6 USD) - 2015/12/27 14:33:27 ET
Table 'Mizar' 2-max Seat #2 is the button
Seat 1: rlfeo549 ($25.37 in chips)
Seat 2: lfeAEKfc ($16.55 in chips)
lfeAEKfc: posts small blind $1
rlfeo549: posts big blind $3
*** HOLE CARDS ***
lfeAEKfc: raises $3 to $6
rlfeo549: calls $3
*** FLOP *** [Jc Js Qh]
rlfeo549: checks
lfeAEKfc: bets $3
rlfeo549: folds
Uncalled bet ($3) returned to lfeAEKfc
lfeAEKfc collected $11.76 from pot
lfeAEKfc: doesn't show hand
*** SUMMARY ***
Total pot $12 | Rake $0.24
Board [Jc Js Qh]
Seat 1: rlfeo549 (big blind) folded on the Flop
Seat 2: lfeAEKfc (button) (small blind) collected ($11.76)


PokerStars Hand #146016825109:  Hold'em Limit ($3/$6 USD) - 2015/12/27 14:33:19 ET
Table 'Mizar' 2-max Seat #1 is the button
Seat 1: rlfeo549 ($31.37 in chips)
Seat 2: lfeAEKfc ($10.55 in chips)
rlfeo549: posts small blind $1
lfeAEKfc: posts big blind $3
*** HOLE CARDS ***
rlfeo549: raises $3 to $6
lfeAEKfc: raises $3 to $9
rlfeo549: folds
Uncalled bet ($3) returned to lfeAEKfc
lfeAEKfc collected $12 from pot
lfeAEKfc: doesn't show hand
*** SUMMARY ***
Total pot $12 | Rake $0
Seat 1: rlfeo549 (button) (small blind) folded before Flop
Seat 2: lfeAEKfc (big blind) collected ($12)


PokerStars Hand #146016808709:  Hold'em Limit ($3/$6 USD) - 2015/12/27 14:33:06 ET
Table 'Mizar' 2-max Seat #2 is the button
Seat 1: rlfeo549 ($22.73 in chips)
Seat 2: lfeAEKfc ($19.55 in chips)
lfeAEKfc: posts small blind $1
rlfeo549: posts big blind $3
*** HOLE CARDS ***
lfeAEKfc: calls $2
rlfeo549: raises $3 to $6
lfeAEKfc: calls $3
*** FLOP *** [Kd 9c 9s]
rlfeo549: bets $3
lfeAEKfc: calls $3
*** TURN *** [Kd 9c 9s] [Ts]
rlfeo549: checks
lfeAEKfc: checks
*** RIVER *** [Kd 9c 9s Ts] [9h]
rlfeo549: checks
lfeAEKfc: checks
*** SHOW DOWN ***
rlfeo549: shows [Ad 6h] (three of a kind, Nines)
lfeAEKfc: mucks hand
rlfeo549 collected $17.64 from pot
*** SUMMARY ***
Total pot $18 | Rake $0.36
Board [Kd 9c 9s Ts 9h]
Seat 1: rlfeo549 (big blind) showed [Ad 6h] and won ($17.64) with three of a kind, Nines
Seat 2: lfeAEKfc (button) (small blind) mucked


PokerStars Hand #146016788997:  Hold'em Limit ($3/$6 USD) - 2015/12/27 14:32:49 ET
Table 'Mizar' 2-max Seat #1 is the button
Seat 1: rlfeo549 ($14.09 in chips)
Seat 2: lfeAEKfc ($28.55 in chips)
rlfeo549: posts small blind $1
lfeAEKfc: posts big blind $3
*** HOLE CARDS ***
rlfeo549: raises $3 to $6
lfeAEKfc: calls $3
*** FLOP *** [4c Jc 5d]
lfeAEKfc: checks
rlfeo549: bets $3
lfeAEKfc: calls $3
*** TURN *** [4c Jc 5d] [Qh]
lfeAEKfc: checks
rlfeo549: bets $5.09 and is all-in
lfeAEKfc: folds
Uncalled bet ($5.09) returned to rlfeo549
rlfeo549 collected $17.64 from pot
rlfeo549: doesn't show hand
*** SUMMARY ***
Total pot $18 | Rake $0.36
Board [4c Jc 5d Qh]
Seat 1: rlfeo549 (button) (small blind) collected ($17.64)
Seat 2: lfeAEKfc (big blind) folded on the Turn


PokerStars Hand #146016894777:  Hold'em Limit ($3/$6 USD) - 2015/12/27 14:34:18 ET
Table 'Mizar' 2-max Seat #2 is the button
Seat 1: rlfeo549 ($25.13 in chips)
Seat 2: lfeAEKfc ($16.31 in chips)
lfeAEKfc: posts small blind $1
rlfeo549: posts big blind $3
*** HOLE CARDS ***
lfeAEKfc: calls $2
rlfeo549: checks
*** FLOP *** [6c 2d Ac]
rlfeo549: bets $3
lfeAEKfc: calls $3
*** TURN *** [6c 2d Ac] [7h]
rlfeo549: checks
lfeAEKfc: bets $6
rlfeo549: folds
Uncalled bet ($6) returned to lfeAEKfc
lfeAEKfc collected $11.76 from pot
lfeAEKfc: doesn't show hand
*** SUMMARY ***
Total pot $12 | Rake $0.24
Board [6c 2d Ac 7h]
Seat 1: rlfeo549 (big blind) folded on the Turn
Seat 2: lfeAEKfc (button) (small blind) collected ($11.76)


PokerStars Hand #146016847878:  Hold'em Limit ($3/$6 USD) - 2015/12/27 14:33:39 ET
Table 'Mizar' 2-max Seat #1 is the button
Seat 1: rlfeo549 ($19.37 in chips)
Seat 2: lfeAEKfc ($22.31 in chips)
rlfeo549: posts small blind $1
lfeAEKfc: posts big blind $3
*** HOLE CARDS ***
rlfeo549: calls $2
lfeAEKfc: raises $3 to $6
rlfeo549: calls $3
*** FLOP *** [4d Ks Ah]
lfeAEKfc: checks
rlfeo549: checks
*** TURN *** [4d Ks Ah] [Kd]
lfeAEKfc: checks
rlfeo549: checks
*** RIVER *** [4d Ks Ah Kd] [9s]
lfeAEKfc: checks
rlfeo549: checks
*** SHOW DOWN ***
lfeAEKfc: shows [2h Jc] (a pair of Kings)
rlfeo549: shows [4c Ad] (two pair, Aces and Kings)
rlfeo549 collected $11.76 from pot
*** SUMMARY ***
Total pot $12 | Rake $0.24
Board [4d Ks Ah Kd 9s]
Seat 1: rlfeo549 (button) (small blind) showed [4c Ad] and won ($11.76) with two pair, Aces and Kings
Seat 2: lfeAEKfc (big blind) showed [2h Jc] and lost with a pair of Kings


PokerStars Hand #146016980438:  Hold'em Limit ($3/$6 USD) - 2015/12/27 14:35:31 ET
Table 'Mizar' 2-max Seat #1 is the button
Seat 1: rlfeo549 ($18.77 in chips)
Seat 2: lfeAEKfc ($21.71 in chips)
rlfeo549: posts small blind $1
lfeAEKfc: posts big blind $3
*** HOLE CARDS ***
rlfeo549: calls $2
lfeAEKfc: raises $3 to $6
rlfeo549: calls $3
*** FLOP *** [3d 8d Jc]
lfeAEKfc: bets $3
rlfeo549: calls $3
*** TURN *** [3d 8d Jc] [Kc]
lfeAEKfc: checks
rlfeo549: checks
*** RIVER *** [3d 8d Jc Kc] [Ac]
lfeAEKfc: bets $6
rlfeo549: folds
Uncalled bet ($6) returned to lfeAEKfc
lfeAEKfc collected $17.64 from pot
lfeAEKfc: doesn't show hand
*** SUMMARY ***
Total pot $18 | Rake $0.36
Board [3d 8d Jc Kc Ac]
Seat 1: rlfeo549 (button) (small blind) folded on the River
Seat 2: lfeAEKfc (big blind) collected ($17.64)


PokerStars Hand #146016947794:  Hold'em Limit ($3/$6 USD) - 2015/12/27 14:35:03 ET
Table 'Mizar' 2-max Seat #2 is the button
Seat 1: rlfeo549 ($27.77 in chips)
Seat 2: lfeAEKfc ($13.07 in chips)
lfeAEKfc: posts small blind $1
rlfeo549: posts big blind $3
*** HOLE CARDS ***
lfeAEKfc: calls $2
rlfeo549: raises $3 to $6
lfeAEKfc: calls $3
*** FLOP *** [Td 2h 3d]
rlfeo549: checks
lfeAEKfc: bets $3
rlfeo549: calls $3
*** TURN *** [Td 2h 3d] [3h]
rlfeo549: checks
lfeAEKfc: bets $4.07 and is all-in
rlfeo549: folds
Uncalled bet ($4.07) returned to lfeAEKfc
lfeAEKfc collected $17.64 from pot
lfeAEKfc: doesn't show hand
*** SUMMARY ***
Total pot $18 | Rake $0.36
Board [Td 2h 3d 3h]
Seat 1: rlfeo549 (big blind) folded on the Turn
Seat 2: lfeAEKfc (button) (small blind) collected ($17.64)


PokerStars Hand #146016911486:  Hold'em Limit ($3/$6 USD) - 2015/12/27 14:34:33 ET
Table 'Mizar' 2-max Seat #1 is the button
Seat 1: rlfeo549 ($19.13 in chips)
Seat 2: lfeAEKfc ($22.07 in chips)
rlfeo549: posts small blind $1
lfeAEKfc: posts big blind $3
*** HOLE CARDS ***
rlfeo549: calls $2
lfeAEKfc: raises $3 to $6
rlfeo549: calls $3
*** FLOP *** [Qc 8c 8h]
lfeAEKfc: checks
rlfeo549: bets $3
lfeAEKfc: calls $3
*** TURN *** [Qc 8c 8h] [Jh]
lfeAEKfc: checks
rlfeo549: checks
*** RIVER *** [Qc 8c 8h Jh] [3c]
lfeAEKfc: checks
rlfeo549: checks
*** SHOW DOWN ***
lfeAEKfc: shows [6c 3h] (two pair, Eights and Threes)
rlfeo549: shows [8s 6h] (three of a kind, Eights)
rlfeo549 collected $17.64 from pot
*** SUMMARY ***
Total pot $18 | Rake $0.36
Board [Qc 8c 8h Jh 3c]
Seat 1: rlfeo549 (button) (small blind) showed [8s 6h] and won ($17.64) with three of a kind, Eights
Seat 2: lfeAEKfc (big blind) showed [6c 3h] and lost with two pair, Eights and Threes


PokerStars Hand #146017040445:  Hold'em Limit ($3/$6 USD) - 2015/12/27 14:36:24 ET
Table 'Mizar' 2-max Seat #2 is the button
Seat 1: rlfeo549 ($10.15 in chips)
Seat 2: lfeAEKfc ($29.22 in chips)
lfeAEKfc: posts small blind $1
rlfeo549: posts big blind $3
*** HOLE CARDS ***
lfeAEKfc: calls $2
rlfeo549: raises $3 to $6
lfeAEKfc: folds
Uncalled bet ($3) returned to rlfeo549
rlfeo549 collected $6 from pot
rlfeo549: doesn't show hand
*** SUMMARY ***
Total pot $6 | Rake $0
Seat 1: rlfeo549 (big blind) collected ($6)
Seat 2: lfeAEKfc (button) (small blind) folded before Flop


PokerStars Hand #146017023785:  Hold'em Limit ($3/$6 USD) - 2015/12/27 14:36:09 ET
Table 'Mizar' 2-max Seat #1 is the button
Seat 1: rlfeo549 ($19.15 in chips)
Seat 2: lfeAEKfc ($20.58 in chips)
rlfeo549: posts small blind $1
lfeAEKfc: posts big blind $3
*** HOLE CARDS ***
rlfeo549: raises $3 to $6
lfeAEKfc: calls $3
*** FLOP *** [Jh 8h 5d]
lfeAEKfc: checks
rlfeo549: bets $3
lfeAEKfc: calls $3
*** TURN *** [Jh 8h 5d] [Th]
lfeAEKfc: checks
rlfeo549: checks
*** RIVER *** [Jh 8h 5d Th] [3h]
lfeAEKfc: checks
rlfeo549: checks
*** SHOW DOWN ***
lfeAEKfc: shows [Ts Qc] (a pair of Tens)
rlfeo549: mucks hand
lfeAEKfc collected $17.64 from pot
*** SUMMARY ***
Total pot $18 | Rake $0.36
Board [Jh 8h 5d Th 3h]
Seat 1: rlfeo549 (button) (small blind) mucked
Seat 2: lfeAEKfc (big blind) showed [Ts Qc] and won ($17.64) with a pair of Tens


PokerStars Hand #146016995877:  Hold'em Limit ($3/$6 USD) - 2015/12/27 14:35:45 ET
Table 'Mizar' 2-max Seat #2 is the button
Seat 1: rlfeo549 ($9.77 in chips)
Seat 2: lfeAEKfc ($30.35 in chips)
lfeAEKfc: posts small blind $1
rlfeo549: posts big blind $3
*** HOLE CARDS ***
lfeAEKfc: raises $3 to $6
rlfeo549: calls $3
*** FLOP *** [8c As Qh]
rlfeo549: checks
lfeAEKfc: checks
*** TURN *** [8c As Qh] [Jd]
rlfeo549: checks
lfeAEKfc: checks
*** RIVER *** [8c As Qh Jd] [4d]
rlfeo549: bets $3.77 and is all-in
lfeAEKfc: calls $3.77
*** SHOW DOWN ***
rlfeo549: shows [Ah 5d] (a pair of Aces)
lfeAEKfc: shows [2d 4s] (a pair of Fours)
rlfeo549 collected $19.15 from pot
*** SUMMARY ***
Total pot $19.54 | Rake $0.39
Board [8c As Qh Jd 4d]
Seat 1: rlfeo549 (big blind) showed [Ah 5d] and won ($19.15) with a pair of Aces
Seat 2: lfeAEKfc (button) (small blind) showed [2d 4s] and lost with a pair of Fours


PokerStars Hand #146017057391:  Hold'em Limit ($3/$6 USD) - 2015/12/27 14:36:38 ET
Table 'Mizar' 2-max Seat #1 is the button
Seat 1: rlfeo549 ($13.15 in chips)
Seat 2: lfeAEKfc ($26.22 in chips)
rlfeo549: posts small blind $1
lfeAEKfc: posts big blind $3
*** HOLE CARDS ***
rlfeo549: raises $3 to $6
lfeAEKfc: calls $3
*** FLOP *** [4s Th 5s]
lfeAEKfc: checks
rlfeo549: checks
*** TURN *** [4s Th 5s] [4h]
lfeAEKfc: checks
rlfeo549: bets $6
lfeAEKfc: folds
Uncalled bet ($6) returned to rlfeo549
rlfeo549 collected $11.76 from pot
rlfeo549: doesn't show hand
*** SUMMARY ***
Total pot $12 | Rake $0.24
Board [4s Th 5s 4h]
Seat 1: rlfeo549 (button) (small blind) collected ($11.76)
Seat 2: lfeAEKfc (big blind) folded on the Turn


PokerStars Hand #146017112845:  Hold'em Limit ($3/$6 USD) - 2015/12/27 14:37:25 ET
Table 'Mizar' 2-max Seat #1 is the button
Seat 1: rlfeo549 ($12.91 in chips)
Seat 2: lfeAEKfc ($25.98 in chips)
rlfeo549: posts small blind $1
lfeAEKfc: posts big blind $3
*** HOLE CARDS ***
rlfeo549: calls $2
lfeAEKfc: checks
*** FLOP *** [Jc 7d 8c]
lfeAEKfc: checks
rlfeo549: bets $3
lfeAEKfc: folds
Uncalled bet ($3) returned to rlfeo549
rlfeo549 collected $5.88 from pot
rlfeo549: doesn't show hand
*** SUMMARY ***
Total pot $6 | Rake $0.12
Board [Jc 7d 8c]
Seat 1: rlfeo549 (button) (small blind) collected ($5.88)
Seat 2: lfeAEKfc (big blind) folded on the Flop


PokerStars Hand #146017084071:  Hold'em Limit ($3/$6 USD) - 2015/12/27 14:37:01 ET
Table 'Mizar' 2-max Seat #2 is the button
Seat 1: rlfeo549 ($18.91 in chips)
Seat 2: lfeAEKfc ($20.22 in chips)
lfeAEKfc: posts small blind $1
rlfeo549: posts big blind $3
*** HOLE CARDS ***
lfeAEKfc: calls $2
rlfeo549: raises $3 to $6
lfeAEKfc: calls $3
*** FLOP *** [3d 3h Jh]
rlfeo549: checks
lfeAEKfc: checks
*** TURN *** [3d 3h Jh] [5h]
rlfeo549: checks
lfeAEKfc: checks
*** RIVER *** [3d 3h Jh 5h] [4s]
rlfeo549: checks
lfeAEKfc: checks
*** SHOW DOWN ***
rlfeo549: shows [Kd Tc] (a pair of Threes)
lfeAEKfc: shows [9h 3c] (three of a kind, Threes)
lfeAEKfc collected $11.76 from pot
*** SUMMARY ***
Total pot $12 | Rake $0.24
Board [3d 3h Jh 5h 4s]
Seat 1: rlfeo549 (big blind) showed [Kd Tc] and lost with a pair of Threes
Seat 2: lfeAEKfc (button) (small blind) showed [9h 3c] and won ($11.76) with three of a kind, Threes


PokerStars Hand #146017177422:  Hold'em Limit ($3/$6 USD) - 2015/12/27 14:38:19 ET
Table 'Mizar' 2-max Seat #2 is the button
Seat 1: rlfeo549 ($12.55 in chips)
Seat 2: lfeAEKfc ($25.62 in chips)
lfeAEKfc: posts small blind $1
rlfeo549: posts big blind $3
*** HOLE CARDS ***
lfeAEKfc: raises $3 to $6
rlfeo549: calls $3
*** FLOP *** [6h 6c 2c]
rlfeo549: bets $3
lfeAEKfc: folds
Uncalled bet ($3) returned to rlfeo549
rlfeo549 collected $11.76 from pot
rlfeo549: doesn't show hand
*** SUMMARY ***
Total pot $12 | Rake $0.24
Board [6h 6c 2c]
Seat 1: rlfeo549 (big blind) collected ($11.76)
Seat 2: lfeAEKfc (button) (small blind) folded on the Flop


PokerStars Hand #146017157200:  Hold'em Limit ($3/$6 USD) - 2015/12/27 14:38:02 ET
Table 'Mizar' 2-max Seat #1 is the button
Seat 1: rlfeo549 ($21.55 in chips)
Seat 2: lfeAEKfc ($16.98 in chips)
rlfeo549: posts small blind $1
lfeAEKfc: posts big blind $3
*** HOLE CARDS ***
rlfeo549: calls $2
lfeAEKfc: raises $3 to $6
rlfeo549: calls $3
*** FLOP *** [9s 3s Qd]
lfeAEKfc: bets $3
rlfeo549: calls $3
*** TURN *** [9s 3s Qd] [3h]
lfeAEKfc: bets $6
rlfeo549: folds
Uncalled bet ($6) returned to lfeAEKfc
lfeAEKfc collected $17.64 from pot
lfeAEKfc: doesn't show hand
*** SUMMARY ***
Total pot $18 | Rake $0.36
Board [9s 3s Qd 3h]
Seat 1: rlfeo549 (button) (small blind) folded on the Turn
Seat 2: lfeAEKfc (big blind) collected ($17.64)


PokerStars Hand #146017135609:  Hold'em Limit ($3/$6 USD) - 2015/12/27 14:37:44 ET
Table 'Mizar' 2-max Seat #2 is the button
Seat 1: rlfeo549 ($15.79 in chips)
Seat 2: lfeAEKfc ($22.98 in chips)
lfeAEKfc: posts small blind $1
rlfeo549: posts big blind $3
*** HOLE CARDS ***
lfeAEKfc: calls $2
rlfeo549: raises $3 to $6
lfeAEKfc: calls $3
*** FLOP *** [Jh 4h Ts]
rlfeo549: bets $3
lfeAEKfc: folds
Uncalled bet ($3) returned to rlfeo549
rlfeo549 collected $11.76 from pot
rlfeo549: doesn't show hand
*** SUMMARY ***
Total pot $12 | Rake $0.24
Board [Jh 4h Ts]
Seat 1: rlfeo549 (big blind) collected ($11.76)
Seat 2: lfeAEKfc (button) (small blind) folded on the Flop


PokerStars Hand #146017262255:  Hold'em Limit ($3/$6 USD) - 2015/12/27 14:39:32 ET
Table 'Mizar' 2-max Seat #2 is the button
Seat 1: rlfeo549 ($32.81 in chips)
Seat 2: lfeAEKfc ($4.62 in chips)
lfeAEKfc: posts small blind $1
rlfeo549: posts big blind $3
*** HOLE CARDS ***
lfeAEKfc: raises $1.62 to $4.62 and is all-in
rlfeo549: folds
Uncalled bet ($1.62) returned to lfeAEKfc
lfeAEKfc collected $6 from pot
lfeAEKfc: doesn't show hand
*** SUMMARY ***
Total pot $6 | Rake $0
Seat 1: rlfeo549 (big blind) folded before Flop
Seat 2: lfeAEKfc (button) (small blind) collected ($6)


PokerStars Hand #146017203200:  Hold'em Limit ($3/$6 USD) - 2015/12/27 14:38:41 ET
Table 'Mizar' 2-max Seat #1 is the button
Seat 1: rlfeo549 ($18.31 in chips)
Seat 2: lfeAEKfc ($19.62 in chips)
rlfeo549: posts small blind $1
lfeAEKfc: posts big blind $3
*** HOLE CARDS ***
rlfeo549: raises $3 to $6
lfeAEKfc: calls $3
*** FLOP *** [Kd Th Js]
lfeAEKfc: checks
rlfeo549: bets $3
lfeAEKfc: calls $3
*** TURN *** [Kd Th Js] [Ah]
lfeAEKfc: bets $6
rlfeo549: calls $6
*** RIVER *** [Kd Th Js Ah] [4c]
lfeAEKfc: checks
rlfeo549: checks
*** SHOW DOWN ***
lfeAEKfc: shows [9c 8d] (high card Ace)
rlfeo549: shows [Tc 8s] (a pair of Tens)
rlfeo549 collected $29.50 from pot
*** SUMMARY ***
Total pot $30 | Rake $0.50
Board [Kd Th Js Ah 4c]
Seat 1: rlfeo549 (button) (small blind) showed [Tc 8s] and won ($29.50) with a pair of Tens
Seat 2: lfeAEKfc (big blind) showed [9c 8d] and lost with high card Ace


PokerStars Hand #146017269776:  Hold'em Limit ($3/$6 USD) - 2015/12/27 14:39:38 ET
Table 'Mizar' 2-max Seat #1 is the button
Seat 1: rlfeo549 ($29.81 in chips)
Seat 2: lfeAEKfc ($7.62 in chips)
rlfeo549: posts small blind $1
lfeAEKfc: posts big blind $3
*** HOLE CARDS ***
rlfeo549: calls $2
lfeAEKfc: raises $3 to $6
rlfeo549: calls $3
*** FLOP *** [Ts 9d 3c]
lfeAEKfc: checks
rlfeo549: bets $3
lfeAEKfc: folds
Uncalled bet ($3) returned to rlfeo549
rlfeo549 collected $11.76 from pot
rlfeo549: doesn't show hand
*** SUMMARY ***
Total pot $12 | Rake $0.24
Board [Ts 9d 3c]
Seat 1: rlfeo549 (button) (small blind) collected ($11.76)
Seat 2: lfeAEKfc (big blind) folded on the Flop


