PokerStars Hand #150681660759:  Hold'em Limit ($3/$6 USD) - 2016/03/20 19:38:31 ET
Table 'Mizuho' 6-max Seat #6 is the button
Seat 5: TinaTurner72 ($122.64 in chips)
Seat 6: duke6419 ($116.76 in chips)
duke6419: posts small blind $1
TinaTurner72: posts big blind $3
*** HOLE CARDS ***
duke6419: folds
Uncalled bet ($2) returned to TinaTurner72
TinaTurner72 collected $2 from pot
TinaTurner72: doesn't show hand
*** SUMMARY ***
Total pot $2 | Rake $0
Seat 5: TinaTurner72 (big blind) collected ($2)
Seat 6: duke6419 (button) (small blind) folded before Flop


PokerStars Hand #150681636428:  Hold'em Limit ($3/$6 USD) - 2016/03/20 19:37:59 ET
Table 'Mizuho' 6-max Seat #5 is the button
Seat 5: TinaTurner72 ($114 in chips)
Seat 6: duke6419 ($125.76 in chips)
TinaTurner72: posts small blind $1
duke6419: posts big blind $3
*** HOLE CARDS ***
TinaTurner72: raises $3 to $6
duke6419: calls $3
*** FLOP *** [Kd Ah 6s]
duke6419: checks
TinaTurner72: bets $3
duke6419: calls $3
*** TURN *** [Kd Ah 6s] [4d]
duke6419: checks
TinaTurner72: bets $6
duke6419: folds
Uncalled bet ($6) returned to TinaTurner72
TinaTurner72 collected $17.64 from pot
TinaTurner72: doesn't show hand
*** SUMMARY ***
Total pot $18 | Rake $0.36
Board [Kd Ah 6s 4d]
Seat 5: TinaTurner72 (button) (small blind) collected ($17.64)
Seat 6: duke6419 (big blind) folded on the Turn


PokerStars Hand #150681601184:  Hold'em Limit ($3/$6 USD) - 2016/03/20 19:37:13 ET
Table 'Mizuho' 6-max Seat #6 is the button
Seat 5: TinaTurner72 ($120 in chips)
Seat 6: duke6419 ($120 in chips)
duke6419: posts small blind $1
TinaTurner72: posts big blind $3
*** HOLE CARDS ***
duke6419: calls $2
TinaTurner72: checks
*** FLOP *** [Tc 2d Qh]
TinaTurner72: bets $3
duke6419: calls $3
*** TURN *** [Tc 2d Qh] [Jd]
TinaTurner72: checks
duke6419: bets $6
TinaTurner72: folds
Uncalled bet ($6) returned to duke6419
duke6419 collected $11.76 from pot
duke6419: doesn't show hand
*** SUMMARY ***
Total pot $12 | Rake $0.24
Board [Tc 2d Qh Jd]
Seat 5: TinaTurner72 (big blind) folded on the Turn
Seat 6: duke6419 (button) (small blind) collected ($11.76)


PokerStars Hand #150681691847:  Hold'em Limit ($3/$6 USD) - 2016/03/20 19:39:12 ET
Table 'Mizuho' 6-max Seat #5 is the button
Seat 5: TinaTurner72 ($138.16 in chips)
Seat 6: duke6419 ($100.76 in chips)
TinaTurner72: posts small blind $1
duke6419: posts big blind $3
*** HOLE CARDS ***
TinaTurner72: raises $3 to $6
duke6419: calls $3
*** FLOP *** [Th 6h 8s]
duke6419: checks
TinaTurner72: bets $3
duke6419: calls $3
*** TURN *** [Th 6h 8s] [Kc]
duke6419: checks
TinaTurner72: bets $6
duke6419: calls $6
*** RIVER *** [Th 6h 8s Kc] [As]
duke6419: checks
TinaTurner72: checks
*** SHOW DOWN ***
duke6419: shows [Kh 3d] (a pair of Kings)
TinaTurner72: mucks hand
duke6419 collected $29.50 from pot
*** SUMMARY ***
Total pot $30 | Rake $0.50
Board [Th 6h 8s Kc As]
Seat 5: TinaTurner72 (button) (small blind) mucked
Seat 6: duke6419 (big blind) showed [Kh 3d] and won ($29.50) with a pair of Kings


PokerStars Hand #150681669402:  Hold'em Limit ($3/$6 USD) - 2016/03/20 19:38:42 ET
Table 'Mizuho' 6-max Seat #6 is the button
Seat 5: TinaTurner72 ($126.64 in chips)
Seat 6: duke6419 ($112.76 in chips)
duke6419: posts small blind $1
TinaTurner72: posts big blind $3
*** HOLE CARDS ***
sasa777774 joins the table at seat #3
duke6419: raises $3 to $6
TinaTurner72: calls $3
*** FLOP *** [Jc 5c 3c]
TinaTurner72: checks
duke6419: bets $3
TinaTurner72: raises $3 to $6
duke6419: calls $3
*** TURN *** [Jc 5c 3c] [9h]
TinaTurner72: bets $6
duke6419: folds
Uncalled bet ($6) returned to TinaTurner72
TinaTurner72 collected $23.52 from pot
TinaTurner72: doesn't show hand
*** SUMMARY ***
Total pot $24 | Rake $0.48
Board [Jc 5c 3c 9h]
Seat 5: TinaTurner72 (big blind) collected ($23.52)
Seat 6: duke6419 (button) (small blind) folded on the Turn


PokerStars Hand #150681664525:  Hold'em Limit ($3/$6 USD) - 2016/03/20 19:38:36 ET
Table 'Mizuho' 6-max Seat #5 is the button
Seat 5: TinaTurner72 ($123.64 in chips)
Seat 6: duke6419 ($115.76 in chips)
TinaTurner72: posts small blind $1
duke6419: posts big blind $3
*** HOLE CARDS ***
TinaTurner72: raises $3 to $6
duke6419: folds
Uncalled bet ($3) returned to TinaTurner72
TinaTurner72 collected $6 from pot
TinaTurner72: doesn't show hand
*** SUMMARY ***
Total pot $6 | Rake $0
Seat 5: TinaTurner72 (button) (small blind) collected ($6)
Seat 6: duke6419 (big blind) folded before Flop


