PokerStars Hand #176374049549:  Hold'em Limit ($3/$6 USD) - 2017/10/01 18:26:57 ET
Table 'Mizuho' 6-max Seat #4 is the button
Seat 3: Ag3r0n ($80.64 in chips)
Seat 4: gnatakurchpz ($50.83 in chips)
gnatakurchpz: posts small blind $1
Ag3r0n: posts big blind $3
*** HOLE CARDS ***
gnatakurchpz: folds
Uncalled bet ($2) returned to Ag3r0n
Ag3r0n collected $2 from pot
Ag3r0n: doesn't show hand
*** SUMMARY ***
Total pot $2 | Rake $0
Seat 3: Ag3r0n (big blind) collected ($2)
Seat 4: gnatakurchpz (button) (small blind) folded before Flop


PokerStars Hand #176374036390:  Hold'em Limit ($3/$6 USD) - 2017/10/01 18:26:37 ET
Table 'Mizuho' 6-max Seat #3 is the button
Seat 3: Ag3r0n ($72 in chips)
Seat 4: gnatakurchpz ($59.83 in chips)
Ag3r0n: posts small blind $1
gnatakurchpz: posts big blind $3
*** HOLE CARDS ***
Ag3r0n: raises $3 to $6
gnatakurchpz: calls $3
*** FLOP *** [Qd 5c 6h]
gnatakurchpz: checks
Ag3r0n: bets $3
gnatakurchpz: calls $3
*** TURN *** [Qd 5c 6h] [Jd]
gnatakurchpz: checks
Ag3r0n: bets $6
gnatakurchpz: folds
Uncalled bet ($6) returned to Ag3r0n
Ag3r0n collected $17.64 from pot
Ag3r0n: doesn't show hand
*** SUMMARY ***
Total pot $18 | Rake $0.36
Board [Qd 5c 6h Jd]
Seat 3: Ag3r0n (button) (small blind) collected ($17.64)
Seat 4: gnatakurchpz (big blind) folded on the Turn


PokerStars Hand #176374052712:  Hold'em Limit ($3/$6 USD) - 2017/10/01 18:27:01 ET
Table 'Mizuho' 6-max Seat #3 is the button
Seat 3: Ag3r0n ($81.64 in chips)
Seat 4: gnatakurchpz ($49.83 in chips)
Ag3r0n: posts small blind $1
gnatakurchpz: posts big blind $3
*** HOLE CARDS ***
Ag3r0n: raises $3 to $6
gnatakurchpz: calls $3
*** FLOP *** [9c 8h 3s]
gnatakurchpz: checks
Ag3r0n: checks
*** TURN *** [9c 8h 3s] [8s]
gnatakurchpz: checks
Ag3r0n: bets $6
gnatakurchpz: raises $6 to $12
Ag3r0n: calls $6
*** RIVER *** [9c 8h 3s 8s] [Jc]
gnatakurchpz: bets $6
Ag3r0n: calls $6
*** SHOW DOWN ***
gnatakurchpz: shows [4s 9s] (two pair, Nines and Eights)
Ag3r0n: mucks hand
gnatakurchpz collected $47.50 from pot
*** SUMMARY ***
Total pot $48 | Rake $0.50
Board [9c 8h 3s 8s Jc]
Seat 3: Ag3r0n (button) (small blind) mucked
Seat 4: gnatakurchpz (big blind) showed [4s 9s] and won ($47.50) with two pair, Nines and Eights


PokerStars Hand #176374071473:  Hold'em Limit ($3/$6 USD) - 2017/10/01 18:27:30 ET
Table 'Mizuho' 6-max Seat #3 is the button
Seat 3: Ag3r0n ($72 in chips)
Seat 4: gnatakurchpz ($76.33 in chips)
Ag3r0n: posts small blind $1
gnatakurchpz: posts big blind $3
*** HOLE CARDS ***
Ag3r0n: folds
Uncalled bet ($2) returned to gnatakurchpz
gnatakurchpz collected $2 from pot
gnatakurchpz: doesn't show hand
*** SUMMARY ***
Total pot $2 | Rake $0
Seat 3: Ag3r0n (button) (small blind) folded before Flop
Seat 4: gnatakurchpz (big blind) collected ($2)


PokerStars Hand #176374067432:  Hold'em Limit ($3/$6 USD) - 2017/10/01 18:27:24 ET
Table 'Mizuho' 6-max Seat #4 is the button
Seat 3: Ag3r0n ($72 in chips)
Seat 4: gnatakurchpz ($73.33 in chips)
gnatakurchpz: posts small blind $1
Ag3r0n: posts big blind $3
*** HOLE CARDS ***
gnatakurchpz: raises $3 to $6
Ag3r0n: folds
Uncalled bet ($3) returned to gnatakurchpz
gnatakurchpz collected $6 from pot
gnatakurchpz: doesn't show hand
*** SUMMARY ***
Total pot $6 | Rake $0
Seat 3: Ag3r0n (big blind) folded before Flop
Seat 4: gnatakurchpz (button) (small blind) collected ($6)


PokerStars Hand #176374075064:  Hold'em Limit ($3/$6 USD) - 2017/10/01 18:27:35 ET
Table 'Mizuho' 6-max Seat #4 is the button
Seat 3: Ag3r0n ($72 in chips)
Seat 4: gnatakurchpz ($77.33 in chips)
gnatakurchpz: posts small blind $1
Ag3r0n: posts big blind $3
*** HOLE CARDS ***
gnatakurchpz: raises $3 to $6
Ag3r0n: raises $3 to $9
gnatakurchpz: calls $3
*** FLOP *** [6c Jc 9h]
Ag3r0n: bets $3
gnatakurchpz: calls $3
*** TURN *** [6c Jc 9h] [Ts]
Ag3r0n: checks
gnatakurchpz: checks
*** RIVER *** [6c Jc 9h Ts] [Kc]
Ag3r0n: bets $6
gnatakurchpz: calls $6
*** SHOW DOWN ***
Ag3r0n: shows [Qh Ad] (a straight, Ten to Ace)
gnatakurchpz: mucks hand
Ag3r0n collected $35.50 from pot
*** SUMMARY ***
Total pot $36 | Rake $0.50
Board [6c Jc 9h Ts Kc]
Seat 3: Ag3r0n (big blind) showed [Qh Ad] and won ($35.50) with a straight, Ten to Ace
Seat 4: gnatakurchpz (button) (small blind) mucked


PokerStars Hand #176374102635:  Hold'em Limit ($3/$6 USD) - 2017/10/01 18:28:17 ET
Table 'Mizuho' 6-max Seat #4 is the button
Seat 3: Ag3r0n ($74.50 in chips)
Seat 4: gnatakurchpz ($73.83 in chips)
gnatakurchpz: posts small blind $1
Ag3r0n: posts big blind $3
*** HOLE CARDS ***
gnatakurchpz: raises $3 to $6
Ag3r0n: folds
Uncalled bet ($3) returned to gnatakurchpz
gnatakurchpz collected $6 from pot
gnatakurchpz: doesn't show hand
*** SUMMARY ***
Total pot $6 | Rake $0
Seat 3: Ag3r0n (big blind) folded before Flop
Seat 4: gnatakurchpz (button) (small blind) collected ($6)


PokerStars Hand #176374088165:  Hold'em Limit ($3/$6 USD) - 2017/10/01 18:27:55 ET
Table 'Mizuho' 6-max Seat #3 is the button
Seat 3: Ag3r0n ($89.50 in chips)
Seat 4: gnatakurchpz ($59.33 in chips)
Ag3r0n: posts small blind $1
gnatakurchpz: posts big blind $3
*** HOLE CARDS ***
Ag3r0n: raises $3 to $6
gnatakurchpz: calls $3
*** FLOP *** [Ad 5d 3h]
gnatakurchpz: checks
Ag3r0n: bets $3
gnatakurchpz: calls $3
*** TURN *** [Ad 5d 3h] [Qh]
gnatakurchpz: checks
Ag3r0n: checks
*** RIVER *** [Ad 5d 3h Qh] [7h]
gnatakurchpz: bets $6
Ag3r0n: calls $6
*** SHOW DOWN ***
gnatakurchpz: shows [2d Ah] (a pair of Aces)
Ag3r0n: mucks hand
gnatakurchpz collected $29.50 from pot
*** SUMMARY ***
Total pot $30 | Rake $0.50
Board [Ad 5d 3h Qh 7h]
Seat 3: Ag3r0n (button) (small blind) mucked
Seat 4: gnatakurchpz (big blind) showed [2d Ah] and won ($29.50) with a pair of Aces


PokerStars Hand #176374105810:  Hold'em Limit ($3/$6 USD) - 2017/10/01 18:28:22 ET
Table 'Mizuho' 6-max Seat #3 is the button
Seat 3: Ag3r0n ($72 in chips)
Seat 4: gnatakurchpz ($76.83 in chips)
Ag3r0n: posts small blind $1
gnatakurchpz: posts big blind $3
*** HOLE CARDS ***
Ag3r0n: raises $3 to $6
gnatakurchpz: raises $3 to $9
Ag3r0n: calls $3
*** FLOP *** [3d Ts Tc]
gnatakurchpz: bets $3
Ag3r0n: calls $3
*** TURN *** [3d Ts Tc] [7h]
gnatakurchpz: checks
Ag3r0n: bets $6
gnatakurchpz: calls $6
*** RIVER *** [3d Ts Tc 7h] [8c]
gnatakurchpz: checks
Ag3r0n: bets $6
gnatakurchpz: raises $6 to $12
Ag3r0n: calls $6
*** SHOW DOWN ***
gnatakurchpz: shows [7c 7s] (a full house, Sevens full of Tens)
Ag3r0n: mucks hand
gnatakurchpz collected $59.50 from pot
*** SUMMARY ***
Total pot $60 | Rake $0.50
Board [3d Ts Tc 7h 8c]
Seat 3: Ag3r0n (button) (small blind) mucked
Seat 4: gnatakurchpz (big blind) showed [7c 7s] and won ($59.50) with a full house, Sevens full of Tens


PokerStars Hand #176374122626:  Hold'em Limit ($3/$6 USD) - 2017/10/01 18:28:44 ET
Table 'Mizuho' 6-max Seat #4 is the button
Seat 3: Ag3r0n ($72 in chips)
Seat 4: gnatakurchpz ($106.33 in chips)
gnatakurchpz: posts small blind $1
Ag3r0n: posts big blind $3
*** HOLE CARDS ***
gnatakurchpz: raises $3 to $6
Ag3r0n: raises $3 to $9
gnatakurchpz: calls $3
*** FLOP *** [2s 5s 5h]
Ag3r0n: checks
gnatakurchpz: checks
*** TURN *** [2s 5s 5h] [Kh]
Ag3r0n: bets $6
gnatakurchpz: folds
Uncalled bet ($6) returned to Ag3r0n
Ag3r0n collected $17.64 from pot
Ag3r0n: doesn't show hand
*** SUMMARY ***
Total pot $18 | Rake $0.36
Board [2s 5s 5h Kh]
Seat 3: Ag3r0n (big blind) collected ($17.64)
Seat 4: gnatakurchpz (button) (small blind) folded on the Turn


PokerStars Hand #176374134132:  Hold'em Limit ($3/$6 USD) - 2017/10/01 18:29:02 ET
Table 'Mizuho' 6-max Seat #3 is the button
Seat 3: Ag3r0n ($80.64 in chips)
Seat 4: gnatakurchpz ($97.33 in chips)
Ag3r0n: posts small blind $1
gnatakurchpz: posts big blind $3
*** HOLE CARDS ***
Ag3r0n: folds
Uncalled bet ($2) returned to gnatakurchpz
gnatakurchpz collected $2 from pot
gnatakurchpz: doesn't show hand
*** SUMMARY ***
Total pot $2 | Rake $0
Seat 3: Ag3r0n (button) (small blind) folded before Flop
Seat 4: gnatakurchpz (big blind) collected ($2)


PokerStars Hand #176374145725:  Hold'em Limit ($3/$6 USD) - 2017/10/01 18:29:19 ET
Table 'Mizuho' 6-max Seat #3 is the button
Seat 3: Ag3r0n ($73.64 in chips)
Seat 4: gnatakurchpz ($104.09 in chips)
Ag3r0n: posts small blind $1
gnatakurchpz: posts big blind $3
*** HOLE CARDS ***
Ag3r0n: folds
Uncalled bet ($2) returned to gnatakurchpz
gnatakurchpz collected $2 from pot
*** SUMMARY ***
Total pot $2 | Rake $0
Seat 3: Ag3r0n (button) (small blind) folded before Flop
Seat 4: gnatakurchpz (big blind) collected ($2)


PokerStars Hand #176374140092:  Hold'em Limit ($3/$6 USD) - 2017/10/01 18:29:10 ET
Table 'Mizuho' 6-max Seat #4 is the button
Seat 3: Ag3r0n ($79.64 in chips)
Seat 4: gnatakurchpz ($98.33 in chips)
gnatakurchpz: posts small blind $1
Ag3r0n: posts big blind $3
*** HOLE CARDS ***
gnatakurchpz: raises $3 to $6
Ag3r0n: calls $3
*** FLOP *** [6d 7h Th]
Ag3r0n: checks
gnatakurchpz: bets $3
Ag3r0n: folds
Uncalled bet ($3) returned to gnatakurchpz
gnatakurchpz collected $11.76 from pot
gnatakurchpz: doesn't show hand
*** SUMMARY ***
Total pot $12 | Rake $0.24
Board [6d 7h Th]
Seat 3: Ag3r0n (big blind) folded on the Flop
Seat 4: gnatakurchpz (button) (small blind) collected ($11.76)


PokerStars Hand #176374152662:  Hold'em Limit ($3/$6 USD) - 2017/10/01 18:29:29 ET
Table 'Mizuho' 6-max Seat #3 is the button
Seat 3: Ag3r0n ($73.64 in chips)
Seat 4: gnatakurchpz ($104.09 in chips)
Ag3r0n: posts small blind $1
gnatakurchpz: posts big blind $3
*** HOLE CARDS ***
Ag3r0n: folds
Uncalled bet ($2) returned to gnatakurchpz
gnatakurchpz collected $2 from pot
*** SUMMARY ***
Total pot $2 | Rake $0
Seat 3: Ag3r0n (button) (small blind) folded before Flop
Seat 4: gnatakurchpz (big blind) collected ($2)


PokerStars Hand #176374148734:  Hold'em Limit ($3/$6 USD) - 2017/10/01 18:29:23 ET
Table 'Mizuho' 6-max Seat #4 is the button
Seat 3: Ag3r0n ($72.64 in chips)
Seat 4: gnatakurchpz ($105.09 in chips)
gnatakurchpz: posts small blind $1
Ag3r0n: posts big blind $3
*** HOLE CARDS ***
gnatakurchpz: folds
Uncalled bet ($2) returned to Ag3r0n
Ag3r0n collected $2 from pot
Ag3r0n: doesn't show hand
*** SUMMARY ***
Total pot $2 | Rake $0
Seat 3: Ag3r0n (big blind) collected ($2)
Seat 4: gnatakurchpz (button) (small blind) folded before Flop


PokerStars Hand #176374156146:  Hold'em Limit ($3/$6 USD) - 2017/10/01 18:29:35 ET
Table 'Mizuho' 6-max Seat #4 is the button
Seat 3: Ag3r0n ($72.64 in chips)
Seat 4: gnatakurchpz ($105.09 in chips)
gnatakurchpz: posts small blind $1
Ag3r0n: posts big blind $3
*** HOLE CARDS ***
gnatakurchpz: raises $3 to $6
Ag3r0n: raises $3 to $9
gnatakurchpz: calls $3
*** FLOP *** [5c Jd Kc]
Ag3r0n: bets $3
gnatakurchpz: calls $3
*** TURN *** [5c Jd Kc] [6c]
Ag3r0n: checks
gnatakurchpz: bets $6
Ag3r0n: folds
Uncalled bet ($6) returned to gnatakurchpz
gnatakurchpz collected $23.52 from pot
gnatakurchpz: doesn't show hand
*** SUMMARY ***
Total pot $24 | Rake $0.48
Board [5c Jd Kc 6c]
Seat 3: Ag3r0n (big blind) folded on the Turn
Seat 4: gnatakurchpz (button) (small blind) collected ($23.52)


PokerStars Hand #176374170931:  Hold'em Limit ($3/$6 USD) - 2017/10/01 18:29:57 ET
Table 'Mizuho' 6-max Seat #3 is the button
Seat 3: Ag3r0n ($72 in chips)
Seat 4: gnatakurchpz ($116.61 in chips)
Ag3r0n: posts small blind $1
gnatakurchpz: posts big blind $3
*** HOLE CARDS ***
Ag3r0n: raises $3 to $6
gnatakurchpz: calls $3
*** FLOP *** [4s 8d 2d]
gnatakurchpz: checks
Ag3r0n: checks
*** TURN *** [4s 8d 2d] [6c]
gnatakurchpz: bets $6
Ag3r0n: calls $6
*** RIVER *** [4s 8d 2d 6c] [Ac]
gnatakurchpz: checks
Ag3r0n: bets $6
gnatakurchpz: calls $6
*** SHOW DOWN ***
Ag3r0n: shows [3d Ah] (a pair of Aces)
gnatakurchpz: mucks hand
Ag3r0n collected $35.50 from pot
*** SUMMARY ***
Total pot $36 | Rake $0.50
Board [4s 8d 2d 6c Ac]
Seat 3: Ag3r0n (button) (small blind) showed [3d Ah] and won ($35.50) with a pair of Aces
Seat 4: gnatakurchpz (big blind) mucked


PokerStars Hand #176374180286:  Hold'em Limit ($3/$6 USD) - 2017/10/01 18:30:11 ET
Table 'Mizuho' 6-max Seat #4 is the button
Seat 3: Ag3r0n ($89.50 in chips)
Seat 4: gnatakurchpz ($98.61 in chips)
gnatakurchpz: posts small blind $1
Ag3r0n: posts big blind $3
*** HOLE CARDS ***
gnatakurchpz: raises $3 to $6
Ag3r0n: folds
Uncalled bet ($3) returned to gnatakurchpz
gnatakurchpz collected $6 from pot
gnatakurchpz: doesn't show hand
*** SUMMARY ***
Total pot $6 | Rake $0
Seat 3: Ag3r0n (big blind) folded before Flop
Seat 4: gnatakurchpz (button) (small blind) collected ($6)


PokerStars Hand #176374185098:  Hold'em Limit ($3/$6 USD) - 2017/10/01 18:30:18 ET
Table 'Mizuho' 6-max Seat #3 is the button
Seat 3: Ag3r0n ($86.50 in chips)
Seat 4: gnatakurchpz ($101.61 in chips)
Ag3r0n: posts small blind $1
gnatakurchpz: posts big blind $3
*** HOLE CARDS ***
Ag3r0n: raises $3 to $6
gnatakurchpz: calls $3
*** FLOP *** [2d 7h 2h]
gnatakurchpz: checks
Ag3r0n: checks
*** TURN *** [2d 7h 2h] [Js]
gnatakurchpz: bets $6
Ag3r0n: calls $6
*** RIVER *** [2d 7h 2h Js] [Qd]
gnatakurchpz: bets $6
Ag3r0n: raises $6 to $12
gnatakurchpz: folds
Uncalled bet ($6) returned to Ag3r0n
Ag3r0n collected $35.50 from pot
Ag3r0n: doesn't show hand
*** SUMMARY ***
Total pot $36 | Rake $0.50
Board [2d 7h 2h Js Qd]
Seat 3: Ag3r0n (button) (small blind) collected ($35.50)
Seat 4: gnatakurchpz (big blind) folded on the River


PokerStars Hand #176374201694:  Hold'em Limit ($3/$6 USD) - 2017/10/01 18:30:43 ET
Table 'Mizuho' 6-max Seat #4 is the button
Seat 3: Ag3r0n ($104 in chips)
Seat 4: gnatakurchpz ($83.61 in chips)
gnatakurchpz: posts small blind $1
Ag3r0n: posts big blind $3
*** HOLE CARDS ***
gnatakurchpz: raises $3 to $6
Ag3r0n: folds
Uncalled bet ($3) returned to gnatakurchpz
gnatakurchpz collected $6 from pot
gnatakurchpz: doesn't show hand
*** SUMMARY ***
Total pot $6 | Rake $0
Seat 3: Ag3r0n (big blind) folded before Flop
Seat 4: gnatakurchpz (button) (small blind) collected ($6)


PokerStars Hand #176374205477:  Hold'em Limit ($3/$6 USD) - 2017/10/01 18:30:49 ET
Table 'Mizuho' 6-max Seat #3 is the button
Seat 3: Ag3r0n ($101 in chips)
Seat 4: gnatakurchpz ($86.61 in chips)
Ag3r0n: posts small blind $1
gnatakurchpz: posts big blind $3
*** HOLE CARDS ***
Ag3r0n: raises $3 to $6
gnatakurchpz: calls $3
*** FLOP *** [8s 4d Js]
gnatakurchpz: checks
Ag3r0n: bets $3
gnatakurchpz: calls $3
*** TURN *** [8s 4d Js] [9h]
gnatakurchpz: checks
Ag3r0n: checks
*** RIVER *** [8s 4d Js 9h] [Ah]
gnatakurchpz: checks
Ag3r0n: checks
*** SHOW DOWN ***
gnatakurchpz: shows [8d Qc] (a pair of Eights)
Ag3r0n: mucks hand
gnatakurchpz collected $17.64 from pot
*** SUMMARY ***
Total pot $18 | Rake $0.36
Board [8s 4d Js 9h Ah]
Seat 3: Ag3r0n (button) (small blind) mucked
Seat 4: gnatakurchpz (big blind) showed [8d Qc] and won ($17.64) with a pair of Eights


PokerStars Hand #176374213963:  Hold'em Limit ($3/$6 USD) - 2017/10/01 18:31:01 ET
Table 'Mizuho' 6-max Seat #4 is the button
Seat 3: Ag3r0n ($92 in chips)
Seat 4: gnatakurchpz ($95.25 in chips)
gnatakurchpz: posts small blind $1
Ag3r0n: posts big blind $3
*** HOLE CARDS ***
gnatakurchpz: raises $3 to $6
Ag3r0n: calls $3
*** FLOP *** [4d 8s 8d]
Ag3r0n: checks
gnatakurchpz: bets $3
Ag3r0n: raises $3 to $6
gnatakurchpz: calls $3
*** TURN *** [4d 8s 8d] [9h]
Ag3r0n: bets $6
gnatakurchpz: calls $6
*** RIVER *** [4d 8s 8d 9h] [Tc]
Ag3r0n: bets $6
gnatakurchpz: calls $6
*** SHOW DOWN ***
Ag3r0n: shows [8c 6h] (three of a kind, Eights)
gnatakurchpz: mucks hand
Ag3r0n collected $47.50 from pot
*** SUMMARY ***
Total pot $48 | Rake $0.50
Board [4d 8s 8d 9h Tc]
Seat 3: Ag3r0n (big blind) showed [8c 6h] and won ($47.50) with three of a kind, Eights
Seat 4: gnatakurchpz (button) (small blind) mucked


PokerStars Hand #176374237937:  Hold'em Limit ($3/$6 USD) - 2017/10/01 18:31:38 ET
Table 'Mizuho' 6-max Seat #4 is the button
Seat 3: Ag3r0n ($109.50 in chips)
Seat 4: gnatakurchpz ($77.01 in chips)
gnatakurchpz: posts small blind $1
Ag3r0n: posts big blind $3
*** HOLE CARDS ***
gnatakurchpz: folds
Uncalled bet ($2) returned to Ag3r0n
Ag3r0n collected $2 from pot
Ag3r0n: doesn't show hand
*** SUMMARY ***
Total pot $2 | Rake $0
Seat 3: Ag3r0n (big blind) collected ($2)
Seat 4: gnatakurchpz (button) (small blind) folded before Flop


PokerStars Hand #176374224701:  Hold'em Limit ($3/$6 USD) - 2017/10/01 18:31:18 ET
Table 'Mizuho' 6-max Seat #3 is the button
Seat 3: Ag3r0n ($115.50 in chips)
Seat 4: gnatakurchpz ($71.25 in chips)
Ag3r0n: posts small blind $1
gnatakurchpz: posts big blind $3
*** HOLE CARDS ***
Ag3r0n: raises $3 to $6
gnatakurchpz: calls $3
*** FLOP *** [Th 3h Td]
gnatakurchpz: checks
Ag3r0n: checks
*** TURN *** [Th 3h Td] [6h]
gnatakurchpz: bets $6
Ag3r0n: folds
Uncalled bet ($6) returned to gnatakurchpz
gnatakurchpz collected $11.76 from pot
gnatakurchpz: doesn't show hand
*** SUMMARY ***
Total pot $12 | Rake $0.24
Board [Th 3h Td 6h]
Seat 3: Ag3r0n (button) (small blind) folded on the Turn
Seat 4: gnatakurchpz (big blind) collected ($11.76)


PokerStars Hand #176374241430:  Hold'em Limit ($3/$6 USD) - 2017/10/01 18:31:43 ET
Table 'Mizuho' 6-max Seat #3 is the button
Seat 3: Ag3r0n ($110.50 in chips)
Seat 4: gnatakurchpz ($76.01 in chips)
Ag3r0n: posts small blind $1
gnatakurchpz: posts big blind $3
*** HOLE CARDS ***
Ag3r0n: raises $3 to $6
gnatakurchpz: calls $3
*** FLOP *** [Qd Kc 4h]
karambakilla joins the table at seat #5
gnatakurchpz: checks
Ag3r0n: bets $3
gnatakurchpz: raises $3 to $6
Ag3r0n: calls $3
*** TURN *** [Qd Kc 4h] [6s]
gnatakurchpz: bets $6
Ag3r0n: calls $6
*** RIVER *** [Qd Kc 4h 6s] [6h]
gnatakurchpz: bets $6
Ag3r0n: calls $6
*** SHOW DOWN ***
gnatakurchpz: shows [8h 7s] (a pair of Sixes)
Ag3r0n: shows [4d Jc] (two pair, Sixes and Fours)
Ag3r0n collected $47.50 from pot
*** SUMMARY ***
Total pot $48 | Rake $0.50
Board [Qd Kc 4h 6s 6h]
Seat 3: Ag3r0n (button) (small blind) showed [4d Jc] and won ($47.50) with two pair, Sixes and Fours
Seat 4: gnatakurchpz (big blind) showed [8h 7s] and lost with a pair of Sixes


PokerStars Hand #176374267273:  Hold'em Limit ($3/$6 USD) - 2017/10/01 18:32:22 ET
Table 'Mizuho' 6-max Seat #3 is the button
Seat 3: Ag3r0n ($157.50 in chips)
Seat 4: gnatakurchpz ($28.01 in chips)
Ag3r0n: posts small blind $1
gnatakurchpz: posts big blind $3
*** HOLE CARDS ***
Ag3r0n: folds
Uncalled bet ($2) returned to gnatakurchpz
gnatakurchpz collected $2 from pot
gnatakurchpz: doesn't show hand
*** SUMMARY ***
Total pot $2 | Rake $0
Seat 3: Ag3r0n (button) (small blind) folded before Flop
Seat 4: gnatakurchpz (big blind) collected ($2)


PokerStars Hand #176374253768:  Hold'em Limit ($3/$6 USD) - 2017/10/01 18:32:01 ET
Table 'Mizuho' 6-max Seat #4 is the button
Seat 3: Ag3r0n ($134 in chips)
Seat 4: gnatakurchpz ($52.01 in chips)
gnatakurchpz: posts small blind $1
Ag3r0n: posts big blind $3
*** HOLE CARDS ***
gnatakurchpz: raises $3 to $6
Ag3r0n: raises $3 to $9
gnatakurchpz: calls $3
*** FLOP *** [6d 5s 9d]
Ag3r0n: bets $3
gnatakurchpz: calls $3
*** TURN *** [6d 5s 9d] [Ac]
Ag3r0n: bets $6
gnatakurchpz: calls $6
*** RIVER *** [6d 5s 9d Ac] [As]
Ag3r0n: bets $6
gnatakurchpz: calls $6
*** SHOW DOWN ***
Ag3r0n: shows [7h 7c] (two pair, Aces and Sevens)
gnatakurchpz: mucks hand
Ag3r0n collected $47.50 from pot
*** SUMMARY ***
Total pot $48 | Rake $0.50
Board [6d 5s 9d Ac As]
Seat 3: Ag3r0n (big blind) showed [7h 7c] and won ($47.50) with two pair, Aces and Sevens
Seat 4: gnatakurchpz (button) (small blind) mucked


PokerStars Hand #176374455424:  Hold'em Limit ($3/$6 USD) - 2017/10/01 18:37:04 ET
Table 'Mizuho' 6-max Seat #5 is the button
Seat 5: karambakilla ($188.15 in chips)
Seat 6: rascal_319 ($89.29 in chips)
karambakilla: posts small blind $1
rascal_319: posts big blind $3
*** HOLE CARDS ***
karambakilla: raises $3 to $6
rascal_319: raises $3 to $9
gnatakurchpz leaves the table
karambakilla: calls $3
*** FLOP *** [Qs Tc 8c]
rascal_319: bets $3
karambakilla: calls $3
*** TURN *** [Qs Tc 8c] [Td]
rascal_319: bets $6
karambakilla: calls $6
*** RIVER *** [Qs Tc 8c Td] [Kc]
rascal_319: checks
karambakilla: checks
*** SHOW DOWN ***
rascal_319: shows [7s 7d] (two pair, Tens and Sevens)
karambakilla: shows [9s 9d] (two pair, Tens and Nines)
karambakilla collected $35.50 from pot
*** SUMMARY ***
Total pot $36 | Rake $0.50
Board [Qs Tc 8c Td Kc]
Seat 5: karambakilla (button) (small blind) showed [9s 9d] and won ($35.50) with two pair, Tens and Nines
Seat 6: rascal_319 (big blind) showed [7s 7d] and lost with two pair, Tens and Sevens


