PokerStars Hand #150478093207:  Hold'em Limit ($3/$6 USD) - 2016/03/17 3:17:45 ET
Table 'Mizuho' 6-max Seat #4 is the button
Seat 1: _fayzulllo_ ($57 in chips)
Seat 4: Agrotait ($86.50 in chips)
Agrotait: posts small blind $1
_fayzulllo_: posts big blind $3
*** HOLE CARDS ***
Agrotait: raises $3 to $6
_fayzulllo_: folds
Uncalled bet ($3) returned to Agrotait
BuzovaPro joins the table at seat #2
Agrotait collected $6 from pot
Agrotait: doesn't show hand
*** SUMMARY ***
Total pot $6 | Rake $0
Seat 1: _fayzulllo_ (big blind) folded before Flop
Seat 4: Agrotait (button) (small blind) collected ($6)


PokerStars Hand #150478087130:  Hold'em Limit ($3/$6 USD) - 2016/03/17 3:17:23 ET
Table 'Mizuho' 6-max Seat #1 is the button
Seat 1: _fayzulllo_ ($72 in chips)
Seat 4: Agrotait ($72 in chips)
_fayzulllo_: posts small blind $1
Agrotait: posts big blind $3
*** HOLE CARDS ***
_fayzulllo_: raises $3 to $6
Agrotait: calls $3
*** FLOP *** [8s Qc Jh]
Agrotait: checks
_fayzulllo_: bets $3
Agrotait: calls $3
*** TURN *** [8s Qc Jh] [As]
Agrotait: checks
_fayzulllo_: checks
*** RIVER *** [8s Qc Jh As] [2s]
Agrotait: bets $6
_fayzulllo_: calls $6
*** SHOW DOWN ***
Agrotait: shows [Ac 3c] (a pair of Aces)
_fayzulllo_: mucks hand
Agrotait collected $29.50 from pot
*** SUMMARY ***
Total pot $30 | Rake $0.50
Board [8s Qc Jh As 2s]
Seat 1: _fayzulllo_ (button) (small blind) mucked
Seat 4: Agrotait (big blind) showed [Ac 3c] and won ($29.50) with a pair of Aces


