PokerStars Hand #148496601139:  Hold'em Limit ($3/$6 USD) - 2016/02/09 7:26:34 ET
Table 'Mnemosyne' 2-max Seat #1 is the button
Seat 1: Ultrafranke ($116.76 in chips)
Seat 2: punkrott ($74.76 in chips)
Ultrafranke: posts small blind $1
punkrott: posts big blind $3
*** HOLE CARDS ***
Ultrafranke: folds
Uncalled bet ($2) returned to punkrott
punkrott collected $2 from pot
punkrott: doesn't show hand
*** SUMMARY ***
Total pot $2 | Rake $0
Seat 1: Ultrafranke (button) (small blind) folded before Flop
Seat 2: punkrott (big blind) collected ($2)


PokerStars Hand #148496604572:  Hold'em Limit ($3/$6 USD) - 2016/02/09 7:26:39 ET
Table 'Mnemosyne' 2-max Seat #2 is the button
Seat 1: Ultrafranke ($115.76 in chips)
Seat 2: punkrott ($75.76 in chips)
punkrott: posts small blind $1
Ultrafranke: posts big blind $3
*** HOLE CARDS ***
punkrott: raises $3 to $6
Ultrafranke: calls $3
*** FLOP *** [5h 7d 4s]
Ultrafranke: bets $3
punkrott: calls $3
*** TURN *** [5h 7d 4s] [6h]
Ultrafranke: bets $6
punkrott: raises $6 to $12
Ultrafranke: calls $6
*** RIVER *** [5h 7d 4s 6h] [Tc]
Ultrafranke: checks
punkrott: bets $6
Ultrafranke: calls $6
*** SHOW DOWN ***
punkrott: shows [3s Ts] (a straight, Three to Seven)
Ultrafranke: shows [2d 3c] (a straight, Three to Seven)
Ultrafranke collected $26.75 from pot
punkrott collected $26.75 from pot
*** SUMMARY ***
Total pot $54 | Rake $0.50
Board [5h 7d 4s 6h Tc]
Seat 1: Ultrafranke (big blind) showed [2d 3c] and won ($26.75) with a straight, Three to Seven
Seat 2: punkrott (button) (small blind) showed [3s Ts] and won ($26.75) with a straight, Three to Seven


PokerStars Hand #148496617781:  Hold'em Limit ($3/$6 USD) - 2016/02/09 7:27:01 ET
Table 'Mnemosyne' 2-max Seat #1 is the button
Seat 1: Ultrafranke ($115.51 in chips)
Seat 2: punkrott ($75.51 in chips)
Ultrafranke: posts small blind $1
punkrott: posts big blind $3
*** HOLE CARDS ***
Ultrafranke: folds
Uncalled bet ($2) returned to punkrott
punkrott collected $2 from pot
punkrott: doesn't show hand
*** SUMMARY ***
Total pot $2 | Rake $0
Seat 1: Ultrafranke (button) (small blind) folded before Flop
Seat 2: punkrott (big blind) collected ($2)


PokerStars Hand #148496625346:  Hold'em Limit ($3/$6 USD) - 2016/02/09 7:27:14 ET
Table 'Mnemosyne' 2-max Seat #1 is the button
Seat 1: Ultrafranke ($108.51 in chips)
Seat 2: punkrott ($82.27 in chips)
Ultrafranke: posts small blind $1
punkrott: posts big blind $3
*** HOLE CARDS ***
Ultrafranke: raises $3 to $6
punkrott: folds
Uncalled bet ($3) returned to Ultrafranke
Ultrafranke collected $6 from pot
*** SUMMARY ***
Total pot $6 | Rake $0
Seat 1: Ultrafranke (button) (small blind) collected ($6)
Seat 2: punkrott (big blind) folded before Flop


PokerStars Hand #148496631591:  Hold'em Limit ($3/$6 USD) - 2016/02/09 7:27:24 ET
Table 'Mnemosyne' 2-max Seat #1 is the button
Seat 1: Ultrafranke ($112.51 in chips)
Seat 2: punkrott ($78.27 in chips)
Ultrafranke: posts small blind $1
punkrott: posts big blind $3
*** HOLE CARDS ***
Ultrafranke: folds
Uncalled bet ($2) returned to punkrott
punkrott collected $2 from pot
punkrott: doesn't show hand
*** SUMMARY ***
Total pot $2 | Rake $0
Seat 1: Ultrafranke (button) (small blind) folded before Flop
Seat 2: punkrott (big blind) collected ($2)


PokerStars Hand #148496629071:  Hold'em Limit ($3/$6 USD) - 2016/02/09 7:27:20 ET
Table 'Mnemosyne' 2-max Seat #2 is the button
Seat 1: Ultrafranke ($111.51 in chips)
Seat 2: punkrott ($79.27 in chips)
punkrott: posts small blind $1
Ultrafranke: posts big blind $3
*** HOLE CARDS ***
punkrott: folds
Uncalled bet ($2) returned to Ultrafranke
Ultrafranke collected $2 from pot
*** SUMMARY ***
Total pot $2 | Rake $0
Seat 1: Ultrafranke (big blind) collected ($2)
Seat 2: punkrott (button) (small blind) folded before Flop


PokerStars Hand #148496634262:  Hold'em Limit ($3/$6 USD) - 2016/02/09 7:27:29 ET
Table 'Mnemosyne' 2-max Seat #2 is the button
Seat 1: Ultrafranke ($111.51 in chips)
Seat 2: punkrott ($79.27 in chips)
punkrott: posts small blind $1
Ultrafranke: posts big blind $3
*** HOLE CARDS ***
punkrott: raises $3 to $6
Ultrafranke: raises $3 to $9
punkrott: calls $3
*** FLOP *** [7d Jc 4h]
Ultrafranke: bets $3
punkrott: calls $3
*** TURN *** [7d Jc 4h] [Td]
Ultrafranke: bets $6
punkrott: calls $6
*** RIVER *** [7d Jc 4h Td] [5c]
Ultrafranke: bets $6
punkrott: calls $6
*** SHOW DOWN ***
Ultrafranke: shows [Ts 9s] (a pair of Tens)
punkrott: shows [Th Qh] (a pair of Tens - Queen kicker)
punkrott collected $47.50 from pot
*** SUMMARY ***
Total pot $48 | Rake $0.50
Board [7d Jc 4h Td 5c]
Seat 1: Ultrafranke (big blind) showed [Ts 9s] and lost with a pair of Tens
Seat 2: punkrott (button) (small blind) showed [Th Qh] and won ($47.50) with a pair of Tens


PokerStars Hand #148496649463:  Hold'em Limit ($3/$6 USD) - 2016/02/09 7:27:54 ET
Table 'Mnemosyne' 2-max Seat #2 is the button
Seat 1: Ultrafranke ($93.27 in chips)
Seat 2: punkrott ($96.77 in chips)
punkrott: posts small blind $1
Ultrafranke: posts big blind $3
*** HOLE CARDS ***
punkrott: raises $3 to $6
Ultrafranke: folds
Uncalled bet ($3) returned to punkrott
punkrott collected $6 from pot
punkrott: doesn't show hand
*** SUMMARY ***
Total pot $6 | Rake $0
Seat 1: Ultrafranke (big blind) folded before Flop
Seat 2: punkrott (button) (small blind) collected ($6)


PokerStars Hand #148496642976:  Hold'em Limit ($3/$6 USD) - 2016/02/09 7:27:43 ET
Table 'Mnemosyne' 2-max Seat #1 is the button
Seat 1: Ultrafranke ($87.51 in chips)
Seat 2: punkrott ($102.77 in chips)
Ultrafranke: posts small blind $1
punkrott: posts big blind $3
*** HOLE CARDS ***
Ultrafranke: raises $3 to $6
punkrott: calls $3
*** FLOP *** [Ts 7h 2h]
punkrott: checks
Ultrafranke: bets $3
punkrott: folds
Uncalled bet ($3) returned to Ultrafranke
Ultrafranke collected $11.76 from pot
*** SUMMARY ***
Total pot $12 | Rake $0.24
Board [Ts 7h 2h]
Seat 1: Ultrafranke (button) (small blind) collected ($11.76)
Seat 2: punkrott (big blind) folded on the Flop


PokerStars Hand #148496654573:  Hold'em Limit ($3/$6 USD) - 2016/02/09 7:28:02 ET
Table 'Mnemosyne' 2-max Seat #1 is the button
Seat 1: Ultrafranke ($90.27 in chips)
Seat 2: punkrott ($99.77 in chips)
Ultrafranke: posts small blind $1
punkrott: posts big blind $3
*** HOLE CARDS ***
Ultrafranke: folds
Uncalled bet ($2) returned to punkrott
punkrott collected $2 from pot
punkrott: doesn't show hand
*** SUMMARY ***
Total pot $2 | Rake $0
Seat 1: Ultrafranke (button) (small blind) folded before Flop
Seat 2: punkrott (big blind) collected ($2)


PokerStars Hand #148496657290:  Hold'em Limit ($3/$6 USD) - 2016/02/09 7:28:07 ET
Table 'Mnemosyne' 2-max Seat #2 is the button
Seat 1: Ultrafranke ($89.27 in chips)
Seat 2: punkrott ($100.77 in chips)
punkrott: posts small blind $1
Ultrafranke: posts big blind $3
*** HOLE CARDS ***
punkrott: raises $3 to $6
Ultrafranke: calls $3
*** FLOP *** [4h 2h Jh]
Ultrafranke: checks
punkrott: bets $3
Ultrafranke: calls $3
*** TURN *** [4h 2h Jh] [3s]
Ultrafranke: bets $6
punkrott: calls $6
*** RIVER *** [4h 2h Jh 3s] [Td]
Ultrafranke: bets $6
punkrott: calls $6
*** SHOW DOWN ***
Ultrafranke: shows [6h Jd] (a pair of Jacks)
punkrott: mucks hand
Ultrafranke collected $41.50 from pot
*** SUMMARY ***
Total pot $42 | Rake $0.50
Board [4h 2h Jh 3s Td]
Seat 1: Ultrafranke (big blind) showed [6h Jd] and won ($41.50) with a pair of Jacks
Seat 2: punkrott (button) (small blind) mucked


PokerStars Hand #148496670420:  Hold'em Limit ($3/$6 USD) - 2016/02/09 7:28:28 ET
Table 'Mnemosyne' 2-max Seat #1 is the button
Seat 1: Ultrafranke ($109.77 in chips)
Seat 2: punkrott ($79.77 in chips)
Ultrafranke: posts small blind $1
punkrott: posts big blind $3
*** HOLE CARDS ***
Ultrafranke: folds
Uncalled bet ($2) returned to punkrott
punkrott collected $2 from pot
punkrott: doesn't show hand
*** SUMMARY ***
Total pot $2 | Rake $0
Seat 1: Ultrafranke (button) (small blind) folded before Flop
Seat 2: punkrott (big blind) collected ($2)


PokerStars Hand #148496673171:  Hold'em Limit ($3/$6 USD) - 2016/02/09 7:28:33 ET
Table 'Mnemosyne' 2-max Seat #2 is the button
Seat 1: Ultrafranke ($108.77 in chips)
Seat 2: punkrott ($80.77 in chips)
punkrott: posts small blind $1
Ultrafranke: posts big blind $3
*** HOLE CARDS ***
punkrott: raises $3 to $6
Ultrafranke: calls $3
*** FLOP *** [Th 6d 2s]
Ultrafranke: checks
punkrott: bets $3
Ultrafranke: folds
Uncalled bet ($3) returned to punkrott
punkrott collected $11.76 from pot
punkrott: doesn't show hand
*** SUMMARY ***
Total pot $12 | Rake $0.24
Board [Th 6d 2s]
Seat 1: Ultrafranke (big blind) folded on the Flop
Seat 2: punkrott (button) (small blind) collected ($11.76)


PokerStars Hand #148496682722:  Hold'em Limit ($3/$6 USD) - 2016/02/09 7:28:49 ET
Table 'Mnemosyne' 2-max Seat #1 is the button
Seat 1: Ultrafranke ($102.77 in chips)
Seat 2: punkrott ($86.53 in chips)
Ultrafranke: posts small blind $1
punkrott: posts big blind $3
*** HOLE CARDS ***
Ultrafranke: raises $3 to $6
punkrott: raises $3 to $9
Ultrafranke: calls $3
*** FLOP *** [Jh 2c As]
punkrott: bets $3
Ultrafranke: calls $3
*** TURN *** [Jh 2c As] [7h]
punkrott: bets $6
Ultrafranke: calls $6
*** RIVER *** [Jh 2c As 7h] [Td]
punkrott: bets $6
Ultrafranke: calls $6
*** SHOW DOWN ***
punkrott: shows [8d Jd] (a pair of Jacks)
Ultrafranke: mucks hand
punkrott collected $47.50 from pot
*** SUMMARY ***
Total pot $48 | Rake $0.50
Board [Jh 2c As 7h Td]
Seat 1: Ultrafranke (button) (small blind) mucked
Seat 2: punkrott (big blind) showed [8d Jd] and won ($47.50) with a pair of Jacks


PokerStars Hand #148496694186:  Hold'em Limit ($3/$6 USD) - 2016/02/09 7:29:07 ET
Table 'Mnemosyne' 2-max Seat #2 is the button
Seat 1: Ultrafranke ($78.77 in chips)
Seat 2: punkrott ($110.03 in chips)
punkrott: posts small blind $1
Ultrafranke: posts big blind $3
*** HOLE CARDS ***
punkrott: raises $3 to $6
Ultrafranke: calls $3
*** FLOP *** [8h 5h Th]
Ultrafranke: bets $3
punkrott: calls $3
*** TURN *** [8h 5h Th] [5d]
Ultrafranke: bets $6
punkrott: raises $6 to $12
Ultrafranke: calls $6
*** RIVER *** [8h 5h Th 5d] [Js]
Ultrafranke: bets $6
punkrott: calls $6
*** SHOW DOWN ***
Ultrafranke: shows [3h Td] (two pair, Tens and Fives)
punkrott: mucks hand
Ultrafranke collected $53.50 from pot
*** SUMMARY ***
Total pot $54 | Rake $0.50
Board [8h 5h Th 5d Js]
Seat 1: Ultrafranke (big blind) showed [3h Td] and won ($53.50) with two pair, Tens and Fives
Seat 2: punkrott (button) (small blind) mucked


PokerStars Hand #148496708821:  Hold'em Limit ($3/$6 USD) - 2016/02/09 7:29:31 ET
Table 'Mnemosyne' 2-max Seat #1 is the button
Seat 1: Ultrafranke ($136.10 in chips)
Seat 2: punkrott ($83.03 in chips)
Ultrafranke: posts small blind $1
punkrott: posts big blind $3
*** HOLE CARDS ***
Ultrafranke: folds
Uncalled bet ($2) returned to punkrott
punkrott collected $2 from pot
punkrott: doesn't show hand
*** SUMMARY ***
Total pot $2 | Rake $0
Seat 1: Ultrafranke (button) (small blind) folded before Flop
Seat 2: punkrott (big blind) collected ($2)


PokerStars Hand #148496711692:  Hold'em Limit ($3/$6 USD) - 2016/02/09 7:29:36 ET
Table 'Mnemosyne' 2-max Seat #2 is the button
Seat 1: Ultrafranke ($135.10 in chips)
Seat 2: punkrott ($84.03 in chips)
punkrott: posts small blind $1
Ultrafranke: posts big blind $3
*** HOLE CARDS ***
punkrott: raises $3 to $6
Ultrafranke: raises $3 to $9
punkrott: calls $3
*** FLOP *** [Kh 7s 6c]
Ultrafranke: bets $3
punkrott: calls $3
*** TURN *** [Kh 7s 6c] [2s]
Ultrafranke: bets $6
punkrott: folds
Uncalled bet ($6) returned to Ultrafranke
Ultrafranke collected $23.52 from pot
*** SUMMARY ***
Total pot $24 | Rake $0.48
Board [Kh 7s 6c 2s]
Seat 1: Ultrafranke (big blind) collected ($23.52)
Seat 2: punkrott (button) (small blind) folded on the Turn


PokerStars Hand #148496729132:  Hold'em Limit ($3/$6 USD) - 2016/02/09 7:30:05 ET
Table 'Mnemosyne' 2-max Seat #2 is the button
Seat 1: Ultrafranke ($145.62 in chips)
Seat 2: punkrott ($73.03 in chips)
punkrott: posts small blind $1
Ultrafranke: posts big blind $3
*** HOLE CARDS ***
punkrott: folds
Uncalled bet ($2) returned to Ultrafranke
Ultrafranke collected $2 from pot
Ultrafranke: doesn't show hand
*** SUMMARY ***
Total pot $2 | Rake $0
Seat 1: Ultrafranke (big blind) collected ($2)
Seat 2: punkrott (button) (small blind) folded before Flop


PokerStars Hand #148496726555:  Hold'em Limit ($3/$6 USD) - 2016/02/09 7:30:01 ET
Table 'Mnemosyne' 2-max Seat #1 is the button
Seat 1: Ultrafranke ($146.62 in chips)
Seat 2: punkrott ($72.03 in chips)
Ultrafranke: posts small blind $1
punkrott: posts big blind $3
*** HOLE CARDS ***
Ultrafranke: folds
Uncalled bet ($2) returned to punkrott
punkrott collected $2 from pot
punkrott: doesn't show hand
*** SUMMARY ***
Total pot $2 | Rake $0
Seat 1: Ultrafranke (button) (small blind) folded before Flop
Seat 2: punkrott (big blind) collected ($2)


PokerStars Hand #148496731946:  Hold'em Limit ($3/$6 USD) - 2016/02/09 7:30:10 ET
Table 'Mnemosyne' 2-max Seat #1 is the button
Seat 1: Ultrafranke ($146.62 in chips)
Seat 2: punkrott ($72.03 in chips)
Ultrafranke: posts small blind $1
punkrott: posts big blind $3
*** HOLE CARDS ***
Ultrafranke: raises $3 to $6
punkrott: calls $3
*** FLOP *** [Jc 5c 4s]
punkrott: checks
Ultrafranke: checks
*** TURN *** [Jc 5c 4s] [2h]
punkrott: checks
Ultrafranke: bets $6
punkrott: folds
Uncalled bet ($6) returned to Ultrafranke
Ultrafranke collected $11.76 from pot
*** SUMMARY ***
Total pot $12 | Rake $0.24
Board [Jc 5c 4s 2h]
Seat 1: Ultrafranke (button) (small blind) collected ($11.76)
Seat 2: punkrott (big blind) folded on the Turn


PokerStars Hand #148496758453:  Hold'em Limit ($3/$6 USD) - 2016/02/09 7:30:53 ET
Table 'Mnemosyne' 2-max Seat #1 is the button
Seat 1: Ultrafranke ($122.38 in chips)
Seat 2: punkrott ($95.53 in chips)
Ultrafranke: posts small blind $1
punkrott: posts big blind $3
*** HOLE CARDS ***
Ultrafranke: raises $3 to $6
punkrott: calls $3
*** FLOP *** [7h Js Th]
punkrott: checks
Ultrafranke: checks
*** TURN *** [7h Js Th] [5s]
punkrott: bets $6
Ultrafranke: calls $6
*** RIVER *** [7h Js Th 5s] [9c]
punkrott: checks
Ultrafranke: bets $6
punkrott: calls $6
*** SHOW DOWN ***
Ultrafranke: shows [Ks 8d] (a straight, Seven to Jack)
punkrott: mucks hand
Ultrafranke collected $35.50 from pot
*** SUMMARY ***
Total pot $36 | Rake $0.50
Board [7h Js Th 5s 9c]
Seat 1: Ultrafranke (button) (small blind) showed [Ks 8d] and won ($35.50) with a straight, Seven to Jack
Seat 2: punkrott (big blind) mucked


PokerStars Hand #148496771691:  Hold'em Limit ($3/$6 USD) - 2016/02/09 7:31:15 ET
Table 'Mnemosyne' 2-max Seat #2 is the button
Seat 1: Ultrafranke ($139.88 in chips)
Seat 2: punkrott ($77.53 in chips)
punkrott: posts small blind $1
Ultrafranke: posts big blind $3
*** HOLE CARDS ***
punkrott: raises $3 to $6
Ultrafranke: calls $3
*** FLOP *** [2c 2s 8c]
Ultrafranke: bets $3
punkrott: folds
Uncalled bet ($3) returned to Ultrafranke
Ultrafranke collected $11.76 from pot
*** SUMMARY ***
Total pot $12 | Rake $0.24
Board [2c 2s 8c]
Seat 1: Ultrafranke (big blind) collected ($11.76)
Seat 2: punkrott (button) (small blind) folded on the Flop


