PokerStars Hand #160792636651:  Hold'em Limit ($3/$6 USD) - 2016/11/02 12:21:50 ET
Table 'Mnemosyne' 6-max Seat #2 is the button
Seat 2: 19woody58 ($127.64 in chips)
Seat 4: Agrotait ($64 in chips)
19woody58: posts small blind $1
Agrotait: posts big blind $3
*** HOLE CARDS ***
assitoni joins the table at seat #3
19woody58: calls $2
Agrotait: checks
*** FLOP *** [Qc 3c 8h]
Agrotait: checks
19woody58: bets $3
Agrotait: calls $3
*** TURN *** [Qc 3c 8h] [2c]
Agrotait: checks
19woody58: checks
*** RIVER *** [Qc 3c 8h 2c] [5d]
Agrotait: bets $6
19woody58: calls $6
*** SHOW DOWN ***
Agrotait: shows [4c 3h] (a pair of Threes)
19woody58: shows [8s 7h] (a pair of Eights)
19woody58 collected $23.52 from pot
*** SUMMARY ***
Total pot $24 | Rake $0.48
Board [Qc 3c 8h 2c 5d]
Seat 2: 19woody58 (button) (small blind) showed [8s 7h] and won ($23.52) with a pair of Eights
Seat 4: Agrotait (big blind) showed [4c 3h] and lost with a pair of Threes


PokerStars Hand #160792710444:  Hold'em Limit ($3/$6 USD) - 2016/11/02 12:23:29 ET
Table 'Mnemosyne' 6-max Seat #4 is the button
Seat 2: 19woody58 ($123.16 in chips)
Seat 4: Agrotait ($87.50 in chips)
Agrotait: posts small blind $1
19woody58: posts big blind $3
*** HOLE CARDS ***
Agrotait: raises $3 to $6
19woody58: folds
Uncalled bet ($3) returned to Agrotait
Agrotait collected $6 from pot
Agrotait: doesn't show hand
*** SUMMARY ***
Total pot $6 | Rake $0
Seat 2: 19woody58 (big blind) folded before Flop
Seat 4: Agrotait (button) (small blind) collected ($6)


PokerStars Hand #160792717016:  Hold'em Limit ($3/$6 USD) - 2016/11/02 12:23:37 ET
Table 'Mnemosyne' 6-max Seat #2 is the button
Seat 2: 19woody58 ($120.16 in chips)
Seat 4: Agrotait ($90.50 in chips)
19woody58: posts small blind $1
Agrotait: posts big blind $3
*** HOLE CARDS ***
19woody58: raises $3 to $6
Agrotait: calls $3
*** FLOP *** [9s 2c 4d]
Agrotait: checks
19woody58: bets $3
Agrotait: folds
Uncalled bet ($3) returned to 19woody58
19woody58 collected $11.76 from pot
*** SUMMARY ***
Total pot $12 | Rake $0.24
Board [9s 2c 4d]
Seat 2: 19woody58 (button) (small blind) collected ($11.76)
Seat 4: Agrotait (big blind) folded on the Flop


PokerStars Hand #160792666425:  Hold'em Limit ($3/$6 USD) - 2016/11/02 12:22:30 ET
Table 'Mnemosyne' 6-max Seat #4 is the button
Seat 2: 19woody58 ($139.16 in chips)
Seat 4: Agrotait ($72 in chips)
Agrotait: posts small blind $1
19woody58: posts big blind $3
*** HOLE CARDS ***
Agrotait: raises $3 to $6
19woody58: calls $3
*** FLOP *** [Jh Tc 5c]
19woody58: checks
Agrotait: bets $3
19woody58: calls $3
*** TURN *** [Jh Tc 5c] [4c]
19woody58: checks
Agrotait: bets $6
19woody58: calls $6
*** RIVER *** [Jh Tc 5c 4c] [6c]
19woody58: checks
Agrotait: bets $6
19woody58: folds
Uncalled bet ($6) returned to Agrotait
Agrotait collected $29.50 from pot
Agrotait: doesn't show hand
*** SUMMARY ***
Total pot $30 | Rake $0.50
Board [Jh Tc 5c 4c 6c]
Seat 2: 19woody58 (big blind) folded on the River
Seat 4: Agrotait (button) (small blind) collected ($29.50)


PokerStars Hand #160792759567:  Hold'em Limit ($3/$6 USD) - 2016/11/02 12:24:33 ET
Table 'Mnemosyne' 6-max Seat #4 is the button
Seat 2: 19woody58 ($118.92 in chips)
Seat 4: Agrotait ($91.26 in chips)
Agrotait: posts small blind $1
19woody58: posts big blind $3
*** HOLE CARDS ***
Agrotait: raises $3 to $6
19woody58: folds
Uncalled bet ($3) returned to Agrotait
Agrotait collected $6 from pot
Agrotait: doesn't show hand
*** SUMMARY ***
Total pot $6 | Rake $0
Seat 2: 19woody58 (big blind) folded before Flop
Seat 4: Agrotait (button) (small blind) collected ($6)


PokerStars Hand #160792731975:  Hold'em Limit ($3/$6 USD) - 2016/11/02 12:23:57 ET
Table 'Mnemosyne' 6-max Seat #4 is the button
Seat 2: 19woody58 ($125.92 in chips)
Seat 4: Agrotait ($84.50 in chips)
Agrotait: posts small blind $1
19woody58: posts big blind $3
*** HOLE CARDS ***
Agrotait: raises $3 to $6
19woody58: calls $3
*** FLOP *** [Kd 4s 6c]
19woody58: checks
Agrotait: bets $3
19woody58: folds
Uncalled bet ($3) returned to Agrotait
Agrotait collected $11.76 from pot
Agrotait: doesn't show hand
*** SUMMARY ***
Total pot $12 | Rake $0.24
Board [Kd 4s 6c]
Seat 2: 19woody58 (big blind) folded on the Flop
Seat 4: Agrotait (button) (small blind) collected ($11.76)


PokerStars Hand #160792774105:  Hold'em Limit ($3/$6 USD) - 2016/11/02 12:24:53 ET
Table 'Mnemosyne' 6-max Seat #2 is the button
Seat 2: 19woody58 ($115.92 in chips)
Seat 4: Agrotait ($94.26 in chips)
19woody58: posts small blind $1
Agrotait: posts big blind $3
*** HOLE CARDS ***
19woody58: folds
Uncalled bet ($2) returned to Agrotait
Agrotait collected $2 from pot
Agrotait: doesn't show hand
*** SUMMARY ***
Total pot $2 | Rake $0
Seat 2: 19woody58 (button) (small blind) folded before Flop
Seat 4: Agrotait (big blind) collected ($2)


PokerStars Hand #160792778171:  Hold'em Limit ($3/$6 USD) - 2016/11/02 12:24:58 ET
Table 'Mnemosyne' 6-max Seat #4 is the button
Seat 2: 19woody58 ($114.92 in chips)
Seat 4: Agrotait ($95.26 in chips)
Agrotait: posts small blind $1
19woody58: posts big blind $3
*** HOLE CARDS ***
Agrotait: raises $3 to $6
19woody58: calls $3
*** FLOP *** [6s 5c 6h]
19woody58: checks
Agrotait: bets $3
19woody58: calls $3
*** TURN *** [6s 5c 6h] [3c]
19woody58: checks
Agrotait: bets $6
19woody58: calls $6
*** RIVER *** [6s 5c 6h 3c] [Ad]
19woody58: checks
Agrotait: checks
*** SHOW DOWN ***
19woody58: shows [2d As] (two pair, Aces and Sixes)
Agrotait: mucks hand
19woody58 collected $29.50 from pot
*** SUMMARY ***
Total pot $30 | Rake $0.50
Board [6s 5c 6h 3c Ad]
Seat 2: 19woody58 (big blind) showed [2d As] and won ($29.50) with two pair, Aces and Sixes
Seat 4: Agrotait (button) (small blind) mucked


PokerStars Hand #160792800306:  Hold'em Limit ($3/$6 USD) - 2016/11/02 12:25:27 ET
Table 'Mnemosyne' 6-max Seat #2 is the button
Seat 2: 19woody58 ($129.42 in chips)
Seat 4: Agrotait ($80.26 in chips)
19woody58: posts small blind $1
Agrotait: posts big blind $3
*** HOLE CARDS ***
19woody58: raises $3 to $6
Agrotait: calls $3
*** FLOP *** [3c Js 2h]
Agrotait: checks
19woody58: bets $3
Agrotait: calls $3
*** TURN *** [3c Js 2h] [2d]
Agrotait: checks
19woody58: bets $6
Agrotait: folds
Uncalled bet ($6) returned to 19woody58
19woody58 collected $17.64 from pot
*** SUMMARY ***
Total pot $18 | Rake $0.36
Board [3c Js 2h 2d]
Seat 2: 19woody58 (button) (small blind) collected ($17.64)
Seat 4: Agrotait (big blind) folded on the Turn


PokerStars Hand #160792839113:  Hold'em Limit ($3/$6 USD) - 2016/11/02 12:26:19 ET
Table 'Mnemosyne' 6-max Seat #2 is the button
Seat 2: 19woody58 ($139.06 in chips)
Seat 4: Agrotait ($70.26 in chips)
19woody58: posts small blind $1
Agrotait: posts big blind $3
*** HOLE CARDS ***
19woody58: folds
Uncalled bet ($2) returned to Agrotait
Agrotait collected $2 from pot
Agrotait: doesn't show hand
*** SUMMARY ***
Total pot $2 | Rake $0
Seat 2: 19woody58 (button) (small blind) folded before Flop
Seat 4: Agrotait (big blind) collected ($2)


PokerStars Hand #160792868715:  Hold'em Limit ($3/$6 USD) - 2016/11/02 12:26:59 ET
Table 'Mnemosyne' 6-max Seat #2 is the button
Seat 2: 19woody58 ($158.56 in chips)
Seat 4: Agrotait ($72 in chips)
19woody58: posts small blind $1
Agrotait: posts big blind $3
*** HOLE CARDS ***
19woody58: folds
Uncalled bet ($2) returned to Agrotait
Agrotait collected $2 from pot
Agrotait: doesn't show hand
*** SUMMARY ***
Total pot $2 | Rake $0
Seat 2: 19woody58 (button) (small blind) folded before Flop
Seat 4: Agrotait (big blind) collected ($2)


PokerStars Hand #160792828191:  Hold'em Limit ($3/$6 USD) - 2016/11/02 12:26:05 ET
Table 'Mnemosyne' 6-max Seat #2 is the button
Seat 2: 19woody58 ($139.06 in chips)
Seat 4: Agrotait ($70.26 in chips)
19woody58: posts small blind $1
Agrotait: posts big blind $3
*** HOLE CARDS ***
19woody58: folds
Uncalled bet ($2) returned to Agrotait
Agrotait collected $2 from pot
Agrotait: doesn't show hand
*** SUMMARY ***
Total pot $2 | Rake $0
Seat 2: 19woody58 (button) (small blind) folded before Flop
Seat 4: Agrotait (big blind) collected ($2)


PokerStars Hand #160792910346:  Hold'em Limit ($3/$6 USD) - 2016/11/02 12:27:54 ET
Table 'Mnemosyne' 6-max Seat #4 is the button
Seat 2: 19woody58 ($141.56 in chips)
Seat 4: Agrotait ($88.50 in chips)
Agrotait: posts small blind $1
19woody58: posts big blind $3
*** HOLE CARDS ***
Agrotait: raises $3 to $6
19woody58: folds
Uncalled bet ($3) returned to Agrotait
Agrotait collected $6 from pot
Agrotait: doesn't show hand
*** SUMMARY ***
Total pot $6 | Rake $0
Seat 2: 19woody58 (big blind) folded before Flop
Seat 4: Agrotait (button) (small blind) collected ($6)


PokerStars Hand #160792906349:  Hold'em Limit ($3/$6 USD) - 2016/11/02 12:27:49 ET
Table 'Mnemosyne' 6-max Seat #2 is the button
Seat 2: 19woody58 ($142.56 in chips)
Seat 4: Agrotait ($87.50 in chips)
19woody58: posts small blind $1
Agrotait: posts big blind $3
*** HOLE CARDS ***
19woody58: folds
Uncalled bet ($2) returned to Agrotait
Agrotait collected $2 from pot
Agrotait: doesn't show hand
*** SUMMARY ***
Total pot $2 | Rake $0
Seat 2: 19woody58 (button) (small blind) folded before Flop
Seat 4: Agrotait (big blind) collected ($2)


PokerStars Hand #160792873004:  Hold'em Limit ($3/$6 USD) - 2016/11/02 12:27:05 ET
Table 'Mnemosyne' 6-max Seat #4 is the button
Seat 2: 19woody58 ($157.56 in chips)
Seat 4: Agrotait ($73 in chips)
Agrotait: posts small blind $1
19woody58: posts big blind $3
*** HOLE CARDS ***
Agrotait: raises $3 to $6
19woody58: calls $3
*** FLOP *** [As Qd 5h]
19woody58: checks
Agrotait: bets $3
19woody58: calls $3
*** TURN *** [As Qd 5h] [8c]
19woody58: checks
Agrotait: bets $6
19woody58: calls $6
*** RIVER *** [As Qd 5h 8c] [3h]
19woody58: checks
Agrotait: bets $6
19woody58: folds
Uncalled bet ($6) returned to Agrotait
Agrotait collected $29.50 from pot
Agrotait: doesn't show hand
*** SUMMARY ***
Total pot $30 | Rake $0.50
Board [As Qd 5h 8c 3h]
Seat 2: 19woody58 (big blind) folded on the River
Seat 4: Agrotait (button) (small blind) collected ($29.50)


PokerStars Hand #160792922243:  Hold'em Limit ($3/$6 USD) - 2016/11/02 12:28:05 ET
Table 'Mnemosyne' 6-max Seat #2 is the button
Seat 2: 19woody58 ($138.56 in chips)
Seat 4: Agrotait ($91.50 in chips)
19woody58: posts small blind $1
Agrotait: posts big blind $3
*** HOLE CARDS ***
19woody58: calls $2
Agrotait: checks
*** FLOP *** [Qc 9c Ts]
Agrotait: checks
19woody58: checks
*** TURN *** [Qc 9c Ts] [6d]
Agrotait: checks
19woody58: bets $6
Agrotait: calls $6
*** RIVER *** [Qc 9c Ts 6d] [5c]
Agrotait: bets $6
19woody58: calls $6
*** SHOW DOWN ***
Agrotait: shows [6c 5s] (two pair, Sixes and Fives)
19woody58: mucks hand
Agrotait collected $29.50 from pot
*** SUMMARY ***
Total pot $30 | Rake $0.50
Board [Qc 9c Ts 6d 5c]
Seat 2: 19woody58 (button) (small blind) mucked
Seat 4: Agrotait (big blind) showed [6c 5s] and won ($29.50) with two pair, Sixes and Fives


PokerStars Hand #160792967688:  Hold'em Limit ($3/$6 USD) - 2016/11/02 12:29:06 ET
Table 'Mnemosyne' 6-max Seat #2 is the button
Seat 2: 19woody58 ($124.56 in chips)
Seat 4: Agrotait ($105 in chips)
19woody58: posts small blind $1
Agrotait: posts big blind $3
*** HOLE CARDS ***
19woody58: raises $3 to $6
Agrotait: raises $3 to $9
19woody58: calls $3
*** FLOP *** [8s 5c 5d]
Agrotait: bets $3
19woody58: calls $3
*** TURN *** [8s 5c 5d] [Qc]
Agrotait: bets $6
19woody58: folds
Uncalled bet ($6) returned to Agrotait
Agrotait collected $23.52 from pot
Agrotait: doesn't show hand
*** SUMMARY ***
Total pot $24 | Rake $0.48
Board [8s 5c 5d Qc]
Seat 2: 19woody58 (button) (small blind) folded on the Turn
Seat 4: Agrotait (big blind) collected ($23.52)


PokerStars Hand #160793014963:  Hold'em Limit ($3/$6 USD) - 2016/11/02 12:30:09 ET
Table 'Mnemosyne' 6-max Seat #2 is the button
Seat 2: 19woody58 ($112.31 in chips)
Seat 4: Agrotait ($116.27 in chips)
19woody58: posts small blind $1
Agrotait: posts big blind $3
*** HOLE CARDS ***
19woody58: folds
Uncalled bet ($2) returned to Agrotait
Agrotait collected $2 from pot
Agrotait: doesn't show hand
*** SUMMARY ***
Total pot $2 | Rake $0
Seat 2: 19woody58 (button) (small blind) folded before Flop
Seat 4: Agrotait (big blind) collected ($2)


PokerStars Hand #160792985466:  Hold'em Limit ($3/$6 USD) - 2016/11/02 12:29:30 ET
Table 'Mnemosyne' 6-max Seat #4 is the button
Seat 2: 19woody58 ($112.56 in chips)
Seat 4: Agrotait ($116.52 in chips)
Agrotait: posts small blind $1
19woody58: posts big blind $3
*** HOLE CARDS ***
Agrotait: raises $3 to $6
19woody58: calls $3
*** FLOP *** [2c 8c 7d]
19woody58: checks
kurt183 joins the table at seat #5
Agrotait: checks
*** TURN *** [2c 8c 7d] [6d]
19woody58: bets $6
Agrotait: calls $6
*** RIVER *** [2c 8c 7d 6d] [4s]
VolkovDmitri joins the table at seat #6
19woody58: bets $6
Agrotait: raises $6 to $12
19woody58: raises $6 to $18
Agrotait: calls $6
*** SHOW DOWN ***
19woody58: shows [5h Kd] (a straight, Four to Eight)
Agrotait: shows [5d Qh] (a straight, Four to Eight)
19woody58 collected $29.75 from pot
Agrotait collected $29.75 from pot
*** SUMMARY ***
Total pot $60 | Rake $0.50
Board [2c 8c 7d 6d 4s]
Seat 2: 19woody58 (big blind) showed [5h Kd] and won ($29.75) with a straight, Four to Eight
Seat 4: Agrotait (button) (small blind) showed [5d Qh] and won ($29.75) with a straight, Four to Eight


