PokerStars Hand #163123781776:  Hold'em Limit ($3/$6 USD) - 2016/12/18 3:52:03 ET
Table 'Mnemosyne' 6-max Seat #4 is the button
Seat 4: MTails ($143 in chips)
Seat 6: Petersnr ($95.50 in chips)
MTails: posts small blind $1
Petersnr: posts big blind $3
*** HOLE CARDS ***
MTails: raises $3 to $6
Petersnr: folds
Uncalled bet ($3) returned to MTails
MTails collected $6 from pot
*** SUMMARY ***
Total pot $6 | Rake $0
Seat 4: MTails (button) (small blind) collected ($6)
Seat 6: Petersnr (big blind) folded before Flop


PokerStars Hand #163123775135:  Hold'em Limit ($3/$6 USD) - 2016/12/18 3:51:44 ET
Table 'Mnemosyne' 6-max Seat #6 is the button
Seat 4: MTails ($164 in chips)
Seat 6: Petersnr ($75 in chips)
Petersnr: posts small blind $1
MTails: posts big blind $3
*** HOLE CARDS ***
Petersnr: raises $3 to $6
MTails: calls $3
*** FLOP *** [9d Kh 9h]
MTails: checks
Petersnr: bets $3
ToDaFelt joins the table at seat #1
MTails: calls $3
*** TURN *** [9d Kh 9h] [7h]
MTails: checks
Petersnr: bets $6
MTails: calls $6
*** RIVER *** [9d Kh 9h 7h] [5s]
MTails: checks
Petersnr: bets $6
MTails: calls $6
*** SHOW DOWN ***
Petersnr: shows [Ks 8c] (two pair, Kings and Nines)
MTails: mucks hand
Petersnr collected $41.50 from pot
*** SUMMARY ***
Total pot $42 | Rake $0.50
Board [9d Kh 9h 7h 5s]
Seat 4: MTails (big blind) mucked
Seat 6: Petersnr (button) (small blind) showed [Ks 8c] and won ($41.50) with two pair, Kings and Nines


PokerStars Hand #163123768718:  Hold'em Limit ($3/$6 USD) - 2016/12/18 3:51:25 ET
Table 'Mnemosyne' 6-max Seat #4 is the button
Seat 4: MTails ($140.50 in chips)
Seat 6: Petersnr ($99 in chips)
MTails: posts small blind $1
Petersnr: posts big blind $3
*** HOLE CARDS ***
MTails: raises $3 to $6
Petersnr: raises $3 to $9
MTails: calls $3
*** FLOP *** [4s Ah Qs]
Petersnr: bets $3
MTails: calls $3
*** TURN *** [4s Ah Qs] [4c]
Petersnr: bets $6
MTails: calls $6
*** RIVER *** [4s Ah Qs 4c] [5h]
Petersnr: bets $6
MTails: calls $6
*** SHOW DOWN ***
Petersnr: shows [Ks 3s] (a pair of Fours)
MTails: shows [Qc 2c] (two pair, Queens and Fours)
MTails collected $47.50 from pot
*** SUMMARY ***
Total pot $48 | Rake $0.50
Board [4s Ah Qs 4c 5h]
Seat 4: MTails (button) (small blind) showed [Qc 2c] and won ($47.50) with two pair, Queens and Fours
Seat 6: Petersnr (big blind) showed [Ks 3s] and lost with a pair of Fours


PokerStars Hand #163123759513:  Hold'em Limit ($3/$6 USD) - 2016/12/18 3:50:59 ET
Table 'Mnemosyne' 6-max Seat #6 is the button
Seat 4: MTails ($120 in chips)
Seat 6: Petersnr ($120 in chips)
Petersnr: posts small blind $1
MTails: posts big blind $3
*** HOLE CARDS ***
Petersnr: calls $2
MTails: raises $3 to $6
Petersnr: calls $3
*** FLOP *** [8c Qd Ks]
MTails: bets $3
Petersnr: calls $3
*** TURN *** [8c Qd Ks] [8d]
MTails: bets $6
Petersnr: calls $6
*** RIVER *** [8c Qd Ks 8d] [4s]
MTails: checks
Petersnr: bets $6
MTails: raises $6 to $12
Petersnr: folds
Uncalled bet ($6) returned to MTails
MTails collected $41.50 from pot
*** SUMMARY ***
Total pot $42 | Rake $0.50
Board [8c Qd Ks 8d 4s]
Seat 4: MTails (big blind) collected ($41.50)
Seat 6: Petersnr (button) (small blind) folded on the River


PokerStars Hand #163123795986:  Hold'em Limit ($3/$6 USD) - 2016/12/18 3:52:45 ET
Table 'Mnemosyne' 6-max Seat #6 is the button
Seat 1: ToDaFelt ($129.64 in chips)
Seat 6: Petersnr ($82.50 in chips)
Petersnr: posts small blind $1
ToDaFelt: posts big blind $3
*** HOLE CARDS ***
Petersnr: raises $3 to $6
ToDaFelt: calls $3
*** FLOP *** [7h 8d 2d]
ToDaFelt: checks
Petersnr: checks
*** TURN *** [7h 8d 2d] [Qs]
ToDaFelt: bets $6
Petersnr: folds
Uncalled bet ($6) returned to ToDaFelt
ToDaFelt collected $11.76 from pot
ToDaFelt: doesn't show hand
*** SUMMARY ***
Total pot $12 | Rake $0.24
Board [7h 8d 2d Qs]
Seat 1: ToDaFelt (big blind) collected ($11.76)
Seat 6: Petersnr (button) (small blind) folded on the Turn


PokerStars Hand #163123786027:  Hold'em Limit ($3/$6 USD) - 2016/12/18 3:52:16 ET
Table 'Mnemosyne' 6-max Seat #1 is the button
Seat 1: ToDaFelt ($121 in chips)
Seat 6: Petersnr ($91.50 in chips)
ToDaFelt: posts small blind $1
MTails: is sitting out
Petersnr: posts big blind $3
*** HOLE CARDS ***
ToDaFelt: raises $3 to $6
Petersnr: calls $3
*** FLOP *** [6s 5c Tc]
Petersnr: checks
ToDaFelt: bets $3
Petersnr: calls $3
*** TURN *** [6s 5c Tc] [Ad]
Petersnr: checks
MellivoraSto joins the table at seat #2
ToDaFelt: bets $6
Petersnr: folds
Uncalled bet ($6) returned to ToDaFelt
ToDaFelt collected $17.64 from pot
ToDaFelt: doesn't show hand
*** SUMMARY ***
Total pot $18 | Rake $0.36
Board [6s 5c Tc Ad]
Seat 1: ToDaFelt (button) (small blind) collected ($17.64)
Seat 6: Petersnr (big blind) folded on the Turn


