PokerStars Hand #162750833003:  Hold'em Limit ($3/$6 USD) - 2016/12/10 22:34:02 ET
Table 'Mnemosyne' 6-max Seat #1 is the button
Seat 1: LifeisagameX ($84 in chips)
Seat 3: Sunneh143 ($80 in chips)
LifeisagameX: posts small blind $1
Sunneh143: posts big blind $3
*** HOLE CARDS ***
LifeisagameX: raises $3 to $6
Sunneh143: calls $3
*** FLOP *** [6s 3s 5d]
Sunneh143: bets $3
7moneymaster joins the table at seat #4
LifeisagameX: calls $3
*** TURN *** [6s 3s 5d] [4s]
Sunneh143: bets $6
LifeisagameX: calls $6
*** RIVER *** [6s 3s 5d 4s] [Jd]
Sunneh143: bets $6
LifeisagameX: calls $6
*** SHOW DOWN ***
Sunneh143: shows [7c 9s] (a straight, Three to Seven)
LifeisagameX: mucks hand
Sunneh143 collected $41.50 from pot
*** SUMMARY ***
Total pot $42 | Rake $0.50
Board [6s 3s 5d 4s Jd]
Seat 1: LifeisagameX (button) (small blind) mucked
Seat 3: Sunneh143 (big blind) showed [7c 9s] and won ($41.50) with a straight, Three to Seven


PokerStars Hand #162750873851:  Hold'em Limit ($3/$6 USD) - 2016/12/10 22:35:47 ET
Table 'Mnemosyne' 6-max Seat #4 is the button
Seat 3: Sunneh143 ($80.50 in chips)
Seat 4: 7moneymaster ($312.19 in chips)
7moneymaster: posts small blind $1
Sunneh143: posts big blind $3
*** HOLE CARDS ***
7moneymaster: raises $3 to $6
Sunneh143: calls $3
*** FLOP *** [2d Td Ts]
Sunneh143: bets $3
7moneymaster: calls $3
*** TURN *** [2d Td Ts] [Ah]
Sunneh143: checks
7moneymaster: bets $6
Sunneh143: folds
Uncalled bet ($6) returned to 7moneymaster
7moneymaster collected $17.64 from pot
7moneymaster: doesn't show hand
*** SUMMARY ***
Total pot $18 | Rake $0.36
Board [2d Td Ts Ah]
Seat 3: Sunneh143 (big blind) folded on the Turn
Seat 4: 7moneymaster (button) (small blind) collected ($17.64)


PokerStars Hand #162750885712:  Hold'em Limit ($3/$6 USD) - 2016/12/10 22:36:17 ET
Table 'Mnemosyne' 6-max Seat #4 is the button
Seat 3: Sunneh143 ($44.50 in chips)
Seat 4: 7moneymaster ($347.33 in chips)
7moneymaster: posts small blind $1
Sunneh143: posts big blind $3
*** HOLE CARDS ***
7moneymaster: raises $3 to $6
Sunneh143: calls $3
*** FLOP *** [Td 4s Kc]
Sunneh143: checks
7moneymaster: bets $3
Sunneh143: folds
Uncalled bet ($3) returned to 7moneymaster
7moneymaster collected $11.76 from pot
7moneymaster: doesn't show hand
*** SUMMARY ***
Total pot $12 | Rake $0.24
Board [Td 4s Kc]
Seat 3: Sunneh143 (big blind) folded on the Flop
Seat 4: 7moneymaster (button) (small blind) collected ($11.76)


PokerStars Hand #162750878455:  Hold'em Limit ($3/$6 USD) - 2016/12/10 22:35:59 ET
Table 'Mnemosyne' 6-max Seat #3 is the button
Seat 3: Sunneh143 ($71.50 in chips)
Seat 4: 7moneymaster ($320.83 in chips)
Sunneh143: posts small blind $1
7moneymaster: posts big blind $3
*** HOLE CARDS ***
Sunneh143: raises $3 to $6
7moneymaster: raises $3 to $9
Sunneh143: raises $3 to $12
Betting is capped
7moneymaster: calls $3
*** FLOP *** [8s 9c Ts]
7moneymaster: bets $3
Sunneh143: calls $3
*** TURN *** [8s 9c Ts] [Th]
7moneymaster: bets $6
Sunneh143: calls $6
*** RIVER *** [8s 9c Ts Th] [As]
7moneymaster: bets $6
Sunneh143: calls $6
*** SHOW DOWN ***
7moneymaster: shows [Tc Qs] (three of a kind, Tens)
Sunneh143: mucks hand
7moneymaster collected $53.50 from pot
*** SUMMARY ***
Total pot $54 | Rake $0.50
Board [8s 9c Ts Th As]
Seat 3: Sunneh143 (button) (small blind) mucked
Seat 4: 7moneymaster (big blind) showed [Tc Qs] and won ($53.50) with three of a kind, Tens


PokerStars Hand #162750871986:  Hold'em Limit ($3/$6 USD) - 2016/12/10 22:35:42 ET
Table 'Mnemosyne' 6-max Seat #3 is the button
Seat 3: Sunneh143 ($81.50 in chips)
Seat 4: 7moneymaster ($311.19 in chips)
Sunneh143: posts small blind $1
7moneymaster: posts big blind $3
*** HOLE CARDS ***
LifeisagameX leaves the table
Sunneh143: folds
Uncalled bet ($2) returned to 7moneymaster
7moneymaster collected $2 from pot
7moneymaster: doesn't show hand
*** SUMMARY ***
Total pot $2 | Rake $0
Seat 3: Sunneh143 (button) (small blind) folded before Flop
Seat 4: 7moneymaster (big blind) collected ($2)


PokerStars Hand #162750895274:  Hold'em Limit ($3/$6 USD) - 2016/12/10 22:36:42 ET
Table 'Mnemosyne' 6-max Seat #4 is the button
Seat 3: Sunneh143 ($20.50 in chips)
Seat 4: 7moneymaster ($370.59 in chips)
7moneymaster: posts small blind $1
Sunneh143: posts big blind $3
*** HOLE CARDS ***
7moneymaster: raises $3 to $6
Sunneh143: raises $3 to $9
7moneymaster: calls $3
*** FLOP *** [Ad Qd 3d]
Sunneh143: bets $3
7moneymaster: calls $3
*** TURN *** [Ad Qd 3d] [5c]
Sunneh143: checks
7moneymaster: bets $6
Sunneh143: calls $6
*** RIVER *** [Ad Qd 3d 5c] [Jd]
Sunneh143: checks
7moneymaster: bets $6
Sunneh143: calls $2.50 and is all-in
Uncalled bet ($3.50) returned to 7moneymaster
*** SHOW DOWN ***
7moneymaster: shows [3h 3s] (three of a kind, Threes)
Sunneh143: shows [7c 8c] (high card Ace)
7moneymaster collected $40.50 from pot
*** SUMMARY ***
Total pot $41 | Rake $0.50
Board [Ad Qd 3d 5c Jd]
Seat 3: Sunneh143 (big blind) showed [7c 8c] and lost with high card Ace
Seat 4: 7moneymaster (button) (small blind) showed [3h 3s] and won ($40.50) with three of a kind, Threes


PokerStars Hand #162750889162:  Hold'em Limit ($3/$6 USD) - 2016/12/10 22:36:26 ET
Table 'Mnemosyne' 6-max Seat #3 is the button
Seat 3: Sunneh143 ($38.50 in chips)
Seat 4: 7moneymaster ($353.09 in chips)
Sunneh143: posts small blind $1
7moneymaster: posts big blind $3
*** HOLE CARDS ***
Sunneh143: raises $3 to $6
7moneymaster: calls $3
*** FLOP *** [7d 3h 7h]
7moneymaster: checks
Sunneh143: checks
*** TURN *** [7d 3h 7h] [9d]
7moneymaster: bets $6
Sunneh143: calls $6
*** RIVER *** [7d 3h 7h 9d] [Ah]
7moneymaster: bets $6
Sunneh143: calls $6
*** SHOW DOWN ***
7moneymaster: shows [4s 7c] (three of a kind, Sevens)
Sunneh143: mucks hand
7moneymaster collected $35.50 from pot
*** SUMMARY ***
Total pot $36 | Rake $0.50
Board [7d 3h 7h 9d Ah]
Seat 3: Sunneh143 (button) (small blind) mucked
Seat 4: 7moneymaster (big blind) showed [4s 7c] and won ($35.50) with three of a kind, Sevens


PokerStars Hand #162750933024:  Hold'em Limit ($3/$6 USD) - 2016/12/10 22:38:19 ET
Table 'Mnemosyne' 6-max Seat #4 is the button
Seat 3: Sunneh143 ($218.27 in chips)
Seat 4: 7moneymaster ($409.63 in chips)
7moneymaster: posts small blind $1
Sunneh143: posts big blind $3
*** HOLE CARDS ***
7moneymaster: calls $2
Sunneh143: checks
*** FLOP *** [7d 4c Qh]
Sunneh143: checks
7moneymaster: bets $3
Sunneh143: folds
Uncalled bet ($3) returned to 7moneymaster
7moneymaster collected $5.88 from pot
7moneymaster: doesn't show hand
*** SUMMARY ***
Total pot $6 | Rake $0.12
Board [7d 4c Qh]
Seat 3: Sunneh143 (big blind) folded on the Flop
Seat 4: 7moneymaster (button) (small blind) collected ($5.88)


PokerStars Hand #162750929547:  Hold'em Limit ($3/$6 USD) - 2016/12/10 22:38:10 ET
Table 'Mnemosyne' 6-max Seat #3 is the button
Seat 3: Sunneh143 ($224.27 in chips)
Seat 4: 7moneymaster ($403.87 in chips)
Sunneh143: posts small blind $1
7moneymaster: posts big blind $3
*** HOLE CARDS ***
Sunneh143: calls $2
7moneymaster: raises $3 to $6
Sunneh143: calls $3
*** FLOP *** [Ts 2h 4s]
7moneymaster: bets $3
Sunneh143: folds
Uncalled bet ($3) returned to 7moneymaster
7moneymaster collected $11.76 from pot
7moneymaster: doesn't show hand
*** SUMMARY ***
Total pot $12 | Rake $0.24
Board [Ts 2h 4s]
Seat 3: Sunneh143 (button) (small blind) folded on the Flop
Seat 4: 7moneymaster (big blind) collected ($11.76)


PokerStars Hand #162750925242:  Hold'em Limit ($3/$6 USD) - 2016/12/10 22:37:59 ET
Table 'Mnemosyne' 6-max Seat #4 is the button
Seat 3: Sunneh143 ($230.27 in chips)
Seat 4: 7moneymaster ($398.11 in chips)
7moneymaster: posts small blind $1
Sunneh143: posts big blind $3
*** HOLE CARDS ***
7moneymaster: raises $3 to $6
Sunneh143: calls $3
*** FLOP *** [6h Kh Jh]
Sunneh143: checks
7moneymaster: bets $3
Sunneh143: folds
Uncalled bet ($3) returned to 7moneymaster
7moneymaster collected $11.76 from pot
7moneymaster: doesn't show hand
*** SUMMARY ***
Total pot $12 | Rake $0.24
Board [6h Kh Jh]
Seat 3: Sunneh143 (big blind) folded on the Flop
Seat 4: 7moneymaster (button) (small blind) collected ($11.76)


PokerStars Hand #162750920021:  Hold'em Limit ($3/$6 USD) - 2016/12/10 22:37:46 ET
Table 'Mnemosyne' 6-max Seat #3 is the button
Seat 3: Sunneh143 ($227.39 in chips)
Seat 4: 7moneymaster ($401.11 in chips)
Sunneh143: posts small blind $1
7moneymaster: posts big blind $3
*** HOLE CARDS ***
Sunneh143: calls $2
7moneymaster: checks
*** FLOP *** [Jh 4s 6d]
7moneymaster: checks
Sunneh143: checks
*** TURN *** [Jh 4s 6d] [Th]
7moneymaster: checks
Sunneh143: checks
*** RIVER *** [Jh 4s 6d Th] [Ts]
7moneymaster: checks
Sunneh143: bets $6
7moneymaster: folds
Uncalled bet ($6) returned to Sunneh143
Sunneh143 collected $5.88 from pot
Sunneh143: doesn't show hand
*** SUMMARY ***
Total pot $6 | Rake $0.12
Board [Jh 4s 6d Th Ts]
Seat 3: Sunneh143 (button) (small blind) collected ($5.88)
Seat 4: 7moneymaster (big blind) folded on the River


PokerStars Hand #162750918278:  Hold'em Limit ($3/$6 USD) - 2016/12/10 22:37:41 ET
Table 'Mnemosyne' 6-max Seat #4 is the button
Seat 3: Sunneh143 ($226.39 in chips)
Seat 4: 7moneymaster ($402.11 in chips)
7moneymaster: posts small blind $1
Sunneh143: posts big blind $3
*** HOLE CARDS ***
7moneymaster: folds
Uncalled bet ($2) returned to Sunneh143
Sunneh143 collected $2 from pot
Sunneh143: doesn't show hand
*** SUMMARY ***
Total pot $2 | Rake $0
Seat 3: Sunneh143 (big blind) collected ($2)
Seat 4: 7moneymaster (button) (small blind) folded before Flop


PokerStars Hand #162750910203:  Hold'em Limit ($3/$6 USD) - 2016/12/10 22:37:21 ET
Table 'Mnemosyne' 6-max Seat #3 is the button
Seat 3: Sunneh143 ($238.39 in chips)
Seat 4: 7moneymaster ($390.59 in chips)
Sunneh143: posts small blind $1
7moneymaster: posts big blind $3
*** HOLE CARDS ***
Sunneh143: raises $3 to $6
7moneymaster: calls $3
*** FLOP *** [As 9s 8d]
7moneymaster: checks
Sunneh143: checks
*** TURN *** [As 9s 8d] [Jc]
7moneymaster: bets $6
Sunneh143: calls $6
*** RIVER *** [As 9s 8d Jc] [Tc]
7moneymaster: checks
Sunneh143: checks
*** SHOW DOWN ***
7moneymaster: shows [5h 9c] (a pair of Nines)
Sunneh143: mucks hand
7moneymaster collected $23.52 from pot
*** SUMMARY ***
Total pot $24 | Rake $0.48
Board [As 9s 8d Jc Tc]
Seat 3: Sunneh143 (button) (small blind) mucked
Seat 4: 7moneymaster (big blind) showed [5h 9c] and won ($23.52) with a pair of Nines


PokerStars Hand #162750953488:  Hold'em Limit ($3/$6 USD) - 2016/12/10 22:39:12 ET
Table 'Mnemosyne' 6-max Seat #4 is the button
Seat 3: Sunneh143 ($240.29 in chips)
Seat 4: 7moneymaster ($386.51 in chips)
7moneymaster: posts small blind $1
Sunneh143: posts big blind $3
*** HOLE CARDS ***
7moneymaster: raises $3 to $6
Sunneh143: calls $3
*** FLOP *** [6h 7d Ts]
Sunneh143: checks
7moneymaster: bets $3
Sunneh143: calls $3
*** TURN *** [6h 7d Ts] [6s]
Sunneh143: bets $6
7moneymaster: raises $6 to $12
Sunneh143: calls $6
*** RIVER *** [6h 7d Ts 6s] [Jd]
Sunneh143: checks
7moneymaster: bets $6
Sunneh143: calls $6
*** SHOW DOWN ***
7moneymaster: shows [Td Ah] (two pair, Tens and Sixes)
Sunneh143: mucks hand
7moneymaster collected $53.50 from pot
*** SUMMARY ***
Total pot $54 | Rake $0.50
Board [6h 7d Ts 6s Jd]
Seat 3: Sunneh143 (big blind) mucked
Seat 4: 7moneymaster (button) (small blind) showed [Td Ah] and won ($53.50) with two pair, Tens and Sixes


PokerStars Hand #162750951670:  Hold'em Limit ($3/$6 USD) - 2016/12/10 22:39:07 ET
Table 'Mnemosyne' 6-max Seat #3 is the button
Seat 3: Sunneh143 ($241.29 in chips)
Seat 4: 7moneymaster ($385.51 in chips)
Sunneh143: posts small blind $1
7moneymaster: posts big blind $3
*** HOLE CARDS ***
Sunneh143: folds
Uncalled bet ($2) returned to 7moneymaster
7moneymaster collected $2 from pot
7moneymaster: doesn't show hand
*** SUMMARY ***
Total pot $2 | Rake $0
Seat 3: Sunneh143 (button) (small blind) folded before Flop
Seat 4: 7moneymaster (big blind) collected ($2)


PokerStars Hand #162750945291:  Hold'em Limit ($3/$6 USD) - 2016/12/10 22:38:51 ET
Table 'Mnemosyne' 6-max Seat #4 is the button
Seat 3: Sunneh143 ($229.77 in chips)
Seat 4: 7moneymaster ($397.51 in chips)
7moneymaster: posts small blind $1
Sunneh143: posts big blind $3
*** HOLE CARDS ***
7moneymaster: calls $2
Sunneh143: checks
*** FLOP *** [6d Kh Th]
Sunneh143: bets $3
7moneymaster: calls $3
*** TURN *** [6d Kh Th] [7c]
Sunneh143: bets $6
7moneymaster: calls $6
*** RIVER *** [6d Kh Th 7c] [Td]
Sunneh143: bets $6
7moneymaster: folds
Uncalled bet ($6) returned to Sunneh143
Sunneh143 collected $23.52 from pot
Sunneh143: doesn't show hand
*** SUMMARY ***
Total pot $24 | Rake $0.48
Board [6d Kh Th 7c Td]
Seat 3: Sunneh143 (big blind) collected ($23.52)
Seat 4: 7moneymaster (button) (small blind) folded on the River


PokerStars Hand #162750937018:  Hold'em Limit ($3/$6 USD) - 2016/12/10 22:38:29 ET
Table 'Mnemosyne' 6-max Seat #3 is the button
Seat 3: Sunneh143 ($215.27 in chips)
Seat 4: 7moneymaster ($412.51 in chips)
Sunneh143: posts small blind $1
7moneymaster: posts big blind $3
*** HOLE CARDS ***
Sunneh143: raises $3 to $6
7moneymaster: calls $3
*** FLOP *** [As 8s Td]
7moneymaster: checks
Sunneh143: bets $3
7moneymaster: calls $3
*** TURN *** [As 8s Td] [5h]
7moneymaster: checks
Sunneh143: bets $6
7moneymaster: calls $6
*** RIVER *** [As 8s Td 5h] [7d]
7moneymaster: checks
Sunneh143: bets $6
7moneymaster: folds
Uncalled bet ($6) returned to Sunneh143
Sunneh143 collected $29.50 from pot
Sunneh143: doesn't show hand
*** SUMMARY ***
Total pot $30 | Rake $0.50
Board [As 8s Td 5h 7d]
Seat 3: Sunneh143 (button) (small blind) collected ($29.50)
Seat 4: 7moneymaster (big blind) folded on the River


PokerStars Hand #162750976214:  Hold'em Limit ($3/$6 USD) - 2016/12/10 22:40:11 ET
Table 'Mnemosyne' 6-max Seat #3 is the button
Seat 3: Sunneh143 ($198.05 in chips)
Seat 4: 7moneymaster ($427.51 in chips)
Sunneh143: posts small blind $1
7moneymaster: posts big blind $3
*** HOLE CARDS ***
Sunneh143: raises $3 to $6
7moneymaster: calls $3
*** FLOP *** [Js 3s 7c]
7moneymaster: bets $3
Sunneh143: folds
Uncalled bet ($3) returned to 7moneymaster
7moneymaster collected $11.76 from pot
7moneymaster: doesn't show hand
*** SUMMARY ***
Total pot $12 | Rake $0.24
Board [Js 3s 7c]
Seat 3: Sunneh143 (button) (small blind) folded on the Flop
Seat 4: 7moneymaster (big blind) collected ($11.76)


PokerStars Hand #162750969745:  Hold'em Limit ($3/$6 USD) - 2016/12/10 22:39:55 ET
Table 'Mnemosyne' 6-max Seat #4 is the button
Seat 3: Sunneh143 ($219.05 in chips)
Seat 4: 7moneymaster ($407.01 in chips)
7moneymaster: posts small blind $1
Sunneh143: posts big blind $3
*** HOLE CARDS ***
7moneymaster: raises $3 to $6
Sunneh143: calls $3
*** FLOP *** [5d Kc Qh]
Sunneh143: bets $3
7moneymaster: calls $3
*** TURN *** [5d Kc Qh] [Th]
Sunneh143: checks
7moneymaster: bets $6
Sunneh143: calls $6
*** RIVER *** [5d Kc Qh Th] [Jd]
Sunneh143: bets $6
7moneymaster: calls $6
*** SHOW DOWN ***
Sunneh143: shows [7s Js] (a pair of Jacks)
7moneymaster: shows [Ts Tc] (three of a kind, Tens)
7moneymaster collected $41.50 from pot
*** SUMMARY ***
Total pot $42 | Rake $0.50
Board [5d Kc Qh Th Jd]
Seat 3: Sunneh143 (big blind) showed [7s Js] and lost with a pair of Jacks
Seat 4: 7moneymaster (button) (small blind) showed [Ts Tc] and won ($41.50) with three of a kind, Tens


PokerStars Hand #162750967927:  Hold'em Limit ($3/$6 USD) - 2016/12/10 22:39:50 ET
Table 'Mnemosyne' 6-max Seat #3 is the button
Seat 3: Sunneh143 ($220.05 in chips)
Seat 4: 7moneymaster ($406.01 in chips)
Sunneh143: posts small blind $1
7moneymaster: posts big blind $3
*** HOLE CARDS ***
Sunneh143: folds
Uncalled bet ($2) returned to 7moneymaster
7moneymaster collected $2 from pot
7moneymaster: doesn't show hand
*** SUMMARY ***
Total pot $2 | Rake $0
Seat 3: Sunneh143 (button) (small blind) folded before Flop
Seat 4: 7moneymaster (big blind) collected ($2)


PokerStars Hand #162750965914:  Hold'em Limit ($3/$6 USD) - 2016/12/10 22:39:44 ET
Table 'Mnemosyne' 6-max Seat #4 is the button
Seat 3: Sunneh143 ($219.05 in chips)
Seat 4: 7moneymaster ($407.01 in chips)
7moneymaster: posts small blind $1
Sunneh143: posts big blind $3
*** HOLE CARDS ***
7moneymaster: folds
Uncalled bet ($2) returned to Sunneh143
Sunneh143 collected $2 from pot
Sunneh143: doesn't show hand
*** SUMMARY ***
Total pot $2 | Rake $0
Seat 3: Sunneh143 (big blind) collected ($2)
Seat 4: 7moneymaster (button) (small blind) folded before Flop


PokerStars Hand #162750959635:  Hold'em Limit ($3/$6 USD) - 2016/12/10 22:39:28 ET
Table 'Mnemosyne' 6-max Seat #3 is the button
Seat 3: Sunneh143 ($213.29 in chips)
Seat 4: 7moneymaster ($413.01 in chips)
Sunneh143: posts small blind $1
7moneymaster: posts big blind $3
*** HOLE CARDS ***
Sunneh143: calls $2
7moneymaster: checks
*** FLOP *** [As Qs Jh]
7moneymaster: bets $3
Sunneh143: calls $3
*** TURN *** [As Qs Jh] [Ah]
7moneymaster: checks
Sunneh143: checks
*** RIVER *** [As Qs Jh Ah] [4c]
7moneymaster: checks
Sunneh143: checks
*** SHOW DOWN ***
7moneymaster: shows [Kh 6h] (a pair of Aces)
Sunneh143: shows [4h 5h] (two pair, Aces and Fours)
Sunneh143 collected $11.76 from pot
*** SUMMARY ***
Total pot $12 | Rake $0.24
Board [As Qs Jh Ah 4c]
Seat 3: Sunneh143 (button) (small blind) showed [4h 5h] and won ($11.76) with two pair, Aces and Fours
Seat 4: 7moneymaster (big blind) showed [Kh 6h] and lost with a pair of Aces


PokerStars Hand #162750979242:  Hold'em Limit ($3/$6 USD) - 2016/12/10 22:40:19 ET
Table 'Mnemosyne' 6-max Seat #4 is the button
Seat 3: Sunneh143 ($192.05 in chips)
Seat 4: 7moneymaster ($433.27 in chips)
7moneymaster: posts small blind $1
Sunneh143: posts big blind $3
*** HOLE CARDS ***
7moneymaster: raises $3 to $6
Sunneh143: calls $3
*** FLOP *** [9h Tc Jd]
Sunneh143: checks
7moneymaster: bets $3
Sunneh143: raises $3 to $6
7moneymaster: calls $3
*** TURN *** [9h Tc Jd] [Kd]
Sunneh143: bets $6
7moneymaster: folds
Uncalled bet ($6) returned to Sunneh143
Sunneh143 collected $23.52 from pot
Sunneh143: doesn't show hand
*** SUMMARY ***
Total pot $24 | Rake $0.48
Board [9h Tc Jd Kd]
Seat 3: Sunneh143 (big blind) collected ($23.52)
Seat 4: 7moneymaster (button) (small blind) folded on the Turn


PokerStars Hand #162751002241:  Hold'em Limit ($3/$6 USD) - 2016/12/10 22:41:19 ET
Table 'Mnemosyne' 6-max Seat #4 is the button
Seat 3: Sunneh143 ($196.21 in chips)
Seat 4: 7moneymaster ($427.79 in chips)
7moneymaster: posts small blind $1
Sunneh143: posts big blind $3
*** HOLE CARDS ***
7moneymaster: raises $3 to $6
Sunneh143: raises $3 to $9
7moneymaster: calls $3
*** FLOP *** [5h Kd 2h]
Sunneh143: bets $3
7moneymaster: folds
Uncalled bet ($3) returned to Sunneh143
Sunneh143 collected $17.64 from pot
Sunneh143: doesn't show hand
*** SUMMARY ***
Total pot $18 | Rake $0.36
Board [5h Kd 2h]
Seat 3: Sunneh143 (big blind) collected ($17.64)
Seat 4: 7moneymaster (button) (small blind) folded on the Flop


PokerStars Hand #162750997779:  Hold'em Limit ($3/$6 USD) - 2016/12/10 22:41:08 ET
Table 'Mnemosyne' 6-max Seat #3 is the button
Seat 3: Sunneh143 ($208.21 in chips)
Seat 4: 7moneymaster ($416.27 in chips)
Sunneh143: posts small blind $1
7moneymaster: posts big blind $3
*** HOLE CARDS ***
Sunneh143: raises $3 to $6
7moneymaster: raises $3 to $9
Sunneh143: calls $3
*** FLOP *** [6c 2s 2c]
7moneymaster: bets $3
Sunneh143: calls $3
*** TURN *** [6c 2s 2c] [Kc]
7moneymaster: bets $6
Sunneh143: folds
Uncalled bet ($6) returned to 7moneymaster
7moneymaster collected $23.52 from pot
7moneymaster: doesn't show hand
*** SUMMARY ***
Total pot $24 | Rake $0.48
Board [6c 2s 2c Kc]
Seat 3: Sunneh143 (button) (small blind) folded on the Turn
Seat 4: 7moneymaster (big blind) collected ($23.52)


PokerStars Hand #162750994737:  Hold'em Limit ($3/$6 USD) - 2016/12/10 22:41:00 ET
Table 'Mnemosyne' 6-max Seat #4 is the button
Seat 3: Sunneh143 ($202.45 in chips)
Seat 4: 7moneymaster ($422.27 in chips)
7moneymaster: posts small blind $1
Sunneh143: posts big blind $3
*** HOLE CARDS ***
7moneymaster: raises $3 to $6
Sunneh143: calls $3
*** FLOP *** [Th 9s Js]
Sunneh143: bets $3
7moneymaster: folds
Uncalled bet ($3) returned to Sunneh143
Sunneh143 collected $11.76 from pot
Sunneh143: doesn't show hand
*** SUMMARY ***
Total pot $12 | Rake $0.24
Board [Th 9s Js]
Seat 3: Sunneh143 (big blind) collected ($11.76)
Seat 4: 7moneymaster (button) (small blind) folded on the Flop


PokerStars Hand #162750993064:  Hold'em Limit ($3/$6 USD) - 2016/12/10 22:40:55 ET
Table 'Mnemosyne' 6-max Seat #3 is the button
Seat 3: Sunneh143 ($203.45 in chips)
Seat 4: 7moneymaster ($421.27 in chips)
Sunneh143: posts small blind $1
7moneymaster: posts big blind $3
*** HOLE CARDS ***
Sunneh143: folds
Uncalled bet ($2) returned to 7moneymaster
7moneymaster collected $2 from pot
7moneymaster: doesn't show hand
*** SUMMARY ***
Total pot $2 | Rake $0
Seat 3: Sunneh143 (button) (small blind) folded before Flop
Seat 4: 7moneymaster (big blind) collected ($2)


PokerStars Hand #162750990936:  Hold'em Limit ($3/$6 USD) - 2016/12/10 22:40:50 ET
Table 'Mnemosyne' 6-max Seat #4 is the button
Seat 3: Sunneh143 ($206.45 in chips)
Seat 4: 7moneymaster ($418.27 in chips)
7moneymaster: posts small blind $1
Sunneh143: posts big blind $3
*** HOLE CARDS ***
7moneymaster: raises $3 to $6
Sunneh143: folds
Uncalled bet ($3) returned to 7moneymaster
7moneymaster collected $6 from pot
7moneymaster: doesn't show hand
*** SUMMARY ***
Total pot $6 | Rake $0
Seat 3: Sunneh143 (big blind) folded before Flop
Seat 4: 7moneymaster (button) (small blind) collected ($6)


PokerStars Hand #162750985205:  Hold'em Limit ($3/$6 USD) - 2016/12/10 22:40:35 ET
Table 'Mnemosyne' 6-max Seat #3 is the button
Seat 3: Sunneh143 ($203.57 in chips)
Seat 4: 7moneymaster ($421.27 in chips)
Sunneh143: posts small blind $1
7moneymaster: posts big blind $3
*** HOLE CARDS ***
Sunneh143: calls $2
7moneymaster: checks
*** FLOP *** [9d Jh 3d]
7moneymaster: checks
Sunneh143: checks
*** TURN *** [9d Jh 3d] [Ks]
7moneymaster: checks
Sunneh143: checks
*** RIVER *** [9d Jh 3d Ks] [Tc]
7moneymaster: checks
Sunneh143: bets $6
7moneymaster: folds
Uncalled bet ($6) returned to Sunneh143
Sunneh143 collected $5.88 from pot
Sunneh143: doesn't show hand
*** SUMMARY ***
Total pot $6 | Rake $0.12
Board [9d Jh 3d Ks Tc]
Seat 3: Sunneh143 (button) (small blind) collected ($5.88)
Seat 4: 7moneymaster (big blind) folded on the River


PokerStars Hand #162751021528:  Hold'em Limit ($3/$6 USD) - 2016/12/10 22:42:10 ET
Table 'Mnemosyne' 6-max Seat #4 is the button
Seat 3: Sunneh143 ($235.85 in chips)
Seat 4: 7moneymaster ($386.79 in chips)
7moneymaster: posts small blind $1
Sunneh143: posts big blind $3
*** HOLE CARDS ***
7moneymaster: raises $3 to $6
Sunneh143: calls $3
*** FLOP *** [2s Kc 4s]
Sunneh143: checks
7moneymaster: bets $3
Sunneh143: folds
Uncalled bet ($3) returned to 7moneymaster
7moneymaster collected $11.76 from pot
7moneymaster: doesn't show hand
*** SUMMARY ***
Total pot $12 | Rake $0.24
Board [2s Kc 4s]
Seat 3: Sunneh143 (big blind) folded on the Flop
Seat 4: 7moneymaster (button) (small blind) collected ($11.76)


PokerStars Hand #162751019819:  Hold'em Limit ($3/$6 USD) - 2016/12/10 22:42:05 ET
Table 'Mnemosyne' 6-max Seat #3 is the button
Seat 3: Sunneh143 ($236.85 in chips)
Seat 4: 7moneymaster ($385.79 in chips)
Sunneh143: posts small blind $1
7moneymaster: posts big blind $3
*** HOLE CARDS ***
Sunneh143: folds
Uncalled bet ($2) returned to 7moneymaster
7moneymaster collected $2 from pot
7moneymaster: doesn't show hand
*** SUMMARY ***
Total pot $2 | Rake $0
Seat 3: Sunneh143 (button) (small blind) folded before Flop
Seat 4: 7moneymaster (big blind) collected ($2)


PokerStars Hand #162751013898:  Hold'em Limit ($3/$6 USD) - 2016/12/10 22:41:50 ET
Table 'Mnemosyne' 6-max Seat #4 is the button
Seat 3: Sunneh143 ($219.35 in chips)
Seat 4: 7moneymaster ($403.79 in chips)
7moneymaster: posts small blind $1
Sunneh143: posts big blind $3
*** HOLE CARDS ***
7moneymaster: raises $3 to $6
Sunneh143: raises $3 to $9
7moneymaster: calls $3
*** FLOP *** [3d Js 9c]
Sunneh143: bets $3
7moneymaster: calls $3
*** TURN *** [3d Js 9c] [5d]
Sunneh143: bets $6
7moneymaster: calls $6
*** RIVER *** [3d Js 9c 5d] [Qc]
Sunneh143: bets $6
7moneymaster: folds
Uncalled bet ($6) returned to Sunneh143
Sunneh143 collected $35.50 from pot
Sunneh143: doesn't show hand
*** SUMMARY ***
Total pot $36 | Rake $0.50
Board [3d Js 9c 5d Qc]
Seat 3: Sunneh143 (big blind) collected ($35.50)
Seat 4: 7moneymaster (button) (small blind) folded on the River


PokerStars Hand #162751005248:  Hold'em Limit ($3/$6 USD) - 2016/12/10 22:41:27 ET
Table 'Mnemosyne' 6-max Seat #3 is the button
Seat 3: Sunneh143 ($204.85 in chips)
Seat 4: 7moneymaster ($418.79 in chips)
Sunneh143: posts small blind $1
7moneymaster: posts big blind $3
*** HOLE CARDS ***
Sunneh143: raises $3 to $6
7moneymaster: calls $3
*** FLOP *** [Td 4s 3c]
7moneymaster: checks
Sunneh143: bets $3
7moneymaster: calls $3
*** TURN *** [Td 4s 3c] [Jd]
7moneymaster: checks
Sunneh143: bets $6
7moneymaster: calls $6
*** RIVER *** [Td 4s 3c Jd] [8d]
7moneymaster: checks
Sunneh143: bets $6
7moneymaster: folds
Uncalled bet ($6) returned to Sunneh143
Sunneh143 collected $29.50 from pot
Sunneh143: doesn't show hand
*** SUMMARY ***
Total pot $30 | Rake $0.50
Board [Td 4s 3c Jd 8d]
Seat 3: Sunneh143 (button) (small blind) collected ($29.50)
Seat 4: 7moneymaster (big blind) folded on the River


PokerStars Hand #162751044353:  Hold'em Limit ($3/$6 USD) - 2016/12/10 22:43:10 ET
Table 'Mnemosyne' 6-max Seat #4 is the button
Seat 3: Sunneh143 ($249.87 in chips)
Seat 4: 7moneymaster ($371.31 in chips)
7moneymaster: posts small blind $1
Sunneh143: posts big blind $3
*** HOLE CARDS ***
7moneymaster: folds
Uncalled bet ($2) returned to Sunneh143
Sunneh143 collected $2 from pot
Sunneh143: doesn't show hand
*** SUMMARY ***
Total pot $2 | Rake $0
Seat 3: Sunneh143 (big blind) collected ($2)
Seat 4: 7moneymaster (button) (small blind) folded before Flop


PokerStars Hand #162751036336:  Hold'em Limit ($3/$6 USD) - 2016/12/10 22:42:49 ET
Table 'Mnemosyne' 6-max Seat #3 is the button
Seat 3: Sunneh143 ($238.35 in chips)
Seat 4: 7moneymaster ($383.31 in chips)
Sunneh143: posts small blind $1
7moneymaster: posts big blind $3
*** HOLE CARDS ***
Sunneh143: raises $3 to $6
7moneymaster: calls $3
*** FLOP *** [3s 6h 7s]
7moneymaster: checks
Sunneh143: checks
*** TURN *** [3s 6h 7s] [5h]
7moneymaster: bets $6
Sunneh143: calls $6
*** RIVER *** [3s 6h 7s 5h] [9c]
7moneymaster: checks
Sunneh143: bets $6
7moneymaster: folds
Uncalled bet ($6) returned to Sunneh143
Sunneh143 collected $23.52 from pot
Sunneh143: doesn't show hand
*** SUMMARY ***
Total pot $24 | Rake $0.48
Board [3s 6h 7s 5h 9c]
Seat 3: Sunneh143 (button) (small blind) collected ($23.52)
Seat 4: 7moneymaster (big blind) folded on the River


PokerStars Hand #162751032969:  Hold'em Limit ($3/$6 USD) - 2016/12/10 22:42:40 ET
Table 'Mnemosyne' 6-max Seat #4 is the button
Seat 3: Sunneh143 ($244.35 in chips)
Seat 4: 7moneymaster ($377.55 in chips)
7moneymaster: posts small blind $1
Sunneh143: posts big blind $3
*** HOLE CARDS ***
7moneymaster: raises $3 to $6
Sunneh143: calls $3
*** FLOP *** [Qc 8h Ad]
Sunneh143: checks
7moneymaster: bets $3
Sunneh143: folds
Uncalled bet ($3) returned to 7moneymaster
7moneymaster collected $11.76 from pot
7moneymaster: doesn't show hand
*** SUMMARY ***
Total pot $12 | Rake $0.24
Board [Qc 8h Ad]
Seat 3: Sunneh143 (big blind) folded on the Flop
Seat 4: 7moneymaster (button) (small blind) collected ($11.76)


PokerStars Hand #162751024572:  Hold'em Limit ($3/$6 USD) - 2016/12/10 22:42:18 ET
Table 'Mnemosyne' 6-max Seat #3 is the button
Seat 3: Sunneh143 ($229.85 in chips)
Seat 4: 7moneymaster ($392.55 in chips)
Sunneh143: posts small blind $1
7moneymaster: posts big blind $3
*** HOLE CARDS ***
Sunneh143: calls $2
7moneymaster: raises $3 to $6
Sunneh143: calls $3
*** FLOP *** [Qs 4h 4s]
7moneymaster: bets $3
Sunneh143: calls $3
*** TURN *** [Qs 4h 4s] [6d]
7moneymaster: checks
Sunneh143: checks
*** RIVER *** [Qs 4h 4s 6d] [5s]
7moneymaster: checks
Sunneh143: bets $6
7moneymaster: calls $6
*** SHOW DOWN ***
Sunneh143: shows [Js 5d] (two pair, Fives and Fours)
7moneymaster: mucks hand
Sunneh143 collected $29.50 from pot
*** SUMMARY ***
Total pot $30 | Rake $0.50
Board [Qs 4h 4s 6d 5s]
Seat 3: Sunneh143 (button) (small blind) showed [Js 5d] and won ($29.50) with two pair, Fives and Fours
Seat 4: 7moneymaster (big blind) mucked


PokerStars Hand #162751046195:  Hold'em Limit ($3/$6 USD) - 2016/12/10 22:43:15 ET
Table 'Mnemosyne' 6-max Seat #3 is the button
Seat 3: Sunneh143 ($250.87 in chips)
Seat 4: 7moneymaster ($370.31 in chips)
Sunneh143: posts small blind $1
7moneymaster: posts big blind $3
*** HOLE CARDS ***
Sunneh143: calls $2
7moneymaster: checks
*** FLOP *** [Qs 4s Qc]
7moneymaster: checks
Sunneh143: checks
*** TURN *** [Qs 4s Qc] [5s]
7moneymaster: bets $6
Sunneh143: calls $6
*** RIVER *** [Qs 4s Qc 5s] [7d]
7moneymaster: checks
Sunneh143: bets $6
7moneymaster: folds
Uncalled bet ($6) returned to Sunneh143
Sunneh143 collected $17.64 from pot
Sunneh143: doesn't show hand
*** SUMMARY ***
Total pot $18 | Rake $0.36
Board [Qs 4s Qc 5s 7d]
Seat 3: Sunneh143 (button) (small blind) collected ($17.64)
Seat 4: 7moneymaster (big blind) folded on the River


PokerStars Hand #162751066688:  Hold'em Limit ($3/$6 USD) - 2016/12/10 22:44:08 ET
Table 'Mnemosyne' 6-max Seat #3 is the button
Seat 3: Sunneh143 ($227.51 in chips)
Seat 4: 7moneymaster ($392.81 in chips)
Sunneh143: posts small blind $1
7moneymaster: posts big blind $3
*** HOLE CARDS ***
Sunneh143: raises $3 to $6
7moneymaster: calls $3
*** FLOP *** [6h Jc 9d]
7moneymaster: bets $3
Sunneh143: raises $3 to $6
7moneymaster: raises $3 to $9
Sunneh143: calls $3
*** TURN *** [6h Jc 9d] [Ah]
7moneymaster: bets $6
Sunneh143: calls $6
*** RIVER *** [6h Jc 9d Ah] [Jh]
7moneymaster: bets $6
Sunneh143: calls $6
*** SHOW DOWN ***
7moneymaster: shows [Jd Th] (three of a kind, Jacks)
Sunneh143: mucks hand
7moneymaster collected $53.50 from pot
*** SUMMARY ***
Total pot $54 | Rake $0.50
Board [6h Jc 9d Ah Jh]
Seat 3: Sunneh143 (button) (small blind) mucked
Seat 4: 7moneymaster (big blind) showed [Jd Th] and won ($53.50) with three of a kind, Jacks


PokerStars Hand #162751064990:  Hold'em Limit ($3/$6 USD) - 2016/12/10 22:44:04 ET
Table 'Mnemosyne' 6-max Seat #4 is the button
Seat 3: Sunneh143 ($226.51 in chips)
Seat 4: 7moneymaster ($393.81 in chips)
7moneymaster: posts small blind $1
Sunneh143: posts big blind $3
*** HOLE CARDS ***
7moneymaster: folds
Uncalled bet ($2) returned to Sunneh143
Sunneh143 collected $2 from pot
Sunneh143: doesn't show hand
*** SUMMARY ***
Total pot $2 | Rake $0
Seat 3: Sunneh143 (big blind) collected ($2)
Seat 4: 7moneymaster (button) (small blind) folded before Flop


PokerStars Hand #162751062821:  Hold'em Limit ($3/$6 USD) - 2016/12/10 22:43:58 ET
Table 'Mnemosyne' 6-max Seat #3 is the button
Seat 3: Sunneh143 ($223.51 in chips)
Seat 4: 7moneymaster ($396.81 in chips)
Sunneh143: posts small blind $1
7moneymaster: posts big blind $3
*** HOLE CARDS ***
Sunneh143: raises $3 to $6
7moneymaster: folds
Uncalled bet ($3) returned to Sunneh143
Sunneh143 collected $6 from pot
Sunneh143: doesn't show hand
*** SUMMARY ***
Total pot $6 | Rake $0
Seat 3: Sunneh143 (button) (small blind) collected ($6)
Seat 4: 7moneymaster (big blind) folded before Flop


PokerStars Hand #162751053765:  Hold'em Limit ($3/$6 USD) - 2016/12/10 22:43:34 ET
Table 'Mnemosyne' 6-max Seat #4 is the button
Seat 3: Sunneh143 ($259.51 in chips)
Seat 4: 7moneymaster ($361.31 in chips)
7moneymaster: posts small blind $1
Sunneh143: posts big blind $3
*** HOLE CARDS ***
7moneymaster: calls $2
Sunneh143: checks
*** FLOP *** [6d Tc 2h]
Sunneh143: checks
7moneymaster: bets $3
Sunneh143: calls $3
*** TURN *** [6d Tc 2h] [3c]
Sunneh143: bets $6
7moneymaster: raises $6 to $12
Sunneh143: raises $6 to $18
7moneymaster: raises $6 to $24
Betting is capped
Sunneh143: calls $6
*** RIVER *** [6d Tc 2h 3c] [8d]
Sunneh143: bets $6
7moneymaster: calls $6
*** SHOW DOWN ***
Sunneh143: shows [Th 2c] (two pair, Tens and Deuces)
7moneymaster: shows [Ts 3s] (two pair, Tens and Threes)
7moneymaster collected $71.50 from pot
*** SUMMARY ***
Total pot $72 | Rake $0.50
Board [6d Tc 2h 3c 8d]
Seat 3: Sunneh143 (big blind) showed [Th 2c] and lost with two pair, Tens and Deuces
Seat 4: 7moneymaster (button) (small blind) showed [Ts 3s] and won ($71.50) with two pair, Tens and Threes


PokerStars Hand #162751091501:  Hold'em Limit ($3/$6 USD) - 2016/12/10 22:45:13 ET
Table 'Mnemosyne' 6-max Seat #3 is the button
Seat 3: Sunneh143 ($158.27 in chips)
Seat 4: 7moneymaster ($460.57 in chips)
Sunneh143: posts small blind $1
7moneymaster: posts big blind $3
*** HOLE CARDS ***
Sunneh143: calls $2
7moneymaster: checks
*** FLOP *** [Jd 9d 6s]
7moneymaster: bets $3
Sunneh143: calls $3
*** TURN *** [Jd 9d 6s] [Kd]
7moneymaster: bets $6
Sunneh143: calls $6
*** RIVER *** [Jd 9d 6s Kd] [Qs]
7moneymaster: bets $6
Sunneh143: calls $6
*** SHOW DOWN ***
7moneymaster: shows [8s 7d] (high card King)
Sunneh143: shows [8d Th] (a straight, Nine to King)
Sunneh143 collected $35.50 from pot
*** SUMMARY ***
Total pot $36 | Rake $0.50
Board [Jd 9d 6s Kd Qs]
Seat 3: Sunneh143 (button) (small blind) showed [8d Th] and won ($35.50) with a straight, Nine to King
Seat 4: 7moneymaster (big blind) showed [8s 7d] and lost with high card King


PokerStars Hand #162751085411:  Hold'em Limit ($3/$6 USD) - 2016/12/10 22:44:57 ET
Table 'Mnemosyne' 6-max Seat #4 is the button
Seat 3: Sunneh143 ($164.27 in chips)
Seat 4: 7moneymaster ($454.81 in chips)
7moneymaster: posts small blind $1
Sunneh143: posts big blind $3
*** HOLE CARDS ***
7moneymaster: raises $3 to $6
Sunneh143: calls $3
*** FLOP *** [9h 8d 7d]
Sunneh143: checks
7moneymaster: checks
*** TURN *** [9h 8d 7d] [Qd]
Sunneh143: checks
7moneymaster: bets $6
Sunneh143: folds
Uncalled bet ($6) returned to 7moneymaster
7moneymaster collected $11.76 from pot
7moneymaster: doesn't show hand
*** SUMMARY ***
Total pot $12 | Rake $0.24
Board [9h 8d 7d Qd]
Seat 3: Sunneh143 (big blind) folded on the Turn
Seat 4: 7moneymaster (button) (small blind) collected ($11.76)


PokerStars Hand #162751081646:  Hold'em Limit ($3/$6 USD) - 2016/12/10 22:44:47 ET
Table 'Mnemosyne' 6-max Seat #3 is the button
Seat 3: Sunneh143 ($158.51 in chips)
Seat 4: 7moneymaster ($460.81 in chips)
Sunneh143: posts small blind $1
7moneymaster: posts big blind $3
*** HOLE CARDS ***
Sunneh143: raises $3 to $6
7moneymaster: calls $3
*** FLOP *** [Jc Ac 6d]
7moneymaster: checks
Sunneh143: bets $3
7moneymaster: folds
Uncalled bet ($3) returned to Sunneh143
Sunneh143 collected $11.76 from pot
Sunneh143: doesn't show hand
*** SUMMARY ***
Total pot $12 | Rake $0.24
Board [Jc Ac 6d]
Seat 3: Sunneh143 (button) (small blind) collected ($11.76)
Seat 4: 7moneymaster (big blind) folded on the Flop


PokerStars Hand #162751073945:  Hold'em Limit ($3/$6 USD) - 2016/12/10 22:44:27 ET
Table 'Mnemosyne' 6-max Seat #4 is the button
Seat 3: Sunneh143 ($200.51 in chips)
Seat 4: 7moneymaster ($419.31 in chips)
7moneymaster: posts small blind $1
Sunneh143: posts big blind $3
*** HOLE CARDS ***
7moneymaster: raises $3 to $6
Sunneh143: calls $3
*** FLOP *** [3s 5d Ad]
Sunneh143: bets $3
7moneymaster: raises $3 to $6
Sunneh143: calls $3
*** TURN *** [3s 5d Ad] [5s]
Sunneh143: checks
7moneymaster: bets $6
Sunneh143: calls $6
*** RIVER *** [3s 5d Ad 5s] [Jh]
Sunneh143: bets $6
7moneymaster: raises $6 to $12
Sunneh143: raises $6 to $18
7moneymaster: raises $6 to $24
Betting is capped
Sunneh143: calls $6
*** SHOW DOWN ***
7moneymaster: shows [5c 8d] (three of a kind, Fives)
Sunneh143: mucks hand
7moneymaster collected $83.50 from pot
*** SUMMARY ***
Total pot $84 | Rake $0.50
Board [3s 5d Ad 5s Jh]
Seat 3: Sunneh143 (big blind) mucked
Seat 4: 7moneymaster (button) (small blind) showed [5c 8d] and won ($83.50) with three of a kind, Fives


PokerStars Hand #162751120515:  Hold'em Limit ($3/$6 USD) - 2016/12/10 22:46:04 ET
Table 'Mnemosyne' 6-max Seat #4 is the button
Seat 3: Sunneh143 ($160.53 in chips)
Seat 4: 7moneymaster ($457.07 in chips)
7moneymaster: posts small blind $1
Sunneh143: posts big blind $3
*** HOLE CARDS ***
7moneymaster: raises $3 to $6
Sunneh143: raises $3 to $9
7moneymaster: calls $3
*** FLOP *** [8h 4s 5h]
Sunneh143: bets $3
7moneymaster: calls $3
*** TURN *** [8h 4s 5h] [6c]
Sunneh143: bets $6
7moneymaster: calls $6
*** RIVER *** [8h 4s 5h 6c] [Jd]
Sunneh143: bets $6
7moneymaster: folds
Uncalled bet ($6) returned to Sunneh143
Sunneh143 collected $35.50 from pot
Sunneh143: doesn't show hand
*** SUMMARY ***
Total pot $36 | Rake $0.50
Board [8h 4s 5h 6c Jd]
Seat 3: Sunneh143 (big blind) collected ($35.50)
Seat 4: 7moneymaster (button) (small blind) folded on the River


PokerStars Hand #162751115747:  Hold'em Limit ($3/$6 USD) - 2016/12/10 22:45:51 ET
Table 'Mnemosyne' 6-max Seat #3 is the button
Seat 3: Sunneh143 ($154.77 in chips)
Seat 4: 7moneymaster ($463.07 in chips)
Sunneh143: posts small blind $1
7moneymaster: posts big blind $3
*** HOLE CARDS ***
Sunneh143: raises $3 to $6
7moneymaster: calls $3
*** FLOP *** [Ts Qd 2c]
7moneymaster: checks
Sunneh143: checks
*** TURN *** [Ts Qd 2c] [8d]
7moneymaster: checks
Sunneh143: bets $6
7moneymaster: folds
Uncalled bet ($6) returned to Sunneh143
Sunneh143 collected $11.76 from pot
Sunneh143: doesn't show hand
*** SUMMARY ***
Total pot $12 | Rake $0.24
Board [Ts Qd 2c 8d]
Seat 3: Sunneh143 (button) (small blind) collected ($11.76)
Seat 4: 7moneymaster (big blind) folded on the Turn


PokerStars Hand #162751098374:  Hold'em Limit ($3/$6 USD) - 2016/12/10 22:45:31 ET
Table 'Mnemosyne' 6-max Seat #4 is the button
Seat 3: Sunneh143 ($175.77 in chips)
Seat 4: 7moneymaster ($442.57 in chips)
7moneymaster: posts small blind $1
Sunneh143: posts big blind $3
*** HOLE CARDS ***
7moneymaster: raises $3 to $6
Sunneh143: calls $3
*** FLOP *** [6s 5s 2d]
Sunneh143: checks
7moneymaster: bets $3
Sunneh143: calls $3
*** TURN *** [6s 5s 2d] [6c]
Sunneh143: bets $6
7moneymaster: raises $6 to $12
Sunneh143: calls $6
*** RIVER *** [6s 5s 2d 6c] [8d]
Sunneh143: checks
7moneymaster: bets $6
Sunneh143: folds
Uncalled bet ($6) returned to 7moneymaster
7moneymaster collected $41.50 from pot
7moneymaster: doesn't show hand
*** SUMMARY ***
Total pot $42 | Rake $0.50
Board [6s 5s 2d 6c 8d]
Seat 3: Sunneh143 (big blind) folded on the River
Seat 4: 7moneymaster (button) (small blind) collected ($41.50)


PokerStars Hand #162751126654:  Hold'em Limit ($3/$6 USD) - 2016/12/10 22:46:20 ET
Table 'Mnemosyne' 6-max Seat #3 is the button
Seat 3: Sunneh143 ($178.03 in chips)
Seat 4: 7moneymaster ($439.07 in chips)
Sunneh143: posts small blind $1
7moneymaster: posts big blind $3
*** HOLE CARDS ***
Sunneh143: calls $2
7moneymaster: raises $3 to $6
Sunneh143: calls $3
*** FLOP *** [6c 8c 4h]
7moneymaster: bets $3
Sunneh143: raises $3 to $6
7moneymaster: calls $3
*** TURN *** [6c 8c 4h] [7s]
7moneymaster: checks
Sunneh143: bets $6
7moneymaster: folds
Uncalled bet ($6) returned to Sunneh143
Sunneh143 collected $23.52 from pot
Sunneh143: doesn't show hand
*** SUMMARY ***
Total pot $24 | Rake $0.48
Board [6c 8c 4h 7s]
Seat 3: Sunneh143 (button) (small blind) collected ($23.52)
Seat 4: 7moneymaster (big blind) folded on the Turn


PokerStars Hand #162751146986:  Hold'em Limit ($3/$6 USD) - 2016/12/10 22:47:14 ET
Table 'Mnemosyne' 6-max Seat #4 is the button
Seat 3: Sunneh143 ($202.69 in chips)
Seat 4: 7moneymaster ($412.57 in chips)
7moneymaster: posts small blind $1
Sunneh143: posts big blind $3
*** HOLE CARDS ***
7moneymaster: folds
Uncalled bet ($2) returned to Sunneh143
Sunneh143 collected $2 from pot
Sunneh143: doesn't show hand
*** SUMMARY ***
Total pot $2 | Rake $0
Seat 3: Sunneh143 (big blind) collected ($2)
Seat 4: 7moneymaster (button) (small blind) folded before Flop


PokerStars Hand #162751145336:  Hold'em Limit ($3/$6 USD) - 2016/12/10 22:47:09 ET
Table 'Mnemosyne' 6-max Seat #3 is the button
Seat 3: Sunneh143 ($203.69 in chips)
Seat 4: 7moneymaster ($411.57 in chips)
Sunneh143: posts small blind $1
7moneymaster: posts big blind $3
*** HOLE CARDS ***
Sunneh143: folds
Uncalled bet ($2) returned to 7moneymaster
7moneymaster collected $2 from pot
7moneymaster: doesn't show hand
*** SUMMARY ***
Total pot $2 | Rake $0
Seat 3: Sunneh143 (button) (small blind) folded before Flop
Seat 4: 7moneymaster (big blind) collected ($2)


PokerStars Hand #162751140302:  Hold'em Limit ($3/$6 USD) - 2016/12/10 22:46:56 ET
Table 'Mnemosyne' 6-max Seat #4 is the button
Seat 3: Sunneh143 ($180.19 in chips)
Seat 4: 7moneymaster ($435.57 in chips)
7moneymaster: posts small blind $1
Sunneh143: posts big blind $3
*** HOLE CARDS ***
7moneymaster: raises $3 to $6
Sunneh143: raises $3 to $9
7moneymaster: calls $3
*** FLOP *** [Kc Jc Jh]
Sunneh143: bets $3
7moneymaster: calls $3
*** TURN *** [Kc Jc Jh] [3d]
Sunneh143: bets $6
7moneymaster: calls $6
*** RIVER *** [Kc Jc Jh 3d] [Qd]
Sunneh143: bets $6
7moneymaster: calls $6
*** SHOW DOWN ***
Sunneh143: shows [Kh Qh] (two pair, Kings and Queens)
7moneymaster: mucks hand
Sunneh143 collected $47.50 from pot
*** SUMMARY ***
Total pot $48 | Rake $0.50
Board [Kc Jc Jh 3d Qd]
Seat 3: Sunneh143 (big blind) showed [Kh Qh] and won ($47.50) with two pair, Kings and Queens
Seat 4: 7moneymaster (button) (small blind) mucked


PokerStars Hand #162751134602:  Hold'em Limit ($3/$6 USD) - 2016/12/10 22:46:41 ET
Table 'Mnemosyne' 6-max Seat #3 is the button
Seat 3: Sunneh143 ($198.19 in chips)
Seat 4: 7moneymaster ($418.07 in chips)
Sunneh143: posts small blind $1
7moneymaster: posts big blind $3
*** HOLE CARDS ***
Sunneh143: raises $3 to $6
7moneymaster: raises $3 to $9
Sunneh143: calls $3
*** FLOP *** [3s As 8h]
7moneymaster: bets $3
Sunneh143: calls $3
*** TURN *** [3s As 8h] [Jd]
7moneymaster: checks
Sunneh143: checks
*** RIVER *** [3s As 8h Jd] [Th]
7moneymaster: bets $6
Sunneh143: calls $6
*** SHOW DOWN ***
7moneymaster: shows [Qd Kh] (a straight, Ten to Ace)
Sunneh143: mucks hand
7moneymaster collected $35.50 from pot
*** SUMMARY ***
Total pot $36 | Rake $0.50
Board [3s As 8h Jd Th]
Seat 3: Sunneh143 (button) (small blind) mucked
Seat 4: 7moneymaster (big blind) showed [Qd Kh] and won ($35.50) with a straight, Ten to Ace


PokerStars Hand #162751131662:  Hold'em Limit ($3/$6 USD) - 2016/12/10 22:46:33 ET
Table 'Mnemosyne' 6-max Seat #4 is the button
Seat 3: Sunneh143 ($189.55 in chips)
Seat 4: 7moneymaster ($427.07 in chips)
7moneymaster: posts small blind $1
Sunneh143: posts big blind $3
*** HOLE CARDS ***
7moneymaster: raises $3 to $6
Sunneh143: raises $3 to $9
7moneymaster: calls $3
*** FLOP *** [Ah 2d Qh]
Sunneh143: bets $3
7moneymaster: folds
Uncalled bet ($3) returned to Sunneh143
Sunneh143 collected $17.64 from pot
Sunneh143: doesn't show hand
*** SUMMARY ***
Total pot $18 | Rake $0.36
Board [Ah 2d Qh]
Seat 3: Sunneh143 (big blind) collected ($17.64)
Seat 4: 7moneymaster (button) (small blind) folded on the Flop


PokerStars Hand #162751150375:  Hold'em Limit ($3/$6 USD) - 2016/12/10 22:47:23 ET
Table 'Mnemosyne' 6-max Seat #4 is the button
Seat 3: Sunneh143 ($202.69 in chips)
Seat 4: 7moneymaster ($412.57 in chips)
7moneymaster: posts small blind $1
Sunneh143: posts big blind $3
*** HOLE CARDS ***
7moneymaster: folds
Uncalled bet ($2) returned to Sunneh143
Sunneh143 collected $2 from pot
Sunneh143: doesn't show hand
*** SUMMARY ***
Total pot $2 | Rake $0
Seat 3: Sunneh143 (big blind) collected ($2)
Seat 4: 7moneymaster (button) (small blind) folded before Flop


PokerStars Hand #162751148671:  Hold'em Limit ($3/$6 USD) - 2016/12/10 22:47:18 ET
Table 'Mnemosyne' 6-max Seat #3 is the button
Seat 3: Sunneh143 ($203.69 in chips)
Seat 4: 7moneymaster ($411.57 in chips)
Sunneh143: posts small blind $1
7moneymaster: posts big blind $3
*** HOLE CARDS ***
Sunneh143: folds
Uncalled bet ($2) returned to 7moneymaster
7moneymaster collected $2 from pot
7moneymaster: doesn't show hand
*** SUMMARY ***
Total pot $2 | Rake $0
Seat 3: Sunneh143 (button) (small blind) folded before Flop
Seat 4: 7moneymaster (big blind) collected ($2)


PokerStars Hand #162751152060:  Hold'em Limit ($3/$6 USD) - 2016/12/10 22:47:27 ET
Table 'Mnemosyne' 6-max Seat #3 is the button
Seat 3: Sunneh143 ($203.69 in chips)
Seat 4: 7moneymaster ($411.57 in chips)
Sunneh143: posts small blind $1
7moneymaster: posts big blind $3
*** HOLE CARDS ***
Sunneh143: calls $2
7moneymaster: checks
*** FLOP *** [3s 2s Kc]
7moneymaster: bets $3
Sunneh143: folds
Uncalled bet ($3) returned to 7moneymaster
7moneymaster collected $5.88 from pot
7moneymaster: doesn't show hand
*** SUMMARY ***
Total pot $6 | Rake $0.12
Board [3s 2s Kc]
Seat 3: Sunneh143 (button) (small blind) folded on the Flop
Seat 4: 7moneymaster (big blind) collected ($5.88)


PokerStars Hand #162751166801:  Hold'em Limit ($3/$6 USD) - 2016/12/10 22:48:06 ET
Table 'Mnemosyne' 6-max Seat #3 is the button
Seat 3: Sunneh143 ($174.57 in chips)
Seat 4: 7moneymaster ($439.95 in chips)
Sunneh143: posts small blind $1
7moneymaster: posts big blind $3
*** HOLE CARDS ***
Sunneh143: calls $2
7moneymaster: raises $3 to $6
Sunneh143: calls $3
*** FLOP *** [Ac Qd As]
7moneymaster: bets $3
Sunneh143: calls $3
*** TURN *** [Ac Qd As] [6d]
7moneymaster: bets $6
Sunneh143: folds
Uncalled bet ($6) returned to 7moneymaster
7moneymaster collected $17.64 from pot
7moneymaster: doesn't show hand
*** SUMMARY ***
Total pot $18 | Rake $0.36
Board [Ac Qd As 6d]
Seat 3: Sunneh143 (button) (small blind) folded on the Turn
Seat 4: 7moneymaster (big blind) collected ($17.64)


PokerStars Hand #162751164967:  Hold'em Limit ($3/$6 USD) - 2016/12/10 22:48:01 ET
Table 'Mnemosyne' 6-max Seat #4 is the button
Seat 3: Sunneh143 ($173.57 in chips)
Seat 4: 7moneymaster ($440.95 in chips)
7moneymaster: posts small blind $1
Sunneh143: posts big blind $3
*** HOLE CARDS ***
7moneymaster: folds
Uncalled bet ($2) returned to Sunneh143
Sunneh143 collected $2 from pot
Sunneh143: doesn't show hand
*** SUMMARY ***
Total pot $2 | Rake $0
Seat 3: Sunneh143 (big blind) collected ($2)
Seat 4: 7moneymaster (button) (small blind) folded before Flop


PokerStars Hand #162751161867:  Hold'em Limit ($3/$6 USD) - 2016/12/10 22:47:53 ET
Table 'Mnemosyne' 6-max Seat #3 is the button
Seat 3: Sunneh143 ($170.69 in chips)
Seat 4: 7moneymaster ($443.95 in chips)
Sunneh143: posts small blind $1
7moneymaster: posts big blind $3
*** HOLE CARDS ***
Sunneh143: calls $2
7moneymaster: checks
*** FLOP *** [Tc Qd 9c]
7moneymaster: checks
Sunneh143: bets $3
7moneymaster: folds
Uncalled bet ($3) returned to Sunneh143
Sunneh143 collected $5.88 from pot
Sunneh143: doesn't show hand
*** SUMMARY ***
Total pot $6 | Rake $0.12
Board [Tc Qd 9c]
Seat 3: Sunneh143 (button) (small blind) collected ($5.88)
Seat 4: 7moneymaster (big blind) folded on the Flop


PokerStars Hand #162751155391:  Hold'em Limit ($3/$6 USD) - 2016/12/10 22:47:36 ET
Table 'Mnemosyne' 6-max Seat #4 is the button
Seat 3: Sunneh143 ($200.69 in chips)
Seat 4: 7moneymaster ($414.45 in chips)
7moneymaster: posts small blind $1
Sunneh143: posts big blind $3
*** HOLE CARDS ***
7moneymaster: raises $3 to $6
Sunneh143: raises $3 to $9
7moneymaster: calls $3
*** FLOP *** [2c Tc Jc]
Sunneh143: bets $3
7moneymaster: calls $3
*** TURN *** [2c Tc Jc] [5h]
Sunneh143: bets $6
7moneymaster: raises $6 to $12
Sunneh143: calls $6
*** RIVER *** [2c Tc Jc 5h] [2h]
Sunneh143: checks
7moneymaster: bets $6
Sunneh143: calls $6
*** SHOW DOWN ***
7moneymaster: shows [6h Js] (two pair, Jacks and Deuces)
Sunneh143: mucks hand
7moneymaster collected $59.50 from pot
*** SUMMARY ***
Total pot $60 | Rake $0.50
Board [2c Tc Jc 5h 2h]
Seat 3: Sunneh143 (big blind) mucked
Seat 4: 7moneymaster (button) (small blind) showed [6h Js] and won ($59.50) with two pair, Jacks and Deuces


PokerStars Hand #162751176193:  Hold'em Limit ($3/$6 USD) - 2016/12/10 22:48:32 ET
Table 'Mnemosyne' 6-max Seat #3 is the button
Seat 3: Sunneh143 ($156.57 in chips)
Seat 4: 7moneymaster ($457.23 in chips)
Sunneh143: posts small blind $1
7moneymaster: posts big blind $3
*** HOLE CARDS ***
Sunneh143: raises $3 to $6
7moneymaster: folds
Uncalled bet ($3) returned to Sunneh143
Sunneh143 collected $6 from pot
Sunneh143: doesn't show hand
*** SUMMARY ***
Total pot $6 | Rake $0
Seat 3: Sunneh143 (button) (small blind) collected ($6)
Seat 4: 7moneymaster (big blind) folded before Flop


PokerStars Hand #162751170918:  Hold'em Limit ($3/$6 USD) - 2016/12/10 22:48:18 ET
Table 'Mnemosyne' 6-max Seat #4 is the button
Seat 3: Sunneh143 ($165.57 in chips)
Seat 4: 7moneymaster ($448.59 in chips)
7moneymaster: posts small blind $1
Sunneh143: posts big blind $3
*** HOLE CARDS ***
7moneymaster: raises $3 to $6
Sunneh143: calls $3
*** FLOP *** [9c 8c 2c]
Sunneh143: bets $3
7moneymaster: calls $3
*** TURN *** [9c 8c 2c] [2s]
Sunneh143: checks
7moneymaster: bets $6
Sunneh143: folds
Uncalled bet ($6) returned to 7moneymaster
7moneymaster collected $17.64 from pot
7moneymaster: doesn't show hand
*** SUMMARY ***
Total pot $18 | Rake $0.36
Board [9c 8c 2c 2s]
Seat 3: Sunneh143 (big blind) folded on the Turn
Seat 4: 7moneymaster (button) (small blind) collected ($17.64)


PokerStars Hand #162751196466:  Hold'em Limit ($3/$6 USD) - 2016/12/10 22:49:26 ET
Table 'Mnemosyne' 6-max Seat #4 is the button
Seat 3: Sunneh143 ($156.33 in chips)
Seat 4: 7moneymaster ($456.87 in chips)
7moneymaster: posts small blind $1
Sunneh143: posts big blind $3
*** HOLE CARDS ***
7moneymaster: calls $2
Sunneh143: checks
*** FLOP *** [2h Kh Th]
Sunneh143: checks
7moneymaster: bets $3
Sunneh143: folds
Uncalled bet ($3) returned to 7moneymaster
7moneymaster collected $5.88 from pot
7moneymaster: doesn't show hand
*** SUMMARY ***
Total pot $6 | Rake $0.12
Board [2h Kh Th]
Seat 3: Sunneh143 (big blind) folded on the Flop
Seat 4: 7moneymaster (button) (small blind) collected ($5.88)


PokerStars Hand #162751184056:  Hold'em Limit ($3/$6 USD) - 2016/12/10 22:48:53 ET
Table 'Mnemosyne' 6-max Seat #3 is the button
Seat 3: Sunneh143 ($150.57 in chips)
Seat 4: 7moneymaster ($462.87 in chips)
Sunneh143: posts small blind $1
7moneymaster: posts big blind $3
*** HOLE CARDS ***
Sunneh143: calls $2
7moneymaster: checks
*** FLOP *** [Ks 9c Kc]
7moneymaster: bets $3
Sunneh143: calls $3
*** TURN *** [Ks 9c Kc] [9d]
7moneymaster: checks
Sunneh143: checks
*** RIVER *** [Ks 9c Kc 9d] [5s]
7moneymaster: checks
Sunneh143: checks
*** SHOW DOWN ***
7moneymaster: shows [2c 8s] (two pair, Kings and Nines)
Sunneh143: shows [6d Ac] (two pair, Kings and Nines - Ace kicker)
Sunneh143 collected $11.76 from pot
*** SUMMARY ***
Total pot $12 | Rake $0.24
Board [Ks 9c Kc 9d 5s]
Seat 3: Sunneh143 (button) (small blind) showed [6d Ac] and won ($11.76) with two pair, Kings and Nines
Seat 4: 7moneymaster (big blind) showed [2c 8s] and lost with two pair, Kings and Nines


PokerStars Hand #162751178591:  Hold'em Limit ($3/$6 USD) - 2016/12/10 22:48:38 ET
Table 'Mnemosyne' 6-max Seat #4 is the button
Seat 3: Sunneh143 ($159.57 in chips)
Seat 4: 7moneymaster ($454.23 in chips)
7moneymaster: posts small blind $1
Sunneh143: posts big blind $3
*** HOLE CARDS ***
7moneymaster: raises $3 to $6
Sunneh143: calls $3
*** FLOP *** [Ad Jc 4s]
Sunneh143: checks
7moneymaster: bets $3
Sunneh143: calls $3
*** TURN *** [Ad Jc 4s] [8s]
Sunneh143: checks
7moneymaster: bets $6
Sunneh143: folds
Uncalled bet ($6) returned to 7moneymaster
7moneymaster collected $17.64 from pot
7moneymaster: doesn't show hand
*** SUMMARY ***
Total pot $18 | Rake $0.36
Board [Ad Jc 4s 8s]
Seat 3: Sunneh143 (big blind) folded on the Turn
Seat 4: 7moneymaster (button) (small blind) collected ($17.64)


PokerStars Hand #162751208878:  Hold'em Limit ($3/$6 USD) - 2016/12/10 22:49:59 ET
Table 'Mnemosyne' 6-max Seat #3 is the button
Seat 3: Sunneh143 ($119.33 in chips)
Seat 4: 7moneymaster ($493.25 in chips)
Sunneh143: posts small blind $1
7moneymaster: posts big blind $3
*** HOLE CARDS ***
Sunneh143: raises $3 to $6
7moneymaster: raises $3 to $9
Sunneh143: calls $3
*** FLOP *** [Kc 4s Jc]
7moneymaster: bets $3
Sunneh143: calls $3
*** TURN *** [Kc 4s Jc] [5s]
7moneymaster: bets $6
Sunneh143: calls $6
*** RIVER *** [Kc 4s Jc 5s] [5d]
7moneymaster: checks
Sunneh143: checks
*** SHOW DOWN ***
7moneymaster: shows [8d 8s] (two pair, Eights and Fives)
Sunneh143: mucks hand
7moneymaster collected $35.50 from pot
*** SUMMARY ***
Total pot $36 | Rake $0.50
Board [Kc 4s Jc 5s 5d]
Seat 3: Sunneh143 (button) (small blind) mucked
Seat 4: 7moneymaster (big blind) showed [8d 8s] and won ($35.50) with two pair, Eights and Fives


PokerStars Hand #162751202346:  Hold'em Limit ($3/$6 USD) - 2016/12/10 22:49:42 ET
Table 'Mnemosyne' 6-max Seat #4 is the button
Seat 3: Sunneh143 ($152.33 in chips)
Seat 4: 7moneymaster ($460.75 in chips)
7moneymaster: posts small blind $1
Sunneh143: posts big blind $3
*** HOLE CARDS ***
7moneymaster: raises $3 to $6
Sunneh143: calls $3
*** FLOP *** [4h Jd 2c]
Sunneh143: checks
7moneymaster: bets $3
Sunneh143: calls $3
*** TURN *** [4h Jd 2c] [6h]
Sunneh143: bets $6
7moneymaster: raises $6 to $12
Sunneh143: calls $6
*** RIVER *** [4h Jd 2c 6h] [Qh]
Sunneh143: bets $6
7moneymaster: raises $6 to $12
Sunneh143: calls $6
*** SHOW DOWN ***
7moneymaster: shows [6s Qs] (two pair, Queens and Sixes)
Sunneh143: mucks hand
7moneymaster collected $65.50 from pot
*** SUMMARY ***
Total pot $66 | Rake $0.50
Board [4h Jd 2c 6h Qh]
Seat 3: Sunneh143 (big blind) mucked
Seat 4: 7moneymaster (button) (small blind) showed [6s Qs] and won ($65.50) with two pair, Queens and Sixes


PokerStars Hand #162751200708:  Hold'em Limit ($3/$6 USD) - 2016/12/10 22:49:37 ET
Table 'Mnemosyne' 6-max Seat #3 is the button
Seat 3: Sunneh143 ($153.33 in chips)
Seat 4: 7moneymaster ($459.75 in chips)
Sunneh143: posts small blind $1
7moneymaster: posts big blind $3
*** HOLE CARDS ***
Sunneh143: folds
Uncalled bet ($2) returned to 7moneymaster
7moneymaster collected $2 from pot
7moneymaster: doesn't show hand
*** SUMMARY ***
Total pot $2 | Rake $0
Seat 3: Sunneh143 (button) (small blind) folded before Flop
Seat 4: 7moneymaster (big blind) collected ($2)


PokerStars Hand #162751214238:  Hold'em Limit ($3/$6 USD) - 2016/12/10 22:50:14 ET
Table 'Mnemosyne' 6-max Seat #4 is the button
Seat 3: Sunneh143 ($101.33 in chips)
Seat 4: 7moneymaster ($510.75 in chips)
7moneymaster: posts small blind $1
Sunneh143: posts big blind $3
*** HOLE CARDS ***
7moneymaster: raises $3 to $6
Sunneh143: calls $3
*** FLOP *** [6c 2d Jc]
Sunneh143: checks
7moneymaster: bets $3
Sunneh143: calls $3
*** TURN *** [6c 2d Jc] [2h]
Sunneh143: checks
7moneymaster: checks
*** RIVER *** [6c 2d Jc 2h] [Ad]
Sunneh143: bets $6
7moneymaster: folds
Uncalled bet ($6) returned to Sunneh143
Sunneh143 collected $17.64 from pot
Sunneh143: doesn't show hand
*** SUMMARY ***
Total pot $18 | Rake $0.36
Board [6c 2d Jc 2h Ad]
Seat 3: Sunneh143 (big blind) collected ($17.64)
Seat 4: 7moneymaster (button) (small blind) folded on the River


PokerStars Hand #162751238867:  Hold'em Limit ($3/$6 USD) - 2016/12/10 22:51:21 ET
Table 'Mnemosyne' 6-max Seat #4 is the button
Seat 3: Sunneh143 ($120.49 in chips)
Seat 4: 7moneymaster ($490.63 in chips)
7moneymaster: posts small blind $1
Sunneh143: posts big blind $3
*** HOLE CARDS ***
7moneymaster: calls $2
Sunneh143: checks
*** FLOP *** [Td 5h 3h]
Sunneh143: bets $3
7moneymaster: folds
Uncalled bet ($3) returned to Sunneh143
Sunneh143 collected $5.88 from pot
Sunneh143: doesn't show hand
*** SUMMARY ***
Total pot $6 | Rake $0.12
Board [Td 5h 3h]
Seat 3: Sunneh143 (big blind) collected ($5.88)
Seat 4: 7moneymaster (button) (small blind) folded on the Flop


PokerStars Hand #162751236685:  Hold'em Limit ($3/$6 USD) - 2016/12/10 22:51:15 ET
Table 'Mnemosyne' 6-max Seat #3 is the button
Seat 3: Sunneh143 ($117.49 in chips)
Seat 4: 7moneymaster ($493.63 in chips)
Sunneh143: posts small blind $1
7moneymaster: posts big blind $3
*** HOLE CARDS ***
Sunneh143: raises $3 to $6
7moneymaster: folds
Uncalled bet ($3) returned to Sunneh143
Sunneh143 collected $6 from pot
Sunneh143: doesn't show hand
*** SUMMARY ***
Total pot $6 | Rake $0
Seat 3: Sunneh143 (button) (small blind) collected ($6)
Seat 4: 7moneymaster (big blind) folded before Flop


PokerStars Hand #162751230144:  Hold'em Limit ($3/$6 USD) - 2016/12/10 22:50:57 ET
Table 'Mnemosyne' 6-max Seat #4 is the button
Seat 3: Sunneh143 ($120.49 in chips)
Seat 4: 7moneymaster ($490.75 in chips)
7moneymaster: posts small blind $1
Sunneh143: posts big blind $3
*** HOLE CARDS ***
7moneymaster: calls $2
Sunneh143: checks
*** FLOP *** [Jh 5s 4c]
Sunneh143: checks
7moneymaster: checks
*** TURN *** [Jh 5s 4c] [Qs]
Sunneh143: checks
7moneymaster: checks
*** RIVER *** [Jh 5s 4c Qs] [4d]
Sunneh143: checks
7moneymaster: checks
*** SHOW DOWN ***
Sunneh143: shows [3d Th] (a pair of Fours)
7moneymaster: shows [Ks 6c] (a pair of Fours - King kicker)
7moneymaster collected $5.88 from pot
*** SUMMARY ***
Total pot $6 | Rake $0.12
Board [Jh 5s 4c Qs 4d]
Seat 3: Sunneh143 (big blind) showed [3d Th] and lost with a pair of Fours
Seat 4: 7moneymaster (button) (small blind) showed [Ks 6c] and won ($5.88) with a pair of Fours


PokerStars Hand #162751225272:  Hold'em Limit ($3/$6 USD) - 2016/12/10 22:50:44 ET
Table 'Mnemosyne' 6-max Seat #3 is the button
Seat 3: Sunneh143 ($117.61 in chips)
Seat 4: 7moneymaster ($493.75 in chips)
Sunneh143: posts small blind $1
7moneymaster: posts big blind $3
*** HOLE CARDS ***
Sunneh143: calls $2
7moneymaster: checks
*** FLOP *** [Qh 8d 3h]
7moneymaster: checks
Sunneh143: checks
*** TURN *** [Qh 8d 3h] [6h]
7moneymaster: checks
Sunneh143: bets $6
7moneymaster: folds
Uncalled bet ($6) returned to Sunneh143
Sunneh143 collected $5.88 from pot
Sunneh143: doesn't show hand
*** SUMMARY ***
Total pot $6 | Rake $0.12
Board [Qh 8d 3h 6h]
Seat 3: Sunneh143 (button) (small blind) collected ($5.88)
Seat 4: 7moneymaster (big blind) folded on the Turn


PokerStars Hand #162751221293:  Hold'em Limit ($3/$6 USD) - 2016/12/10 22:50:33 ET
Table 'Mnemosyne' 6-max Seat #4 is the button
Seat 3: Sunneh143 ($108.97 in chips)
Seat 4: 7moneymaster ($502.75 in chips)
7moneymaster: posts small blind $1
Sunneh143: posts big blind $3
*** HOLE CARDS ***
7moneymaster: raises $3 to $6
Sunneh143: calls $3
*** FLOP *** [2h Th As]
Sunneh143: bets $3
7moneymaster: calls $3
*** TURN *** [2h Th As] [Tc]
Sunneh143: bets $6
7moneymaster: folds
Uncalled bet ($6) returned to Sunneh143
Sunneh143 collected $17.64 from pot
Sunneh143: doesn't show hand
*** SUMMARY ***
Total pot $18 | Rake $0.36
Board [2h Th As Tc]
Seat 3: Sunneh143 (big blind) collected ($17.64)
Seat 4: 7moneymaster (button) (small blind) folded on the Turn


PokerStars Hand #162751219545:  Hold'em Limit ($3/$6 USD) - 2016/12/10 22:50:28 ET
Table 'Mnemosyne' 6-max Seat #3 is the button
Seat 3: Sunneh143 ($109.97 in chips)
Seat 4: 7moneymaster ($501.75 in chips)
Sunneh143: posts small blind $1
7moneymaster: posts big blind $3
*** HOLE CARDS ***
Sunneh143: folds
Uncalled bet ($2) returned to 7moneymaster
7moneymaster collected $2 from pot
7moneymaster: doesn't show hand
*** SUMMARY ***
Total pot $2 | Rake $0
Seat 3: Sunneh143 (button) (small blind) folded before Flop
Seat 4: 7moneymaster (big blind) collected ($2)


PokerStars Hand #162751242079:  Hold'em Limit ($3/$6 USD) - 2016/12/10 22:51:30 ET
Table 'Mnemosyne' 6-max Seat #3 is the button
Seat 3: Sunneh143 ($123.37 in chips)
Seat 4: 7moneymaster ($487.63 in chips)
Sunneh143: posts small blind $1
7moneymaster: posts big blind $3
*** HOLE CARDS ***
Sunneh143: calls $2
7moneymaster: checks
*** FLOP *** [Ks 7h Jc]
7moneymaster: checks
Sunneh143: bets $3
7moneymaster: folds
Uncalled bet ($3) returned to Sunneh143
Sunneh143 collected $5.88 from pot
Sunneh143: doesn't show hand
*** SUMMARY ***
Total pot $6 | Rake $0.12
Board [Ks 7h Jc]
Seat 3: Sunneh143 (button) (small blind) collected ($5.88)
Seat 4: 7moneymaster (big blind) folded on the Flop


PokerStars Hand #162751250624:  Hold'em Limit ($3/$6 USD) - 2016/12/10 22:51:53 ET
Table 'Mnemosyne' 6-max Seat #3 is the button
Seat 3: Sunneh143 ($120.25 in chips)
Seat 4: 7moneymaster ($490.39 in chips)
Sunneh143: posts small blind $1
7moneymaster: posts big blind $3
*** HOLE CARDS ***
Sunneh143: folds
Uncalled bet ($2) returned to 7moneymaster
7moneymaster collected $2 from pot
7moneymaster: doesn't show hand
*** SUMMARY ***
Total pot $2 | Rake $0
Seat 3: Sunneh143 (button) (small blind) folded before Flop
Seat 4: 7moneymaster (big blind) collected ($2)


PokerStars Hand #162751246633:  Hold'em Limit ($3/$6 USD) - 2016/12/10 22:51:42 ET
Table 'Mnemosyne' 6-max Seat #4 is the button
Seat 3: Sunneh143 ($126.25 in chips)
Seat 4: 7moneymaster ($484.63 in chips)
7moneymaster: posts small blind $1
Sunneh143: posts big blind $3
*** HOLE CARDS ***
7moneymaster: raises $3 to $6
Sunneh143: calls $3
*** FLOP *** [Ah Kh 7c]
Sunneh143: checks
7moneymaster: bets $3
Sunneh143: folds
Uncalled bet ($3) returned to 7moneymaster
7moneymaster collected $11.76 from pot
7moneymaster: doesn't show hand
*** SUMMARY ***
Total pot $12 | Rake $0.24
Board [Ah Kh 7c]
Seat 3: Sunneh143 (big blind) folded on the Flop
Seat 4: 7moneymaster (button) (small blind) collected ($11.76)


PokerStars Hand #162751252213:  Hold'em Limit ($3/$6 USD) - 2016/12/10 22:51:57 ET
Table 'Mnemosyne' 6-max Seat #4 is the button
Seat 3: Sunneh143 ($119.25 in chips)
Seat 4: 7moneymaster ($491.39 in chips)
7moneymaster: posts small blind $1
Sunneh143: posts big blind $3
*** HOLE CARDS ***
7moneymaster: raises $3 to $6
Sunneh143: calls $3
*** FLOP *** [Tc Td Qs]
Sunneh143: bets $3
7moneymaster: calls $3
*** TURN *** [Tc Td Qs] [4s]
Sunneh143: bets $6
7moneymaster: calls $6
*** RIVER *** [Tc Td Qs 4s] [Qh]
Sunneh143: bets $6
7moneymaster: calls $6
*** SHOW DOWN ***
Sunneh143: shows [3d 4c] (two pair, Queens and Tens)
7moneymaster: shows [2h Ah] (two pair, Queens and Tens - Ace kicker)
7moneymaster collected $41.50 from pot
*** SUMMARY ***
Total pot $42 | Rake $0.50
Board [Tc Td Qs 4s Qh]
Seat 3: Sunneh143 (big blind) showed [3d 4c] and lost with two pair, Queens and Tens
Seat 4: 7moneymaster (button) (small blind) showed [2h Ah] and won ($41.50) with two pair, Queens and Tens


PokerStars Hand #162751262597:  Hold'em Limit ($3/$6 USD) - 2016/12/10 22:52:26 ET
Table 'Mnemosyne' 6-max Seat #4 is the button
Seat 3: Sunneh143 ($74.25 in chips)
Seat 4: 7moneymaster ($535.39 in chips)
7moneymaster: posts small blind $1
Sunneh143: posts big blind $3
*** HOLE CARDS ***
7moneymaster: folds
Uncalled bet ($2) returned to Sunneh143
Sunneh143 collected $2 from pot
Sunneh143: doesn't show hand
*** SUMMARY ***
Total pot $2 | Rake $0
Seat 3: Sunneh143 (big blind) collected ($2)
Seat 4: 7moneymaster (button) (small blind) folded before Flop


PokerStars Hand #162751257052:  Hold'em Limit ($3/$6 USD) - 2016/12/10 22:52:11 ET
Table 'Mnemosyne' 6-max Seat #3 is the button
Seat 3: Sunneh143 ($98.25 in chips)
Seat 4: 7moneymaster ($511.89 in chips)
Sunneh143: posts small blind $1
7moneymaster: posts big blind $3
*** HOLE CARDS ***
Sunneh143: raises $3 to $6
7moneymaster: calls $3
*** FLOP *** [5h 9d 8d]
7moneymaster: checks
Sunneh143: bets $3
7moneymaster: raises $3 to $6
Sunneh143: calls $3
*** TURN *** [5h 9d 8d] [Kh]
7moneymaster: bets $6
Sunneh143: calls $6
*** RIVER *** [5h 9d 8d Kh] [Ac]
7moneymaster: bets $6
Sunneh143: calls $6
*** SHOW DOWN ***
7moneymaster: shows [8h Qs] (a pair of Eights)
Sunneh143: mucks hand
7moneymaster collected $47.50 from pot
*** SUMMARY ***
Total pot $48 | Rake $0.50
Board [5h 9d 8d Kh Ac]
Seat 3: Sunneh143 (button) (small blind) mucked
Seat 4: 7moneymaster (big blind) showed [8h Qs] and won ($47.50) with a pair of Eights


PokerStars Hand #162751268315:  Hold'em Limit ($3/$6 USD) - 2016/12/10 22:52:42 ET
Table 'Mnemosyne' 6-max Seat #4 is the button
Seat 3: Sunneh143 ($69.25 in chips)
Seat 4: 7moneymaster ($540.15 in chips)
7moneymaster: posts small blind $1
Sunneh143: posts big blind $3
*** HOLE CARDS ***
7moneymaster: folds
Uncalled bet ($2) returned to Sunneh143
Sunneh143 collected $2 from pot
Sunneh143: doesn't show hand
*** SUMMARY ***
Total pot $2 | Rake $0
Seat 3: Sunneh143 (big blind) collected ($2)
Seat 4: 7moneymaster (button) (small blind) folded before Flop


PokerStars Hand #162751264324:  Hold'em Limit ($3/$6 USD) - 2016/12/10 22:52:31 ET
Table 'Mnemosyne' 6-max Seat #3 is the button
Seat 3: Sunneh143 ($75.25 in chips)
Seat 4: 7moneymaster ($534.39 in chips)
Sunneh143: posts small blind $1
7moneymaster: posts big blind $3
*** HOLE CARDS ***
Sunneh143: raises $3 to $6
7moneymaster: calls $3
*** FLOP *** [Qd 6d 9s]
7moneymaster: checks
Sunneh143: checks
*** TURN *** [Qd 6d 9s] [8h]
7moneymaster: bets $6
Sunneh143: folds
Uncalled bet ($6) returned to 7moneymaster
7moneymaster collected $11.76 from pot
7moneymaster: doesn't show hand
*** SUMMARY ***
Total pot $12 | Rake $0.24
Board [Qd 6d 9s 8h]
Seat 3: Sunneh143 (button) (small blind) folded on the Turn
Seat 4: 7moneymaster (big blind) collected ($11.76)


PokerStars Hand #162751269821:  Hold'em Limit ($3/$6 USD) - 2016/12/10 22:52:46 ET
Table 'Mnemosyne' 6-max Seat #3 is the button
Seat 3: Sunneh143 ($70.25 in chips)
Seat 4: 7moneymaster ($539.15 in chips)
Sunneh143: posts small blind $1
7moneymaster: posts big blind $3
*** HOLE CARDS ***
Sunneh143: raises $3 to $6
7moneymaster: calls $3
*** FLOP *** [5h 3s 4h]
7moneymaster: checks
Sunneh143: bets $3
7moneymaster: calls $3
*** TURN *** [5h 3s 4h] [Ts]
7moneymaster: checks
Sunneh143: checks
*** RIVER *** [5h 3s 4h Ts] [2c]
7moneymaster: checks
Sunneh143: bets $6
7moneymaster: folds
Uncalled bet ($6) returned to Sunneh143
Sunneh143 collected $17.64 from pot
Sunneh143: doesn't show hand
*** SUMMARY ***
Total pot $18 | Rake $0.36
Board [5h 3s 4h Ts 2c]
Seat 3: Sunneh143 (button) (small blind) collected ($17.64)
Seat 4: 7moneymaster (big blind) folded on the River


PokerStars Hand #162751274639:  Hold'em Limit ($3/$6 USD) - 2016/12/10 22:52:59 ET
Table 'Mnemosyne' 6-max Seat #4 is the button
Seat 3: Sunneh143 ($78.89 in chips)
Seat 4: 7moneymaster ($530.15 in chips)
7moneymaster: posts small blind $1
Sunneh143: posts big blind $3
*** HOLE CARDS ***
7moneymaster: calls $2
Sunneh143: raises $3 to $6
7moneymaster: calls $3
*** FLOP *** [Ks 2h 9d]
Sunneh143: bets $3
7moneymaster: folds
Uncalled bet ($3) returned to Sunneh143
Sunneh143 collected $11.76 from pot
Sunneh143: doesn't show hand
*** SUMMARY ***
Total pot $12 | Rake $0.24
Board [Ks 2h 9d]
Seat 3: Sunneh143 (big blind) collected ($11.76)
Seat 4: 7moneymaster (button) (small blind) folded on the Flop


PokerStars Hand #162751278232:  Hold'em Limit ($3/$6 USD) - 2016/12/10 22:53:09 ET
Table 'Mnemosyne' 6-max Seat #3 is the button
Seat 3: Sunneh143 ($84.65 in chips)
Seat 4: 7moneymaster ($524.15 in chips)
Sunneh143: posts small blind $1
7moneymaster: posts big blind $3
*** HOLE CARDS ***
Sunneh143: folds
Uncalled bet ($2) returned to 7moneymaster
7moneymaster collected $2 from pot
7moneymaster: doesn't show hand
*** SUMMARY ***
Total pot $2 | Rake $0
Seat 3: Sunneh143 (button) (small blind) folded before Flop
Seat 4: 7moneymaster (big blind) collected ($2)


PokerStars Hand #162751279929:  Hold'em Limit ($3/$6 USD) - 2016/12/10 22:53:14 ET
Table 'Mnemosyne' 6-max Seat #4 is the button
Seat 3: Sunneh143 ($83.65 in chips)
Seat 4: 7moneymaster ($525.15 in chips)
7moneymaster: posts small blind $1
Sunneh143: posts big blind $3
*** HOLE CARDS ***
7moneymaster: raises $3 to $6
Sunneh143: calls $3
*** FLOP *** [4d 6d Jd]
Sunneh143: bets $3
7moneymaster: folds
Uncalled bet ($3) returned to Sunneh143
Sunneh143 collected $11.76 from pot
Sunneh143: doesn't show hand
*** SUMMARY ***
Total pot $12 | Rake $0.24
Board [4d 6d Jd]
Seat 3: Sunneh143 (big blind) collected ($11.76)
Seat 4: 7moneymaster (button) (small blind) folded on the Flop


PokerStars Hand #162751282987:  Hold'em Limit ($3/$6 USD) - 2016/12/10 22:53:22 ET
Table 'Mnemosyne' 6-max Seat #3 is the button
Seat 3: Sunneh143 ($89.41 in chips)
Seat 4: 7moneymaster ($519.15 in chips)
Sunneh143: posts small blind $1
7moneymaster: posts big blind $3
*** HOLE CARDS ***
Sunneh143: raises $3 to $6
7moneymaster: calls $3
*** FLOP *** [7c 2s Qc]
7moneymaster: checks
Sunneh143: bets $3
7moneymaster: folds
Uncalled bet ($3) returned to Sunneh143
Sunneh143 collected $11.76 from pot
Sunneh143: doesn't show hand
*** SUMMARY ***
Total pot $12 | Rake $0.24
Board [7c 2s Qc]
Seat 3: Sunneh143 (button) (small blind) collected ($11.76)
Seat 4: 7moneymaster (big blind) folded on the Flop


PokerStars Hand #162751292736:  Hold'em Limit ($3/$6 USD) - 2016/12/10 22:53:49 ET
Table 'Mnemosyne' 6-max Seat #3 is the button
Seat 3: Sunneh143 ($80.17 in chips)
Seat 4: 7moneymaster ($527.65 in chips)
Sunneh143: posts small blind $1
7moneymaster: posts big blind $3
*** HOLE CARDS ***
Sunneh143: raises $3 to $6
7moneymaster: calls $3
*** FLOP *** [8s 4c Jc]
7moneymaster: checks
Sunneh143: checks
*** TURN *** [8s 4c Jc] [6d]
7moneymaster: checks
Sunneh143: checks
*** RIVER *** [8s 4c Jc 6d] [Jd]
7moneymaster: bets $6
Sunneh143: calls $6
*** SHOW DOWN ***
7moneymaster: shows [8d Kc] (two pair, Jacks and Eights)
Sunneh143: mucks hand
7moneymaster collected $23.52 from pot
*** SUMMARY ***
Total pot $24 | Rake $0.48
Board [8s 4c Jc 6d Jd]
Seat 3: Sunneh143 (button) (small blind) mucked
Seat 4: 7moneymaster (big blind) showed [8d Kc] and won ($23.52) with two pair, Jacks and Eights


PokerStars Hand #162751300583:  Hold'em Limit ($3/$6 USD) - 2016/12/10 22:54:11 ET
Table 'Mnemosyne' 6-max Seat #4 is the button
Seat 3: Sunneh143 ($68.17 in chips)
Seat 4: 7moneymaster ($539.17 in chips)
7moneymaster: posts small blind $1
Sunneh143: posts big blind $3
*** HOLE CARDS ***
7moneymaster: raises $3 to $6
Sunneh143: raises $3 to $9
7moneymaster: calls $3
*** FLOP *** [4s 5h 4h]
Sunneh143: bets $3
7moneymaster: calls $3
*** TURN *** [4s 5h 4h] [Qd]
Sunneh143: bets $6
7moneymaster: folds
Uncalled bet ($6) returned to Sunneh143
Sunneh143 collected $23.52 from pot
Sunneh143: doesn't show hand
*** SUMMARY ***
Total pot $24 | Rake $0.48
Board [4s 5h 4h Qd]
Seat 3: Sunneh143 (big blind) collected ($23.52)
Seat 4: 7moneymaster (button) (small blind) folded on the Turn


PokerStars Hand #162751305249:  Hold'em Limit ($3/$6 USD) - 2016/12/10 22:54:24 ET
Table 'Mnemosyne' 6-max Seat #3 is the button
Seat 3: Sunneh143 ($79.69 in chips)
Seat 4: 7moneymaster ($527.17 in chips)
Sunneh143: posts small blind $1
7moneymaster: posts big blind $3
*** HOLE CARDS ***
Sunneh143: calls $2
7moneymaster: checks
*** FLOP *** [3d 5s 2c]
7moneymaster: bets $3
Sunneh143: raises $3 to $6
7moneymaster: raises $3 to $9
Sunneh143: calls $3
*** TURN *** [3d 5s 2c] [Jc]
7moneymaster: bets $6
Sunneh143: calls $6
*** RIVER *** [3d 5s 2c Jc] [9d]
7moneymaster: bets $6
Sunneh143: calls $6
*** SHOW DOWN ***
7moneymaster: shows [4c 5d] (a pair of Fives)
Sunneh143: shows [5c Jh] (two pair, Jacks and Fives)
Sunneh143 collected $47.50 from pot
*** SUMMARY ***
Total pot $48 | Rake $0.50
Board [3d 5s 2c Jc 9d]
Seat 3: Sunneh143 (button) (small blind) showed [5c Jh] and won ($47.50) with two pair, Jacks and Fives
Seat 4: 7moneymaster (big blind) showed [4c 5d] and lost with a pair of Fives


PokerStars Hand #162751313486:  Hold'em Limit ($3/$6 USD) - 2016/12/10 22:54:47 ET
Table 'Mnemosyne' 6-max Seat #3 is the button
Seat 3: Sunneh143 ($100.19 in chips)
Seat 4: 7moneymaster ($506.17 in chips)
Sunneh143: posts small blind $1
7moneymaster: posts big blind $3
*** HOLE CARDS ***
Sunneh143: raises $3 to $6
7moneymaster: calls $3
*** FLOP *** [Tc Kd Ad]
7moneymaster: checks
Sunneh143: bets $3
7moneymaster: calls $3
*** TURN *** [Tc Kd Ad] [4c]
7moneymaster: checks
Sunneh143: checks
*** RIVER *** [Tc Kd Ad 4c] [3h]
7moneymaster: bets $6
Sunneh143: raises $6 to $12
7moneymaster: calls $6
*** SHOW DOWN ***
Sunneh143: shows [Jc Ac] (a pair of Aces)
7moneymaster: mucks hand
Sunneh143 collected $41.50 from pot
*** SUMMARY ***
Total pot $42 | Rake $0.50
Board [Tc Kd Ad 4c 3h]
Seat 3: Sunneh143 (button) (small blind) showed [Jc Ac] and won ($41.50) with a pair of Aces
Seat 4: 7moneymaster (big blind) mucked


PokerStars Hand #162751319627:  Hold'em Limit ($3/$6 USD) - 2016/12/10 22:55:04 ET
Table 'Mnemosyne' 6-max Seat #4 is the button
Seat 3: Sunneh143 ($120.69 in chips)
Seat 4: 7moneymaster ($485.17 in chips)
7moneymaster: posts small blind $1
Sunneh143: posts big blind $3
*** HOLE CARDS ***
7moneymaster: raises $3 to $6
Sunneh143: calls $3
*** FLOP *** [Jd Kd 6c]
Sunneh143: checks
7moneymaster: checks
*** TURN *** [Jd Kd 6c] [Qc]
Sunneh143: checks
7moneymaster: bets $6
Sunneh143: raises $6 to $12
7moneymaster: calls $6
*** RIVER *** [Jd Kd 6c Qc] [4d]
Sunneh143: bets $6
7moneymaster: calls $6
*** SHOW DOWN ***
Sunneh143: shows [6s Jc] (two pair, Jacks and Sixes)
7moneymaster: mucks hand
Sunneh143 collected $47.50 from pot
*** SUMMARY ***
Total pot $48 | Rake $0.50
Board [Jd Kd 6c Qc 4d]
Seat 3: Sunneh143 (big blind) showed [6s Jc] and won ($47.50) with two pair, Jacks and Sixes
Seat 4: 7moneymaster (button) (small blind) mucked


PokerStars Hand #162751310996:  Hold'em Limit ($3/$6 USD) - 2016/12/10 22:54:40 ET
Table 'Mnemosyne' 6-max Seat #4 is the button
Seat 3: Sunneh143 ($103.19 in chips)
Seat 4: 7moneymaster ($503.17 in chips)
7moneymaster: posts small blind $1
Sunneh143: posts big blind $3
*** HOLE CARDS ***
7moneymaster: raises $3 to $6
Sunneh143: folds
Uncalled bet ($3) returned to 7moneymaster
7moneymaster collected $6 from pot
7moneymaster: doesn't show hand
*** SUMMARY ***
Total pot $6 | Rake $0
Seat 3: Sunneh143 (big blind) folded before Flop
Seat 4: 7moneymaster (button) (small blind) collected ($6)


PokerStars Hand #162751334708:  Hold'em Limit ($3/$6 USD) - 2016/12/10 22:55:51 ET
Table 'Mnemosyne' 6-max Seat #3 is the button
Seat 3: Sunneh143 ($156.71 in chips)
Seat 4: 7moneymaster ($448.17 in chips)
Sunneh143: posts small blind $1
7moneymaster: posts big blind $3
*** HOLE CARDS ***
Sunneh143: raises $3 to $6
7moneymaster: raises $3 to $9
Sunneh143: calls $3
*** FLOP *** [5h Ad 3d]
7moneymaster: bets $3
Sunneh143: raises $3 to $6
7moneymaster: calls $3
*** TURN *** [5h Ad 3d] [9h]
7moneymaster: checks
Sunneh143: bets $6
7moneymaster: raises $6 to $12
Sunneh143: calls $6
*** RIVER *** [5h Ad 3d 9h] [Jh]
7moneymaster: bets $6
Sunneh143: calls $6
*** SHOW DOWN ***
7moneymaster: shows [9c Ah] (two pair, Aces and Nines)
Sunneh143: mucks hand
7moneymaster collected $65.50 from pot
*** SUMMARY ***
Total pot $66 | Rake $0.50
Board [5h Ad 3d 9h Jh]
Seat 3: Sunneh143 (button) (small blind) mucked
Seat 4: 7moneymaster (big blind) showed [9c Ah] and won ($65.50) with two pair, Aces and Nines


PokerStars Hand #162751345698:  Hold'em Limit ($3/$6 USD) - 2016/12/10 22:56:25 ET
Table 'Mnemosyne' 6-max Seat #3 is the button
Seat 3: Sunneh143 ($114.71 in chips)
Seat 4: 7moneymaster ($489.31 in chips)
Sunneh143: posts small blind $1
7moneymaster: posts big blind $3
*** HOLE CARDS ***
Sunneh143: raises $3 to $6
7moneymaster: folds
Uncalled bet ($3) returned to Sunneh143
Sunneh143 collected $6 from pot
Sunneh143: doesn't show hand
*** SUMMARY ***
Total pot $6 | Rake $0
Seat 3: Sunneh143 (button) (small blind) collected ($6)
Seat 4: 7moneymaster (big blind) folded before Flop


PokerStars Hand #162751341496:  Hold'em Limit ($3/$6 USD) - 2016/12/10 22:56:12 ET
Table 'Mnemosyne' 6-max Seat #4 is the button
Seat 3: Sunneh143 ($123.71 in chips)
Seat 4: 7moneymaster ($480.67 in chips)
7moneymaster: posts small blind $1
Sunneh143: posts big blind $3
*** HOLE CARDS ***
7moneymaster: raises $3 to $6
Sunneh143: calls $3
*** FLOP *** [5d Qs 9h]
Sunneh143: checks
7moneymaster: bets $3
Sunneh143: calls $3
*** TURN *** [5d Qs 9h] [Ac]
Sunneh143: checks
7moneymaster: bets $6
Sunneh143: folds
Uncalled bet ($6) returned to 7moneymaster
7moneymaster collected $17.64 from pot
7moneymaster: doesn't show hand
*** SUMMARY ***
Total pot $18 | Rake $0.36
Board [5d Qs 9h Ac]
Seat 3: Sunneh143 (big blind) folded on the Turn
Seat 4: 7moneymaster (button) (small blind) collected ($17.64)


PokerStars Hand #162751332725:  Hold'em Limit ($3/$6 USD) - 2016/12/10 22:55:45 ET
Table 'Mnemosyne' 6-max Seat #4 is the button
Seat 3: Sunneh143 ($155.71 in chips)
Seat 4: 7moneymaster ($449.17 in chips)
7moneymaster: posts small blind $1
Sunneh143: posts big blind $3
*** HOLE CARDS ***
7moneymaster: folds
Uncalled bet ($2) returned to Sunneh143
Sunneh143 collected $2 from pot
Sunneh143: doesn't show hand
*** SUMMARY ***
Total pot $2 | Rake $0
Seat 3: Sunneh143 (big blind) collected ($2)
Seat 4: 7moneymaster (button) (small blind) folded before Flop


PokerStars Hand #162751347247:  Hold'em Limit ($3/$6 USD) - 2016/12/10 22:56:30 ET
Table 'Mnemosyne' 6-max Seat #4 is the button
Seat 3: Sunneh143 ($117.71 in chips)
Seat 4: 7moneymaster ($486.31 in chips)
7moneymaster: posts small blind $1
Sunneh143: posts big blind $3
*** HOLE CARDS ***
7moneymaster: raises $3 to $6
Sunneh143: calls $3
*** FLOP *** [2c 4h Ts]
Sunneh143: bets $3
7moneymaster: raises $3 to $6
Sunneh143: calls $3
*** TURN *** [2c 4h Ts] [2d]
Sunneh143: checks
7moneymaster: bets $6
Sunneh143: folds
Uncalled bet ($6) returned to 7moneymaster
7moneymaster collected $23.52 from pot
7moneymaster: doesn't show hand
*** SUMMARY ***
Total pot $24 | Rake $0.48
Board [2c 4h Ts 2d]
Seat 3: Sunneh143 (big blind) folded on the Turn
Seat 4: 7moneymaster (button) (small blind) collected ($23.52)


PokerStars Hand #162751358570:  Hold'em Limit ($3/$6 USD) - 2016/12/10 22:57:06 ET
Table 'Mnemosyne' 6-max Seat #3 is the button
Seat 3: Sunneh143 ($105.71 in chips)
Seat 4: 7moneymaster ($497.83 in chips)
Sunneh143: posts small blind $1
7moneymaster: posts big blind $3
*** HOLE CARDS ***
Sunneh143: raises $3 to $6
7moneymaster: raises $3 to $9
Sunneh143: calls $3
*** FLOP *** [5h 5c 7s]
7moneymaster: bets $3
Sunneh143: raises $3 to $6
7moneymaster: calls $3
*** TURN *** [5h 5c 7s] [5d]
7moneymaster: checks
Sunneh143: bets $6
7moneymaster: folds
Uncalled bet ($6) returned to Sunneh143
Sunneh143 collected $29.50 from pot
Sunneh143: doesn't show hand
*** SUMMARY ***
Total pot $30 | Rake $0.50
Board [5h 5c 7s 5d]
Seat 3: Sunneh143 (button) (small blind) collected ($29.50)
Seat 4: 7moneymaster (big blind) folded on the Turn


PokerStars Hand #162751363088:  Hold'em Limit ($3/$6 USD) - 2016/12/10 22:57:20 ET
Table 'Mnemosyne' 6-max Seat #4 is the button
Seat 3: Sunneh143 ($120.21 in chips)
Seat 4: 7moneymaster ($482.83 in chips)
7moneymaster: posts small blind $1
Sunneh143: posts big blind $3
*** HOLE CARDS ***
7moneymaster: folds
Uncalled bet ($2) returned to Sunneh143
Sunneh143 collected $2 from pot
Sunneh143: doesn't show hand
*** SUMMARY ***
Total pot $2 | Rake $0
Seat 3: Sunneh143 (big blind) collected ($2)
Seat 4: 7moneymaster (button) (small blind) folded before Flop


PokerStars Hand #162751364464:  Hold'em Limit ($3/$6 USD) - 2016/12/10 22:57:24 ET
Table 'Mnemosyne' 6-max Seat #3 is the button
Seat 3: Sunneh143 ($121.21 in chips)
Seat 4: 7moneymaster ($481.83 in chips)
Sunneh143: posts small blind $1
7moneymaster: posts big blind $3
*** HOLE CARDS ***
Sunneh143: raises $3 to $6
7moneymaster: calls $3
*** FLOP *** [9s 3d Ac]
7moneymaster: checks
Sunneh143: bets $3
7moneymaster: calls $3
*** TURN *** [9s 3d Ac] [Qc]
7moneymaster: checks
Sunneh143: checks
*** RIVER *** [9s 3d Ac Qc] [Ts]
7moneymaster: checks
Sunneh143: checks
*** SHOW DOWN ***
7moneymaster: shows [4d 3c] (a pair of Threes)
Sunneh143: shows [9c 8h] (a pair of Nines)
Sunneh143 collected $17.64 from pot
*** SUMMARY ***
Total pot $18 | Rake $0.36
Board [9s 3d Ac Qc Ts]
Seat 3: Sunneh143 (button) (small blind) showed [9c 8h] and won ($17.64) with a pair of Nines
Seat 4: 7moneymaster (big blind) showed [4d 3c] and lost with a pair of Threes


PokerStars Hand #162751369579:  Hold'em Limit ($3/$6 USD) - 2016/12/10 22:57:40 ET
Table 'Mnemosyne' 6-max Seat #4 is the button
Seat 3: Sunneh143 ($129.85 in chips)
Seat 4: 7moneymaster ($472.83 in chips)
7moneymaster: posts small blind $1
Sunneh143: posts big blind $3
*** HOLE CARDS ***
7moneymaster: raises $3 to $6
Sunneh143: calls $3
*** FLOP *** [2d Jc 8h]
Sunneh143: checks
7moneymaster: bets $3
Sunneh143: calls $3
*** TURN *** [2d Jc 8h] [6s]
Sunneh143: bets $6
7moneymaster: raises $6 to $12
Sunneh143: calls $6
*** RIVER *** [2d Jc 8h 6s] [6d]
Sunneh143: bets $6
7moneymaster: raises $6 to $12
Sunneh143: calls $6
*** SHOW DOWN ***
7moneymaster: shows [8c 8d] (a full house, Eights full of Sixes)
Sunneh143: mucks hand
7moneymaster collected $65.50 from pot
*** SUMMARY ***
Total pot $66 | Rake $0.50
Board [2d Jc 8h 6s 6d]
Seat 3: Sunneh143 (big blind) mucked
Seat 4: 7moneymaster (button) (small blind) showed [8c 8d] and won ($65.50) with a full house, Eights full of Sixes


PokerStars Hand #162751377823:  Hold'em Limit ($3/$6 USD) - 2016/12/10 22:58:06 ET
Table 'Mnemosyne' 6-max Seat #3 is the button
Seat 3: Sunneh143 ($96.85 in chips)
Seat 4: 7moneymaster ($505.33 in chips)
Sunneh143: posts small blind $1
7moneymaster: posts big blind $3
*** HOLE CARDS ***
Sunneh143: raises $3 to $6
7moneymaster: calls $3
*** FLOP *** [Kd 3h 7d]
7moneymaster: checks
Sunneh143: checks
*** TURN *** [Kd 3h 7d] [8c]
7moneymaster: bets $6
Sunneh143: calls $6
*** RIVER *** [Kd 3h 7d 8c] [Js]
7moneymaster: bets $6
Sunneh143: calls $6
*** SHOW DOWN ***
7moneymaster: shows [Kh 6s] (a pair of Kings)
Sunneh143: mucks hand
7moneymaster collected $35.50 from pot
*** SUMMARY ***
Total pot $36 | Rake $0.50
Board [Kd 3h 7d 8c Js]
Seat 3: Sunneh143 (button) (small blind) mucked
Seat 4: 7moneymaster (big blind) showed [Kh 6s] and won ($35.50) with a pair of Kings


PokerStars Hand #162751382595:  Hold'em Limit ($3/$6 USD) - 2016/12/10 22:58:21 ET
Table 'Mnemosyne' 6-max Seat #4 is the button
Seat 3: Sunneh143 ($78.85 in chips)
Seat 4: 7moneymaster ($522.83 in chips)
7moneymaster: posts small blind $1
Sunneh143: posts big blind $3
*** HOLE CARDS ***
7moneymaster: raises $3 to $6
Sunneh143: calls $3
*** FLOP *** [4s Jc 2d]
Sunneh143: checks
7moneymaster: bets $3
Sunneh143: calls $3
*** TURN *** [4s Jc 2d] [9c]
Sunneh143: checks
7moneymaster: bets $6
Sunneh143: calls $6
*** RIVER *** [4s Jc 2d 9c] [3h]
Sunneh143: bets $6
7moneymaster: calls $6
*** SHOW DOWN ***
Sunneh143: shows [8h As] (high card Ace)
7moneymaster: shows [Ad 3d] (a pair of Threes)
7moneymaster collected $41.50 from pot
*** SUMMARY ***
Total pot $42 | Rake $0.50
Board [4s Jc 2d 9c 3h]
Seat 3: Sunneh143 (big blind) showed [8h As] and lost with high card Ace
Seat 4: 7moneymaster (button) (small blind) showed [Ad 3d] and won ($41.50) with a pair of Threes


PokerStars Hand #162751387618:  Hold'em Limit ($3/$6 USD) - 2016/12/10 22:58:37 ET
Table 'Mnemosyne' 6-max Seat #3 is the button
Seat 3: Sunneh143 ($57.85 in chips)
Seat 4: 7moneymaster ($543.33 in chips)
Sunneh143: posts small blind $1
7moneymaster: posts big blind $3
*** HOLE CARDS ***
Sunneh143: raises $3 to $6
7moneymaster: calls $3
*** FLOP *** [9d Ac 5c]
7moneymaster: checks
Sunneh143: checks
*** TURN *** [9d Ac 5c] [5d]
7moneymaster: checks
Sunneh143: checks
*** RIVER *** [9d Ac 5c 5d] [4d]
7moneymaster: checks
Sunneh143: checks
*** SHOW DOWN ***
7moneymaster: shows [Qc 3d] (a pair of Fives)
Sunneh143: shows [8d Qs] (a pair of Fives)
7moneymaster collected $5.88 from pot
Sunneh143 collected $5.88 from pot
*** SUMMARY ***
Total pot $12 | Rake $0.24
Board [9d Ac 5c 5d 4d]
Seat 3: Sunneh143 (button) (small blind) showed [8d Qs] and won ($5.88) with a pair of Fives
Seat 4: 7moneymaster (big blind) showed [Qc 3d] and won ($5.88) with a pair of Fives


PokerStars Hand #162751397731:  Hold'em Limit ($3/$6 USD) - 2016/12/10 22:59:08 ET
Table 'Mnemosyne' 6-max Seat #3 is the button
Seat 3: Sunneh143 ($24.73 in chips)
Seat 4: 7moneymaster ($575.71 in chips)
Sunneh143: posts small blind $1
7moneymaster: posts big blind $3
*** HOLE CARDS ***
Sunneh143: folds
Uncalled bet ($2) returned to 7moneymaster
7moneymaster collected $2 from pot
7moneymaster: doesn't show hand
*** SUMMARY ***
Total pot $2 | Rake $0
Seat 3: Sunneh143 (button) (small blind) folded before Flop
Seat 4: 7moneymaster (big blind) collected ($2)


PokerStars Hand #162751391878:  Hold'em Limit ($3/$6 USD) - 2016/12/10 22:58:50 ET
Table 'Mnemosyne' 6-max Seat #4 is the button
Seat 3: Sunneh143 ($57.73 in chips)
Seat 4: 7moneymaster ($543.21 in chips)
7moneymaster: posts small blind $1
Sunneh143: posts big blind $3
*** HOLE CARDS ***
7moneymaster: raises $3 to $6
Sunneh143: calls $3
*** FLOP *** [4c 9s 6h]
Sunneh143: bets $3
7moneymaster: calls $3
*** TURN *** [4c 9s 6h] [2d]
Sunneh143: bets $6
7moneymaster: raises $6 to $12
Sunneh143: calls $6
*** RIVER *** [4c 9s 6h 2d] [9h]
Sunneh143: bets $6
7moneymaster: raises $6 to $12
Sunneh143: calls $6
*** SHOW DOWN ***
7moneymaster: shows [6c 9c] (a full house, Nines full of Sixes)
Sunneh143: mucks hand
7moneymaster collected $65.50 from pot
*** SUMMARY ***
Total pot $66 | Rake $0.50
Board [4c 9s 6h 2d 9h]
Seat 3: Sunneh143 (big blind) mucked
Seat 4: 7moneymaster (button) (small blind) showed [6c 9c] and won ($65.50) with a full house, Nines full of Sixes


PokerStars Hand #162751399250:  Hold'em Limit ($3/$6 USD) - 2016/12/10 22:59:13 ET
Table 'Mnemosyne' 6-max Seat #4 is the button
Seat 3: Sunneh143 ($23.73 in chips)
Seat 4: 7moneymaster ($576.71 in chips)
7moneymaster: posts small blind $1
Sunneh143: posts big blind $3
*** HOLE CARDS ***
7moneymaster: calls $2
Sunneh143: checks
*** FLOP *** [Kc 2d 7c]
Sunneh143: bets $3
7moneymaster: folds
Uncalled bet ($3) returned to Sunneh143
Sunneh143 collected $5.88 from pot
Sunneh143: doesn't show hand
*** SUMMARY ***
Total pot $6 | Rake $0.12
Board [Kc 2d 7c]
Seat 3: Sunneh143 (big blind) collected ($5.88)
Seat 4: 7moneymaster (button) (small blind) folded on the Flop


PokerStars Hand #162751402033:  Hold'em Limit ($3/$6 USD) - 2016/12/10 22:59:22 ET
Table 'Mnemosyne' 6-max Seat #3 is the button
Seat 3: Sunneh143 ($26.61 in chips)
Seat 4: 7moneymaster ($573.71 in chips)
Sunneh143: posts small blind $1
7moneymaster: posts big blind $3
*** HOLE CARDS ***
Sunneh143: raises $3 to $6
7moneymaster: calls $3
*** FLOP *** [2c 7h 9c]
7moneymaster: checks
Sunneh143: checks
*** TURN *** [2c 7h 9c] [Qd]
7moneymaster: bets $6
Sunneh143: calls $6
*** RIVER *** [2c 7h 9c Qd] [2d]
7moneymaster: bets $6
Sunneh143: folds
Uncalled bet ($6) returned to 7moneymaster
7moneymaster collected $23.52 from pot
7moneymaster: doesn't show hand
*** SUMMARY ***
Total pot $24 | Rake $0.48
Board [2c 7h 9c Qd 2d]
Seat 3: Sunneh143 (button) (small blind) folded on the River
Seat 4: 7moneymaster (big blind) collected ($23.52)


PokerStars Hand #162751407676:  Hold'em Limit ($3/$6 USD) - 2016/12/10 22:59:39 ET
Table 'Mnemosyne' 6-max Seat #4 is the button
Seat 3: Sunneh143 ($14.61 in chips)
Seat 4: 7moneymaster ($585.23 in chips)
7moneymaster: posts small blind $1
Sunneh143: posts big blind $3
*** HOLE CARDS ***
7moneymaster: raises $3 to $6
Sunneh143: raises $3 to $9
7moneymaster: raises $3 to $12
Betting is capped
Sunneh143: calls $3
*** FLOP *** [6d Ah Qc]
Sunneh143: bets $2.61 and is all-in
7moneymaster: calls $2.61
*** TURN *** [6d Ah Qc] [4c]
*** RIVER *** [6d Ah Qc 4c] [Ac]
*** SHOW DOWN ***
Sunneh143: shows [Qh 2h] (two pair, Aces and Queens)
7moneymaster: shows [As Kc] (three of a kind, Aces)
7moneymaster collected $28.72 from pot
*** SUMMARY ***
Total pot $29.22 | Rake $0.50
Board [6d Ah Qc 4c Ac]
Seat 3: Sunneh143 (big blind) showed [Qh 2h] and lost with two pair, Aces and Queens
Seat 4: 7moneymaster (button) (small blind) showed [As Kc] and won ($28.72) with three of a kind, Aces


