PokerStars Hand #145518938837:  Hold'em Limit ($3/$6 USD) - 2015/12/18 2:59:16 ET
Table 'Mnemosyne' 6-max Seat #6 is the button
Seat 3: stronghawk ($95.98 in chips)
Seat 6: manly70 ($73.35 in chips)
manly70: posts small blind $1
stronghawk: posts big blind $3
*** HOLE CARDS ***
manly70: raises $3 to $6
stronghawk: calls $3
*** FLOP *** [Ac 3s Qs]
stronghawk: checks
manly70: bets $3
stronghawk: folds
Uncalled bet ($3) returned to manly70
manly70 collected $11.76 from pot
manly70: doesn't show hand
*** SUMMARY ***
Total pot $12 | Rake $0.24
Board [Ac 3s Qs]
Seat 3: stronghawk (big blind) folded on the Flop
Seat 6: manly70 (button) (small blind) collected ($11.76)


PokerStars Hand #145518936895:  Hold'em Limit ($3/$6 USD) - 2015/12/18 2:59:08 ET
Table 'Mnemosyne' 6-max Seat #3 is the button
Seat 3: stronghawk ($92.98 in chips)
Seat 6: manly70 ($76.35 in chips)
stronghawk: posts small blind $1
manly70: posts big blind $3
*** HOLE CARDS ***
bentinck113 leaves the table
stronghawk: raises $3 to $6
manly70: folds
Uncalled bet ($3) returned to stronghawk
stronghawk collected $6 from pot
stronghawk: doesn't show hand
*** SUMMARY ***
Total pot $6 | Rake $0
Seat 3: stronghawk (button) (small blind) collected ($6)
Seat 6: manly70 (big blind) folded before Flop


PokerStars Hand #145518935346:  Hold'em Limit ($3/$6 USD) - 2015/12/18 2:59:02 ET
Table 'Mnemosyne' 6-max Seat #6 is the button
Seat 3: stronghawk ($91.98 in chips)
Seat 6: manly70 ($77.35 in chips)
manly70: posts small blind $1
bentinck113: is sitting out
stronghawk: posts big blind $3
*** HOLE CARDS ***
manly70: folds
Uncalled bet ($2) returned to stronghawk
stronghawk collected $2 from pot
stronghawk: doesn't show hand
*** SUMMARY ***
Total pot $2 | Rake $0
Seat 3: stronghawk (big blind) collected ($2)
Seat 6: manly70 (button) (small blind) folded before Flop


PokerStars Hand #145518950034:  Hold'em Limit ($3/$6 USD) - 2015/12/18 2:59:59 ET
Table 'Mnemosyne' 6-max Seat #6 is the button
Seat 3: stronghawk ($98.64 in chips)
Seat 6: manly70 ($70.11 in chips)
manly70: posts small blind $1
stronghawk: posts big blind $3
*** HOLE CARDS ***
manly70: raises $3 to $6
stronghawk: raises $3 to $9
manly70: calls $3
*** FLOP *** [Th 3s 3d]
stronghawk: bets $3
manly70: calls $3
*** TURN *** [Th 3s 3d] [4c]
stronghawk: bets $6
manly70: folds
Uncalled bet ($6) returned to stronghawk
stronghawk collected $23.52 from pot
stronghawk: doesn't show hand
*** SUMMARY ***
Total pot $24 | Rake $0.48
Board [Th 3s 3d 4c]
Seat 3: stronghawk (big blind) collected ($23.52)
Seat 6: manly70 (button) (small blind) folded on the Turn


PokerStars Hand #145518942418:  Hold'em Limit ($3/$6 USD) - 2015/12/18 2:59:30 ET
Table 'Mnemosyne' 6-max Seat #3 is the button
Seat 3: stronghawk ($90 in chips)
Seat 6: manly70 ($79.11 in chips)
stronghawk: posts small blind $1
manly70: posts big blind $3
*** HOLE CARDS ***
stronghawk: raises $3 to $6
manly70: calls $3
*** FLOP *** [4h 3s 7c]
manly70: checks
playergains joins the table at seat #4
stronghawk: bets $3
manly70: calls $3
*** TURN *** [4h 3s 7c] [Kd]
manly70: checks
stronghawk: checks
*** RIVER *** [4h 3s 7c Kd] [7h]
manly70: checks
stronghawk: checks
*** SHOW DOWN ***
manly70: shows [Jc 8c] (a pair of Sevens)
stronghawk: shows [Qd 5d] (a pair of Sevens - King+Queen kicker)
stronghawk collected $17.64 from pot
*** SUMMARY ***
Total pot $18 | Rake $0.36
Board [4h 3s 7c Kd 7h]
Seat 3: stronghawk (button) (small blind) showed [Qd 5d] and won ($17.64) with a pair of Sevens
Seat 6: manly70 (big blind) showed [Jc 8c] and lost with a pair of Sevens


PokerStars Hand #145519266777:  Hold'em Limit ($3/$6 USD) - 2015/12/18 3:17:45 ET
Table 'Mnemosyne' 6-max Seat #6 is the button
Seat 3: stronghawk ($206.66 in chips)
Seat 6: manly70 ($45.42 in chips)
manly70: posts small blind $1
samurai.ru: is sitting out
stronghawk: posts big blind $3
*** HOLE CARDS ***
manly70: raises $3 to $6
stronghawk: raises $3 to $9
manly70: calls $3
*** FLOP *** [6d 7s Tc]
stronghawk: bets $3
manly70: calls $3
*** TURN *** [6d 7s Tc] [6h]
stronghawk: bets $6
manly70: calls $6
*** RIVER *** [6d 7s Tc 6h] [Kh]
stronghawk: checks
manly70: checks
*** SHOW DOWN ***
stronghawk: shows [3c 3d] (two pair, Sixes and Threes)
manly70: shows [4s 4d] (two pair, Sixes and Fours)
manly70 collected $35.50 from pot
*** SUMMARY ***
Total pot $36 | Rake $0.50
Board [6d 7s Tc 6h Kh]
Seat 3: stronghawk (big blind) showed [3c 3d] and lost with two pair, Sixes and Threes
Seat 6: manly70 (button) (small blind) showed [4s 4d] and won ($35.50) with two pair, Sixes and Fours


PokerStars Hand #145519275537:  Hold'em Limit ($3/$6 USD) - 2015/12/18 3:18:14 ET
Table 'Mnemosyne' 6-max Seat #3 is the button
Seat 3: stronghawk ($188.66 in chips)
Seat 6: manly70 ($62.92 in chips)
stronghawk: posts small blind $1
manly70: posts big blind $3
*** HOLE CARDS ***
stronghawk: raises $3 to $6
manly70: calls $3
*** FLOP *** [Ac 8c Jc]
samurai.ru leaves the table
manly70: checks
stronghawk: bets $3
manly70: calls $3
*** TURN *** [Ac 8c Jc] [Jh]
manly70: checks
stronghawk: checks
*** RIVER *** [Ac 8c Jc Jh] [8d]
manly70: checks
stronghawk: checks
*** SHOW DOWN ***
manly70: shows [7d 9c] (two pair, Jacks and Eights)
stronghawk: shows [Qh 6s] (two pair, Jacks and Eights)
manly70 collected $8.82 from pot
stronghawk collected $8.82 from pot
*** SUMMARY ***
Total pot $18 | Rake $0.36
Board [Ac 8c Jc Jh 8d]
Seat 3: stronghawk (button) (small blind) showed [Qh 6s] and won ($8.82) with two pair, Jacks and Eights
Seat 6: manly70 (big blind) showed [7d 9c] and won ($8.82) with two pair, Jacks and Eights


PokerStars Hand #145519293359:  Hold'em Limit ($3/$6 USD) - 2015/12/18 3:19:11 ET
Table 'Mnemosyne' 6-max Seat #3 is the button
Seat 3: stronghawk ($169.48 in chips)
Seat 6: manly70 ($81.24 in chips)
stronghawk: posts small blind $1
manly70: posts big blind $3
*** HOLE CARDS ***
stronghawk: raises $3 to $6
manly70: calls $3
*** FLOP *** [4h 9d 5d]
manly70: checks
stronghawk: checks
*** TURN *** [4h 9d 5d] [5h]
manly70: bets $6
stronghawk: folds
Uncalled bet ($6) returned to manly70
manly70 collected $11.76 from pot
manly70: doesn't show hand
*** SUMMARY ***
Total pot $12 | Rake $0.24
Board [4h 9d 5d 5h]
Seat 3: stronghawk (button) (small blind) folded on the Turn
Seat 6: manly70 (big blind) collected ($11.76)


PokerStars Hand #145519290809:  Hold'em Limit ($3/$6 USD) - 2015/12/18 3:19:03 ET
Table 'Mnemosyne' 6-max Seat #6 is the button
Seat 3: stronghawk ($168.48 in chips)
Seat 6: manly70 ($82.24 in chips)
manly70: posts small blind $1
stronghawk: posts big blind $3
*** HOLE CARDS ***
manly70: folds
Uncalled bet ($2) returned to stronghawk
stronghawk collected $2 from pot
stronghawk: doesn't show hand
*** SUMMARY ***
Total pot $2 | Rake $0
Seat 3: stronghawk (big blind) collected ($2)
Seat 6: manly70 (button) (small blind) folded before Flop


PokerStars Hand #145519284064:  Hold'em Limit ($3/$6 USD) - 2015/12/18 3:18:41 ET
Table 'Mnemosyne' 6-max Seat #3 is the button
Seat 3: stronghawk ($189.48 in chips)
Seat 6: manly70 ($61.74 in chips)
stronghawk: posts small blind $1
manly70: posts big blind $3
*** HOLE CARDS ***
stronghawk: raises $3 to $6
manly70: calls $3
*** FLOP *** [Kc 9c 5s]
manly70: checks
stronghawk: bets $3
manly70: calls $3
*** TURN *** [Kc 9c 5s] [Jh]
manly70: checks
stronghawk: bets $6
manly70: raises $6 to $12
stronghawk: calls $6
*** RIVER *** [Kc 9c 5s Jh] [8s]
manly70: bets $6
stronghawk: folds
Uncalled bet ($6) returned to manly70
manly70 collected $41.50 from pot
manly70: doesn't show hand
*** SUMMARY ***
Total pot $42 | Rake $0.50
Board [Kc 9c 5s Jh 8s]
Seat 3: stronghawk (button) (small blind) folded on the River
Seat 6: manly70 (big blind) collected ($41.50)


PokerStars Hand #145519281584:  Hold'em Limit ($3/$6 USD) - 2015/12/18 3:18:33 ET
Table 'Mnemosyne' 6-max Seat #6 is the button
Seat 3: stronghawk ($188.48 in chips)
Seat 6: manly70 ($62.74 in chips)
manly70: posts small blind $1
stronghawk: posts big blind $3
*** HOLE CARDS ***
manly70: folds
Uncalled bet ($2) returned to stronghawk
stronghawk collected $2 from pot
stronghawk: doesn't show hand
*** SUMMARY ***
Total pot $2 | Rake $0
Seat 3: stronghawk (big blind) collected ($2)
Seat 6: manly70 (button) (small blind) folded before Flop


PokerStars Hand #145519299023:  Hold'em Limit ($3/$6 USD) - 2015/12/18 3:19:29 ET
Table 'Mnemosyne' 6-max Seat #6 is the button
Seat 3: stronghawk ($163.48 in chips)
Seat 6: manly70 ($87 in chips)
manly70: posts small blind $1
stronghawk: posts big blind $3
*** HOLE CARDS ***
manly70: raises $3 to $6
stronghawk: calls $3
*** FLOP *** [Kd Tc 3s]
stronghawk: checks
manly70: bets $3
stronghawk: calls $3
*** TURN *** [Kd Tc 3s] [Ad]
stronghawk: checks
manly70: checks
*** RIVER *** [Kd Tc 3s Ad] [3c]
stronghawk: bets $6
manly70: calls $6
*** SHOW DOWN ***
stronghawk: shows [5s 3h] (three of a kind, Threes)
manly70: mucks hand
stronghawk collected $29.50 from pot
*** SUMMARY ***
Total pot $30 | Rake $0.50
Board [Kd Tc 3s Ad 3c]
Seat 3: stronghawk (big blind) showed [5s 3h] and won ($29.50) with three of a kind, Threes
Seat 6: manly70 (button) (small blind) mucked


PokerStars Hand #145519311434:  Hold'em Limit ($3/$6 USD) - 2015/12/18 3:20:09 ET
Table 'Mnemosyne' 6-max Seat #6 is the button
Seat 3: stronghawk ($162.98 in chips)
Seat 6: manly70 ($86.50 in chips)
manly70: posts small blind $1
stronghawk: posts big blind $3
*** HOLE CARDS ***
manly70: raises $3 to $6
stronghawk: calls $3
*** FLOP *** [5s 2c 2d]
stronghawk: checks
manly70: bets $3
stronghawk: calls $3
*** TURN *** [5s 2c 2d] [9c]
stronghawk: checks
manly70: bets $6
stronghawk: folds
Uncalled bet ($6) returned to manly70
manly70 collected $17.64 from pot
manly70: doesn't show hand
*** SUMMARY ***
Total pot $18 | Rake $0.36
Board [5s 2c 2d 9c]
Seat 3: stronghawk (big blind) folded on the Turn
Seat 6: manly70 (button) (small blind) collected ($17.64)


PokerStars Hand #145519305862:  Hold'em Limit ($3/$6 USD) - 2015/12/18 3:19:51 ET
Table 'Mnemosyne' 6-max Seat #3 is the button
Seat 3: stronghawk ($177.98 in chips)
Seat 6: manly70 ($72 in chips)
stronghawk: posts small blind $1
manly70: posts big blind $3
*** HOLE CARDS ***
stronghawk: raises $3 to $6
manly70: calls $3
*** FLOP *** [3s 5h 4c]
manly70: checks
stronghawk: bets $3
manly70: calls $3
*** TURN *** [3s 5h 4c] [6h]
manly70: checks
stronghawk: checks
*** RIVER *** [3s 5h 4c 6h] [9d]
manly70: bets $6
stronghawk: calls $6
*** SHOW DOWN ***
manly70: shows [Js 7c] (a straight, Three to Seven)
stronghawk: mucks hand
manly70 collected $29.50 from pot
*** SUMMARY ***
Total pot $30 | Rake $0.50
Board [3s 5h 4c 6h 9d]
Seat 3: stronghawk (button) (small blind) mucked
Seat 6: manly70 (big blind) showed [Js 7c] and won ($29.50) with a straight, Three to Seven


PokerStars Hand #145519330072:  Hold'em Limit ($3/$6 USD) - 2015/12/18 3:21:09 ET
Table 'Mnemosyne' 6-max Seat #3 is the button
Seat 3: stronghawk ($153.48 in chips)
Seat 6: manly70 ($94.64 in chips)
stronghawk: posts small blind $1
manly70: posts big blind $3
*** HOLE CARDS ***
stronghawk: raises $3 to $6
manly70: calls $3
*** FLOP *** [3s Qs 7d]
manly70: checks
stronghawk: bets $3
manly70: calls $3
*** TURN *** [3s Qs 7d] [2c]
manly70: checks
stronghawk: bets $6
manly70: folds
Uncalled bet ($6) returned to stronghawk
stronghawk collected $17.64 from pot
stronghawk: doesn't show hand
*** SUMMARY ***
Total pot $18 | Rake $0.36
Board [3s Qs 7d 2c]
Seat 3: stronghawk (button) (small blind) collected ($17.64)
Seat 6: manly70 (big blind) folded on the Turn


PokerStars Hand #145519323802:  Hold'em Limit ($3/$6 USD) - 2015/12/18 3:20:49 ET
Table 'Mnemosyne' 6-max Seat #6 is the button
Seat 3: stronghawk ($138.98 in chips)
Seat 6: manly70 ($109.64 in chips)
manly70: posts small blind $1
stronghawk: posts big blind $3
*** HOLE CARDS ***
manly70: raises $3 to $6
stronghawk: calls $3
*** FLOP *** [Ts 7h 7c]
stronghawk: checks
manly70: bets $3
stronghawk: calls $3
*** TURN *** [Ts 7h 7c] [7d]
stronghawk: checks
manly70: checks
*** RIVER *** [Ts 7h 7c 7d] [Kc]
stronghawk: bets $6
manly70: calls $6
*** SHOW DOWN ***
stronghawk: shows [4c Td] (a full house, Sevens full of Tens)
manly70: mucks hand
stronghawk collected $29.50 from pot
*** SUMMARY ***
Total pot $30 | Rake $0.50
Board [Ts 7h 7c 7d Kc]
Seat 3: stronghawk (big blind) showed [4c Td] and won ($29.50) with a full house, Sevens full of Tens
Seat 6: manly70 (button) (small blind) mucked


PokerStars Hand #145519316472:  Hold'em Limit ($3/$6 USD) - 2015/12/18 3:20:26 ET
Table 'Mnemosyne' 6-max Seat #3 is the button
Seat 3: stronghawk ($153.98 in chips)
Seat 6: manly70 ($95.14 in chips)
stronghawk: posts small blind $1
manly70: posts big blind $3
*** HOLE CARDS ***
stronghawk: raises $3 to $6
manly70: calls $3
*** FLOP *** [6h Qs Qd]
manly70: checks
stronghawk: bets $3
manly70: raises $3 to $6
stronghawk: raises $3 to $9
manly70: calls $3
*** TURN *** [6h Qs Qd] [6s]
manly70: checks
stronghawk: checks
*** RIVER *** [6h Qs Qd 6s] [7c]
manly70: bets $6
stronghawk: folds
Uncalled bet ($6) returned to manly70
manly70 collected $29.50 from pot
manly70: doesn't show hand
*** SUMMARY ***
Total pot $30 | Rake $0.50
Board [6h Qs Qd 6s 7c]
Seat 3: stronghawk (button) (small blind) folded on the River
Seat 6: manly70 (big blind) collected ($29.50)


PokerStars Hand #145519350878:  Hold'em Limit ($3/$6 USD) - 2015/12/18 3:22:16 ET
Table 'Mnemosyne' 6-max Seat #6 is the button
Seat 3: stronghawk ($152.76 in chips)
Seat 6: manly70 ($94.14 in chips)
manly70: posts small blind $1
stronghawk: posts big blind $3
*** HOLE CARDS ***
manly70: raises $3 to $6
stronghawk: calls $3
*** FLOP *** [6s Tc 4c]
stronghawk: checks
manly70: bets $3
stronghawk: calls $3
*** TURN *** [6s Tc 4c] [2s]
stronghawk: checks
manly70: checks
*** RIVER *** [6s Tc 4c 2s] [Qd]
stronghawk: checks
manly70: bets $6
stronghawk: folds
Uncalled bet ($6) returned to manly70
manly70 collected $17.64 from pot
manly70: doesn't show hand
*** SUMMARY ***
Total pot $18 | Rake $0.36
Board [6s Tc 4c 2s Qd]
Seat 3: stronghawk (big blind) folded on the River
Seat 6: manly70 (button) (small blind) collected ($17.64)


PokerStars Hand #145519345048:  Hold'em Limit ($3/$6 USD) - 2015/12/18 3:21:58 ET
Table 'Mnemosyne' 6-max Seat #3 is the button
Seat 3: stronghawk ($144.12 in chips)
Seat 6: manly70 ($103.14 in chips)
stronghawk: posts small blind $1
manly70: posts big blind $3
*** HOLE CARDS ***
stronghawk: raises $3 to $6
manly70: calls $3
*** FLOP *** [6c Qh 4c]
manly70: checks
stronghawk: bets $3
manly70: calls $3
*** TURN *** [6c Qh 4c] [9d]
manly70: checks
stronghawk: checks
*** RIVER *** [6c Qh 4c 9d] [Qd]
manly70: checks
stronghawk: checks
*** SHOW DOWN ***
manly70: shows [Js Td] (a pair of Queens)
stronghawk: shows [5d Ks] (a pair of Queens - King kicker)
stronghawk collected $17.64 from pot
*** SUMMARY ***
Total pot $18 | Rake $0.36
Board [6c Qh 4c 9d Qd]
Seat 3: stronghawk (button) (small blind) showed [5d Ks] and won ($17.64) with a pair of Queens
Seat 6: manly70 (big blind) showed [Js Td] and lost with a pair of Queens


PokerStars Hand #145519336253:  Hold'em Limit ($3/$6 USD) - 2015/12/18 3:21:29 ET
Table 'Mnemosyne' 6-max Seat #6 is the button
Seat 3: stronghawk ($162.12 in chips)
Seat 6: manly70 ($85.64 in chips)
manly70: posts small blind $1
stronghawk: posts big blind $3
*** HOLE CARDS ***
manly70: raises $3 to $6
stronghawk: raises $3 to $9
manly70: calls $3
*** FLOP *** [Kh Ah 6h]
stronghawk: bets $3
manly70: calls $3
*** TURN *** [Kh Ah 6h] [5h]
stronghawk: checks
manly70: bets $6
stronghawk: calls $6
*** RIVER *** [Kh Ah 6h 5h] [8h]
stronghawk: checks
manly70: bets $6
stronghawk: folds
Uncalled bet ($6) returned to manly70
manly70 collected $35.50 from pot
manly70: doesn't show hand
*** SUMMARY ***
Total pot $36 | Rake $0.50
Board [Kh Ah 6h 5h 8h]
Seat 3: stronghawk (big blind) folded on the River
Seat 6: manly70 (button) (small blind) collected ($35.50)


PokerStars Hand #145519368428:  Hold'em Limit ($3/$6 USD) - 2015/12/18 3:23:13 ET
Table 'Mnemosyne' 6-max Seat #3 is the button
Seat 3: stronghawk ($161.04 in chips)
Seat 6: manly70 ($84.78 in chips)
stronghawk: posts small blind $1
manly70: posts big blind $3
*** HOLE CARDS ***
stronghawk: raises $3 to $6
manly70: calls $3
*** FLOP *** [2s 9h 4h]
manly70: checks
stronghawk: bets $3
manly70: calls $3
*** TURN *** [2s 9h 4h] [8d]
manly70: checks
stronghawk: checks
*** RIVER *** [2s 9h 4h 8d] [3h]
manly70: bets $6
stronghawk: folds
Uncalled bet ($6) returned to manly70
manly70 collected $17.64 from pot
manly70: doesn't show hand
*** SUMMARY ***
Total pot $18 | Rake $0.36
Board [2s 9h 4h 8d 3h]
Seat 3: stronghawk (button) (small blind) folded on the River
Seat 6: manly70 (big blind) collected ($17.64)


PokerStars Hand #145519361466:  Hold'em Limit ($3/$6 USD) - 2015/12/18 3:22:50 ET
Table 'Mnemosyne' 6-max Seat #6 is the button
Seat 3: stronghawk ($149.52 in chips)
Seat 6: manly70 ($96.78 in chips)
manly70: posts small blind $1
stronghawk: posts big blind $3
*** HOLE CARDS ***
manly70: raises $3 to $6
stronghawk: calls $3
*** FLOP *** [Ac 9h 9c]
stronghawk: checks
manly70: bets $3
stronghawk: raises $3 to $6
manly70: calls $3
*** TURN *** [Ac 9h 9c] [Js]
stronghawk: bets $6
manly70: folds
Uncalled bet ($6) returned to stronghawk
stronghawk collected $23.52 from pot
stronghawk: doesn't show hand
*** SUMMARY ***
Total pot $24 | Rake $0.48
Board [Ac 9h 9c Js]
Seat 3: stronghawk (big blind) collected ($23.52)
Seat 6: manly70 (button) (small blind) folded on the Turn


PokerStars Hand #145519357816:  Hold'em Limit ($3/$6 USD) - 2015/12/18 3:22:38 ET
Table 'Mnemosyne' 6-max Seat #3 is the button
Seat 3: stronghawk ($143.76 in chips)
Seat 6: manly70 ($102.78 in chips)
stronghawk: posts small blind $1
manly70: posts big blind $3
*** HOLE CARDS ***
stronghawk: raises $3 to $6
manly70: calls $3
*** FLOP *** [Kd Qh Ts]
manly70: checks
stronghawk: bets $3
manly70: folds
Uncalled bet ($3) returned to stronghawk
stronghawk collected $11.76 from pot
stronghawk: doesn't show hand
*** SUMMARY ***
Total pot $12 | Rake $0.24
Board [Kd Qh Ts]
Seat 3: stronghawk (button) (small blind) collected ($11.76)
Seat 6: manly70 (big blind) folded on the Flop


PokerStars Hand #145519378453:  Hold'em Limit ($3/$6 USD) - 2015/12/18 3:23:44 ET
Table 'Mnemosyne' 6-max Seat #3 is the button
Seat 3: stronghawk ($153.04 in chips)
Seat 6: manly70 ($92.42 in chips)
stronghawk: posts small blind $1
manly70: posts big blind $3
*** HOLE CARDS ***
stronghawk: folds
Uncalled bet ($2) returned to manly70
manly70 collected $2 from pot
manly70: doesn't show hand
*** SUMMARY ***
Total pot $2 | Rake $0
Seat 3: stronghawk (button) (small blind) folded before Flop
Seat 6: manly70 (big blind) collected ($2)


PokerStars Hand #145519388062:  Hold'em Limit ($3/$6 USD) - 2015/12/18 3:24:16 ET
Table 'Mnemosyne' 6-max Seat #6 is the button
Seat 3: stronghawk ($156.04 in chips)
Seat 6: manly70 ($89.42 in chips)
manly70: posts small blind $1
stronghawk: posts big blind $3
*** HOLE CARDS ***
manly70: folds
Uncalled bet ($2) returned to stronghawk
stronghawk collected $2 from pot
stronghawk: doesn't show hand
*** SUMMARY ***
Total pot $2 | Rake $0
Seat 3: stronghawk (big blind) collected ($2)
Seat 6: manly70 (button) (small blind) folded before Flop


PokerStars Hand #145519383618:  Hold'em Limit ($3/$6 USD) - 2015/12/18 3:24:01 ET
Table 'Mnemosyne' 6-max Seat #3 is the button
Seat 3: stronghawk ($153.04 in chips)
Seat 6: manly70 ($92.42 in chips)
stronghawk: posts small blind $1
manly70: posts big blind $3
*** HOLE CARDS ***
stronghawk: raises $3 to $6
manly70: folds
Uncalled bet ($3) returned to stronghawk
stronghawk collected $6 from pot
stronghawk: doesn't show hand
*** SUMMARY ***
Total pot $6 | Rake $0
Seat 3: stronghawk (button) (small blind) collected ($6)
Seat 6: manly70 (big blind) folded before Flop


PokerStars Hand #145519381424:  Hold'em Limit ($3/$6 USD) - 2015/12/18 3:23:54 ET
Table 'Mnemosyne' 6-max Seat #6 is the button
Seat 3: stronghawk ($152.04 in chips)
Seat 6: manly70 ($93.42 in chips)
manly70: posts small blind $1
stronghawk: posts big blind $3
*** HOLE CARDS ***
manly70: folds
Uncalled bet ($2) returned to stronghawk
stronghawk collected $2 from pot
stronghawk: doesn't show hand
*** SUMMARY ***
Total pot $2 | Rake $0
Seat 3: stronghawk (big blind) collected ($2)
Seat 6: manly70 (button) (small blind) folded before Flop


PokerStars Hand #145519376532:  Hold'em Limit ($3/$6 USD) - 2015/12/18 3:23:38 ET
Table 'Mnemosyne' 6-max Seat #6 is the button
Seat 3: stronghawk ($152.04 in chips)
Seat 6: manly70 ($93.42 in chips)
manly70: posts small blind $1
stronghawk: posts big blind $3
*** HOLE CARDS ***
manly70: folds
Uncalled bet ($2) returned to stronghawk
stronghawk collected $2 from pot
stronghawk: doesn't show hand
*** SUMMARY ***
Total pot $2 | Rake $0
Seat 3: stronghawk (big blind) collected ($2)
Seat 6: manly70 (button) (small blind) folded before Flop


PokerStars Hand #145519408160:  Hold'em Limit ($3/$6 USD) - 2015/12/18 3:25:21 ET
Table 'Mnemosyne' 6-max Seat #6 is the button
Seat 3: stronghawk ($150.04 in chips)
Seat 6: manly70 ($94.92 in chips)
manly70: posts small blind $1
stronghawk: posts big blind $3
*** HOLE CARDS ***
manly70: folds
Uncalled bet ($2) returned to stronghawk
stronghawk collected $2 from pot
stronghawk: doesn't show hand
*** SUMMARY ***
Total pot $2 | Rake $0
Seat 3: stronghawk (big blind) collected ($2)
Seat 6: manly70 (button) (small blind) folded before Flop


PokerStars Hand #145519405867:  Hold'em Limit ($3/$6 USD) - 2015/12/18 3:25:14 ET
Table 'Mnemosyne' 6-max Seat #3 is the button
Seat 3: stronghawk ($147.04 in chips)
Seat 6: manly70 ($97.92 in chips)
stronghawk: posts small blind $1
manly70: posts big blind $3
*** HOLE CARDS ***
stronghawk: raises $3 to $6
manly70: folds
Uncalled bet ($3) returned to stronghawk
stronghawk collected $6 from pot
stronghawk: doesn't show hand
*** SUMMARY ***
Total pot $6 | Rake $0
Seat 3: stronghawk (button) (small blind) collected ($6)
Seat 6: manly70 (big blind) folded before Flop


PokerStars Hand #145519403930:  Hold'em Limit ($3/$6 USD) - 2015/12/18 3:25:07 ET
Table 'Mnemosyne' 6-max Seat #6 is the button
Seat 3: stronghawk ($146.04 in chips)
Seat 6: manly70 ($98.92 in chips)
manly70: posts small blind $1
stronghawk: posts big blind $3
*** HOLE CARDS ***
manly70: folds
Uncalled bet ($2) returned to stronghawk
stronghawk collected $2 from pot
stronghawk: doesn't show hand
*** SUMMARY ***
Total pot $2 | Rake $0
Seat 3: stronghawk (big blind) collected ($2)
Seat 6: manly70 (button) (small blind) folded before Flop


PokerStars Hand #145519401677:  Hold'em Limit ($3/$6 USD) - 2015/12/18 3:25:00 ET
Table 'Mnemosyne' 6-max Seat #3 is the button
Seat 3: stronghawk ($143.04 in chips)
Seat 6: manly70 ($101.92 in chips)
stronghawk: posts small blind $1
manly70: posts big blind $3
*** HOLE CARDS ***
stronghawk: raises $3 to $6
manly70: folds
Uncalled bet ($3) returned to stronghawk
stronghawk collected $6 from pot
stronghawk: doesn't show hand
*** SUMMARY ***
Total pot $6 | Rake $0
Seat 3: stronghawk (button) (small blind) collected ($6)
Seat 6: manly70 (big blind) folded before Flop


PokerStars Hand #145519398543:  Hold'em Limit ($3/$6 USD) - 2015/12/18 3:24:50 ET
Table 'Mnemosyne' 6-max Seat #6 is the button
Seat 3: stronghawk ($142.04 in chips)
Seat 6: manly70 ($102.92 in chips)
manly70: posts small blind $1
stronghawk: posts big blind $3
*** HOLE CARDS ***
manly70: folds
Uncalled bet ($2) returned to stronghawk
stronghawk collected $2 from pot
stronghawk: doesn't show hand
*** SUMMARY ***
Total pot $2 | Rake $0
Seat 3: stronghawk (big blind) collected ($2)
Seat 6: manly70 (button) (small blind) folded before Flop


PokerStars Hand #145519389874:  Hold'em Limit ($3/$6 USD) - 2015/12/18 3:24:21 ET
Table 'Mnemosyne' 6-max Seat #3 is the button
Seat 3: stronghawk ($157.04 in chips)
Seat 6: manly70 ($88.42 in chips)
stronghawk: posts small blind $1
manly70: posts big blind $3
*** HOLE CARDS ***
stronghawk: raises $3 to $6
manly70: calls $3
*** FLOP *** [2h 6h 8d]
manly70: checks
stronghawk: bets $3
manly70: calls $3
*** TURN *** [2h 6h 8d] [5d]
manly70: checks
stronghawk: bets $6
manly70: raises $6 to $12
stronghawk: folds
Uncalled bet ($6) returned to manly70
manly70 collected $29.50 from pot
manly70: doesn't show hand
*** SUMMARY ***
Total pot $30 | Rake $0.50
Board [2h 6h 8d 5d]
Seat 3: stronghawk (button) (small blind) folded on the Turn
Seat 6: manly70 (big blind) collected ($29.50)


PokerStars Hand #145519416825:  Hold'em Limit ($3/$6 USD) - 2015/12/18 3:25:49 ET
Table 'Mnemosyne' 6-max Seat #6 is the button
Seat 3: stronghawk ($136.04 in chips)
Seat 6: manly70 ($108.42 in chips)
manly70: posts small blind $1
stronghawk: posts big blind $3
*** HOLE CARDS ***
manly70: raises $3 to $6
stronghawk: raises $3 to $9
manly70: calls $3
*** FLOP *** [Qd 8h Td]
stronghawk: bets $3
manly70: calls $3
*** TURN *** [Qd 8h Td] [3c]
stronghawk: bets $6
manly70: calls $6
*** RIVER *** [Qd 8h Td 3c] [Tc]
stronghawk: checks
manly70: bets $6
stronghawk: folds
Uncalled bet ($6) returned to manly70
manly70 collected $35.50 from pot
manly70: doesn't show hand
*** SUMMARY ***
Total pot $36 | Rake $0.50
Board [Qd 8h Td 3c Tc]
Seat 3: stronghawk (big blind) folded on the River
Seat 6: manly70 (button) (small blind) collected ($35.50)


PokerStars Hand #145519410461:  Hold'em Limit ($3/$6 USD) - 2015/12/18 3:25:28 ET
Table 'Mnemosyne' 6-max Seat #3 is the button
Seat 3: stronghawk ($151.04 in chips)
Seat 6: manly70 ($93.92 in chips)
stronghawk: posts small blind $1
manly70: posts big blind $3
*** HOLE CARDS ***
stronghawk: raises $3 to $6
manly70: calls $3
*** FLOP *** [4c Tc 5s]
manly70: checks
stronghawk: bets $3
manly70: calls $3
*** TURN *** [4c Tc 5s] [Kh]
manly70: checks
stronghawk: checks
*** RIVER *** [4c Tc 5s Kh] [3h]
manly70: bets $6
stronghawk: calls $6
*** SHOW DOWN ***
manly70: shows [9c 5d] (a pair of Fives)
stronghawk: mucks hand
manly70 collected $29.50 from pot
*** SUMMARY ***
Total pot $30 | Rake $0.50
Board [4c Tc 5s Kh 3h]
Seat 3: stronghawk (button) (small blind) mucked
Seat 6: manly70 (big blind) showed [9c 5d] and won ($29.50) with a pair of Fives


PokerStars Hand #145519434703:  Hold'em Limit ($3/$6 USD) - 2015/12/18 3:26:47 ET
Table 'Mnemosyne' 6-max Seat #6 is the button
Seat 3: stronghawk ($90 in chips)
Seat 6: manly70 ($158.42 in chips)
manly70: posts small blind $1
stronghawk: posts big blind $3
*** HOLE CARDS ***
manly70: raises $3 to $6
stronghawk: raises $3 to $9
manly70: calls $3
*** FLOP *** [Qc 5h Ac]
stronghawk: bets $3
manly70: raises $3 to $6
stronghawk: raises $3 to $9
manly70: calls $3
*** TURN *** [Qc 5h Ac] [Qh]
stronghawk: checks
manly70: bets $6
stronghawk: calls $6
*** RIVER *** [Qc 5h Ac Qh] [Ts]
stronghawk: checks
manly70: bets $6
stronghawk: calls $6
*** SHOW DOWN ***
manly70: shows [Ah Jh] (two pair, Aces and Queens)
stronghawk: mucks hand
manly70 collected $59.50 from pot
*** SUMMARY ***
Total pot $60 | Rake $0.50
Board [Qc 5h Ac Qh Ts]
Seat 3: stronghawk (big blind) mucked
Seat 6: manly70 (button) (small blind) showed [Ah Jh] and won ($59.50) with two pair, Aces and Queens


PokerStars Hand #145519426546:  Hold'em Limit ($3/$6 USD) - 2015/12/18 3:26:20 ET
Table 'Mnemosyne' 6-max Seat #3 is the button
Seat 3: stronghawk ($118.04 in chips)
Seat 6: manly70 ($125.92 in chips)
stronghawk: posts small blind $1
manly70: posts big blind $3
*** HOLE CARDS ***
stronghawk: raises $3 to $6
manly70: calls $3
*** FLOP *** [3s 5h Kc]
manly70: checks
stronghawk: bets $3
manly70: calls $3
*** TURN *** [3s 5h Kc] [Jh]
manly70: checks
stronghawk: bets $6
manly70: raises $6 to $12
stronghawk: raises $6 to $18
manly70: calls $6
*** RIVER *** [3s 5h Kc Jh] [2h]
manly70: checks
stronghawk: bets $6
manly70: calls $6
*** SHOW DOWN ***
stronghawk: shows [Kh 8s] (a pair of Kings)
manly70: shows [5c Kd] (two pair, Kings and Fives)
manly70 collected $65.50 from pot
*** SUMMARY ***
Total pot $66 | Rake $0.50
Board [3s 5h Kc Jh 2h]
Seat 3: stronghawk (button) (small blind) showed [Kh 8s] and lost with a pair of Kings
Seat 6: manly70 (big blind) showed [5c Kd] and won ($65.50) with two pair, Kings and Fives


PokerStars Hand #145519442610:  Hold'em Limit ($3/$6 USD) - 2015/12/18 3:27:13 ET
Table 'Mnemosyne' 6-max Seat #3 is the button
Seat 3: stronghawk ($90 in chips)
Seat 6: manly70 ($187.92 in chips)
stronghawk: posts small blind $1
manly70: posts big blind $3
*** HOLE CARDS ***
stronghawk: raises $3 to $6
manly70: calls $3
*** FLOP *** [2h 9h 5s]
manly70: checks
stronghawk: bets $3
manly70: calls $3
*** TURN *** [2h 9h 5s] [9d]
manly70: checks
stronghawk: bets $6
manly70: raises $6 to $12
stronghawk: raises $6 to $18
manly70: calls $6
*** RIVER *** [2h 9h 5s 9d] [9s]
manly70: checks
stronghawk: bets $6
manly70: calls $6
*** SHOW DOWN ***
stronghawk: shows [8d 7c] (three of a kind, Nines)
manly70: shows [7h 5c] (a full house, Nines full of Fives)
manly70 collected $65.50 from pot
*** SUMMARY ***
Total pot $66 | Rake $0.50
Board [2h 9h 5s 9d 9s]
Seat 3: stronghawk (button) (small blind) showed [8d 7c] and lost with three of a kind, Nines
Seat 6: manly70 (big blind) showed [7h 5c] and won ($65.50) with a full house, Nines full of Fives


PokerStars Hand #145519460710:  Hold'em Limit ($3/$6 USD) - 2015/12/18 3:28:10 ET
Table 'Mnemosyne' 6-max Seat #6 is the button
Seat 3: stronghawk ($90 in chips)
Seat 6: manly70 ($264.42 in chips)
manly70: posts small blind $1
stronghawk: posts big blind $3
*** HOLE CARDS ***
manly70: calls $2
stronghawk: raises $3 to $6
manly70: calls $3
*** FLOP *** [2c Qs Td]
stronghawk: bets $3
manly70: calls $3
*** TURN *** [2c Qs Td] [3s]
stronghawk: bets $6
manly70: folds
Uncalled bet ($6) returned to stronghawk
stronghawk collected $17.64 from pot
stronghawk: doesn't show hand
*** SUMMARY ***
Total pot $18 | Rake $0.36
Board [2c Qs Td 3s]
Seat 3: stronghawk (big blind) collected ($17.64)
Seat 6: manly70 (button) (small blind) folded on the Turn


PokerStars Hand #145519455822:  Hold'em Limit ($3/$6 USD) - 2015/12/18 3:27:55 ET
Table 'Mnemosyne' 6-max Seat #3 is the button
Seat 3: stronghawk ($90 in chips)
Seat 6: manly70 ($249.92 in chips)
stronghawk: posts small blind $1
manly70: posts big blind $3
*** HOLE CARDS ***
stronghawk: raises $3 to $6
manly70: calls $3
*** FLOP *** [8s Qd Jc]
manly70: checks
stronghawk: bets $3
manly70: calls $3
*** TURN *** [8s Qd Jc] [5s]
manly70: checks
stronghawk: checks
*** RIVER *** [8s Qd Jc 5s] [5h]
manly70: bets $6
stronghawk: calls $6
*** SHOW DOWN ***
manly70: shows [8c 7d] (two pair, Eights and Fives)
stronghawk: mucks hand
manly70 collected $29.50 from pot
*** SUMMARY ***
Total pot $30 | Rake $0.50
Board [8s Qd Jc 5s 5h]
Seat 3: stronghawk (button) (small blind) mucked
Seat 6: manly70 (big blind) showed [8c 7d] and won ($29.50) with two pair, Eights and Fives


PokerStars Hand #145519450257:  Hold'em Limit ($3/$6 USD) - 2015/12/18 3:27:37 ET
Table 'Mnemosyne' 6-max Seat #6 is the button
Seat 3: stronghawk ($90 in chips)
Seat 6: manly70 ($220.42 in chips)
manly70: posts small blind $1
stronghawk: posts big blind $3
*** HOLE CARDS ***
manly70: raises $3 to $6
stronghawk: raises $3 to $9
manly70: calls $3
*** FLOP *** [Qs 5h 6h]
stronghawk: bets $3
manly70: calls $3
*** TURN *** [Qs 5h 6h] [3h]
stronghawk: bets $6
manly70: raises $6 to $12
stronghawk: calls $6
*** RIVER *** [Qs 5h 6h 3h] [Js]
stronghawk: checks
manly70: bets $6
stronghawk: calls $6
*** SHOW DOWN ***
manly70: shows [Ah 2h] (a flush, Ace high)
stronghawk: mucks hand
manly70 collected $59.50 from pot
*** SUMMARY ***
Total pot $60 | Rake $0.50
Board [Qs 5h 6h 3h Js]
Seat 3: stronghawk (big blind) mucked
Seat 6: manly70 (button) (small blind) showed [Ah 2h] and won ($59.50) with a flush, Ace high


PokerStars Hand #145519465470:  Hold'em Limit ($3/$6 USD) - 2015/12/18 3:28:26 ET
Table 'Mnemosyne' 6-max Seat #3 is the button
Seat 3: stronghawk ($98.64 in chips)
Seat 6: manly70 ($255.42 in chips)
stronghawk: posts small blind $1
manly70: posts big blind $3
*** HOLE CARDS ***
stronghawk: raises $3 to $6
manly70: calls $3
*** FLOP *** [Qh 3c 3d]
CTPEMAK joins the table at seat #2
manly70: checks
stronghawk: bets $3
manly70: calls $3
*** TURN *** [Qh 3c 3d] [Qd]
manly70: checks
stronghawk: bets $6
manly70: calls $6
*** RIVER *** [Qh 3c 3d Qd] [Kc]
manly70: checks
stronghawk: bets $6
manly70: calls $6
*** SHOW DOWN ***
stronghawk: shows [2d 6c] (two pair, Queens and Threes)
manly70: shows [Tc Kd] (two pair, Kings and Queens)
manly70 collected $41.50 from pot
*** SUMMARY ***
Total pot $42 | Rake $0.50
Board [Qh 3c 3d Qd Kc]
Seat 3: stronghawk (button) (small blind) showed [2d 6c] and lost with two pair, Queens and Threes
Seat 6: manly70 (big blind) showed [Tc Kd] and won ($41.50) with two pair, Kings and Queens


PokerStars Hand #145519496997:  Hold'em Limit ($3/$6 USD) - 2015/12/18 3:30:07 ET
Table 'Mnemosyne' 6-max Seat #2 is the button
Seat 2: CTPEMAK ($84.14 in chips)
Seat 3: stronghawk ($116.59 in chips)
CTPEMAK: posts small blind $1
stronghawk: posts big blind $3
*** HOLE CARDS ***
CTPEMAK: calls $2
stronghawk: raises $3 to $6
CTPEMAK: calls $3
*** FLOP *** [2c 5h Ts]
stronghawk: bets $3
CTPEMAK: calls $3
*** TURN *** [2c 5h Ts] [Ad]
stronghawk: bets $6
CTPEMAK: raises $6 to $12
stronghawk: calls $6
*** RIVER *** [2c 5h Ts Ad] [Kh]
stronghawk: checks
CTPEMAK: bets $6
stronghawk: calls $6
*** SHOW DOWN ***
CTPEMAK: shows [7c 8h] (high card Ace)
stronghawk: shows [3s 3c] (a pair of Threes)
stronghawk collected $53.50 from pot
*** SUMMARY ***
Total pot $54 | Rake $0.50
Board [2c 5h Ts Ad Kh]
Seat 2: CTPEMAK (button) (small blind) showed [7c 8h] and lost with high card Ace
Seat 3: stronghawk (big blind) showed [3s 3c] and won ($53.50) with a pair of Threes


PokerStars Hand #145519493806:  Hold'em Limit ($3/$6 USD) - 2015/12/18 3:29:57 ET
Table 'Mnemosyne' 6-max Seat #3 is the button
Seat 2: CTPEMAK ($75.50 in chips)
Seat 3: stronghawk ($125.59 in chips)
stronghawk: posts small blind $1
CTPEMAK: posts big blind $3
*** HOLE CARDS ***
stronghawk: raises $3 to $6
CTPEMAK: calls $3
*** FLOP *** [Jh Js Ts]
CTPEMAK: checks
stronghawk: bets $3
CTPEMAK: raises $3 to $6
stronghawk: folds
Uncalled bet ($3) returned to CTPEMAK
CTPEMAK collected $17.64 from pot
*** SUMMARY ***
Total pot $18 | Rake $0.36
Board [Jh Js Ts]
Seat 2: CTPEMAK (big blind) collected ($17.64)
Seat 3: stronghawk (button) (small blind) folded on the Flop


PokerStars Hand #145519491995:  Hold'em Limit ($3/$6 USD) - 2015/12/18 3:29:51 ET
Table 'Mnemosyne' 6-max Seat #2 is the button
Seat 2: CTPEMAK ($76.50 in chips)
Seat 3: stronghawk ($124.59 in chips)
CTPEMAK: posts small blind $1
stronghawk: posts big blind $3
*** HOLE CARDS ***
CTPEMAK: folds
Uncalled bet ($2) returned to stronghawk
stronghawk collected $2 from pot
stronghawk: doesn't show hand
*** SUMMARY ***
Total pot $2 | Rake $0
Seat 2: CTPEMAK (button) (small blind) folded before Flop
Seat 3: stronghawk (big blind) collected ($2)


PokerStars Hand #145519488087:  Hold'em Limit ($3/$6 USD) - 2015/12/18 3:29:39 ET
Table 'Mnemosyne' 6-max Seat #3 is the button
Seat 2: CTPEMAK ($82.50 in chips)
Seat 3: stronghawk ($118.83 in chips)
stronghawk: posts small blind $1
CTPEMAK: posts big blind $3
*** HOLE CARDS ***
stronghawk: raises $3 to $6
CTPEMAK: calls $3
*** FLOP *** [Jd 9h Kh]
CTPEMAK: checks
stronghawk: bets $3
CTPEMAK: folds
Uncalled bet ($3) returned to stronghawk
stronghawk collected $11.76 from pot
stronghawk: doesn't show hand
*** SUMMARY ***
Total pot $12 | Rake $0.24
Board [Jd 9h Kh]
Seat 2: CTPEMAK (big blind) folded on the Flop
Seat 3: stronghawk (button) (small blind) collected ($11.76)


PokerStars Hand #145519506512:  Hold'em Limit ($3/$6 USD) - 2015/12/18 3:30:37 ET
Table 'Mnemosyne' 6-max Seat #3 is the button
Seat 2: CTPEMAK ($57.14 in chips)
Seat 3: stronghawk ($143.09 in chips)
stronghawk: posts small blind $1
CTPEMAK: posts big blind $3
*** HOLE CARDS ***
stronghawk: raises $3 to $6
CTPEMAK: calls $3
*** FLOP *** [4h Qd Js]
CTPEMAK: checks
stronghawk: checks
*** TURN *** [4h Qd Js] [Kc]
CTPEMAK: bets $6
stronghawk: raises $6 to $12
CTPEMAK: calls $6
*** RIVER *** [4h Qd Js Kc] [5s]
CTPEMAK: checks
stronghawk: checks
*** SHOW DOWN ***
CTPEMAK: shows [6c Qc] (a pair of Queens)
stronghawk: mucks hand
CTPEMAK collected $35.50 from pot
*** SUMMARY ***
Total pot $36 | Rake $0.50
Board [4h Qd Js Kc 5s]
Seat 2: CTPEMAK (big blind) showed [6c Qc] and won ($35.50) with a pair of Queens
Seat 3: stronghawk (button) (small blind) mucked


PokerStars Hand #145519518939:  Hold'em Limit ($3/$6 USD) - 2015/12/18 3:31:16 ET
Table 'Mnemosyne' 6-max Seat #3 is the button
Seat 2: CTPEMAK ($60.64 in chips)
Seat 3: stronghawk ($138.61 in chips)
stronghawk: posts small blind $1
CTPEMAK: posts big blind $3
*** HOLE CARDS ***
stronghawk: raises $3 to $6
CTPEMAK: calls $3
*** FLOP *** [4h 3h Kc]
CTPEMAK: checks
stronghawk: bets $3
CTPEMAK: calls $3
*** TURN *** [4h 3h Kc] [Ts]
CTPEMAK: checks
stronghawk: bets $6
CTPEMAK: calls $6
*** RIVER *** [4h 3h Kc Ts] [Ah]
CTPEMAK: checks
stronghawk: bets $6
CTPEMAK: calls $6
*** SHOW DOWN ***
stronghawk: shows [Ad Ac] (three of a kind, Aces)
CTPEMAK: mucks hand
stronghawk collected $41.50 from pot
*** SUMMARY ***
Total pot $42 | Rake $0.50
Board [4h 3h Kc Ts Ah]
Seat 2: CTPEMAK (big blind) mucked
Seat 3: stronghawk (button) (small blind) showed [Ad Ac] and won ($41.50) with three of a kind, Aces


PokerStars Hand #145519517463:  Hold'em Limit ($3/$6 USD) - 2015/12/18 3:31:11 ET
Table 'Mnemosyne' 6-max Seat #2 is the button
Seat 2: CTPEMAK ($61.64 in chips)
Seat 3: stronghawk ($137.61 in chips)
CTPEMAK: posts small blind $1
stronghawk: posts big blind $3
*** HOLE CARDS ***
CTPEMAK: folds
Uncalled bet ($2) returned to stronghawk
stronghawk collected $2 from pot
stronghawk: doesn't show hand
*** SUMMARY ***
Total pot $2 | Rake $0
Seat 2: CTPEMAK (button) (small blind) folded before Flop
Seat 3: stronghawk (big blind) collected ($2)


PokerStars Hand #145519511963:  Hold'em Limit ($3/$6 USD) - 2015/12/18 3:30:54 ET
Table 'Mnemosyne' 6-max Seat #3 is the button
Seat 2: CTPEMAK ($73.64 in chips)
Seat 3: stronghawk ($126.09 in chips)
stronghawk: posts small blind $1
CTPEMAK: posts big blind $3
*** HOLE CARDS ***
stronghawk: raises $3 to $6
CTPEMAK: calls $3
*** FLOP *** [Kh Qc Jc]
CTPEMAK: checks
stronghawk: checks
*** TURN *** [Kh Qc Jc] [Ks]
CTPEMAK: checks
stronghawk: bets $6
CTPEMAK: calls $6
*** RIVER *** [Kh Qc Jc Ks] [6c]
CTPEMAK: checks
stronghawk: checks
*** SHOW DOWN ***
CTPEMAK: shows [4s Tc] (a pair of Kings)
stronghawk: shows [As 2d] (a pair of Kings - Ace kicker)
stronghawk collected $23.52 from pot
*** SUMMARY ***
Total pot $24 | Rake $0.48
Board [Kh Qc Jc Ks 6c]
Seat 2: CTPEMAK (big blind) showed [4s Tc] and lost with a pair of Kings
Seat 3: stronghawk (button) (small blind) showed [As 2d] and won ($23.52) with a pair of Kings


PokerStars Hand #145519510372:  Hold'em Limit ($3/$6 USD) - 2015/12/18 3:30:49 ET
Table 'Mnemosyne' 6-max Seat #2 is the button
Seat 2: CTPEMAK ($74.64 in chips)
Seat 3: stronghawk ($125.09 in chips)
CTPEMAK: posts small blind $1
stronghawk: posts big blind $3
*** HOLE CARDS ***
CTPEMAK: folds
Uncalled bet ($2) returned to stronghawk
stronghawk collected $2 from pot
stronghawk: doesn't show hand
*** SUMMARY ***
Total pot $2 | Rake $0
Seat 2: CTPEMAK (button) (small blind) folded before Flop
Seat 3: stronghawk (big blind) collected ($2)


PokerStars Hand #145519539532:  Hold'em Limit ($3/$6 USD) - 2015/12/18 3:32:21 ET
Table 'Mnemosyne' 6-max Seat #3 is the button
Seat 2: CTPEMAK ($43.14 in chips)
Seat 3: stronghawk ($154.75 in chips)
stronghawk: posts small blind $1
CTPEMAK: posts big blind $3
*** HOLE CARDS ***
stronghawk: raises $3 to $6
CTPEMAK: calls $3
*** FLOP *** [3d 9d 7h]
CTPEMAK: checks
stronghawk: bets $3
CTPEMAK: calls $3
*** TURN *** [3d 9d 7h] [Kd]
CTPEMAK: checks
stronghawk: bets $6
CTPEMAK: calls $6
*** RIVER *** [3d 9d 7h Kd] [2s]
CTPEMAK: checks
stronghawk: checks
*** SHOW DOWN ***
CTPEMAK: shows [4c 3s] (a pair of Threes)
stronghawk: shows [3h Jd] (a pair of Threes - King+Jack kicker)
stronghawk collected $29.50 from pot
*** SUMMARY ***
Total pot $30 | Rake $0.50
Board [3d 9d 7h Kd 2s]
Seat 2: CTPEMAK (big blind) showed [4c 3s] and lost with a pair of Threes
Seat 3: stronghawk (button) (small blind) showed [3h Jd] and won ($29.50) with a pair of Threes


PokerStars Hand #145519537949:  Hold'em Limit ($3/$6 USD) - 2015/12/18 3:32:16 ET
Table 'Mnemosyne' 6-max Seat #2 is the button
Seat 2: CTPEMAK ($44.14 in chips)
Seat 3: stronghawk ($153.75 in chips)
CTPEMAK: posts small blind $1
stronghawk: posts big blind $3
*** HOLE CARDS ***
CTPEMAK: folds
Uncalled bet ($2) returned to stronghawk
stronghawk collected $2 from pot
stronghawk: doesn't show hand
*** SUMMARY ***
Total pot $2 | Rake $0
Seat 2: CTPEMAK (button) (small blind) folded before Flop
Seat 3: stronghawk (big blind) collected ($2)


PokerStars Hand #145519533746:  Hold'em Limit ($3/$6 USD) - 2015/12/18 3:32:03 ET
Table 'Mnemosyne' 6-max Seat #3 is the button
Seat 2: CTPEMAK ($53.14 in chips)
Seat 3: stronghawk ($145.11 in chips)
stronghawk: posts small blind $1
CTPEMAK: posts big blind $3
*** HOLE CARDS ***
stronghawk: raises $3 to $6
CTPEMAK: calls $3
*** FLOP *** [5h 4d 7d]
CTPEMAK: checks
stronghawk: bets $3
CTPEMAK: calls $3
*** TURN *** [5h 4d 7d] [Qd]
CTPEMAK: checks
stronghawk: bets $6
CTPEMAK: folds
Uncalled bet ($6) returned to stronghawk
stronghawk collected $17.64 from pot
stronghawk: doesn't show hand
*** SUMMARY ***
Total pot $18 | Rake $0.36
Board [5h 4d 7d Qd]
Seat 2: CTPEMAK (big blind) folded on the Turn
Seat 3: stronghawk (button) (small blind) collected ($17.64)


PokerStars Hand #145519532064:  Hold'em Limit ($3/$6 USD) - 2015/12/18 3:31:58 ET
Table 'Mnemosyne' 6-max Seat #2 is the button
Seat 2: CTPEMAK ($54.14 in chips)
Seat 3: stronghawk ($144.11 in chips)
CTPEMAK: posts small blind $1
stronghawk: posts big blind $3
*** HOLE CARDS ***
CTPEMAK: folds
Uncalled bet ($2) returned to stronghawk
stronghawk collected $2 from pot
stronghawk: doesn't show hand
*** SUMMARY ***
Total pot $2 | Rake $0
Seat 2: CTPEMAK (button) (small blind) folded before Flop
Seat 3: stronghawk (big blind) collected ($2)


PokerStars Hand #145519530091:  Hold'em Limit ($3/$6 USD) - 2015/12/18 3:31:51 ET
Table 'Mnemosyne' 6-max Seat #3 is the button
Seat 2: CTPEMAK ($57.14 in chips)
Seat 3: stronghawk ($141.11 in chips)
stronghawk: posts small blind $1
CTPEMAK: posts big blind $3
*** HOLE CARDS ***
stronghawk: raises $3 to $6
CTPEMAK: folds
Uncalled bet ($3) returned to stronghawk
stronghawk collected $6 from pot
stronghawk: doesn't show hand
*** SUMMARY ***
Total pot $6 | Rake $0
Seat 2: CTPEMAK (big blind) folded before Flop
Seat 3: stronghawk (button) (small blind) collected ($6)


PokerStars Hand #145519524999:  Hold'em Limit ($3/$6 USD) - 2015/12/18 3:31:35 ET
Table 'Mnemosyne' 6-max Seat #2 is the button
Seat 2: CTPEMAK ($39.64 in chips)
Seat 3: stronghawk ($159.11 in chips)
CTPEMAK: posts small blind $1
stronghawk: posts big blind $3
*** HOLE CARDS ***
CTPEMAK: raises $3 to $6
stronghawk: calls $3
*** FLOP *** [9d 2h Kh]
stronghawk: checks
CTPEMAK: checks
*** TURN *** [9d 2h Kh] [5h]
stronghawk: bets $6
CTPEMAK: raises $6 to $12
stronghawk: calls $6
*** RIVER *** [9d 2h Kh 5h] [6h]
stronghawk: checks
CTPEMAK: bets $6
stronghawk: folds
Uncalled bet ($6) returned to CTPEMAK
CTPEMAK collected $35.50 from pot
*** SUMMARY ***
Total pot $36 | Rake $0.50
Board [9d 2h Kh 5h 6h]
Seat 2: CTPEMAK (button) (small blind) collected ($35.50)
Seat 3: stronghawk (big blind) folded on the River


PokerStars Hand #145519559871:  Hold'em Limit ($3/$6 USD) - 2015/12/18 3:33:25 ET
Table 'Mnemosyne' 6-max Seat #2 is the button
Seat 2: CTPEMAK ($20.78 in chips)
Seat 3: stronghawk ($175.65 in chips)
CTPEMAK: posts small blind $1
stronghawk: posts big blind $3
*** HOLE CARDS ***
CTPEMAK: folds
Uncalled bet ($2) returned to stronghawk
stronghawk collected $2 from pot
stronghawk: doesn't show hand
*** SUMMARY ***
Total pot $2 | Rake $0
Seat 2: CTPEMAK (button) (small blind) folded before Flop
Seat 3: stronghawk (big blind) collected ($2)


PokerStars Hand #145519554912:  Hold'em Limit ($3/$6 USD) - 2015/12/18 3:33:09 ET
Table 'Mnemosyne' 6-max Seat #3 is the button
Seat 2: CTPEMAK ($29.78 in chips)
Seat 3: stronghawk ($167.01 in chips)
stronghawk: posts small blind $1
CTPEMAK: posts big blind $3
*** HOLE CARDS ***
stronghawk: raises $3 to $6
CTPEMAK: calls $3
*** FLOP *** [As 5h 4d]
CTPEMAK: checks
stronghawk: bets $3
CTPEMAK: calls $3
*** TURN *** [As 5h 4d] [5d]
CTPEMAK: checks
stronghawk: bets $6
CTPEMAK: folds
Uncalled bet ($6) returned to stronghawk
stronghawk collected $17.64 from pot
stronghawk: doesn't show hand
*** SUMMARY ***
Total pot $18 | Rake $0.36
Board [As 5h 4d 5d]
Seat 2: CTPEMAK (big blind) folded on the Turn
Seat 3: stronghawk (button) (small blind) collected ($17.64)


PokerStars Hand #145519544153:  Hold'em Limit ($3/$6 USD) - 2015/12/18 3:32:36 ET
Table 'Mnemosyne' 6-max Seat #2 is the button
Seat 2: CTPEMAK ($28.14 in chips)
Seat 3: stronghawk ($169.25 in chips)
CTPEMAK: posts small blind $1
stronghawk: posts big blind $3
*** HOLE CARDS ***
CTPEMAK: raises $3 to $6
stronghawk: calls $3
*** FLOP *** [6c 2s 9h]
stronghawk: checks
CTPEMAK: checks
*** TURN *** [6c 2s 9h] [8c]
stronghawk: checks
CTPEMAK: checks
*** RIVER *** [6c 2s 9h 8c] [Kd]
stronghawk: bets $6
CTPEMAK: folds
Uncalled bet ($6) returned to stronghawk
stronghawk collected $11.76 from pot
stronghawk: doesn't show hand
*** SUMMARY ***
Total pot $12 | Rake $0.24
Board [6c 2s 9h 8c Kd]
Seat 2: CTPEMAK (button) (small blind) folded on the River
Seat 3: stronghawk (big blind) collected ($11.76)


PokerStars Hand #145519553242:  Hold'em Limit ($3/$6 USD) - 2015/12/18 3:33:04 ET
Table 'Mnemosyne' 6-max Seat #2 is the button
Seat 2: CTPEMAK ($30.78 in chips)
Seat 3: stronghawk ($166.01 in chips)
CTPEMAK: posts small blind $1
stronghawk: posts big blind $3
*** HOLE CARDS ***
CTPEMAK: folds
Uncalled bet ($2) returned to stronghawk
stronghawk collected $2 from pot
stronghawk: doesn't show hand
*** SUMMARY ***
Total pot $2 | Rake $0
Seat 2: CTPEMAK (button) (small blind) folded before Flop
Seat 3: stronghawk (big blind) collected ($2)


PokerStars Hand #145519550227:  Hold'em Limit ($3/$6 USD) - 2015/12/18 3:32:54 ET
Table 'Mnemosyne' 6-max Seat #3 is the button
Seat 2: CTPEMAK ($22.14 in chips)
Seat 3: stronghawk ($175.01 in chips)
stronghawk: posts small blind $1
CTPEMAK: posts big blind $3
*** HOLE CARDS ***
stronghawk: raises $3 to $6
CTPEMAK: raises $3 to $9
stronghawk: calls $3
*** FLOP *** [Ad 9s Kh]
CTPEMAK: bets $3
stronghawk: folds
Uncalled bet ($3) returned to CTPEMAK
CTPEMAK collected $17.64 from pot
*** SUMMARY ***
Total pot $18 | Rake $0.36
Board [Ad 9s Kh]
Seat 2: CTPEMAK (big blind) collected ($17.64)
Seat 3: stronghawk (button) (small blind) folded on the Flop


PokerStars Hand #145519572341:  Hold'em Limit ($3/$6 USD) - 2015/12/18 3:34:04 ET
Table 'Mnemosyne' 6-max Seat #2 is the button
Seat 2: CTPEMAK ($47.78 in chips)
Seat 3: stronghawk ($147.65 in chips)
CTPEMAK: posts small blind $1
stronghawk: posts big blind $3
*** HOLE CARDS ***
CTPEMAK: folds
Uncalled bet ($2) returned to stronghawk
stronghawk collected $2 from pot
stronghawk: doesn't show hand
*** SUMMARY ***
Total pot $2 | Rake $0
Seat 2: CTPEMAK (button) (small blind) folded before Flop
Seat 3: stronghawk (big blind) collected ($2)


PokerStars Hand #145519567758:  Hold'em Limit ($3/$6 USD) - 2015/12/18 3:33:50 ET
Table 'Mnemosyne' 6-max Seat #3 is the button
Seat 2: CTPEMAK ($33.28 in chips)
Seat 3: stronghawk ($162.65 in chips)
stronghawk: posts small blind $1
CTPEMAK: posts big blind $3
*** HOLE CARDS ***
stronghawk: raises $3 to $6
CTPEMAK: calls $3
*** FLOP *** [9c As 8h]
CTPEMAK: checks
stronghawk: bets $3
CTPEMAK: calls $3
*** TURN *** [9c As 8h] [Jh]
CTPEMAK: checks
stronghawk: checks
*** RIVER *** [9c As 8h Jh] [Kh]
CTPEMAK: bets $6
stronghawk: calls $6
*** SHOW DOWN ***
CTPEMAK: shows [Ks 2d] (a pair of Kings)
stronghawk: mucks hand
CTPEMAK collected $29.50 from pot
*** SUMMARY ***
Total pot $30 | Rake $0.50
Board [9c As 8h Jh Kh]
Seat 2: CTPEMAK (big blind) showed [Ks 2d] and won ($29.50) with a pair of Kings
Seat 3: stronghawk (button) (small blind) mucked


PokerStars Hand #145519578276:  Hold'em Limit ($3/$6 USD) - 2015/12/18 3:34:23 ET
Table 'Mnemosyne' 6-max Seat #2 is the button
Seat 2: CTPEMAK ($61.28 in chips)
Seat 3: stronghawk ($133.65 in chips)
CTPEMAK: posts small blind $1
stronghawk: posts big blind $3
*** HOLE CARDS ***
CTPEMAK: folds
Uncalled bet ($2) returned to stronghawk
stronghawk collected $2 from pot
stronghawk: doesn't show hand
*** SUMMARY ***
Total pot $2 | Rake $0
Seat 2: CTPEMAK (button) (small blind) folded before Flop
Seat 3: stronghawk (big blind) collected ($2)


PokerStars Hand #145519573967:  Hold'em Limit ($3/$6 USD) - 2015/12/18 3:34:09 ET
Table 'Mnemosyne' 6-max Seat #3 is the button
Seat 2: CTPEMAK ($46.78 in chips)
Seat 3: stronghawk ($148.65 in chips)
stronghawk: posts small blind $1
CTPEMAK: posts big blind $3
*** HOLE CARDS ***
stronghawk: raises $3 to $6
CTPEMAK: calls $3
*** FLOP *** [5d 8h 4s]
CTPEMAK: checks
stronghawk: bets $3
CTPEMAK: calls $3
*** TURN *** [5d 8h 4s] [7h]
CTPEMAK: checks
stronghawk: bets $6
CTPEMAK: raises $6 to $12
stronghawk: folds
Uncalled bet ($6) returned to CTPEMAK
CTPEMAK collected $29.50 from pot
*** SUMMARY ***
Total pot $30 | Rake $0.50
Board [5d 8h 4s 7h]
Seat 2: CTPEMAK (big blind) collected ($29.50)
Seat 3: stronghawk (button) (small blind) folded on the Turn


PokerStars Hand #145519566216:  Hold'em Limit ($3/$6 USD) - 2015/12/18 3:33:45 ET
Table 'Mnemosyne' 6-max Seat #2 is the button
Seat 2: CTPEMAK ($34.28 in chips)
Seat 3: stronghawk ($161.65 in chips)
CTPEMAK: posts small blind $1
stronghawk: posts big blind $3
*** HOLE CARDS ***
CTPEMAK: folds
Uncalled bet ($2) returned to stronghawk
stronghawk collected $2 from pot
stronghawk: doesn't show hand
*** SUMMARY ***
Total pot $2 | Rake $0
Seat 2: CTPEMAK (button) (small blind) folded before Flop
Seat 3: stronghawk (big blind) collected ($2)


PokerStars Hand #145519561530:  Hold'em Limit ($3/$6 USD) - 2015/12/18 3:33:30 ET
Table 'Mnemosyne' 6-max Seat #3 is the button
Seat 2: CTPEMAK ($19.78 in chips)
Seat 3: stronghawk ($176.65 in chips)
stronghawk: posts small blind $1
CTPEMAK: posts big blind $3
*** HOLE CARDS ***
stronghawk: raises $3 to $6
CTPEMAK: calls $3
*** FLOP *** [3c 2d 6h]
CTPEMAK: checks
stronghawk: bets $3
CTPEMAK: calls $3
*** TURN *** [3c 2d 6h] [Ad]
CTPEMAK: checks
stronghawk: checks
*** RIVER *** [3c 2d 6h Ad] [Ah]
CTPEMAK: checks
stronghawk: bets $6
CTPEMAK: calls $6
*** SHOW DOWN ***
stronghawk: shows [9s 8c] (a pair of Aces)
CTPEMAK: shows [Kd 7s] (a pair of Aces - King kicker)
CTPEMAK collected $29.50 from pot
*** SUMMARY ***
Total pot $30 | Rake $0.50
Board [3c 2d 6h Ad Ah]
Seat 2: CTPEMAK (big blind) showed [Kd 7s] and won ($29.50) with a pair of Aces
Seat 3: stronghawk (button) (small blind) showed [9s 8c] and lost with a pair of Aces


PokerStars Hand #145519598119:  Hold'em Limit ($3/$6 USD) - 2015/12/18 3:35:25 ET
Table 'Mnemosyne' 6-max Seat #3 is the button
Seat 2: CTPEMAK ($22.03 in chips)
Seat 3: stronghawk ($171.66 in chips)
stronghawk: posts small blind $1
CTPEMAK: posts big blind $3
*** HOLE CARDS ***
stronghawk: raises $3 to $6
CTPEMAK: raises $3 to $9
stronghawk: calls $3
*** FLOP *** [Jd Jc Ah]
CTPEMAK: bets $3
stronghawk: folds
Uncalled bet ($3) returned to CTPEMAK
CTPEMAK collected $17.64 from pot
*** SUMMARY ***
Total pot $18 | Rake $0.36
Board [Jd Jc Ah]
Seat 2: CTPEMAK (big blind) collected ($17.64)
Seat 3: stronghawk (button) (small blind) folded on the Flop


PokerStars Hand #145519587112:  Hold'em Limit ($3/$6 USD) - 2015/12/18 3:34:50 ET
Table 'Mnemosyne' 6-max Seat #2 is the button
Seat 2: CTPEMAK ($27.28 in chips)
Seat 3: stronghawk ($167.15 in chips)
CTPEMAK: posts small blind $1
stronghawk: posts big blind $3
*** HOLE CARDS ***
CTPEMAK: raises $3 to $6
stronghawk: calls $3
*** FLOP *** [2s 5s 8c]
stronghawk: checks
CTPEMAK: checks
*** TURN *** [2s 5s 8c] [Js]
stronghawk: bets $6
CTPEMAK: folds
Uncalled bet ($6) returned to stronghawk
stronghawk collected $11.76 from pot
stronghawk: doesn't show hand
*** SUMMARY ***
Total pot $12 | Rake $0.24
Board [2s 5s 8c Js]
Seat 2: CTPEMAK (button) (small blind) folded on the Turn
Seat 3: stronghawk (big blind) collected ($11.76)


PokerStars Hand #145519590704:  Hold'em Limit ($3/$6 USD) - 2015/12/18 3:35:02 ET
Table 'Mnemosyne' 6-max Seat #3 is the button
Seat 2: CTPEMAK ($21.28 in chips)
Seat 3: stronghawk ($172.91 in chips)
stronghawk: posts small blind $1
CTPEMAK: posts big blind $3
*** HOLE CARDS ***
stronghawk: folds
Uncalled bet ($2) returned to CTPEMAK
CTPEMAK collected $2 from pot
*** SUMMARY ***
Total pot $2 | Rake $0
Seat 2: CTPEMAK (big blind) collected ($2)
Seat 3: stronghawk (button) (small blind) folded before Flop


PokerStars Hand #145519592350:  Hold'em Limit ($3/$6 USD) - 2015/12/18 3:35:07 ET
Table 'Mnemosyne' 6-max Seat #2 is the button
Seat 2: CTPEMAK ($22.28 in chips)
Seat 3: stronghawk ($171.91 in chips)
CTPEMAK: posts small blind $1
stronghawk: posts big blind $3
*** HOLE CARDS ***
CTPEMAK: raises $3 to $6
stronghawk: calls $3
*** FLOP *** [Th Jh Qs]
stronghawk: checks
CTPEMAK: bets $3
stronghawk: calls $3
*** TURN *** [Th Jh Qs] [8c]
stronghawk: checks
CTPEMAK: bets $6
stronghawk: raises $6 to $12
CTPEMAK: raises $1.28 to $13.28 and is all-in
stronghawk: calls $1.28
*** RIVER *** [Th Jh Qs 8c] [4c]
*** SHOW DOWN ***
stronghawk: shows [9h 4s] (a straight, Eight to Queen)
CTPEMAK: shows [Ad 9d] (a straight, Eight to Queen)
stronghawk collected $22.03 from pot
CTPEMAK collected $22.03 from pot
*** SUMMARY ***
Total pot $44.56 | Rake $0.50
Board [Th Jh Qs 8c 4c]
Seat 2: CTPEMAK (button) (small blind) showed [Ad 9d] and won ($22.03) with a straight, Eight to Queen
Seat 3: stronghawk (big blind) showed [9h 4s] and won ($22.03) with a straight, Eight to Queen


PokerStars Hand #145519579991:  Hold'em Limit ($3/$6 USD) - 2015/12/18 3:34:28 ET
Table 'Mnemosyne' 6-max Seat #3 is the button
Seat 2: CTPEMAK ($60.28 in chips)
Seat 3: stronghawk ($134.65 in chips)
stronghawk: posts small blind $1
CTPEMAK: posts big blind $3
*** HOLE CARDS ***
stronghawk: raises $3 to $6
CTPEMAK: calls $3
*** FLOP *** [5h 8d Td]
CTPEMAK: checks
stronghawk: bets $3
CTPEMAK: calls $3
*** TURN *** [5h 8d Td] [6h]
CTPEMAK: checks
stronghawk: bets $6
CTPEMAK: raises $6 to $12
stronghawk: calls $6
*** RIVER *** [5h 8d Td 6h] [7d]
CTPEMAK: bets $6
stronghawk: raises $6 to $12
CTPEMAK: calls $6
*** SHOW DOWN ***
stronghawk: shows [6d 4h] (a straight, Four to Eight)
CTPEMAK: shows [As Ad] (a pair of Aces)
stronghawk collected $65.50 from pot
*** SUMMARY ***
Total pot $66 | Rake $0.50
Board [5h 8d Td 6h 7d]
Seat 2: CTPEMAK (big blind) showed [As Ad] and lost with a pair of Aces
Seat 3: stronghawk (button) (small blind) showed [6d 4h] and won ($65.50) with a straight, Four to Eight


PokerStars Hand #145519606508:  Hold'em Limit ($3/$6 USD) - 2015/12/18 3:35:51 ET
Table 'Mnemosyne' 6-max Seat #3 is the button
Seat 2: CTPEMAK ($45.17 in chips)
Seat 3: stronghawk ($147.66 in chips)
stronghawk: posts small blind $1
CTPEMAK: posts big blind $3
*** HOLE CARDS ***
stronghawk: raises $3 to $6
CTPEMAK: calls $3
*** FLOP *** [Ah 6c 5s]
CTPEMAK: checks
stronghawk: bets $3
CTPEMAK: calls $3
*** TURN *** [Ah 6c 5s] [Kd]
CTPEMAK: checks
stronghawk: bets $6
CTPEMAK: calls $6
*** RIVER *** [Ah 6c 5s Kd] [2d]
CTPEMAK: checks
stronghawk: bets $6
CTPEMAK: raises $6 to $12
stronghawk: calls $6
*** SHOW DOWN ***
CTPEMAK: shows [5h 2h] (two pair, Fives and Deuces)
stronghawk: shows [Kc 2c] (two pair, Kings and Deuces)
stronghawk collected $53.50 from pot
*** SUMMARY ***
Total pot $54 | Rake $0.50
Board [Ah 6c 5s Kd 2d]
Seat 2: CTPEMAK (big blind) showed [5h 2h] and lost with two pair, Fives and Deuces
Seat 3: stronghawk (button) (small blind) showed [Kc 2c] and won ($53.50) with two pair, Kings and Deuces


PokerStars Hand #145519612086:  Hold'em Limit ($3/$6 USD) - 2015/12/18 3:36:08 ET
Table 'Mnemosyne' 6-max Seat #2 is the button
Seat 2: CTPEMAK ($18.17 in chips)
Seat 3: stronghawk ($174.16 in chips)
CTPEMAK: posts small blind $1
stronghawk: posts big blind $3
*** HOLE CARDS ***
CTPEMAK: folds
Uncalled bet ($2) returned to stronghawk
stronghawk collected $2 from pot
stronghawk: doesn't show hand
*** SUMMARY ***
Total pot $2 | Rake $0
Seat 2: CTPEMAK (button) (small blind) folded before Flop
Seat 3: stronghawk (big blind) collected ($2)


PokerStars Hand #145519613609:  Hold'em Limit ($3/$6 USD) - 2015/12/18 3:36:13 ET
Table 'Mnemosyne' 6-max Seat #3 is the button
Seat 2: CTPEMAK ($17.17 in chips)
Seat 3: stronghawk ($175.16 in chips)
stronghawk: posts small blind $1
CTPEMAK: posts big blind $3
*** HOLE CARDS ***
stronghawk: calls $2
CTPEMAK: raises $3 to $6
stronghawk: calls $3
*** FLOP *** [Th 5h 7s]
CTPEMAK: bets $3
stronghawk: calls $3
*** TURN *** [Th 5h 7s] [3d]
CTPEMAK: bets $6
stronghawk: calls $6
*** RIVER *** [Th 5h 7s 3d] [Tc]
CTPEMAK: bets $2.17 and is all-in
stronghawk: folds
Uncalled bet ($2.17) returned to CTPEMAK
CTPEMAK collected $29.50 from pot
CTPEMAK: shows [Js Jh] (two pair, Jacks and Tens)
*** SUMMARY ***
Total pot $30 | Rake $0.50
Board [Th 5h 7s 3d Tc]
Seat 2: CTPEMAK (big blind) collected ($29.50)
Seat 3: stronghawk (button) (small blind) folded on the River


PokerStars Hand #145519618347:  Hold'em Limit ($3/$6 USD) - 2015/12/18 3:36:28 ET
Table 'Mnemosyne' 6-max Seat #2 is the button
Seat 2: CTPEMAK ($31.67 in chips)
Seat 3: stronghawk ($160.16 in chips)
CTPEMAK: posts small blind $1
stronghawk: posts big blind $3
*** HOLE CARDS ***
CTPEMAK: folds
Uncalled bet ($2) returned to stronghawk
stronghawk collected $2 from pot
stronghawk: doesn't show hand
*** SUMMARY ***
Total pot $2 | Rake $0
Seat 2: CTPEMAK (button) (small blind) folded before Flop
Seat 3: stronghawk (big blind) collected ($2)


PokerStars Hand #145519600878:  Hold'em Limit ($3/$6 USD) - 2015/12/18 3:35:34 ET
Table 'Mnemosyne' 6-max Seat #2 is the button
Seat 2: CTPEMAK ($30.67 in chips)
Seat 3: stronghawk ($162.66 in chips)
CTPEMAK: posts small blind $1
stronghawk: posts big blind $3
*** HOLE CARDS ***
CTPEMAK: raises $3 to $6
stronghawk: calls $3
*** FLOP *** [9h 4d As]
stronghawk: checks
CTPEMAK: bets $3
stronghawk: calls $3
*** TURN *** [9h 4d As] [7h]
stronghawk: checks
CTPEMAK: bets $6
stronghawk: calls $6
*** RIVER *** [9h 4d As 7h] [3s]
stronghawk: checks
CTPEMAK: bets $6
stronghawk: folds
Uncalled bet ($6) returned to CTPEMAK
CTPEMAK collected $29.50 from pot
*** SUMMARY ***
Total pot $30 | Rake $0.50
Board [9h 4d As 7h 3s]
Seat 2: CTPEMAK (button) (small blind) collected ($29.50)
Seat 3: stronghawk (big blind) folded on the River


PokerStars Hand #145519620053:  Hold'em Limit ($3/$6 USD) - 2015/12/18 3:36:33 ET
Table 'Mnemosyne' 6-max Seat #3 is the button
Seat 2: CTPEMAK ($30.67 in chips)
Seat 3: stronghawk ($161.16 in chips)
stronghawk: posts small blind $1
CTPEMAK: posts big blind $3
*** HOLE CARDS ***
stronghawk: raises $3 to $6
CTPEMAK: calls $3
*** FLOP *** [Ks 3c 6h]
CTPEMAK: checks
stronghawk: bets $3
CTPEMAK: folds
Uncalled bet ($3) returned to stronghawk
stronghawk collected $11.76 from pot
stronghawk: doesn't show hand
*** SUMMARY ***
Total pot $12 | Rake $0.24
Board [Ks 3c 6h]
Seat 2: CTPEMAK (big blind) folded on the Flop
Seat 3: stronghawk (button) (small blind) collected ($11.76)


PokerStars Hand #145519623724:  Hold'em Limit ($3/$6 USD) - 2015/12/18 3:36:44 ET
Table 'Mnemosyne' 6-max Seat #2 is the button
Seat 2: CTPEMAK ($24.67 in chips)
Seat 3: stronghawk ($166.92 in chips)
CTPEMAK: posts small blind $1
stronghawk: posts big blind $3
*** HOLE CARDS ***
CTPEMAK: raises $3 to $6
stronghawk: calls $3
*** FLOP *** [Qd 4d 7c]
stronghawk: checks
CTPEMAK: bets $3
stronghawk: calls $3
*** TURN *** [Qd 4d 7c] [Kh]
stronghawk: checks
CTPEMAK: bets $6
stronghawk: calls $6
*** RIVER *** [Qd 4d 7c Kh] [8c]
stronghawk: checks
CTPEMAK: bets $6
stronghawk: calls $6
*** SHOW DOWN ***
CTPEMAK: shows [8s 8d] (three of a kind, Eights)
stronghawk: mucks hand
CTPEMAK collected $41.50 from pot
*** SUMMARY ***
Total pot $42 | Rake $0.50
Board [Qd 4d 7c Kh 8c]
Seat 2: CTPEMAK (button) (small blind) showed [8s 8d] and won ($41.50) with three of a kind, Eights
Seat 3: stronghawk (big blind) mucked


PokerStars Hand #145519631501:  Hold'em Limit ($3/$6 USD) - 2015/12/18 3:37:08 ET
Table 'Mnemosyne' 6-max Seat #3 is the button
Seat 2: CTPEMAK ($45.17 in chips)
Seat 3: stronghawk ($145.92 in chips)
stronghawk: posts small blind $1
CTPEMAK: posts big blind $3
*** HOLE CARDS ***
stronghawk: raises $3 to $6
CTPEMAK: calls $3
*** FLOP *** [7c 9h 6h]
CTPEMAK: checks
stronghawk: bets $3
CTPEMAK: calls $3
*** TURN *** [7c 9h 6h] [Jc]
CTPEMAK: checks
stronghawk: checks
*** RIVER *** [7c 9h 6h Jc] [2s]
CTPEMAK: checks
stronghawk: checks
*** SHOW DOWN ***
CTPEMAK: shows [Td 2d] (a pair of Deuces)
stronghawk: mucks hand
CTPEMAK collected $17.64 from pot
*** SUMMARY ***
Total pot $18 | Rake $0.36
Board [7c 9h 6h Jc 2s]
Seat 2: CTPEMAK (big blind) showed [Td 2d] and won ($17.64) with a pair of Deuces
Seat 3: stronghawk (button) (small blind) mucked


PokerStars Hand #145519637220:  Hold'em Limit ($3/$6 USD) - 2015/12/18 3:37:26 ET
Table 'Mnemosyne' 6-max Seat #2 is the button
Seat 2: CTPEMAK ($53.81 in chips)
Seat 3: stronghawk ($136.92 in chips)
CTPEMAK: posts small blind $1
stronghawk: posts big blind $3
*** HOLE CARDS ***
CTPEMAK: calls $2
stronghawk: raises $3 to $6
CTPEMAK: calls $3
*** FLOP *** [3s 8s 6h]
stronghawk: bets $3
CTPEMAK: calls $3
*** TURN *** [3s 8s 6h] [8d]
stronghawk: bets $6
CTPEMAK: calls $6
*** RIVER *** [3s 8s 6h 8d] [Ah]
stronghawk: bets $6
CTPEMAK: calls $6
*** SHOW DOWN ***
stronghawk: shows [Ad 6c] (two pair, Aces and Eights)
CTPEMAK: mucks hand
stronghawk collected $41.50 from pot
*** SUMMARY ***
Total pot $42 | Rake $0.50
Board [3s 8s 6h 8d Ah]
Seat 2: CTPEMAK (button) (small blind) mucked
Seat 3: stronghawk (big blind) showed [Ad 6c] and won ($41.50) with two pair, Aces and Eights


PokerStars Hand #145519642110:  Hold'em Limit ($3/$6 USD) - 2015/12/18 3:37:41 ET
Table 'Mnemosyne' 6-max Seat #3 is the button
Seat 2: CTPEMAK ($32.81 in chips)
Seat 3: stronghawk ($157.42 in chips)
stronghawk: posts small blind $1
CTPEMAK: posts big blind $3
*** HOLE CARDS ***
stronghawk: folds
Uncalled bet ($2) returned to CTPEMAK
parnishka11 joins the table at seat #4
CTPEMAK collected $2 from pot
*** SUMMARY ***
Total pot $2 | Rake $0
Seat 2: CTPEMAK (big blind) collected ($2)
Seat 3: stronghawk (button) (small blind) folded before Flop


PokerStars Hand #145519643678:  Hold'em Limit ($3/$6 USD) - 2015/12/18 3:37:46 ET
Table 'Mnemosyne' 6-max Seat #2 is the button
Seat 2: CTPEMAK ($33.81 in chips)
Seat 3: stronghawk ($156.42 in chips)
CTPEMAK: posts small blind $1
stronghawk: posts big blind $3
*** HOLE CARDS ***
CTPEMAK: raises $3 to $6
stronghawk: calls $3
*** FLOP *** [6h 7s 5c]
stronghawk: checks
CTPEMAK: bets $3
stronghawk: raises $3 to $6
CTPEMAK: folds
Uncalled bet ($3) returned to stronghawk
stronghawk collected $17.64 from pot
stronghawk: doesn't show hand
*** SUMMARY ***
Total pot $18 | Rake $0.36
Board [6h 7s 5c]
Seat 2: CTPEMAK (button) (small blind) folded on the Flop
Seat 3: stronghawk (big blind) collected ($17.64)


