PokerStars Hand #148367233970:  Hold'em Limit ($3/$6 USD) - 2016/02/06 20:38:39 ET
Table 'Mnemosyne II' 6-max Seat #5 is the button
Seat 5: hairy1961 ($13.47 in chips)
Seat 6: ToDaFelt ($230.43 in chips)
hairy1961: posts small blind $1
ToDaFelt: posts big blind $3
*** HOLE CARDS ***
hairy1961: folds
Uncalled bet ($2) returned to ToDaFelt
ToDaFelt collected $2 from pot
ToDaFelt: doesn't show hand
*** SUMMARY ***
Total pot $2 | Rake $0
Seat 5: hairy1961 (button) (small blind) folded before Flop
Seat 6: ToDaFelt (big blind) collected ($2)


PokerStars Hand #148367237912:  Hold'em Limit ($3/$6 USD) - 2016/02/06 20:38:46 ET
Table 'Mnemosyne II' 6-max Seat #6 is the button
Seat 5: hairy1961 ($12.47 in chips)
Seat 6: ToDaFelt ($231.43 in chips)
ToDaFelt: posts small blind $1
hairy1961: posts big blind $3
*** HOLE CARDS ***
ToDaFelt: raises $3 to $6
hairy1961: calls $3
*** FLOP *** [Jc 3s 3h]
hairy1961: checks
ToDaFelt: bets $3
hairy1961: calls $3
*** TURN *** [Jc 3s 3h] [2d]
hairy1961: bets $3.47 and is all-in
ToDaFelt: calls $3.47
*** RIVER *** [Jc 3s 3h 2d] [9d]
*** SHOW DOWN ***
hairy1961: shows [8s 3d] (three of a kind, Threes)
ToDaFelt: mucks hand
hairy1961 collected $24.44 from pot
*** SUMMARY ***
Total pot $24.94 | Rake $0.50
Board [Jc 3s 3h 2d 9d]
Seat 5: hairy1961 (big blind) showed [8s 3d] and won ($24.44) with three of a kind, Threes
Seat 6: ToDaFelt (button) (small blind) mucked


PokerStars Hand #148367253019:  Hold'em Limit ($3/$6 USD) - 2016/02/06 20:39:14 ET
Table 'Mnemosyne II' 6-max Seat #5 is the button
Seat 5: hairy1961 ($24.44 in chips)
Seat 6: ToDaFelt ($218.96 in chips)
hairy1961: posts small blind $1
ToDaFelt: posts big blind $3
*** HOLE CARDS ***
hairy1961: raises $3 to $6
ToDaFelt: calls $3
*** FLOP *** [Ts 4s 9s]
ToDaFelt: checks
hairy1961: bets $3
ToDaFelt: folds
Uncalled bet ($3) returned to hairy1961
hairy1961 collected $11.76 from pot
*** SUMMARY ***
Total pot $12 | Rake $0.24
Board [Ts 4s 9s]
Seat 5: hairy1961 (button) (small blind) collected ($11.76)
Seat 6: ToDaFelt (big blind) folded on the Flop


PokerStars Hand #148367265536:  Hold'em Limit ($3/$6 USD) - 2016/02/06 20:39:37 ET
Table 'Mnemosyne II' 6-max Seat #5 is the button
Seat 5: hairy1961 ($31.20 in chips)
Seat 6: ToDaFelt ($211.96 in chips)
hairy1961: posts small blind $1
ToDaFelt: posts big blind $3
*** HOLE CARDS ***
hairy1961: raises $3 to $6
ToDaFelt: calls $3
*** FLOP *** [3s Jc 6d]
ToDaFelt: checks
hairy1961: bets $3
ToDaFelt: raises $3 to $6
hairy1961: calls $3
*** TURN *** [3s Jc 6d] [Kh]
ToDaFelt: bets $6
hairy1961: calls $6
*** RIVER *** [3s Jc 6d Kh] [6c]
ToDaFelt: bets $6
hairy1961: calls $6
*** SHOW DOWN ***
ToDaFelt: shows [Jd 9s] (two pair, Jacks and Sixes)
hairy1961: mucks hand
ToDaFelt collected $47.50 from pot
*** SUMMARY ***
Total pot $48 | Rake $0.50
Board [3s Jc 6d Kh 6c]
Seat 5: hairy1961 (button) (small blind) mucked
Seat 6: ToDaFelt (big blind) showed [Jd 9s] and won ($47.50) with two pair, Jacks and Sixes


PokerStars Hand #148367281061:  Hold'em Limit ($3/$6 USD) - 2016/02/06 20:40:06 ET
Table 'Mnemosyne II' 6-max Seat #6 is the button
Seat 5: hairy1961 ($7.20 in chips)
Seat 6: ToDaFelt ($235.46 in chips)
ToDaFelt: posts small blind $1
hairy1961: posts big blind $3
*** HOLE CARDS ***
ToDaFelt: raises $3 to $6
hairy1961: raises $1.20 to $7.20 and is all-in
ToDaFelt: calls $1.20
*** FLOP *** [5c 3c As]
*** TURN *** [5c 3c As] [9h]
*** RIVER *** [5c 3c As 9h] [8h]
*** SHOW DOWN ***
hairy1961: shows [5s 8c] (two pair, Eights and Fives)
ToDaFelt: mucks hand
hairy1961 collected $14.11 from pot
*** SUMMARY ***
Total pot $14.40 | Rake $0.29
Board [5c 3c As 9h 8h]
Seat 5: hairy1961 (big blind) showed [5s 8c] and won ($14.11) with two pair, Eights and Fives
Seat 6: ToDaFelt (button) (small blind) mucked


PokerStars Hand #148367292672:  Hold'em Limit ($3/$6 USD) - 2016/02/06 20:40:28 ET
Table 'Mnemosyne II' 6-max Seat #6 is the button
Seat 5: hairy1961 ($13.11 in chips)
Seat 6: ToDaFelt ($229.26 in chips)
ToDaFelt: posts small blind $1
hairy1961: posts big blind $3
*** HOLE CARDS ***
ToDaFelt: raises $3 to $6
hairy1961: calls $3
*** FLOP *** [8d 7s 9h]
hairy1961: checks
ToDaFelt: bets $3
hairy1961: raises $3 to $6
ToDaFelt: raises $3 to $9
hairy1961: calls $1.11 and is all-in
Uncalled bet ($1.89) returned to ToDaFelt
*** TURN *** [8d 7s 9h] [As]
*** RIVER *** [8d 7s 9h As] [Td]
*** SHOW DOWN ***
hairy1961: shows [Qh 4s] (high card Ace)
ToDaFelt: shows [9c Ah] (two pair, Aces and Nines)
ToDaFelt collected $25.72 from pot
*** SUMMARY ***
Total pot $26.22 | Rake $0.50
Board [8d 7s 9h As Td]
Seat 5: hairy1961 (big blind) showed [Qh 4s] and lost with high card Ace
Seat 6: ToDaFelt (button) (small blind) showed [9c Ah] and won ($25.72) with two pair, Aces and Nines


