PokerStars Hand #152431441271:  Hold'em Limit ($3/$6 USD) - 2016/04/25 13:16:34 ET
Table 'Mnesthus III' 6-max Seat #2 is the button
Seat 2: AA_ILI ($233.67 in chips)
Seat 4: AzureCaper ($75 in chips)
AA_ILI: posts small blind $1
AzureCaper: posts big blind $3
*** HOLE CARDS ***
AA_ILI: calls $2
AzureCaper: checks
*** FLOP *** [8h 5c 5h]
AzureCaper: checks
AA_ILI: checks
*** TURN *** [8h 5c 5h] [Jd]
AzureCaper: checks
AA_ILI: bets $6
AzureCaper: folds
Uncalled bet ($6) returned to AA_ILI
AA_ILI collected $5.88 from pot
*** SUMMARY ***
Total pot $6 | Rake $0.12
Board [8h 5c 5h Jd]
Seat 2: AA_ILI (button) (small blind) collected ($5.88)
Seat 4: AzureCaper (big blind) folded on the Turn


PokerStars Hand #152431428766:  Hold'em Limit ($3/$6 USD) - 2016/04/25 13:16:19 ET
Table 'Mnesthus III' 6-max Seat #2 is the button
Seat 2: AA_ILI ($233.67 in chips)
Seat 4: AzureCaper ($75 in chips)
AA_ILI: posts small blind $1
AzureCaper: posts big blind $3
*** HOLE CARDS ***
AA_ILI: raises $3 to $6
AzureCaper: folds
Uncalled bet ($3) returned to AA_ILI
AA_ILI collected $6 from pot
*** SUMMARY ***
Total pot $6 | Rake $0
Seat 2: AA_ILI (button) (small blind) collected ($6)
Seat 4: AzureCaper (big blind) folded before Flop


PokerStars Hand #152431409967:  Hold'em Limit ($3/$6 USD) - 2016/04/25 13:15:57 ET
Table 'Mnesthus III' 6-max Seat #2 is the button
Seat 2: AA_ILI ($228.03 in chips)
Seat 4: AzureCaper ($72 in chips)
AA_ILI: posts small blind $1
Heintje8: is sitting out
AzureCaper: posts big blind $3
*** HOLE CARDS ***
AA_ILI: calls $2
AzureCaper: raises $3 to $6
Heintje8 leaves the table
AA_ILI: calls $3
*** FLOP *** [As Qd 7h]
AzureCaper: bets $3
AA_ILI: raises $3 to $6
AzureCaper: folds
Uncalled bet ($3) returned to AA_ILI
AA_ILI collected $17.64 from pot
*** SUMMARY ***
Total pot $18 | Rake $0.36
Board [As Qd 7h]
Seat 2: AA_ILI (button) (small blind) collected ($17.64)
Seat 4: AzureCaper (big blind) folded on the Flop


PokerStars Hand #152431478814:  Hold'em Limit ($3/$6 USD) - 2016/04/25 13:17:18 ET
Table 'Mnesthus III' 6-max Seat #4 is the button
Seat 2: AA_ILI ($250.05 in chips)
Seat 4: AzureCaper ($73 in chips)
AzureCaper: posts small blind $1
AA_ILI: posts big blind $3
*** HOLE CARDS ***
AzureCaper: raises $3 to $6
AA_ILI: calls $3
*** FLOP *** [4c 6s Ah]
AA_ILI: checks
AzureCaper: bets $3
AA_ILI: raises $3 to $6
AzureCaper: folds
Uncalled bet ($3) returned to AA_ILI
AA_ILI collected $17.64 from pot
*** SUMMARY ***
Total pot $18 | Rake $0.36
Board [4c 6s Ah]
Seat 2: AA_ILI (big blind) collected ($17.64)
Seat 4: AzureCaper (button) (small blind) folded on the Flop


PokerStars Hand #152431472417:  Hold'em Limit ($3/$6 USD) - 2016/04/25 13:17:11 ET
Table 'Mnesthus III' 6-max Seat #2 is the button
Seat 2: AA_ILI ($251.05 in chips)
Seat 4: AzureCaper ($72 in chips)
AA_ILI: posts small blind $1
AzureCaper: posts big blind $3
*** HOLE CARDS ***
AA_ILI: folds
Uncalled bet ($2) returned to AzureCaper
AzureCaper collected $2 from pot
AzureCaper: doesn't show hand
*** SUMMARY ***
Total pot $2 | Rake $0
Seat 2: AA_ILI (button) (small blind) folded before Flop
Seat 4: AzureCaper (big blind) collected ($2)


PokerStars Hand #152431454728:  Hold'em Limit ($3/$6 USD) - 2016/04/25 13:16:50 ET
Table 'Mnesthus III' 6-max Seat #4 is the button
Seat 2: AA_ILI ($236.55 in chips)
Seat 4: AzureCaper ($72 in chips)
AzureCaper: posts small blind $1
AA_ILI: posts big blind $3
*** HOLE CARDS ***
AzureCaper: raises $3 to $6
AA_ILI: calls $3
*** FLOP *** [7h Ad 5d]
AA_ILI: checks
AzureCaper: bets $3
AA_ILI: calls $3
*** TURN *** [7h Ad 5d] [Qs]
AA_ILI: checks
AzureCaper: bets $6
AA_ILI: calls $6
*** RIVER *** [7h Ad 5d Qs] [4h]
AA_ILI: checks
AzureCaper: checks
*** SHOW DOWN ***
AA_ILI: shows [Qh Td] (a pair of Queens)
AzureCaper: mucks hand
AA_ILI collected $29.50 from pot
*** SUMMARY ***
Total pot $30 | Rake $0.50
Board [7h Ad 5d Qs 4h]
Seat 2: AA_ILI (big blind) showed [Qh Td] and won ($29.50) with a pair of Queens
Seat 4: AzureCaper (button) (small blind) mucked


PokerStars Hand #152431530377:  Hold'em Limit ($3/$6 USD) - 2016/04/25 13:18:19 ET
Table 'Mnesthus III' 6-max Seat #2 is the button
Seat 2: AA_ILI ($306.19 in chips)
Seat 4: AzureCaper ($72 in chips)
AA_ILI: posts small blind $1
AzureCaper: posts big blind $3
*** HOLE CARDS ***
AA_ILI: calls $2
AzureCaper: raises $3 to $6
AA_ILI: calls $3
*** FLOP *** [Ts 3c 2d]
AzureCaper: bets $3
AA_ILI: raises $3 to $6
AzureCaper: calls $3
*** TURN *** [Ts 3c 2d] [Tc]
AzureCaper: checks
AA_ILI: bets $6
AzureCaper: folds
Uncalled bet ($6) returned to AA_ILI
AA_ILI collected $23.52 from pot
*** SUMMARY ***
Total pot $24 | Rake $0.48
Board [Ts 3c 2d Tc]
Seat 2: AA_ILI (button) (small blind) collected ($23.52)
Seat 4: AzureCaper (big blind) folded on the Turn


PokerStars Hand #152431508691:  Hold'em Limit ($3/$6 USD) - 2016/04/25 13:17:54 ET
Table 'Mnesthus III' 6-max Seat #4 is the button
Seat 2: AA_ILI ($252.69 in chips)
Seat 4: AzureCaper ($77.76 in chips)
AzureCaper: posts small blind $1
AA_ILI: posts big blind $3
*** HOLE CARDS ***
AzureCaper: raises $3 to $6
AA_ILI: calls $3
*** FLOP *** [7s 9s Qh]
AA_ILI: checks
AzureCaper: bets $3
AA_ILI: raises $3 to $6
AzureCaper: calls $3
*** TURN *** [7s 9s Qh] [6c]
AA_ILI: bets $6
AzureCaper: raises $6 to $12
AA_ILI: raises $6 to $18
AzureCaper: raises $6 to $24
Betting is capped
AA_ILI: calls $6
*** RIVER *** [7s 9s Qh 6c] [2d]
AA_ILI: bets $6
AzureCaper: raises $6 to $12
AA_ILI: raises $6 to $18
AzureCaper: calls $6
*** SHOW DOWN ***
AA_ILI: shows [Th 8s] (a straight, Six to Ten)
AzureCaper: mucks hand
AA_ILI collected $107.50 from pot
*** SUMMARY ***
Total pot $108 | Rake $0.50
Board [7s 9s Qh 6c 2d]
Seat 2: AA_ILI (big blind) showed [Th 8s] and won ($107.50) with a straight, Six to Ten
Seat 4: AzureCaper (button) (small blind) mucked


PokerStars Hand #152431548310:  Hold'em Limit ($3/$6 USD) - 2016/04/25 13:18:40 ET
Table 'Mnesthus III' 6-max Seat #4 is the button
Seat 2: AA_ILI ($317.71 in chips)
Seat 4: AzureCaper ($72 in chips)
AzureCaper: posts small blind $1
AA_ILI: posts big blind $3
*** HOLE CARDS ***
AzureCaper: raises $3 to $6
AA_ILI: calls $3
*** FLOP *** [8d 3c 3d]
AA_ILI: checks
AzureCaper: bets $3
AA_ILI: calls $3
*** TURN *** [8d 3c 3d] [9h]
AA_ILI: checks
AzureCaper: bets $6
AA_ILI: calls $6
*** RIVER *** [8d 3c 3d 9h] [Kc]
AA_ILI: checks
AzureCaper: bets $6
AA_ILI: folds
Uncalled bet ($6) returned to AzureCaper
AA_ILI leaves the table
AzureCaper collected $29.50 from pot
AzureCaper: doesn't show hand
*** SUMMARY ***
Total pot $30 | Rake $0.50
Board [8d 3c 3d 9h Kc]
Seat 2: AA_ILI (big blind) folded on the River
Seat 4: AzureCaper (button) (small blind) collected ($29.50)


