PokerStars Hand #153443747193:  Hold'em Limit ($3/$6 USD) - 2016/05/17 10:21:18 ET
Table 'Mocia' 6-max Seat #4 is the button
Seat 2: Tryptamean ($134.27 in chips)
Seat 4: Krazy90 ($122 in chips)
Krazy90: posts small blind $1
Tryptamean: posts big blind $3
*** HOLE CARDS ***
Krazy90: raises $3 to $6
Tryptamean: calls $3
*** FLOP *** [2c Qc Jc]
Tryptamean: checks
Krazy90: bets $3
liolilove leaves the table
Tryptamean: folds
Uncalled bet ($3) returned to Krazy90
Krazy90 collected $11.76 from pot
Krazy90: doesn't show hand
*** SUMMARY ***
Total pot $12 | Rake $0.24
Board [2c Qc Jc]
Seat 2: Tryptamean (big blind) folded on the Flop
Seat 4: Krazy90 (button) (small blind) collected ($11.76)


PokerStars Hand #153443909799:  Hold'em Limit ($3/$6 USD) - 2016/05/17 10:25:32 ET
Table 'Mocia' 6-max Seat #2 is the button
Seat 2: Tryptamean ($128.27 in chips)
Seat 4: Krazy90 ($127.76 in chips)
Krazy90 said, "Tryptamean r nick ?"
Tryptamean: posts small blind $1
Krazy90: posts big blind $3
*** HOLE CARDS ***
Tryptamean said, "yes"
Tryptamean: raises $3 to $6
Krazy90 said, "2 hands now ?"
Krazy90: calls $3
*** FLOP *** [2c 3h Qh]
Krazy90: checks
Tryptamean said, "looks like you dont have much choice :D"
Tryptamean: bets $3
Krazy90: raises $3 to $6
Tryptamean: calls $3
*** TURN *** [2c 3h Qh] [6c]
Krazy90: bets $6
Tryptamean: calls $6
*** RIVER *** [2c 3h Qh 6c] [2s]
Krazy90: checks
Tryptamean: checks
*** SHOW DOWN ***
Krazy90: shows [7h 8h] (a pair of Deuces)
Tryptamean: shows [7c As] (a pair of Deuces - Ace kicker)
Tryptamean collected $35.50 from pot
*** SUMMARY ***
Total pot $36 | Rake $0.50
Board [2c 3h Qh 6c 2s]
Seat 2: Tryptamean (button) (small blind) showed [7c As] and won ($35.50) with a pair of Deuces
Seat 4: Krazy90 (big blind) showed [7h 8h] and lost with a pair of Deuces


PokerStars Hand #153443965534:  Hold'em Limit ($3/$6 USD) - 2016/05/17 10:27:02 ET
Table 'Mocia' 6-max Seat #4 is the button
Seat 2: Tryptamean ($145.77 in chips)
Seat 4: Krazy90 ($120 in chips)
Krazy90: posts small blind $1
Tryptamean: posts big blind $3
*** HOLE CARDS ***
Krazy90: folds
Uncalled bet ($2) returned to Tryptamean
Tryptamean collected $2 from pot
Tryptamean: doesn't show hand
*** SUMMARY ***
Total pot $2 | Rake $0
Seat 2: Tryptamean (big blind) collected ($2)
Seat 4: Krazy90 (button) (small blind) folded before Flop


