PokerStars Hand #153816942709:  Hold'em Limit ($3/$6 USD) - 2016/05/25 8:36:47 ET
Table 'Mocia II' 6-max Seat #6 is the button
Seat 3: Tryptamean ($120 in chips)
Seat 6: xKartx ($65.44 in chips)
xKartx: posts small blind $1
Tryptamean: posts big blind $3
*** HOLE CARDS ***
xKartx: raises $3 to $6
Tryptamean: calls $3
*** FLOP *** [3c 5h 2d]
Tryptamean: checks
xKartx: bets $3
Tryptamean: calls $3
*** TURN *** [3c 5h 2d] [8d]
Tryptamean: checks
xKartx: bets $6
Tryptamean: raises $6 to $12
xKartx: calls $6
*** RIVER *** [3c 5h 2d 8d] [8c]
Tryptamean: bets $6
xKartx: calls $6
*** SHOW DOWN ***
Tryptamean: shows [8s 7c] (three of a kind, Eights)
xKartx: mucks hand
LolDnkaments joins the table at seat #1
Tryptamean collected $53.50 from pot
*** SUMMARY ***
Total pot $54 | Rake $0.50
Board [3c 5h 2d 8d 8c]
Seat 3: Tryptamean (big blind) showed [8s 7c] and won ($53.50) with three of a kind, Eights
Seat 6: xKartx (button) (small blind) mucked


PokerStars Hand #153816965163:  Hold'em Limit ($3/$6 USD) - 2016/05/25 8:37:31 ET
Table 'Mocia II' 6-max Seat #3 is the button
Seat 3: Tryptamean ($146.50 in chips)
Seat 6: xKartx ($38.44 in chips)
Tryptamean: posts small blind $1
xKartx: posts big blind $3
*** HOLE CARDS ***
Tryptamean: raises $3 to $6
xKartx: folds
Uncalled bet ($3) returned to Tryptamean
Tryptamean collected $6 from pot
Tryptamean: doesn't show hand
*** SUMMARY ***
Total pot $6 | Rake $0
Seat 3: Tryptamean (button) (small blind) collected ($6)
Seat 6: xKartx (big blind) folded before Flop


PokerStars Hand #153817338518:  Hold'em Limit ($3/$6 USD) - 2016/05/25 8:49:15 ET
Table 'Mocia II' 6-max Seat #5 is the button
Seat 3: Tryptamean ($201.63 in chips)
Seat 5: ChawkDee ($100.76 in chips)
ChawkDee: posts small blind $1
Tryptamean: posts big blind $3
*** HOLE CARDS ***
ChawkDee: folds
Uncalled bet ($2) returned to Tryptamean
Tryptamean collected $2 from pot
Tryptamean: doesn't show hand
*** SUMMARY ***
Total pot $2 | Rake $0
Seat 3: Tryptamean (big blind) collected ($2)
Seat 5: ChawkDee (button) (small blind) folded before Flop


PokerStars Hand #153817327736:  Hold'em Limit ($3/$6 USD) - 2016/05/25 8:48:54 ET
Table 'Mocia II' 6-max Seat #3 is the button
Seat 3: Tryptamean ($207.63 in chips)
Seat 5: ChawkDee ($95 in chips)
Tryptamean: posts small blind $1
ChawkDee: posts big blind $3
*** HOLE CARDS ***
Tryptamean: raises $3 to $6
ChawkDee: calls $3
*** FLOP *** [4s 7s 2d]
FreakyWeirdo leaves the table
ChawkDee: checks
Tryptamean: checks
*** TURN *** [4s 7s 2d] [Ks]
ChawkDee: bets $6
Tryptamean: folds
Uncalled bet ($6) returned to ChawkDee
ChawkDee collected $11.76 from pot
ChawkDee: doesn't show hand
*** SUMMARY ***
Total pot $12 | Rake $0.24
Board [4s 7s 2d Ks]
Seat 3: Tryptamean (button) (small blind) folded on the Turn
Seat 5: ChawkDee (big blind) collected ($11.76)


PokerStars Hand #153817312987:  Hold'em Limit ($3/$6 USD) - 2016/05/25 8:48:26 ET
Table 'Mocia II' 6-max Seat #5 is the button
Seat 3: Tryptamean ($198.99 in chips)
Seat 5: ChawkDee ($104 in chips)
ChawkDee: posts small blind $1
FreakyWeirdo: is sitting out
Tryptamean: posts big blind $3
*** HOLE CARDS ***
ChawkDee: raises $3 to $6
Tryptamean: raises $3 to $9
ChawkDee: calls $3
*** FLOP *** [Jc 3c Th]
Tryptamean: bets $3
ChawkDee: folds
Uncalled bet ($3) returned to Tryptamean
Tryptamean collected $17.64 from pot
Tryptamean: doesn't show hand
*** SUMMARY ***
Total pot $18 | Rake $0.36
Board [Jc 3c Th]
Seat 3: Tryptamean (big blind) collected ($17.64)
Seat 5: ChawkDee (button) (small blind) folded on the Flop


PokerStars Hand #153817360174:  Hold'em Limit ($3/$6 USD) - 2016/05/25 8:49:56 ET
Table 'Mocia II' 6-max Seat #5 is the button
Seat 3: Tryptamean ($181.63 in chips)
Seat 5: ChawkDee ($120.26 in chips)
ChawkDee: posts small blind $1
Tryptamean: posts big blind $3
*** HOLE CARDS ***
ChawkDee: folds
Uncalled bet ($2) returned to Tryptamean
Tryptamean collected $2 from pot
Tryptamean: doesn't show hand
*** SUMMARY ***
Total pot $2 | Rake $0
Seat 3: Tryptamean (big blind) collected ($2)
Seat 5: ChawkDee (button) (small blind) folded before Flop


PokerStars Hand #153817342018:  Hold'em Limit ($3/$6 USD) - 2016/05/25 8:49:21 ET
Table 'Mocia II' 6-max Seat #3 is the button
Seat 3: Tryptamean ($202.63 in chips)
Seat 5: ChawkDee ($99.76 in chips)
Tryptamean: posts small blind $1
ChawkDee: posts big blind $3
*** HOLE CARDS ***
Tryptamean: raises $3 to $6
ChawkDee: calls $3
*** FLOP *** [8d 4c 5d]
ChawkDee: checks
Tryptamean: bets $3
ChawkDee: calls $3
*** TURN *** [8d 4c 5d] [6s]
ChawkDee: bets $6
Tryptamean: calls $6
*** RIVER *** [8d 4c 5d 6s] [As]
ChawkDee: bets $6
Tryptamean: calls $6
*** SHOW DOWN ***
ChawkDee: shows [7s Js] (a straight, Four to Eight)
Tryptamean: mucks hand
ChawkDee collected $41.50 from pot
*** SUMMARY ***
Total pot $42 | Rake $0.50
Board [8d 4c 5d 6s As]
Seat 3: Tryptamean (button) (small blind) mucked
Seat 5: ChawkDee (big blind) showed [7s Js] and won ($41.50) with a straight, Four to Eight


