PokerStars Hand #149982403796:  Hold'em Limit ($3/$6 USD) - 2016/03/07 10:24:25 ET
Table 'Modestia III' 6-max Seat #1 is the button
Seat 1: maksi670 ($47.73 in chips)
Seat 3: SmellyToes4u ($79.78 in chips)
maksi670: posts small blind $1
SmellyToes4u: posts big blind $3
*** HOLE CARDS ***
maksi670: folds
Uncalled bet ($2) returned to SmellyToes4u
SmellyToes4u collected $2 from pot
SmellyToes4u: doesn't show hand
*** SUMMARY ***
Total pot $2 | Rake $0
Seat 1: maksi670 (button) (small blind) folded before Flop
Seat 3: SmellyToes4u (big blind) collected ($2)


PokerStars Hand #149982407053:  Hold'em Limit ($3/$6 USD) - 2016/03/07 10:24:30 ET
Table 'Modestia III' 6-max Seat #3 is the button
Seat 1: maksi670 ($46.73 in chips)
Seat 3: SmellyToes4u ($80.78 in chips)
SmellyToes4u: posts small blind $1
maksi670: posts big blind $3
*** HOLE CARDS ***
SmellyToes4u: raises $3 to $6
maksi670: raises $3 to $9
SmellyToes4u: calls $3
*** FLOP *** [As Th 5s]
maksi670: bets $3
SmellyToes4u: calls $3
*** TURN *** [As Th 5s] [8s]
maksi670: bets $6
SmellyToes4u: folds
Uncalled bet ($6) returned to maksi670
maksi670 collected $23.52 from pot
*** SUMMARY ***
Total pot $24 | Rake $0.48
Board [As Th 5s 8s]
Seat 1: maksi670 (big blind) collected ($23.52)
Seat 3: SmellyToes4u (button) (small blind) folded on the Turn


PokerStars Hand #149982425436:  Hold'em Limit ($3/$6 USD) - 2016/03/07 10:24:56 ET
Table 'Modestia III' 6-max Seat #1 is the button
Seat 1: maksi670 ($58.25 in chips)
Seat 3: SmellyToes4u ($68.78 in chips)
maksi670: posts small blind $1
SmellyToes4u: posts big blind $3
*** HOLE CARDS ***
maksi670: calls $2
SmellyToes4u: raises $3 to $6
maksi670: calls $3
*** FLOP *** [2s Th 3d]
SmellyToes4u: bets $3
maksi670: calls $3
*** TURN *** [2s Th 3d] [Jd]
SmellyToes4u: bets $6
maksi670: folds
Uncalled bet ($6) returned to SmellyToes4u
SmellyToes4u collected $17.64 from pot
SmellyToes4u: doesn't show hand
*** SUMMARY ***
Total pot $18 | Rake $0.36
Board [2s Th 3d Jd]
Seat 1: maksi670 (button) (small blind) folded on the Turn
Seat 3: SmellyToes4u (big blind) collected ($17.64)


PokerStars Hand #149982438903:  Hold'em Limit ($3/$6 USD) - 2016/03/07 10:25:15 ET
Table 'Modestia III' 6-max Seat #3 is the button
Seat 1: maksi670 ($49.25 in chips)
Seat 3: SmellyToes4u ($77.42 in chips)
SmellyToes4u: posts small blind $1
maksi670: posts big blind $3
*** HOLE CARDS ***
SmellyToes4u: raises $3 to $6
maksi670: calls $3
*** FLOP *** [Ks 7s 2h]
maksi670: checks
SmellyToes4u: bets $3
maksi670: calls $3
*** TURN *** [Ks 7s 2h] [9s]
maksi670: checks
SmellyToes4u: bets $6
maksi670: raises $6 to $12
Hi Im Alexey joins the table at seat #2
SmellyToes4u: folds
Uncalled bet ($6) returned to maksi670
maksi670 collected $29.50 from pot
*** SUMMARY ***
Total pot $30 | Rake $0.50
Board [Ks 7s 2h 9s]
Seat 1: maksi670 (big blind) collected ($29.50)
Seat 3: SmellyToes4u (button) (small blind) folded on the Turn


PokerStars Hand #149983185674:  Hold'em Limit ($3/$6 USD) - 2016/03/07 10:42:35 ET
Table 'Modestia III' 6-max Seat #3 is the button
Seat 3: SmellyToes4u ($101.54 in chips)
Seat 5: e4115ulb ($120.52 in chips)
SmellyToes4u: posts small blind $1
e4115ulb: posts big blind $3
*** HOLE CARDS ***
SmellyToes4u: folds
Uncalled bet ($2) returned to e4115ulb
e4115ulb collected $2 from pot
*** SUMMARY ***
Total pot $2 | Rake $0
Seat 3: SmellyToes4u (button) (small blind) folded before Flop
Seat 5: e4115ulb (big blind) collected ($2)


PokerStars Hand #149983178007:  Hold'em Limit ($3/$6 USD) - 2016/03/07 10:42:24 ET
Table 'Modestia III' 6-max Seat #5 is the button
Seat 3: SmellyToes4u ($104.54 in chips)
Seat 5: e4115ulb ($117.52 in chips)
e4115ulb: posts small blind $1
Hi Im Alexey: is sitting out
SmellyToes4u: posts big blind $3
*** HOLE CARDS ***
e4115ulb: raises $3 to $6
Hi Im Alexey leaves the table
SmellyToes4u: folds
Uncalled bet ($3) returned to e4115ulb
e4115ulb collected $6 from pot
e4115ulb: doesn't show hand
*** SUMMARY ***
Total pot $6 | Rake $0
Seat 3: SmellyToes4u (big blind) folded before Flop
Seat 5: e4115ulb (button) (small blind) collected ($6)


