PokerStars Hand #151907756334:  Hold'em Limit ($3/$6 USD) - 2016/04/14 12:43:42 ET
Table 'Modestia II' 6-max Seat #5 is the button
Seat 4: ehavai ($66.10 in chips)
Seat 5: boony444 ($221.37 in chips)
boony444: posts small blind $1
smurfen22: is sitting out
ehavai: posts big blind $3
*** HOLE CARDS ***
boony444: raises $3 to $6
smurfen22 leaves the table
ehavai: calls $3
*** FLOP *** [8h Ks Ah]
ehavai: checks
boony444: bets $3
ehavai: folds
Uncalled bet ($3) returned to boony444
boony444 collected $11.76 from pot
boony444: doesn't show hand
*** SUMMARY ***
Total pot $12 | Rake $0.24
Board [8h Ks Ah]
Seat 4: ehavai (big blind) folded on the Flop
Seat 5: boony444 (button) (small blind) collected ($11.76)


PokerStars Hand #151907771632:  Hold'em Limit ($3/$6 USD) - 2016/04/14 12:44:03 ET
Table 'Modestia II' 6-max Seat #4 is the button
Seat 4: ehavai ($60.10 in chips)
Seat 5: boony444 ($227.13 in chips)
ehavai: posts small blind $1
boony444: posts big blind $3
*** HOLE CARDS ***
ehavai: folds
Uncalled bet ($2) returned to boony444
boony444 collected $2 from pot
boony444: doesn't show hand
*** SUMMARY ***
Total pot $2 | Rake $0
Seat 4: ehavai (button) (small blind) folded before Flop
Seat 5: boony444 (big blind) collected ($2)


