PokerStars Hand #151940619175:  Hold'em Limit ($3/$6 USD) - 2016/04/15 6:13:18 ET
Table 'Moguntia II' 6-max Seat #3 is the button
Seat 3: indyrgent93 ($30 in chips)
Seat 4: MTails ($120 in chips)
indyrgent93: posts small blind $1
MTails: posts big blind $3
*** HOLE CARDS ***
indyrgent93: folds
Uncalled bet ($2) returned to MTails
MTails collected $2 from pot
*** SUMMARY ***
Total pot $2 | Rake $0
Seat 3: indyrgent93 (button) (small blind) folded before Flop
Seat 4: MTails (big blind) collected ($2)


PokerStars Hand #151940637693:  Hold'em Limit ($3/$6 USD) - 2016/04/15 6:14:03 ET
Table 'Moguntia II' 6-max Seat #3 is the button
Seat 3: indyrgent93 ($49.50 in chips)
Seat 4: MTails ($100 in chips)
indyrgent93: posts small blind $1
MTails: posts big blind $3
*** HOLE CARDS ***
indyrgent93: folds
Uncalled bet ($2) returned to MTails
MTails collected $2 from pot
MTails: doesn't show hand
*** SUMMARY ***
Total pot $2 | Rake $0
Seat 3: indyrgent93 (button) (small blind) folded before Flop
Seat 4: MTails (big blind) collected ($2)


PokerStars Hand #151940642410:  Hold'em Limit ($3/$6 USD) - 2016/04/15 6:14:14 ET
Table 'Moguntia II' 6-max Seat #4 is the button
Seat 3: indyrgent93 ($48.50 in chips)
Seat 4: MTails ($101 in chips)
MTails: posts small blind $1
indyrgent93: posts big blind $3
*** HOLE CARDS ***
MTails: raises $3 to $6
indyrgent93: calls $3
*** FLOP *** [4c 5h Ts]
indyrgent93: checks
MTails: bets $3
indyrgent93: calls $3
*** TURN *** [4c 5h Ts] [7d]
indyrgent93: checks
MTails: bets $6
indyrgent93: folds
Uncalled bet ($6) returned to MTails
MTails collected $17.64 from pot
*** SUMMARY ***
Total pot $18 | Rake $0.36
Board [4c 5h Ts 7d]
Seat 3: indyrgent93 (big blind) folded on the Turn
Seat 4: MTails (button) (small blind) collected ($17.64)


PokerStars Hand #151940626752:  Hold'em Limit ($3/$6 USD) - 2016/04/15 6:13:37 ET
Table 'Moguntia II' 6-max Seat #4 is the button
Seat 3: indyrgent93 ($29 in chips)
Seat 4: MTails ($121 in chips)
MTails: posts small blind $1
indyrgent93: posts big blind $3
*** HOLE CARDS ***
MTails: raises $3 to $6
indyrgent93: calls $3
*** FLOP *** [2d 4h 5d]
indyrgent93: bets $3
MTails: calls $3
*** TURN *** [2d 4h 5d] [4d]
indyrgent93: bets $6
MTails: calls $6
*** RIVER *** [2d 4h 5d 4d] [6d]
indyrgent93: bets $6
MTails: calls $6
*** SHOW DOWN ***
indyrgent93: shows [3c Kc] (a straight, Deuce to Six)
MTails: mucks hand
indyrgent93 collected $41.50 from pot
*** SUMMARY ***
Total pot $42 | Rake $0.50
Board [2d 4h 5d 4d 6d]
Seat 3: indyrgent93 (big blind) showed [3c Kc] and won ($41.50) with a straight, Deuce to Six
Seat 4: MTails (button) (small blind) mucked


PokerStars Hand #151940652267:  Hold'em Limit ($3/$6 USD) - 2016/04/15 6:14:38 ET
Table 'Moguntia II' 6-max Seat #3 is the button
Seat 3: indyrgent93 ($39.50 in chips)
Seat 4: MTails ($109.64 in chips)
indyrgent93: posts small blind $1
MTails: posts big blind $3
*** HOLE CARDS ***
indyrgent93: calls $2
MTails: raises $3 to $6
indyrgent93: calls $3
*** FLOP *** [6d Jd Jh]
MTails: bets $3
indyrgent93: calls $3
*** TURN *** [6d Jd Jh] [4c]
MTails: bets $6
indyrgent93: calls $6
*** RIVER *** [6d Jd Jh 4c] [6h]
MTails: bets $6
indyrgent93: calls $6
*** SHOW DOWN ***
MTails: shows [4h Td] (two pair, Jacks and Sixes)
indyrgent93: shows [5d 6c] (a full house, Sixes full of Jacks)
indyrgent93 collected $41.50 from pot
*** SUMMARY ***
Total pot $42 | Rake $0.50
Board [6d Jd Jh 4c 6h]
Seat 3: indyrgent93 (button) (small blind) showed [5d 6c] and won ($41.50) with a full house, Sixes full of Jacks
Seat 4: MTails (big blind) showed [4h Td] and lost with two pair, Jacks and Sixes


PokerStars Hand #151940660999:  Hold'em Limit ($3/$6 USD) - 2016/04/15 6:14:59 ET
Table 'Moguntia II' 6-max Seat #4 is the button
Seat 3: indyrgent93 ($60 in chips)
Seat 4: MTails ($88.64 in chips)
MTails: posts small blind $1
indyrgent93: posts big blind $3
*** HOLE CARDS ***
MTails: folds
Uncalled bet ($2) returned to indyrgent93
indyrgent93 collected $2 from pot
*** SUMMARY ***
Total pot $2 | Rake $0
Seat 3: indyrgent93 (big blind) collected ($2)
Seat 4: MTails (button) (small blind) folded before Flop


PokerStars Hand #151940686308:  Hold'em Limit ($3/$6 USD) - 2016/04/15 6:15:59 ET
Table 'Moguntia II' 6-max Seat #4 is the button
Seat 3: indyrgent93 ($46 in chips)
Seat 4: MTails ($102.14 in chips)
MTails: posts small blind $1
indyrgent93: posts big blind $3
*** HOLE CARDS ***
MTails: raises $3 to $6
indyrgent93: calls $3
*** FLOP *** [5d 8h Tc]
indyrgent93: checks
MTails: bets $3
indyrgent93: calls $3
*** TURN *** [5d 8h Tc] [7c]
indyrgent93: checks
MTails: bets $6
indyrgent93: calls $6
*** RIVER *** [5d 8h Tc 7c] [Th]
indyrgent93: checks
MTails: bets $6
indyrgent93: raises $6 to $12
MTails: folds
Uncalled bet ($6) returned to indyrgent93
indyrgent93 collected $41.50 from pot
*** SUMMARY ***
Total pot $42 | Rake $0.50
Board [5d 8h Tc 7c Th]
Seat 3: indyrgent93 (big blind) collected ($41.50)
Seat 4: MTails (button) (small blind) folded on the River


PokerStars Hand #151940663191:  Hold'em Limit ($3/$6 USD) - 2016/04/15 6:15:04 ET
Table 'Moguntia II' 6-max Seat #3 is the button
Seat 3: indyrgent93 ($61 in chips)
Seat 4: MTails ($87.64 in chips)
indyrgent93: posts small blind $1
MTails: posts big blind $3
*** HOLE CARDS ***
indyrgent93 is connected
indyrgent93: calls $2
MTails: raises $3 to $6
indyrgent93: calls $3
*** FLOP *** [9d Ts 9h]
MTails: bets $3
indyrgent93: calls $3
*** TURN *** [9d Ts 9h] [3d]
MTails: bets $6
indyrgent93: calls $6
*** RIVER *** [9d Ts 9h 3d] [4c]
MTails: checks
indyrgent93: checks
*** SHOW DOWN ***
MTails: shows [2s Kc] (a pair of Nines)
indyrgent93: mucks hand
MTails collected $29.50 from pot
*** SUMMARY ***
Total pot $30 | Rake $0.50
Board [9d Ts 9h 3d 4c]
Seat 3: indyrgent93 (button) (small blind) mucked
Seat 4: MTails (big blind) showed [2s Kc] and won ($29.50) with a pair of Nines


PokerStars Hand #151940715645:  Hold'em Limit ($3/$6 USD) - 2016/04/15 6:17:08 ET
Table 'Moguntia II' 6-max Seat #3 is the button
Seat 3: indyrgent93 ($66.14 in chips)
Seat 4: MTails ($80.78 in chips)
indyrgent93: posts small blind $1
MTails: posts big blind $3
*** HOLE CARDS ***
indyrgent93: raises $3 to $6
MTails: calls $3
*** FLOP *** [Jh 2c 2d]
MTails: checks
indyrgent93: bets $3
MTails: raises $3 to $6
indyrgent93: calls $3
*** TURN *** [Jh 2c 2d] [Js]
MTails: bets $6
indyrgent93: calls $6
*** RIVER *** [Jh 2c 2d Js] [Ts]
MTails: bets $6
indyrgent93: calls $6
*** SHOW DOWN ***
MTails: shows [Jc 8h] (a full house, Jacks full of Deuces)
indyrgent93: mucks hand
MTails collected $47.50 from pot
*** SUMMARY ***
Total pot $48 | Rake $0.50
Board [Jh 2c 2d Js Ts]
Seat 3: indyrgent93 (button) (small blind) mucked
Seat 4: MTails (big blind) showed [Jc 8h] and won ($47.50) with a full house, Jacks full of Deuces


PokerStars Hand #151940707188:  Hold'em Limit ($3/$6 USD) - 2016/04/15 6:16:48 ET
Table 'Moguntia II' 6-max Seat #4 is the button
Seat 3: indyrgent93 ($57.50 in chips)
Seat 4: MTails ($89.78 in chips)
MTails: posts small blind $1
indyrgent93: posts big blind $3
*** HOLE CARDS ***
MTails: raises $3 to $6
indyrgent93: calls $3
*** FLOP *** [Td 6s As]
indyrgent93: checks
MTails: bets $3
indyrgent93: calls $3
*** TURN *** [Td 6s As] [3c]
indyrgent93: checks
MTails: checks
*** RIVER *** [Td 6s As 3c] [Ac]
indyrgent93: bets $6
MTails: folds
Uncalled bet ($6) returned to indyrgent93
indyrgent93 collected $17.64 from pot
*** SUMMARY ***
Total pot $18 | Rake $0.36
Board [Td 6s As 3c Ac]
Seat 3: indyrgent93 (big blind) collected ($17.64)
Seat 4: MTails (button) (small blind) folded on the River


PokerStars Hand #151940735752:  Hold'em Limit ($3/$6 USD) - 2016/04/15 6:17:55 ET
Table 'Moguntia II' 6-max Seat #3 is the button
Seat 3: indyrgent93 ($21.14 in chips)
Seat 4: MTails ($124.78 in chips)
indyrgent93: posts small blind $1
MTails: posts big blind $3
*** HOLE CARDS ***
indyrgent93: raises $3 to $6
MTails: raises $3 to $9
indyrgent93: calls $3
*** FLOP *** [Jh 8s Kd]
MTails: bets $3
indyrgent93: calls $3
*** TURN *** [Jh 8s Kd] [Jd]
MTails: checks
indyrgent93: bets $6
MTails: calls $6
*** RIVER *** [Jh 8s Kd Jd] [7c]
MTails: checks
indyrgent93: bets $3.14 and is all-in
MTails: calls $3.14
*** SHOW DOWN ***
indyrgent93: shows [6c Qc] (a pair of Jacks)
MTails: shows [9c Ad] (a pair of Jacks - Ace kicker)
MTails collected $41.78 from pot
*** SUMMARY ***
Total pot $42.28 | Rake $0.50
Board [Jh 8s Kd Jd 7c]
Seat 3: indyrgent93 (button) (small blind) showed [6c Qc] and lost with a pair of Jacks
Seat 4: MTails (big blind) showed [9c Ad] and won ($41.78) with a pair of Jacks


PokerStars Hand #151940725482:  Hold'em Limit ($3/$6 USD) - 2016/04/15 6:17:31 ET
Table 'Moguntia II' 6-max Seat #4 is the button
Seat 3: indyrgent93 ($42.14 in chips)
Seat 4: MTails ($104.28 in chips)
MTails: posts small blind $1
indyrgent93: posts big blind $3
*** HOLE CARDS ***
MTails: raises $3 to $6
indyrgent93: calls $3
*** FLOP *** [3d 8h 9h]
indyrgent93: checks
MTails: bets $3
indyrgent93: calls $3
*** TURN *** [3d 8h 9h] [Tc]
indyrgent93: checks
MTails: bets $6
indyrgent93: calls $6
*** RIVER *** [3d 8h 9h Tc] [2c]
indyrgent93: checks
MTails: bets $6
indyrgent93: calls $6
*** SHOW DOWN ***
MTails: shows [Ts Jd] (a pair of Tens)
indyrgent93: mucks hand
MTails collected $41.50 from pot
*** SUMMARY ***
Total pot $42 | Rake $0.50
Board [3d 8h 9h Tc 2c]
Seat 3: indyrgent93 (big blind) mucked
Seat 4: MTails (button) (small blind) showed [Ts Jd] and won ($41.50) with a pair of Tens


PokerStars Hand #151940755079:  Hold'em Limit ($3/$6 USD) - 2016/04/15 6:18:41 ET
Table 'Moguntia II' 6-max Seat #4 is the button
Seat 3: indyrgent93 ($30 in chips)
Seat 4: MTails ($145.42 in chips)
MTails: posts small blind $1
indyrgent93: posts big blind $3
*** HOLE CARDS ***
MTails: raises $3 to $6
indyrgent93: calls $3
*** FLOP *** [Ts 4c Ks]
indyrgent93: checks
MTails: bets $3
indyrgent93: calls $3
*** TURN *** [Ts 4c Ks] [Kh]
indyrgent93: checks
MTails: bets $6
indyrgent93: calls $6
*** RIVER *** [Ts 4c Ks Kh] [9c]
indyrgent93: checks
MTails: checks
*** SHOW DOWN ***
indyrgent93: shows [Ah 8d] (a pair of Kings)
MTails: shows [4h 9s] (two pair, Kings and Nines)
MTails collected $29.50 from pot
*** SUMMARY ***
Total pot $30 | Rake $0.50
Board [Ts 4c Ks Kh 9c]
Seat 3: indyrgent93 (big blind) showed [Ah 8d] and lost with a pair of Kings
Seat 4: MTails (button) (small blind) showed [4h 9s] and won ($29.50) with two pair, Kings and Nines


PokerStars Hand #151940770846:  Hold'em Limit ($3/$6 USD) - 2016/04/15 6:19:19 ET
Table 'Moguntia II' 6-max Seat #4 is the button
Seat 3: indyrgent93 ($29.50 in chips)
Seat 4: MTails ($144.92 in chips)
MTails: posts small blind $1
indyrgent93: posts big blind $3
*** HOLE CARDS ***
MTails: raises $3 to $6
indyrgent93: calls $3
*** FLOP *** [3h Ad 9c]
indyrgent93: checks
MTails: bets $3
indyrgent93: calls $3
*** TURN *** [3h Ad 9c] [As]
indyrgent93: checks
MTails: bets $6
indyrgent93: folds
Uncalled bet ($6) returned to MTails
MTails collected $17.64 from pot
*** SUMMARY ***
Total pot $18 | Rake $0.36
Board [3h Ad 9c As]
Seat 3: indyrgent93 (big blind) folded on the Turn
Seat 4: MTails (button) (small blind) collected ($17.64)


PokerStars Hand #151940763986:  Hold'em Limit ($3/$6 USD) - 2016/04/15 6:19:02 ET
Table 'Moguntia II' 6-max Seat #3 is the button
Seat 3: indyrgent93 ($15 in chips)
Seat 4: MTails ($159.92 in chips)
indyrgent93: posts small blind $1
MTails: posts big blind $3
*** HOLE CARDS ***
indyrgent93: raises $3 to $6
MTails: calls $3
*** FLOP *** [Th 4s Qc]
MTails: checks
indyrgent93: bets $3
MTails: raises $3 to $6
indyrgent93: calls $3
*** TURN *** [Th 4s Qc] [5s]
MTails: bets $6
indyrgent93: calls $3 and is all-in
Uncalled bet ($3) returned to MTails
*** RIVER *** [Th 4s Qc 5s] [Kd]
*** SHOW DOWN ***
MTails: shows [Js Ts] (a pair of Tens)
indyrgent93: shows [9d Kh] (a pair of Kings)
indyrgent93 collected $29.50 from pot
*** SUMMARY ***
Total pot $30 | Rake $0.50
Board [Th 4s Qc 5s Kd]
Seat 3: indyrgent93 (button) (small blind) showed [9d Kh] and won ($29.50) with a pair of Kings
Seat 4: MTails (big blind) showed [Js Ts] and lost with a pair of Tens


