PokerStars Hand #157124198402:  Hold'em Limit ($3/$6 USD) - 2016/08/10 20:22:37 ET
Table 'Moira' 6-max Seat #6 is the button
Seat 5: RaisemyNut$ ($84 in chips)
Seat 6: MissEKAmouse ($143.41 in chips)
MissEKAmouse: posts small blind $1
wobetting: is sitting out
RaisemyNut$: posts big blind $3
*** HOLE CARDS ***
wobetting leaves the table
MissEKAmouse: raises $3 to $6
RaisemyNut$: calls $3
*** FLOP *** [2h Jd 7s]
RaisemyNut$: checks
MissEKAmouse: bets $3
RaisemyNut$: raises $3 to $6
MissEKAmouse: folds
Uncalled bet ($3) returned to RaisemyNut$
RaisemyNut$ collected $17.64 from pot
RaisemyNut$: doesn't show hand
MissEKAmouse leaves the table
*** SUMMARY ***
Total pot $18 | Rake $0.36
Board [2h Jd 7s]
Seat 5: RaisemyNut$ (big blind) collected ($17.64)
Seat 6: MissEKAmouse (button) (small blind) folded on the Flop


PokerStars Hand #157124820070:  Hold'em Limit ($3/$6 USD) - 2016/08/10 20:46:14 ET
Table 'Moira' 6-max Seat #5 is the button
Seat 4: Brama Br ($120 in chips)
Seat 5: RaisemyNut$ ($92.64 in chips)
RaisemyNut$: posts small blind $1
Brama Br: posts big blind $3
*** HOLE CARDS ***
RaisemyNut$: raises $3 to $6
Brama Br: calls $3
*** FLOP *** [2d 7d Jh]
batman-K8 joins the table at seat #6
Brama Br: checks
RaisemyNut$: bets $3
Brama Br: folds
Uncalled bet ($3) returned to RaisemyNut$
RaisemyNut$ collected $11.76 from pot
RaisemyNut$: doesn't show hand
*** SUMMARY ***
Total pot $12 | Rake $0.24
Board [2d 7d Jh]
Seat 4: Brama Br (big blind) folded on the Flop
Seat 5: RaisemyNut$ (button) (small blind) collected ($11.76)


PokerStars Hand #157124829006:  Hold'em Limit ($3/$6 USD) - 2016/08/10 20:46:36 ET
Table 'Moira' 6-max Seat #4 is the button
Seat 4: Brama Br ($114 in chips)
Seat 5: RaisemyNut$ ($98.40 in chips)
Brama Br: posts small blind $1
RaisemyNut$: posts big blind $3
*** HOLE CARDS ***
Brama Br: raises $3 to $6
RaisemyNut$: raises $3 to $9
Brama Br: raises $3 to $12
Betting is capped
RaisemyNut$: calls $3
*** FLOP *** [Jc Th Js]
RaisemyNut$: checks
Brama Br: bets $3
RaisemyNut$: calls $3
*** TURN *** [Jc Th Js] [4c]
RaisemyNut$: checks
Brama Br: bets $6
RaisemyNut$: calls $6
*** RIVER *** [Jc Th Js 4c] [Jh]
RaisemyNut$: checks
Brama Br: bets $6
RaisemyNut$: calls $6
*** SHOW DOWN ***
Brama Br: shows [5d 5s] (a full house, Jacks full of Fives)
RaisemyNut$: mucks hand
Brama Br collected $53.50 from pot
*** SUMMARY ***
Total pot $54 | Rake $0.50
Board [Jc Th Js 4c Jh]
Seat 4: Brama Br (button) (small blind) showed [5d 5s] and won ($53.50) with a full house, Jacks full of Fives
Seat 5: RaisemyNut$ (big blind) mucked


PokerStars Hand #157130647478:  Hold'em Limit ($3/$6 USD) - 2016/08/11 2:27:18 ET
Table 'Moira' 6-max Seat #6 is the button
Seat 3: liolilove ($72 in chips)
Seat 6: Onkinator ($201 in chips)
Onkinator: posts small blind $1
liolilove: posts big blind $3
*** HOLE CARDS ***
Onkinator: raises $3 to $6
liolilove: folds
Uncalled bet ($3) returned to Onkinator
Onkinator collected $6 from pot
Onkinator: doesn't show hand
*** SUMMARY ***
Total pot $6 | Rake $0
Seat 3: liolilove (big blind) folded before Flop
Seat 6: Onkinator (button) (small blind) collected ($6)


PokerStars Hand #157130644384:  Hold'em Limit ($3/$6 USD) - 2016/08/11 2:27:04 ET
Table 'Moira' 6-max Seat #3 is the button
Seat 3: liolilove ($72 in chips)
Seat 6: Onkinator ($200 in chips)
liolilove: posts small blind $1
Onkinator: posts big blind $3
*** HOLE CARDS ***
liolilove: folds
Uncalled bet ($2) returned to Onkinator
Onkinator collected $2 from pot
Onkinator: doesn't show hand
*** SUMMARY ***
Total pot $2 | Rake $0
Seat 3: liolilove (button) (small blind) folded before Flop
Seat 6: Onkinator (big blind) collected ($2)


PokerStars Hand #157130667529:  Hold'em Limit ($3/$6 USD) - 2016/08/11 2:28:45 ET
Table 'Moira' 6-max Seat #3 is the button
Seat 3: liolilove ($80 in chips)
Seat 6: Onkinator ($213.28 in chips)
liolilove: posts small blind $1
Onkinator: posts big blind $3
*** HOLE CARDS ***
liolilove: raises $3 to $6
Onkinator: raises $3 to $9
liolilove: calls $3
*** FLOP *** [Kh 8c 3d]
Onkinator: bets $3
liolilove: calls $3
*** TURN *** [Kh 8c 3d] [4d]
Onkinator: bets $6
liolilove: raises $6 to $12
Onkinator: folds
Uncalled bet ($6) returned to liolilove
liolilove collected $35.50 from pot
liolilove: doesn't show hand
*** SUMMARY ***
Total pot $36 | Rake $0.50
Board [Kh 8c 3d 4d]
Seat 3: liolilove (button) (small blind) collected ($35.50)
Seat 6: Onkinator (big blind) folded on the Turn


PokerStars Hand #157130659667:  Hold'em Limit ($3/$6 USD) - 2016/08/11 2:28:11 ET
Table 'Moira' 6-max Seat #6 is the button
Seat 3: liolilove ($72 in chips)
Seat 6: Onkinator ($215.52 in chips)
Onkinator: posts small blind $1
liolilove: posts big blind $3
*** HOLE CARDS ***
Onkinator: raises $3 to $6
liolilove: calls $3
*** FLOP *** [7h 4c Ks]
liolilove: checks
Onkinator: bets $3
liolilove: folds
Uncalled bet ($3) returned to Onkinator
Onkinator collected $11.76 from pot
Onkinator: doesn't show hand
*** SUMMARY ***
Total pot $12 | Rake $0.24
Board [7h 4c Ks]
Seat 3: liolilove (big blind) folded on the Flop
Seat 6: Onkinator (button) (small blind) collected ($11.76)


PokerStars Hand #157130649089:  Hold'em Limit ($3/$6 USD) - 2016/08/11 2:27:25 ET
Table 'Moira' 6-max Seat #3 is the button
Seat 3: liolilove ($72 in chips)
Seat 6: Onkinator ($204 in chips)
liolilove: posts small blind $1
Onkinator: posts big blind $3
*** HOLE CARDS ***
liolilove: raises $3 to $6
Onkinator: calls $3
*** FLOP *** [Qc 3c Js]
Onkinator: checks
liolilove: bets $3
Onkinator: raises $3 to $6
liolilove: calls $3
*** TURN *** [Qc 3c Js] [3d]
Onkinator: bets $6
liolilove: folds
Uncalled bet ($6) returned to Onkinator
Onkinator collected $23.52 from pot
Onkinator: doesn't show hand
*** SUMMARY ***
Total pot $24 | Rake $0.48
Board [Qc 3c Js 3d]
Seat 3: liolilove (button) (small blind) folded on the Turn
Seat 6: Onkinator (big blind) collected ($23.52)


PokerStars Hand #157130663982:  Hold'em Limit ($3/$6 USD) - 2016/08/11 2:28:30 ET
Table 'Moira' 6-max Seat #6 is the button
Seat 3: liolilove ($75 in chips)
Seat 6: Onkinator ($218.28 in chips)
Onkinator: posts small blind $1
liolilove: posts big blind $3
*** HOLE CARDS ***
Onkinator: folds
Uncalled bet ($2) returned to liolilove
liolilove collected $2 from pot
liolilove: doesn't show hand
*** SUMMARY ***
Total pot $2 | Rake $0
Seat 3: liolilove (big blind) collected ($2)
Seat 6: Onkinator (button) (small blind) folded before Flop


PokerStars Hand #157130662832:  Hold'em Limit ($3/$6 USD) - 2016/08/11 2:28:25 ET
Table 'Moira' 6-max Seat #3 is the button
Seat 3: liolilove ($72 in chips)
Seat 6: Onkinator ($221.28 in chips)
liolilove: posts small blind $1
Onkinator: posts big blind $3
*** HOLE CARDS ***
liolilove: raises $3 to $6
Onkinator: folds
Uncalled bet ($3) returned to liolilove
liolilove collected $6 from pot
liolilove: doesn't show hand
*** SUMMARY ***
Total pot $6 | Rake $0
Seat 3: liolilove (button) (small blind) collected ($6)
Seat 6: Onkinator (big blind) folded before Flop


PokerStars Hand #157130666243:  Hold'em Limit ($3/$6 USD) - 2016/08/11 2:28:40 ET
Table 'Moira' 6-max Seat #6 is the button
Seat 3: liolilove ($79 in chips)
Seat 6: Onkinator ($214.28 in chips)
Onkinator: posts small blind $1
liolilove: posts big blind $3
*** HOLE CARDS ***
Onkinator: folds
Uncalled bet ($2) returned to liolilove
liolilove collected $2 from pot
*** SUMMARY ***
Total pot $2 | Rake $0
Seat 3: liolilove (big blind) collected ($2)
Seat 6: Onkinator (button) (small blind) folded before Flop


PokerStars Hand #157130665119:  Hold'em Limit ($3/$6 USD) - 2016/08/11 2:28:34 ET
Table 'Moira' 6-max Seat #3 is the button
Seat 3: liolilove ($76 in chips)
Seat 6: Onkinator ($217.28 in chips)
liolilove: posts small blind $1
Onkinator: posts big blind $3
*** HOLE CARDS ***
liolilove: raises $3 to $6
Onkinator: folds
Uncalled bet ($3) returned to liolilove
liolilove collected $6 from pot
liolilove: doesn't show hand
*** SUMMARY ***
Total pot $6 | Rake $0
Seat 3: liolilove (button) (small blind) collected ($6)
Seat 6: Onkinator (big blind) folded before Flop


PokerStars Hand #157130672309:  Hold'em Limit ($3/$6 USD) - 2016/08/11 2:29:06 ET
Table 'Moira' 6-max Seat #6 is the button
Seat 3: liolilove ($97.50 in chips)
Seat 6: Onkinator ($195.28 in chips)
Onkinator: posts small blind $1
liolilove: posts big blind $3
*** HOLE CARDS ***
Onkinator: raises $3 to $6
liolilove: calls $3
*** FLOP *** [3c 7c Qc]
liolilove: checks
Onkinator: bets $3
liolilove: raises $3 to $6
Onkinator: calls $3
*** TURN *** [3c 7c Qc] [6s]
liolilove: bets $6
Onkinator: raises $6 to $12
liolilove: calls $6
*** RIVER *** [3c 7c Qc 6s] [9h]
liolilove: checks
Onkinator: bets $6
liolilove: calls $6
*** SHOW DOWN ***
Onkinator: shows [Qd 9s] (two pair, Queens and Nines)
liolilove: shows [4c 5h] (a straight, Three to Seven)
liolilove collected $59.50 from pot
*** SUMMARY ***
Total pot $60 | Rake $0.50
Board [3c 7c Qc 6s 9h]
Seat 3: liolilove (big blind) showed [4c 5h] and won ($59.50) with a straight, Three to Seven
Seat 6: Onkinator (button) (small blind) showed [Qd 9s] and lost with two pair, Queens and Nines


PokerStars Hand #157130677654:  Hold'em Limit ($3/$6 USD) - 2016/08/11 2:29:30 ET
Table 'Moira' 6-max Seat #3 is the button
Seat 3: liolilove ($127 in chips)
Seat 6: Onkinator ($165.28 in chips)
liolilove: posts small blind $1
Onkinator: posts big blind $3
*** HOLE CARDS ***
liolilove: folds
Uncalled bet ($2) returned to Onkinator
Onkinator collected $2 from pot
Onkinator: doesn't show hand
*** SUMMARY ***
Total pot $2 | Rake $0
Seat 3: liolilove (button) (small blind) folded before Flop
Seat 6: Onkinator (big blind) collected ($2)


PokerStars Hand #157130679278:  Hold'em Limit ($3/$6 USD) - 2016/08/11 2:29:37 ET
Table 'Moira' 6-max Seat #6 is the button
Seat 3: liolilove ($126 in chips)
Seat 6: Onkinator ($166.28 in chips)
Onkinator: posts small blind $1
liolilove: posts big blind $3
*** HOLE CARDS ***
Onkinator: raises $3 to $6
liolilove: calls $3
*** FLOP *** [2d 8d 9s]
liolilove: checks
Onkinator: bets $3
liolilove: calls $3
*** TURN *** [2d 8d 9s] [Jh]
liolilove: bets $6
Onkinator: calls $6
*** RIVER *** [2d 8d 9s Jh] [6c]
liolilove: bets $6
Onkinator: folds
Uncalled bet ($6) returned to liolilove
liolilove collected $29.50 from pot
liolilove: doesn't show hand
*** SUMMARY ***
Total pot $30 | Rake $0.50
Board [2d 8d 9s Jh 6c]
Seat 3: liolilove (big blind) collected ($29.50)
Seat 6: Onkinator (button) (small blind) folded on the River


PokerStars Hand #157130697556:  Hold'em Limit ($3/$6 USD) - 2016/08/11 2:30:56 ET
Table 'Moira' 6-max Seat #3 is the button
Seat 3: liolilove ($190.50 in chips)
Seat 6: Onkinator ($186.16 in chips)
liolilove: posts small blind $1
Onkinator: posts big blind $3
*** HOLE CARDS ***
liolilove: folds
Uncalled bet ($2) returned to Onkinator
Onkinator collected $2 from pot
Onkinator: doesn't show hand
*** SUMMARY ***
Total pot $2 | Rake $0
Seat 3: liolilove (button) (small blind) folded before Flop
Seat 6: Onkinator (big blind) collected ($2)


PokerStars Hand #157130684702:  Hold'em Limit ($3/$6 USD) - 2016/08/11 2:30:00 ET
Table 'Moira' 6-max Seat #3 is the button
Seat 3: liolilove ($140.50 in chips)
Seat 6: Onkinator ($151.28 in chips)
liolilove: posts small blind $1
Onkinator: posts big blind $3
*** HOLE CARDS ***
liolilove: raises $3 to $6
Onkinator: raises $3 to $9
liolilove: calls $3
*** FLOP *** [2d 2c Jc]
Onkinator: bets $3
liolilove: calls $3
*** TURN *** [2d 2c Jc] [Ad]
Onkinator: bets $6
liolilove: calls $6
*** RIVER *** [2d 2c Jc Ad] [6h]
Onkinator: bets $6
liolilove: raises $6 to $12
Onkinator: calls $6
*** SHOW DOWN ***
liolilove: shows [2s Kc] (three of a kind, Deuces)
Onkinator: mucks hand
liolilove collected $59.50 from pot
*** SUMMARY ***
Total pot $60 | Rake $0.50
Board [2d 2c Jc Ad 6h]
Seat 3: liolilove (button) (small blind) showed [2s Kc] and won ($59.50) with three of a kind, Deuces
Seat 6: Onkinator (big blind) mucked


PokerStars Hand #157130689738:  Hold'em Limit ($3/$6 USD) - 2016/08/11 2:30:22 ET
Table 'Moira' 6-max Seat #6 is the button
Seat 3: liolilove ($170 in chips)
Seat 6: Onkinator ($121.28 in chips)
Onkinator: posts small blind $1
liolilove: posts big blind $3
*** HOLE CARDS ***
Onkinator: raises $3 to $6
liolilove: calls $3
*** FLOP *** [4d 9s As]
liolilove: checks
Onkinator: bets $3
liolilove: calls $3
*** TURN *** [4d 9s As] [Qs]
liolilove: checks
Onkinator: checks
*** RIVER *** [4d 9s As Qs] [5c]
liolilove: checks
Onkinator: bets $6
liolilove: raises $6 to $12
Onkinator: calls $6
*** SHOW DOWN ***
liolilove: shows [Ah 7d] (a pair of Aces)
Onkinator: mucks hand
liolilove collected $41.50 from pot
*** SUMMARY ***
Total pot $42 | Rake $0.50
Board [4d 9s As Qs 5c]
Seat 3: liolilove (big blind) showed [Ah 7d] and won ($41.50) with a pair of Aces
Seat 6: Onkinator (button) (small blind) mucked


PokerStars Hand #157130703913:  Hold'em Limit ($3/$6 USD) - 2016/08/11 2:31:24 ET
Table 'Moira' 6-max Seat #3 is the button
Seat 3: liolilove ($183.50 in chips)
Seat 6: Onkinator ($192.92 in chips)
liolilove: posts small blind $1
Onkinator: posts big blind $3
*** HOLE CARDS ***
liolilove: raises $3 to $6
Onkinator: calls $3
*** FLOP *** [Kh Qd Ts]
Onkinator: checks
liolilove: bets $3
Onkinator: calls $3
*** TURN *** [Kh Qd Ts] [2d]
Onkinator: checks
liolilove: bets $6
Onkinator: raises $6 to $12
liolilove: calls $6
*** RIVER *** [Kh Qd Ts 2d] [Kc]
Onkinator: bets $6
liolilove: calls $6
*** SHOW DOWN ***
Onkinator: shows [9h Jd] (a straight, Nine to King)
liolilove: mucks hand
Onkinator collected $53.50 from pot
*** SUMMARY ***
Total pot $54 | Rake $0.50
Board [Kh Qd Ts 2d Kc]
Seat 3: liolilove (button) (small blind) mucked
Seat 6: Onkinator (big blind) showed [9h Jd] and won ($53.50) with a straight, Nine to King


PokerStars Hand #157130698682:  Hold'em Limit ($3/$6 USD) - 2016/08/11 2:31:01 ET
Table 'Moira' 6-max Seat #6 is the button
Seat 3: liolilove ($189.50 in chips)
Seat 6: Onkinator ($187.16 in chips)
Onkinator: posts small blind $1
liolilove: posts big blind $3
*** HOLE CARDS ***
Onkinator: raises $3 to $6
liolilove: calls $3
*** FLOP *** [5c 9s Qc]
liolilove: checks
Onkinator: bets $3
liolilove: folds
Uncalled bet ($3) returned to Onkinator
Onkinator collected $11.76 from pot
Onkinator: doesn't show hand
*** SUMMARY ***
Total pot $12 | Rake $0.24
Board [5c 9s Qc]
Seat 3: liolilove (big blind) folded on the Flop
Seat 6: Onkinator (button) (small blind) collected ($11.76)


PokerStars Hand #157130714179:  Hold'em Limit ($3/$6 USD) - 2016/08/11 2:32:08 ET
Table 'Moira' 6-max Seat #3 is the button
Seat 3: liolilove ($153.50 in chips)
Seat 6: Onkinator ($222.42 in chips)
liolilove: posts small blind $1
Onkinator: posts big blind $3
*** HOLE CARDS ***
liolilove: raises $3 to $6
Onkinator: raises $3 to $9
liolilove: calls $3
*** FLOP *** [Qs 5s 7c]
Onkinator: bets $3
liolilove: raises $3 to $6
Sixten63 joins the table at seat #2
Onkinator: calls $3
*** TURN *** [Qs 5s 7c] [2h]
Onkinator: checks
liolilove: bets $6
Onkinator: raises $6 to $12
liolilove: calls $6
*** RIVER *** [Qs 5s 7c 2h] [6h]
Onkinator: bets $6
liolilove: calls $6
*** SHOW DOWN ***
Onkinator: shows [2s 2c] (three of a kind, Deuces)
liolilove: mucks hand
Onkinator collected $65.50 from pot
*** SUMMARY ***
Total pot $66 | Rake $0.50
Board [Qs 5s 7c 2h 6h]
Seat 3: liolilove (button) (small blind) mucked
Seat 6: Onkinator (big blind) showed [2s 2c] and won ($65.50) with three of a kind, Deuces


PokerStars Hand #157130712228:  Hold'em Limit ($3/$6 USD) - 2016/08/11 2:31:59 ET
Table 'Moira' 6-max Seat #6 is the button
Seat 3: liolilove ($156.50 in chips)
Seat 6: Onkinator ($219.42 in chips)
Onkinator: posts small blind $1
liolilove: posts big blind $3
*** HOLE CARDS ***
Onkinator: raises $3 to $6
liolilove: folds
Uncalled bet ($3) returned to Onkinator
Onkinator collected $6 from pot
Onkinator: doesn't show hand
*** SUMMARY ***
Total pot $6 | Rake $0
Seat 3: liolilove (big blind) folded before Flop
Seat 6: Onkinator (button) (small blind) collected ($6)


PokerStars Hand #157132323918:  Hold'em Limit ($3/$6 USD) - 2016/08/11 4:15:53 ET
Table 'Moira' 6-max Seat #3 is the button
Seat 2: Sixten63 ($102.08 in chips)
Seat 3: anetkaapro ($114.71 in chips)
anetkaapro: posts small blind $1
Hannibal2211: is sitting out
Sixten63: posts big blind $3
*** HOLE CARDS ***
anetkaapro: raises $3 to $6
Sixten63: calls $3
*** FLOP *** [6h 2c Js]
Sixten63: checks
anetkaapro: bets $3
Sixten63: raises $3 to $6
anetkaapro: calls $3
*** TURN *** [6h 2c Js] [Td]
Sixten63: bets $6
anetkaapro: calls $6
*** RIVER *** [6h 2c Js Td] [Ks]
Sixten63: bets $6
anetkaapro: calls $6
*** SHOW DOWN ***
Sixten63: shows [Kd Jh] (two pair, Kings and Jacks)
anetkaapro: mucks hand
Sixten63 collected $47.50 from pot
*** SUMMARY ***
Total pot $48 | Rake $0.50
Board [6h 2c Js Td Ks]
Seat 2: Sixten63 (big blind) showed [Kd Jh] and won ($47.50) with two pair, Kings and Jacks
Seat 3: anetkaapro (button) (small blind) mucked


PokerStars Hand #157132341073:  Hold'em Limit ($3/$6 USD) - 2016/08/11 4:16:52 ET
Table 'Moira' 6-max Seat #2 is the button
Seat 2: Sixten63 ($145.74 in chips)
Seat 3: anetkaapro ($72 in chips)
Sixten63: posts small blind $1
anetkaapro: posts big blind $3
*** HOLE CARDS ***
Sixten63: raises $3 to $6
anetkaapro: raises $3 to $9
Sixten63: calls $3
*** FLOP *** [6h As 4c]
anetkaapro: bets $3
Sixten63: folds
Uncalled bet ($3) returned to anetkaapro
anetkaapro collected $17.64 from pot
anetkaapro: doesn't show hand
*** SUMMARY ***
Total pot $18 | Rake $0.36
Board [6h As 4c]
Seat 2: Sixten63 (button) (small blind) folded on the Flop
Seat 3: anetkaapro (big blind) collected ($17.64)


PokerStars Hand #157132330729:  Hold'em Limit ($3/$6 USD) - 2016/08/11 4:16:17 ET
Table 'Moira' 6-max Seat #2 is the button
Seat 2: Sixten63 ($125.58 in chips)
Seat 3: anetkaapro ($90.71 in chips)
Sixten63: posts small blind $1
anetkaapro: posts big blind $3
*** HOLE CARDS ***
Sixten63: raises $3 to $6
anetkaapro: calls $3
*** FLOP *** [2h 2s 6d]
anetkaapro: checks
Hannibal2211 leaves the table
Sixten63: bets $3
anetkaapro: calls $3
*** TURN *** [2h 2s 6d] [9d]
anetkaapro: checks
Sixten63: checks
*** RIVER *** [2h 2s 6d 9d] [3c]
anetkaapro: checks
Sixten63: checks
*** SHOW DOWN ***
anetkaapro: shows [8c Qh] (a pair of Deuces)
Sixten63: shows [Jc Ad] (a pair of Deuces - Ace kicker)
Sixten63 collected $17.64 from pot
*** SUMMARY ***
Total pot $18 | Rake $0.36
Board [2h 2s 6d 9d 3c]
Seat 2: Sixten63 (button) (small blind) showed [Jc Ad] and won ($17.64) with a pair of Deuces
Seat 3: anetkaapro (big blind) showed [8c Qh] and lost with a pair of Deuces


PokerStars Hand #157132335107:  Hold'em Limit ($3/$6 USD) - 2016/08/11 4:16:32 ET
Table 'Moira' 6-max Seat #3 is the button
Seat 2: Sixten63 ($134.22 in chips)
Seat 3: anetkaapro ($81.71 in chips)
anetkaapro: posts small blind $1
Sixten63: posts big blind $3
*** HOLE CARDS ***
anetkaapro: raises $3 to $6
Sixten63: raises $3 to $9
anetkaapro: calls $3
*** FLOP *** [As 7c 9s]
Sixten63: bets $3
anetkaapro: calls $3
*** TURN *** [As 7c 9s] [6c]
Sixten63: checks
anetkaapro: checks
*** RIVER *** [As 7c 9s 6c] [6h]
Sixten63: bets $6
anetkaapro: folds
Uncalled bet ($6) returned to Sixten63
Sixten63 collected $23.52 from pot
Sixten63: doesn't show hand
*** SUMMARY ***
Total pot $24 | Rake $0.48
Board [As 7c 9s 6c 6h]
Seat 2: Sixten63 (big blind) collected ($23.52)
Seat 3: anetkaapro (button) (small blind) folded on the River


PokerStars Hand #157132359020:  Hold'em Limit ($3/$6 USD) - 2016/08/11 4:17:52 ET
Table 'Moira' 6-max Seat #2 is the button
Seat 2: Sixten63 ($140.38 in chips)
Seat 3: anetkaapro ($76.76 in chips)
Sixten63: posts small blind $1
anetkaapro: posts big blind $3
*** HOLE CARDS ***
Sixten63: raises $3 to $6
anetkaapro: calls $3
*** FLOP *** [7s Qh Js]
anetkaapro: checks
Sixten63: bets $3
anetkaapro: calls $3
*** TURN *** [7s Qh Js] [Th]
anetkaapro: checks
Sixten63: bets $6
anetkaapro: folds
Uncalled bet ($6) returned to Sixten63
Sixten63 collected $17.64 from pot
*** SUMMARY ***
Total pot $18 | Rake $0.36
Board [7s Qh Js Th]
Seat 2: Sixten63 (button) (small blind) collected ($17.64)
Seat 3: anetkaapro (big blind) folded on the Turn


PokerStars Hand #157132344569:  Hold'em Limit ($3/$6 USD) - 2016/08/11 4:17:04 ET
Table 'Moira' 6-max Seat #3 is the button
Seat 2: Sixten63 ($136.74 in chips)
Seat 3: anetkaapro ($80.64 in chips)
anetkaapro: posts small blind $1
Sixten63: posts big blind $3
*** HOLE CARDS ***
anetkaapro: raises $3 to $6
Sixten63: calls $3
*** FLOP *** [4s 3c 2h]
Sixten63: checks
anetkaapro: bets $3
Sixten63: calls $3
*** TURN *** [4s 3c 2h] [7h]
Sixten63: checks
anetkaapro: checks
*** RIVER *** [4s 3c 2h 7h] [Kd]
Sixten63: bets $6
anetkaapro: folds
Uncalled bet ($6) returned to Sixten63
Sixten63 collected $17.64 from pot
Sixten63: doesn't show hand
*** SUMMARY ***
Total pot $18 | Rake $0.36
Board [4s 3c 2h 7h Kd]
Seat 2: Sixten63 (big blind) collected ($17.64)
Seat 3: anetkaapro (button) (small blind) folded on the River


PokerStars Hand #157132357665:  Hold'em Limit ($3/$6 USD) - 2016/08/11 4:17:48 ET
Table 'Moira' 6-max Seat #3 is the button
Seat 2: Sixten63 ($139.38 in chips)
Seat 3: anetkaapro ($77.76 in chips)
anetkaapro: posts small blind $1
Sixten63: posts big blind $3
*** HOLE CARDS ***
anetkaapro: folds
Uncalled bet ($2) returned to Sixten63
Sixten63 collected $2 from pot
Sixten63: doesn't show hand
*** SUMMARY ***
Total pot $2 | Rake $0
Seat 2: Sixten63 (big blind) collected ($2)
Seat 3: anetkaapro (button) (small blind) folded before Flop


PokerStars Hand #157132351905:  Hold'em Limit ($3/$6 USD) - 2016/08/11 4:17:28 ET
Table 'Moira' 6-max Seat #2 is the button
Seat 2: Sixten63 ($145.38 in chips)
Seat 3: anetkaapro ($72 in chips)
Sixten63: posts small blind $1
anetkaapro: posts big blind $3
*** HOLE CARDS ***
Sixten63: raises $3 to $6
anetkaapro: calls $3
*** FLOP *** [4h Qc 8d]
anetkaapro: checks
Sixten63: checks
*** TURN *** [4h Qc 8d] [6h]
anetkaapro: bets $6
Sixten63: folds
Uncalled bet ($6) returned to anetkaapro
anetkaapro collected $11.76 from pot
anetkaapro: doesn't show hand
*** SUMMARY ***
Total pot $12 | Rake $0.24
Board [4h Qc 8d 6h]
Seat 2: Sixten63 (button) (small blind) folded on the Turn
Seat 3: anetkaapro (big blind) collected ($11.76)


PokerStars Hand #157132374430:  Hold'em Limit ($3/$6 USD) - 2016/08/11 4:18:44 ET
Table 'Moira' 6-max Seat #3 is the button
Seat 2: Sixten63 ($162.52 in chips)
Seat 3: anetkaapro ($73 in chips)
anetkaapro: posts small blind $1
Sixten63: posts big blind $3
*** HOLE CARDS ***
anetkaapro: raises $3 to $6
Sixten63: calls $3
*** FLOP *** [Kc 8c Ac]
Sixten63: checks
anetkaapro: bets $3
Sixten63: calls $3
*** TURN *** [Kc 8c Ac] [8h]
Sixten63: checks
anetkaapro: bets $6
Sixten63: calls $6
*** RIVER *** [Kc 8c Ac 8h] [6s]
Sixten63: checks
anetkaapro: bets $6
Sixten63: calls $6
*** SHOW DOWN ***
anetkaapro: shows [8s 5h] (three of a kind, Eights)
Sixten63: mucks hand
anetkaapro collected $41.50 from pot
*** SUMMARY ***
Total pot $42 | Rake $0.50
Board [Kc 8c Ac 8h 6s]
Seat 2: Sixten63 (big blind) mucked
Seat 3: anetkaapro (button) (small blind) showed [8s 5h] and won ($41.50) with three of a kind, Eights


PokerStars Hand #157132363748:  Hold'em Limit ($3/$6 USD) - 2016/08/11 4:18:08 ET
Table 'Moira' 6-max Seat #3 is the button
Seat 2: Sixten63 ($149.02 in chips)
Seat 3: anetkaapro ($72 in chips)
anetkaapro: posts small blind $1
Sixten63: posts big blind $3
*** HOLE CARDS ***
anetkaapro: raises $3 to $6
Sixten63: calls $3
*** FLOP *** [7s As Jh]
Sixten63: checks
anetkaapro: bets $3
Sixten63: calls $3
*** TURN *** [7s As Jh] [6c]
Sixten63: checks
anetkaapro: bets $6
Sixten63: calls $6
*** RIVER *** [7s As Jh 6c] [8d]
Sixten63: checks
anetkaapro: checks
*** SHOW DOWN ***
Sixten63: shows [Ah 2c] (a pair of Aces)
anetkaapro: mucks hand
Sixten63 collected $29.50 from pot
*** SUMMARY ***
Total pot $30 | Rake $0.50
Board [7s As Jh 6c 8d]
Seat 2: Sixten63 (big blind) showed [Ah 2c] and won ($29.50) with a pair of Aces
Seat 3: anetkaapro (button) (small blind) mucked


PokerStars Hand #157132372814:  Hold'em Limit ($3/$6 USD) - 2016/08/11 4:18:38 ET
Table 'Moira' 6-max Seat #2 is the button
Seat 2: Sixten63 ($163.52 in chips)
Seat 3: anetkaapro ($72 in chips)
Sixten63: posts small blind $1
anetkaapro: posts big blind $3
*** HOLE CARDS ***
Sixten63: folds
Uncalled bet ($2) returned to anetkaapro
anetkaapro collected $2 from pot
anetkaapro: doesn't show hand
*** SUMMARY ***
Total pot $2 | Rake $0
Seat 2: Sixten63 (button) (small blind) folded before Flop
Seat 3: anetkaapro (big blind) collected ($2)


PokerStars Hand #157132392005:  Hold'em Limit ($3/$6 USD) - 2016/08/11 4:19:43 ET
Table 'Moira' 6-max Seat #2 is the button
Seat 2: Sixten63 ($134.52 in chips)
Seat 3: anetkaapro ($100.26 in chips)
Sixten63: posts small blind $1
anetkaapro: posts big blind $3
*** HOLE CARDS ***
Sixten63: raises $3 to $6
anetkaapro: calls $3
*** FLOP *** [7h 8h 9c]
anetkaapro: checks
Sixten63: bets $3
anetkaapro: raises $3 to $6
Sixten63: calls $3
*** TURN *** [7h 8h 9c] [7c]
anetkaapro: bets $6
Sixten63: calls $6
*** RIVER *** [7h 8h 9c 7c] [3h]
anetkaapro: bets $6
Sixten63: folds
Uncalled bet ($6) returned to anetkaapro
anetkaapro collected $35.50 from pot
anetkaapro: doesn't show hand
*** SUMMARY ***
Total pot $36 | Rake $0.50
Board [7h 8h 9c 7c 3h]
Seat 2: Sixten63 (button) (small blind) folded on the River
Seat 3: anetkaapro (big blind) collected ($35.50)


PokerStars Hand #157132386194:  Hold'em Limit ($3/$6 USD) - 2016/08/11 4:19:24 ET
Table 'Moira' 6-max Seat #2 is the button
Seat 2: Sixten63 ($141.52 in chips)
Seat 3: anetkaapro ($93.50 in chips)
Sixten63: posts small blind $1
anetkaapro: posts big blind $3
*** HOLE CARDS ***
Sixten63: folds
Uncalled bet ($2) returned to anetkaapro
anetkaapro collected $2 from pot
anetkaapro: doesn't show hand
*** SUMMARY ***
Total pot $2 | Rake $0
Seat 2: Sixten63 (button) (small blind) folded before Flop
Seat 3: anetkaapro (big blind) collected ($2)


PokerStars Hand #157132384290:  Hold'em Limit ($3/$6 USD) - 2016/08/11 4:19:17 ET
Table 'Moira' 6-max Seat #3 is the button
Seat 2: Sixten63 ($140.52 in chips)
Seat 3: anetkaapro ($94.50 in chips)
anetkaapro: posts small blind $1
Sixten63: posts big blind $3
*** HOLE CARDS ***
anetkaapro: folds
Uncalled bet ($2) returned to Sixten63
Sixten63 collected $2 from pot
Sixten63: doesn't show hand
*** SUMMARY ***
Total pot $2 | Rake $0
Seat 2: Sixten63 (big blind) collected ($2)
Seat 3: anetkaapro (button) (small blind) folded before Flop


PokerStars Hand #157132382527:  Hold'em Limit ($3/$6 USD) - 2016/08/11 4:19:11 ET
Table 'Moira' 6-max Seat #2 is the button
Seat 2: Sixten63 ($141.52 in chips)
Seat 3: anetkaapro ($93.50 in chips)
Sixten63: posts small blind $1
anetkaapro: posts big blind $3
*** HOLE CARDS ***
Sixten63: folds
Uncalled bet ($2) returned to anetkaapro
anetkaapro collected $2 from pot
anetkaapro: doesn't show hand
*** SUMMARY ***
Total pot $2 | Rake $0
Seat 2: Sixten63 (button) (small blind) folded before Flop
Seat 3: anetkaapro (big blind) collected ($2)


PokerStars Hand #157132388379:  Hold'em Limit ($3/$6 USD) - 2016/08/11 4:19:31 ET
Table 'Moira' 6-max Seat #3 is the button
Seat 2: Sixten63 ($140.52 in chips)
Seat 3: anetkaapro ($94.50 in chips)
anetkaapro: posts small blind $1
Sixten63: posts big blind $3
*** HOLE CARDS ***
anetkaapro: raises $3 to $6
Sixten63: calls $3
*** FLOP *** [Qd Ac 2h]
Sixten63: checks
anetkaapro: bets $3
Sixten63: folds
Uncalled bet ($3) returned to anetkaapro
anetkaapro collected $11.76 from pot
anetkaapro: doesn't show hand
*** SUMMARY ***
Total pot $12 | Rake $0.24
Board [Qd Ac 2h]
Seat 2: Sixten63 (big blind) folded on the Flop
Seat 3: anetkaapro (button) (small blind) collected ($11.76)


PokerStars Hand #157132400174:  Hold'em Limit ($3/$6 USD) - 2016/08/11 4:20:12 ET
Table 'Moira' 6-max Seat #3 is the button
Seat 2: Sixten63 ($116.52 in chips)
Seat 3: anetkaapro ($117.76 in chips)
anetkaapro: posts small blind $1
Sixten63: posts big blind $3
*** HOLE CARDS ***
anetkaapro: folds
Uncalled bet ($2) returned to Sixten63
Sixten63 collected $2 from pot
Sixten63: doesn't show hand
*** SUMMARY ***
Total pot $2 | Rake $0
Seat 2: Sixten63 (big blind) collected ($2)
Seat 3: anetkaapro (button) (small blind) folded before Flop


PokerStars Hand #157132401708:  Hold'em Limit ($3/$6 USD) - 2016/08/11 4:20:17 ET
Table 'Moira' 6-max Seat #2 is the button
Seat 2: Sixten63 ($117.52 in chips)
Seat 3: anetkaapro ($116.76 in chips)
Sixten63: posts small blind $1
anetkaapro: posts big blind $3
*** HOLE CARDS ***
Sixten63: folds
Uncalled bet ($2) returned to anetkaapro
anetkaapro collected $2 from pot
anetkaapro: doesn't show hand
*** SUMMARY ***
Total pot $2 | Rake $0
Seat 2: Sixten63 (button) (small blind) folded before Flop
Seat 3: anetkaapro (big blind) collected ($2)


PokerStars Hand #157132403636:  Hold'em Limit ($3/$6 USD) - 2016/08/11 4:20:23 ET
Table 'Moira' 6-max Seat #3 is the button
Seat 2: Sixten63 ($116.52 in chips)
Seat 3: anetkaapro ($117.76 in chips)
anetkaapro: posts small blind $1
Sixten63: posts big blind $3
*** HOLE CARDS ***
anetkaapro: raises $3 to $6
Sixten63: calls $3
*** FLOP *** [Js Ad 4h]
Sixten63: checks
anetkaapro: bets $3
Sixten63: calls $3
*** TURN *** [Js Ad 4h] [2d]
Sixten63: checks
anetkaapro: bets $6
Sixten63: raises $6 to $12
anetkaapro: calls $6
*** RIVER *** [Js Ad 4h 2d] [Td]
Sixten63: bets $6
anetkaapro: folds
Uncalled bet ($6) returned to Sixten63
Sixten63 collected $41.50 from pot
Sixten63: doesn't show hand
*** SUMMARY ***
Total pot $42 | Rake $0.50
Board [Js Ad 4h 2d Td]
Seat 2: Sixten63 (big blind) collected ($41.50)
Seat 3: anetkaapro (button) (small blind) folded on the River


PokerStars Hand #157132433792:  Hold'em Limit ($3/$6 USD) - 2016/08/11 4:22:06 ET
Table 'Moira' 6-max Seat #2 is the button
Seat 2: Sixten63 ($154.30 in chips)
Seat 3: anetkaapro ($78.76 in chips)
Sixten63: posts small blind $1
anetkaapro: posts big blind $3
*** HOLE CARDS ***
Sixten63: folds
Uncalled bet ($2) returned to anetkaapro
anetkaapro collected $2 from pot
anetkaapro: doesn't show hand
*** SUMMARY ***
Total pot $2 | Rake $0
Seat 2: Sixten63 (button) (small blind) folded before Flop
Seat 3: anetkaapro (big blind) collected ($2)


PokerStars Hand #157132425735:  Hold'em Limit ($3/$6 USD) - 2016/08/11 4:21:38 ET
Table 'Moira' 6-max Seat #3 is the button
Seat 2: Sixten63 ($142.78 in chips)
Seat 3: anetkaapro ($90.76 in chips)
anetkaapro: posts small blind $1
Sixten63: posts big blind $3
*** HOLE CARDS ***
anetkaapro: raises $3 to $6
Sixten63: calls $3
*** FLOP *** [4s 3s 5d]
Sixten63: checks
anetkaapro: checks
*** TURN *** [4s 3s 5d] [Jh]
Sixten63: checks
anetkaapro: checks
*** RIVER *** [4s 3s 5d Jh] [Qs]
Sixten63: bets $6
anetkaapro: calls $6
*** SHOW DOWN ***
Sixten63: shows [Kd Td] (high card King)
anetkaapro: mucks hand
Sixten63 collected $23.52 from pot
*** SUMMARY ***
Total pot $24 | Rake $0.48
Board [4s 3s 5d Jh Qs]
Seat 2: Sixten63 (big blind) showed [Kd Td] and won ($23.52) with high card King
Seat 3: anetkaapro (button) (small blind) mucked


PokerStars Hand #157132424262:  Hold'em Limit ($3/$6 USD) - 2016/08/11 4:21:34 ET
Table 'Moira' 6-max Seat #2 is the button
Seat 2: Sixten63 ($143.78 in chips)
Seat 3: anetkaapro ($89.76 in chips)
Sixten63: posts small blind $1
anetkaapro: posts big blind $3
*** HOLE CARDS ***
Sixten63: folds
Uncalled bet ($2) returned to anetkaapro
anetkaapro collected $2 from pot
anetkaapro: doesn't show hand
*** SUMMARY ***
Total pot $2 | Rake $0
Seat 2: Sixten63 (button) (small blind) folded before Flop
Seat 3: anetkaapro (big blind) collected ($2)


PokerStars Hand #157132423058:  Hold'em Limit ($3/$6 USD) - 2016/08/11 4:21:29 ET
Table 'Moira' 6-max Seat #3 is the button
Seat 2: Sixten63 ($142.78 in chips)
Seat 3: anetkaapro ($90.76 in chips)
anetkaapro: posts small blind $1
Sixten63: posts big blind $3
*** HOLE CARDS ***
anetkaapro: folds
Uncalled bet ($2) returned to Sixten63
Sixten63 collected $2 from pot
Sixten63: doesn't show hand
*** SUMMARY ***
Total pot $2 | Rake $0
Seat 2: Sixten63 (big blind) collected ($2)
Seat 3: anetkaapro (button) (small blind) folded before Flop


PokerStars Hand #157132421016:  Hold'em Limit ($3/$6 USD) - 2016/08/11 4:21:22 ET
Table 'Moira' 6-max Seat #2 is the button
Seat 2: Sixten63 ($143.78 in chips)
Seat 3: anetkaapro ($89.76 in chips)
Sixten63: posts small blind $1
anetkaapro: posts big blind $3
*** HOLE CARDS ***
Sixten63: folds
Uncalled bet ($2) returned to anetkaapro
anetkaapro collected $2 from pot
anetkaapro: doesn't show hand
*** SUMMARY ***
Total pot $2 | Rake $0
Seat 2: Sixten63 (button) (small blind) folded before Flop
Seat 3: anetkaapro (big blind) collected ($2)


PokerStars Hand #157132419765:  Hold'em Limit ($3/$6 USD) - 2016/08/11 4:21:18 ET
Table 'Moira' 6-max Seat #3 is the button
Seat 2: Sixten63 ($142.78 in chips)
Seat 3: anetkaapro ($90.76 in chips)
anetkaapro: posts small blind $1
Sixten63: posts big blind $3
*** HOLE CARDS ***
anetkaapro: folds
Uncalled bet ($2) returned to Sixten63
Sixten63 collected $2 from pot
Sixten63: doesn't show hand
*** SUMMARY ***
Total pot $2 | Rake $0
Seat 2: Sixten63 (big blind) collected ($2)
Seat 3: anetkaapro (button) (small blind) folded before Flop


PokerStars Hand #157132413389:  Hold'em Limit ($3/$6 USD) - 2016/08/11 4:20:57 ET
Table 'Moira' 6-max Seat #2 is the button
Seat 2: Sixten63 ($137.02 in chips)
Seat 3: anetkaapro ($96.76 in chips)
Sixten63: posts small blind $1
anetkaapro: posts big blind $3
*** HOLE CARDS ***
Sixten63: raises $3 to $6
anetkaapro: calls $3
*** FLOP *** [6c Ad Qs]
anetkaapro: checks
Sixten63: bets $3
anetkaapro: folds
Uncalled bet ($3) returned to Sixten63
Sixten63 collected $11.76 from pot
Sixten63: doesn't show hand
*** SUMMARY ***
Total pot $12 | Rake $0.24
Board [6c Ad Qs]
Seat 2: Sixten63 (button) (small blind) collected ($11.76)
Seat 3: anetkaapro (big blind) folded on the Flop


PokerStars Hand #157132437092:  Hold'em Limit ($3/$6 USD) - 2016/08/11 4:22:17 ET
Table 'Moira' 6-max Seat #2 is the button
Seat 2: Sixten63 ($154.30 in chips)
Seat 3: anetkaapro ($78.76 in chips)
Sixten63: posts small blind $1
anetkaapro: posts big blind $3
*** HOLE CARDS ***
Sixten63: raises $3 to $6
anetkaapro: calls $3
*** FLOP *** [Ac 6c Tc]
anetkaapro: checks
Sixten63: bets $3
anetkaapro: folds
Uncalled bet ($3) returned to Sixten63
Sixten63 collected $11.76 from pot
Sixten63: doesn't show hand
*** SUMMARY ***
Total pot $12 | Rake $0.24
Board [Ac 6c Tc]
Seat 2: Sixten63 (button) (small blind) collected ($11.76)
Seat 3: anetkaapro (big blind) folded on the Flop


PokerStars Hand #157132435444:  Hold'em Limit ($3/$6 USD) - 2016/08/11 4:22:11 ET
Table 'Moira' 6-max Seat #3 is the button
Seat 2: Sixten63 ($153.30 in chips)
Seat 3: anetkaapro ($79.76 in chips)
anetkaapro: posts small blind $1
Sixten63: posts big blind $3
*** HOLE CARDS ***
anetkaapro: folds
Uncalled bet ($2) returned to Sixten63
Sixten63 collected $2 from pot
Sixten63: doesn't show hand
*** SUMMARY ***
Total pot $2 | Rake $0
Seat 2: Sixten63 (big blind) collected ($2)
Seat 3: anetkaapro (button) (small blind) folded before Flop


PokerStars Hand #157132451285:  Hold'em Limit ($3/$6 USD) - 2016/08/11 4:23:04 ET
Table 'Moira' 6-max Seat #2 is the button
Seat 2: Sixten63 ($168.70 in chips)
Seat 3: anetkaapro ($72 in chips)
Sixten63: posts small blind $1
anetkaapro: posts big blind $3
*** HOLE CARDS ***
Sixten63: raises $3 to $6
anetkaapro: folds
Uncalled bet ($3) returned to Sixten63
Sixten63 collected $6 from pot
Sixten63: doesn't show hand
*** SUMMARY ***
Total pot $6 | Rake $0
Seat 2: Sixten63 (button) (small blind) collected ($6)
Seat 3: anetkaapro (big blind) folded before Flop


PokerStars Hand #157132449635:  Hold'em Limit ($3/$6 USD) - 2016/08/11 4:22:59 ET
Table 'Moira' 6-max Seat #3 is the button
Seat 2: Sixten63 ($167.70 in chips)
Seat 3: anetkaapro ($73 in chips)
anetkaapro: posts small blind $1
Sixten63: posts big blind $3
*** HOLE CARDS ***
anetkaapro: folds
Uncalled bet ($2) returned to Sixten63
Sixten63 collected $2 from pot
Sixten63: doesn't show hand
*** SUMMARY ***
Total pot $2 | Rake $0
Seat 2: Sixten63 (big blind) collected ($2)
Seat 3: anetkaapro (button) (small blind) folded before Flop


PokerStars Hand #157132447733:  Hold'em Limit ($3/$6 USD) - 2016/08/11 4:22:52 ET
Table 'Moira' 6-max Seat #2 is the button
Seat 2: Sixten63 ($168.70 in chips)
Seat 3: anetkaapro ($72 in chips)
Sixten63: posts small blind $1
anetkaapro: posts big blind $3
*** HOLE CARDS ***
Sixten63: folds
Uncalled bet ($2) returned to anetkaapro
anetkaapro collected $2 from pot
anetkaapro: doesn't show hand
*** SUMMARY ***
Total pot $2 | Rake $0
Seat 2: Sixten63 (button) (small blind) folded before Flop
Seat 3: anetkaapro (big blind) collected ($2)


PokerStars Hand #157132440319:  Hold'em Limit ($3/$6 USD) - 2016/08/11 4:22:28 ET
Table 'Moira' 6-max Seat #3 is the button
Seat 2: Sixten63 ($160.06 in chips)
Seat 3: anetkaapro ($72.76 in chips)
anetkaapro: posts small blind $1
Sixten63: posts big blind $3
*** HOLE CARDS ***
anetkaapro: raises $3 to $6
Sixten63: calls $3
*** FLOP *** [Ad 8d Kc]
Sixten63: checks
anetkaapro: bets $3
Sixten63: calls $3
*** TURN *** [Ad 8d Kc] [Th]
Sixten63: checks
anetkaapro: checks
*** RIVER *** [Ad 8d Kc Th] [8s]
Sixten63: bets $6
anetkaapro: folds
Uncalled bet ($6) returned to Sixten63
Sixten63 collected $17.64 from pot
*** SUMMARY ***
Total pot $18 | Rake $0.36
Board [Ad 8d Kc Th 8s]
Seat 2: Sixten63 (big blind) collected ($17.64)
Seat 3: anetkaapro (button) (small blind) folded on the River


PokerStars Hand #157132461538:  Hold'em Limit ($3/$6 USD) - 2016/08/11 4:23:38 ET
Table 'Moira' 6-max Seat #2 is the button
Seat 2: Sixten63 ($150.70 in chips)
Seat 3: anetkaapro ($92.50 in chips)
Sixten63: posts small blind $1
anetkaapro: posts big blind $3
*** HOLE CARDS ***
Sixten63: folds
Uncalled bet ($2) returned to anetkaapro
anetkaapro collected $2 from pot
anetkaapro: doesn't show hand
*** SUMMARY ***
Total pot $2 | Rake $0
Seat 2: Sixten63 (button) (small blind) folded before Flop
Seat 3: anetkaapro (big blind) collected ($2)


PokerStars Hand #157132453562:  Hold'em Limit ($3/$6 USD) - 2016/08/11 4:23:12 ET
Table 'Moira' 6-max Seat #3 is the button
Seat 2: Sixten63 ($171.70 in chips)
Seat 3: anetkaapro ($72 in chips)
anetkaapro: posts small blind $1
Sixten63: posts big blind $3
*** HOLE CARDS ***
anetkaapro: raises $3 to $6
Sixten63: calls $3
*** FLOP *** [7s 5d Qc]
Sixten63: checks
anetkaapro: bets $3
Sixten63: calls $3
*** TURN *** [7s 5d Qc] [2h]
Sixten63: checks
anetkaapro: bets $6
Sixten63: calls $6
*** RIVER *** [7s 5d Qc 2h] [9h]
Sixten63: checks
anetkaapro: bets $6
hasky156 joins the table at seat #1
Sixten63: calls $6
*** SHOW DOWN ***
anetkaapro: shows [Tc Th] (a pair of Tens)
Sixten63: mucks hand
anetkaapro collected $41.50 from pot
*** SUMMARY ***
Total pot $42 | Rake $0.50
Board [7s 5d Qc 2h 9h]
Seat 2: Sixten63 (big blind) mucked
Seat 3: anetkaapro (button) (small blind) showed [Tc Th] and won ($41.50) with a pair of Tens


PokerStars Hand #157132721866:  Hold'em Limit ($3/$6 USD) - 2016/08/11 4:37:42 ET
Table 'Moira' 6-max Seat #1 is the button
Seat 1: hasky156 ($41.91 in chips)
Seat 3: anetkaapro ($115.32 in chips)
hasky156: posts small blind $1
anetkaapro: posts big blind $3
*** HOLE CARDS ***
hasky156: raises $3 to $6
anetkaapro: calls $3
*** FLOP *** [5c Qh Js]
anetkaapro: checks
hasky156: bets $3
anetkaapro: calls $3
*** TURN *** [5c Qh Js] [Kd]
anetkaapro: checks
hasky156: bets $6
anetkaapro: calls $6
*** RIVER *** [5c Qh Js Kd] [2s]
anetkaapro: checks
hasky156: bets $6
anetkaapro: calls $6
*** SHOW DOWN ***
hasky156: shows [Qc Ac] (a pair of Queens)
anetkaapro: mucks hand
hasky156 collected $41.50 from pot
*** SUMMARY ***
Total pot $42 | Rake $0.50
Board [5c Qh Js Kd 2s]
Seat 1: hasky156 (button) (small blind) showed [Qc Ac] and won ($41.50) with a pair of Queens
Seat 3: anetkaapro (big blind) mucked


PokerStars Hand #157132717707:  Hold'em Limit ($3/$6 USD) - 2016/08/11 4:37:28 ET
Table 'Moira' 6-max Seat #3 is the button
Seat 1: hasky156 ($50.91 in chips)
Seat 3: anetkaapro ($106.68 in chips)
anetkaapro: posts small blind $1
hasky156: posts big blind $3
*** HOLE CARDS ***
anetkaapro: raises $3 to $6
hasky156: calls $3
*** FLOP *** [4h Qs 3c]
hasky156: checks
anetkaapro: bets $3
hasky156: calls $3
*** TURN *** [4h Qs 3c] [Kc]
hasky156: checks
anetkaapro: bets $6
hasky156: folds
Uncalled bet ($6) returned to anetkaapro
anetkaapro collected $17.64 from pot
anetkaapro: doesn't show hand
*** SUMMARY ***
Total pot $18 | Rake $0.36
Board [4h Qs 3c Kc]
Seat 1: hasky156 (big blind) folded on the Turn
Seat 3: anetkaapro (button) (small blind) collected ($17.64)


PokerStars Hand #157132739067:  Hold'em Limit ($3/$6 USD) - 2016/08/11 4:38:37 ET
Table 'Moira' 6-max Seat #1 is the button
Seat 1: hasky156 ($66.91 in chips)
Seat 3: anetkaapro ($88.96 in chips)
hasky156: posts small blind $1
anetkaapro: posts big blind $3
*** HOLE CARDS ***
hasky156: raises $3 to $6
anetkaapro: raises $3 to $9
hasky156: calls $3
*** FLOP *** [Qd 3s Kc]
anetkaapro: bets $3
hasky156: calls $3
*** TURN *** [Qd 3s Kc] [2h]
anetkaapro: bets $6
hasky156: calls $6
*** RIVER *** [Qd 3s Kc 2h] [2c]
anetkaapro: bets $6
hasky156: calls $6
*** SHOW DOWN ***
anetkaapro: shows [Tc 8c] (a pair of Deuces)
hasky156: shows [5h 5d] (two pair, Fives and Deuces)
hasky156 collected $47.50 from pot
*** SUMMARY ***
Total pot $48 | Rake $0.50
Board [Qd 3s Kc 2h 2c]
Seat 1: hasky156 (button) (small blind) showed [5h 5d] and won ($47.50) with two pair, Fives and Deuces
Seat 3: anetkaapro (big blind) showed [Tc 8c] and lost with a pair of Deuces


PokerStars Hand #157132733820:  Hold'em Limit ($3/$6 USD) - 2016/08/11 4:38:20 ET
Table 'Moira' 6-max Seat #3 is the button
Seat 1: hasky156 ($75.91 in chips)
Seat 3: anetkaapro ($80.32 in chips)
anetkaapro: posts small blind $1
hasky156: posts big blind $3
*** HOLE CARDS ***
anetkaapro: raises $3 to $6
hasky156: calls $3
*** FLOP *** [4h 6h 3s]
hasky156: checks
anetkaapro: bets $3
hasky156: calls $3
*** TURN *** [4h 6h 3s] [3c]
hasky156: checks
anetkaapro: checks
*** RIVER *** [4h 6h 3s 3c] [5d]
hasky156: checks
anetkaapro: bets $6
hasky156: folds
Uncalled bet ($6) returned to anetkaapro
anetkaapro collected $17.64 from pot
anetkaapro: doesn't show hand
*** SUMMARY ***
Total pot $18 | Rake $0.36
Board [4h 6h 3s 3c 5d]
Seat 1: hasky156 (big blind) folded on the River
Seat 3: anetkaapro (button) (small blind) collected ($17.64)


PokerStars Hand #157132746895:  Hold'em Limit ($3/$6 USD) - 2016/08/11 4:39:02 ET
Table 'Moira' 6-max Seat #3 is the button
Seat 1: hasky156 ($86.41 in chips)
Seat 3: anetkaapro ($76 in chips)
anetkaapro: posts small blind $1
hasky156: posts big blind $3
*** HOLE CARDS ***
anetkaapro: raises $3 to $6
hasky156: calls $3
*** FLOP *** [5h 3d 7d]
hasky156: checks
anetkaapro: checks
*** TURN *** [5h 3d 7d] [2c]
hasky156: bets $6
anetkaapro: folds
Uncalled bet ($6) returned to hasky156
hasky156 collected $11.76 from pot
*** SUMMARY ***
Total pot $12 | Rake $0.24
Board [5h 3d 7d 2c]
Seat 1: hasky156 (big blind) collected ($11.76)
Seat 3: anetkaapro (button) (small blind) folded on the Turn


PokerStars Hand #157132745383:  Hold'em Limit ($3/$6 USD) - 2016/08/11 4:38:57 ET
Table 'Moira' 6-max Seat #1 is the button
Seat 1: hasky156 ($87.41 in chips)
Seat 3: anetkaapro ($75 in chips)
hasky156: posts small blind $1
anetkaapro: posts big blind $3
*** HOLE CARDS ***
hasky156: folds
Uncalled bet ($2) returned to anetkaapro
anetkaapro collected $2 from pot
anetkaapro: doesn't show hand
*** SUMMARY ***
Total pot $2 | Rake $0
Seat 1: hasky156 (button) (small blind) folded before Flop
Seat 3: anetkaapro (big blind) collected ($2)


PokerStars Hand #157132743810:  Hold'em Limit ($3/$6 USD) - 2016/08/11 4:38:52 ET
Table 'Moira' 6-max Seat #3 is the button
Seat 1: hasky156 ($90.41 in chips)
Seat 3: anetkaapro ($72 in chips)
anetkaapro: posts small blind $1
hasky156: posts big blind $3
*** HOLE CARDS ***
anetkaapro: raises $3 to $6
hasky156: folds
Uncalled bet ($3) returned to anetkaapro
anetkaapro collected $6 from pot
anetkaapro: doesn't show hand
*** SUMMARY ***
Total pot $6 | Rake $0
Seat 1: hasky156 (big blind) folded before Flop
Seat 3: anetkaapro (button) (small blind) collected ($6)


PokerStars Hand #157132732460:  Hold'em Limit ($3/$6 USD) - 2016/08/11 4:38:16 ET
Table 'Moira' 6-max Seat #1 is the button
Seat 1: hasky156 ($76.91 in chips)
Seat 3: anetkaapro ($79.32 in chips)
hasky156: posts small blind $1
anetkaapro: posts big blind $3
*** HOLE CARDS ***
hasky156: folds
Uncalled bet ($2) returned to anetkaapro
anetkaapro collected $2 from pot
anetkaapro: doesn't show hand
*** SUMMARY ***
Total pot $2 | Rake $0
Seat 1: hasky156 (button) (small blind) folded before Flop
Seat 3: anetkaapro (big blind) collected ($2)


PokerStars Hand #157132727843:  Hold'em Limit ($3/$6 USD) - 2016/08/11 4:38:01 ET
Table 'Moira' 6-max Seat #3 is the button
Seat 1: hasky156 ($62.41 in chips)
Seat 3: anetkaapro ($94.32 in chips)
anetkaapro: posts small blind $1
hasky156: posts big blind $3
*** HOLE CARDS ***
anetkaapro: raises $3 to $6
hasky156: calls $3
*** FLOP *** [Qh 7s 7c]
hasky156: checks
anetkaapro: bets $3
hasky156: calls $3
*** TURN *** [Qh 7s 7c] [Ah]
hasky156: checks
anetkaapro: bets $6
hasky156: calls $6
*** RIVER *** [Qh 7s 7c Ah] [Jc]
hasky156: checks
anetkaapro: checks
*** SHOW DOWN ***
hasky156: shows [Qd 6c] (two pair, Queens and Sevens)
anetkaapro: mucks hand
hasky156 collected $29.50 from pot
*** SUMMARY ***
Total pot $30 | Rake $0.50
Board [Qh 7s 7c Ah Jc]
Seat 1: hasky156 (big blind) showed [Qd 6c] and won ($29.50) with two pair, Queens and Sevens
Seat 3: anetkaapro (button) (small blind) mucked


PokerStars Hand #157132750573:  Hold'em Limit ($3/$6 USD) - 2016/08/11 4:39:14 ET
Table 'Moira' 6-max Seat #1 is the button
Seat 1: hasky156 ($92.17 in chips)
Seat 3: anetkaapro ($72 in chips)
hasky156: posts small blind $1
anetkaapro: posts big blind $3
*** HOLE CARDS ***
hasky156: folds
Uncalled bet ($2) returned to anetkaapro
anetkaapro collected $2 from pot
anetkaapro: doesn't show hand
*** SUMMARY ***
Total pot $2 | Rake $0
Seat 1: hasky156 (button) (small blind) folded before Flop
Seat 3: anetkaapro (big blind) collected ($2)


PokerStars Hand #157132839697:  Hold'em Limit ($3/$6 USD) - 2016/08/11 4:43:58 ET
Table 'Moira' 6-max Seat #1 is the button
Seat 1: hasky156 ($65.85 in chips)
Seat 3: anetkaapro ($127.50 in chips)
hasky156: posts small blind $1
anetkaapro: posts big blind $3
*** HOLE CARDS ***
hasky156: folds
Uncalled bet ($2) returned to anetkaapro
anetkaapro collected $2 from pot
anetkaapro: doesn't show hand
*** SUMMARY ***
Total pot $2 | Rake $0
Seat 1: hasky156 (button) (small blind) folded before Flop
Seat 3: anetkaapro (big blind) collected ($2)


PokerStars Hand #157132837003:  Hold'em Limit ($3/$6 USD) - 2016/08/11 4:43:49 ET
Table 'Moira' 6-max Seat #2 is the button
Seat 1: hasky156 ($68.85 in chips)
Seat 2: AAAbeta ($165.07 in chips)
AAAbeta: posts small blind $1
anetkaapro: is sitting out
hasky156: posts big blind $3
*** HOLE CARDS ***
AAAbeta: raises $3 to $6
hasky156: folds
Uncalled bet ($3) returned to AAAbeta
AAAbeta collected $6 from pot
*** SUMMARY ***
Total pot $6 | Rake $0
Seat 1: hasky156 (big blind) folded before Flop
Seat 2: AAAbeta (button) (small blind) collected ($6)


PokerStars Hand #157132851724:  Hold'em Limit ($3/$6 USD) - 2016/08/11 4:44:36 ET
Table 'Moira' 6-max Seat #1 is the button
Seat 1: hasky156 ($88.99 in chips)
Seat 3: anetkaapro ($103.50 in chips)
hasky156: posts small blind $1
anetkaapro: posts big blind $3
*** HOLE CARDS ***
hasky156: calls $2
anetkaapro: checks
*** FLOP *** [3h Kh Jd]
anetkaapro: checks
hasky156: bets $3
anetkaapro: folds
Uncalled bet ($3) returned to hasky156
hasky156 collected $5.88 from pot
*** SUMMARY ***
Total pot $6 | Rake $0.12
Board [3h Kh Jd]
Seat 1: hasky156 (button) (small blind) collected ($5.88)
Seat 3: anetkaapro (big blind) folded on the Flop


PokerStars Hand #157132850352:  Hold'em Limit ($3/$6 USD) - 2016/08/11 4:44:31 ET
Table 'Moira' 6-max Seat #3 is the button
Seat 1: hasky156 ($87.99 in chips)
Seat 3: anetkaapro ($104.50 in chips)
anetkaapro: posts small blind $1
hasky156: posts big blind $3
*** HOLE CARDS ***
anetkaapro: folds
Uncalled bet ($2) returned to hasky156
hasky156 collected $2 from pot
*** SUMMARY ***
Total pot $2 | Rake $0
Seat 1: hasky156 (big blind) collected ($2)
Seat 3: anetkaapro (button) (small blind) folded before Flop


PokerStars Hand #157132846203:  Hold'em Limit ($3/$6 USD) - 2016/08/11 4:44:18 ET
Table 'Moira' 6-max Seat #1 is the button
Seat 1: hasky156 ($79.35 in chips)
Seat 3: anetkaapro ($113.50 in chips)
hasky156: posts small blind $1
anetkaapro: posts big blind $3
*** HOLE CARDS ***
hasky156: calls $2
anetkaapro: raises $3 to $6
hasky156: calls $3
*** FLOP *** [8s Td 4s]
anetkaapro: bets $3
hasky156: calls $3
*** TURN *** [8s Td 4s] [4d]
anetkaapro: checks
hasky156: bets $6
anetkaapro: folds
Uncalled bet ($6) returned to hasky156
hasky156 collected $17.64 from pot
*** SUMMARY ***
Total pot $18 | Rake $0.36
Board [8s Td 4s 4d]
Seat 1: hasky156 (button) (small blind) collected ($17.64)
Seat 3: anetkaapro (big blind) folded on the Turn


PokerStars Hand #157132855095:  Hold'em Limit ($3/$6 USD) - 2016/08/11 4:44:46 ET
Table 'Moira' 6-max Seat #3 is the button
Seat 1: hasky156 ($91.87 in chips)
Seat 3: anetkaapro ($100.50 in chips)
anetkaapro: posts small blind $1
hasky156: posts big blind $3
*** HOLE CARDS ***
anetkaapro: raises $3 to $6
hasky156: calls $3
*** FLOP *** [7s 6c 6s]
hasky156: checks
anetkaapro: bets $3
hasky156: calls $3
*** TURN *** [7s 6c 6s] [7c]
hasky156: checks
anetkaapro: checks
*** RIVER *** [7s 6c 6s 7c] [As]
hasky156: bets $6
anetkaapro: folds
Uncalled bet ($6) returned to hasky156
hasky156 collected $17.64 from pot
*** SUMMARY ***
Total pot $18 | Rake $0.36
Board [7s 6c 6s 7c As]
Seat 1: hasky156 (big blind) collected ($17.64)
Seat 3: anetkaapro (button) (small blind) folded on the River


PokerStars Hand #157132859652:  Hold'em Limit ($3/$6 USD) - 2016/08/11 4:45:00 ET
Table 'Moira' 6-max Seat #1 is the button
Seat 1: hasky156 ($100.51 in chips)
Seat 3: anetkaapro ($91.50 in chips)
hasky156: posts small blind $1
anetkaapro: posts big blind $3
*** HOLE CARDS ***
hasky156: raises $3 to $6
anetkaapro: raises $3 to $9
hasky156: calls $3
*** FLOP *** [5d 2h 7h]
anetkaapro: bets $3
hasky156: calls $3
*** TURN *** [5d 2h 7h] [Kc]
anetkaapro: bets $6
hasky156: calls $6
*** RIVER *** [5d 2h 7h Kc] [Qd]
anetkaapro: bets $6
hasky156: calls $6
*** SHOW DOWN ***
anetkaapro: shows [8c Kh] (a pair of Kings)
hasky156: mucks hand
anetkaapro collected $47.50 from pot
*** SUMMARY ***
Total pot $48 | Rake $0.50
Board [5d 2h 7h Kc Qd]
Seat 1: hasky156 (button) (small blind) mucked
Seat 3: anetkaapro (big blind) showed [8c Kh] and won ($47.50) with a pair of Kings


PokerStars Hand #157132841126:  Hold'em Limit ($3/$6 USD) - 2016/08/11 4:44:02 ET
Table 'Moira' 6-max Seat #3 is the button
Seat 1: hasky156 ($64.85 in chips)
Seat 3: anetkaapro ($128.50 in chips)
anetkaapro: posts small blind $1
hasky156: posts big blind $3
*** HOLE CARDS ***
anetkaapro: raises $3 to $6
AAAbeta leaves the table
hasky156: calls $3
*** FLOP *** [3d 6c 4h]
hasky156: checks
anetkaapro: bets $3
hasky156: calls $3
*** TURN *** [3d 6c 4h] [8h]
hasky156: checks
anetkaapro: bets $6
hasky156: calls $6
*** RIVER *** [3d 6c 4h 8h] [9d]
hasky156: checks
anetkaapro: checks
*** SHOW DOWN ***
hasky156: shows [7c 9h] (a pair of Nines)
anetkaapro: mucks hand
hasky156 collected $29.50 from pot
*** SUMMARY ***
Total pot $30 | Rake $0.50
Board [3d 6c 4h 8h 9d]
Seat 1: hasky156 (big blind) showed [7c 9h] and won ($29.50) with a pair of Nines
Seat 3: anetkaapro (button) (small blind) mucked


PokerStars Hand #157132876316:  Hold'em Limit ($3/$6 USD) - 2016/08/11 4:45:52 ET
Table 'Moira' 6-max Seat #1 is the button
Seat 1: hasky156 ($67.27 in chips)
Seat 3: anetkaapro ($123.52 in chips)
hasky156: posts small blind $1
anetkaapro: posts big blind $3
*** HOLE CARDS ***
hasky156: folds
Uncalled bet ($2) returned to anetkaapro
anetkaapro collected $2 from pot
anetkaapro: doesn't show hand
*** SUMMARY ***
Total pot $2 | Rake $0
Seat 1: hasky156 (button) (small blind) folded before Flop
Seat 3: anetkaapro (big blind) collected ($2)


PokerStars Hand #157132874676:  Hold'em Limit ($3/$6 USD) - 2016/08/11 4:45:47 ET
Table 'Moira' 6-max Seat #3 is the button
Seat 1: hasky156 ($70.27 in chips)
Seat 3: anetkaapro ($120.52 in chips)
anetkaapro: posts small blind $1
hasky156: posts big blind $3
*** HOLE CARDS ***
anetkaapro: raises $3 to $6
hasky156: folds
Uncalled bet ($3) returned to anetkaapro
anetkaapro collected $6 from pot
anetkaapro: doesn't show hand
*** SUMMARY ***
Total pot $6 | Rake $0
Seat 1: hasky156 (big blind) folded before Flop
Seat 3: anetkaapro (button) (small blind) collected ($6)


PokerStars Hand #157132879659:  Hold'em Limit ($3/$6 USD) - 2016/08/11 4:46:02 ET
Table 'Moira' 6-max Seat #1 is the button
Seat 1: hasky156 ($63.27 in chips)
Seat 3: anetkaapro ($127.52 in chips)
hasky156: posts small blind $1
anetkaapro: posts big blind $3
*** HOLE CARDS ***
hasky156: folds
Uncalled bet ($2) returned to anetkaapro
anetkaapro collected $2 from pot
anetkaapro: doesn't show hand
*** SUMMARY ***
Total pot $2 | Rake $0
Seat 1: hasky156 (button) (small blind) folded before Flop
Seat 3: anetkaapro (big blind) collected ($2)


PokerStars Hand #157132877864:  Hold'em Limit ($3/$6 USD) - 2016/08/11 4:45:57 ET
Table 'Moira' 6-max Seat #3 is the button
Seat 1: hasky156 ($66.27 in chips)
Seat 3: anetkaapro ($124.52 in chips)
anetkaapro: posts small blind $1
hasky156: posts big blind $3
*** HOLE CARDS ***
anetkaapro: raises $3 to $6
hasky156: folds
Uncalled bet ($3) returned to anetkaapro
anetkaapro collected $6 from pot
anetkaapro: doesn't show hand
*** SUMMARY ***
Total pot $6 | Rake $0
Seat 1: hasky156 (big blind) folded before Flop
Seat 3: anetkaapro (button) (small blind) collected ($6)


PokerStars Hand #157132869520:  Hold'em Limit ($3/$6 USD) - 2016/08/11 4:45:31 ET
Table 'Moira' 6-max Seat #1 is the button
Seat 1: hasky156 ($82.27 in chips)
Seat 3: anetkaapro ($109 in chips)
hasky156: posts small blind $1
anetkaapro: posts big blind $3
*** HOLE CARDS ***
hasky156: raises $3 to $6
anetkaapro: calls $3
*** FLOP *** [5h Qd 5c]
anetkaapro: checks
hasky156: checks
*** TURN *** [5h Qd 5c] [Kd]
anetkaapro: bets $6
hasky156: calls $6
*** RIVER *** [5h Qd 5c Kd] [2d]
anetkaapro: bets $6
hasky156: folds
Uncalled bet ($6) returned to anetkaapro
anetkaapro collected $23.52 from pot
anetkaapro: doesn't show hand
*** SUMMARY ***
Total pot $24 | Rake $0.48
Board [5h Qd 5c Kd 2d]
Seat 1: hasky156 (button) (small blind) folded on the River
Seat 3: anetkaapro (big blind) collected ($23.52)


PokerStars Hand #157132864604:  Hold'em Limit ($3/$6 USD) - 2016/08/11 4:45:15 ET
Table 'Moira' 6-max Seat #3 is the button
Seat 1: hasky156 ($76.51 in chips)
Seat 3: anetkaapro ($115 in chips)
anetkaapro: posts small blind $1
hasky156: posts big blind $3
*** HOLE CARDS ***
anetkaapro: raises $3 to $6
hasky156: calls $3
*** FLOP *** [3c Ts Js]
hasky156: checks
anetkaapro: checks
*** TURN *** [3c Ts Js] [Ac]
hasky156: checks
anetkaapro: checks
*** RIVER *** [3c Ts Js Ac] [6d]
hasky156: checks
anetkaapro: checks
*** SHOW DOWN ***
hasky156: shows [4s 3s] (a pair of Threes)
anetkaapro: mucks hand
hasky156 collected $11.76 from pot
*** SUMMARY ***
Total pot $12 | Rake $0.24
Board [3c Ts Js Ac 6d]
Seat 1: hasky156 (big blind) showed [4s 3s] and won ($11.76) with a pair of Threes
Seat 3: anetkaapro (button) (small blind) mucked


PokerStars Hand #157132904667:  Hold'em Limit ($3/$6 USD) - 2016/08/11 4:46:55 ET
Table 'Moira' 6-max Seat #3 is the button
Seat 1: hasky156 ($75.41 in chips)
Seat 3: anetkaapro ($114.16 in chips)
anetkaapro: posts small blind $1
hasky156: posts big blind $3
*** HOLE CARDS ***
anetkaapro: raises $3 to $6
hasky156: calls $3
*** FLOP *** [9d 2s 4s]
hasky156: checks
anetkaapro: bets $3
hasky156: calls $3
*** TURN *** [9d 2s 4s] [3d]
hasky156: checks
anetkaapro: bets $6
hasky156: calls $6
*** RIVER *** [9d 2s 4s 3d] [Td]
hasky156: checks
anetkaapro: bets $6
hasky156: calls $6
*** SHOW DOWN ***
anetkaapro: shows [9c 8d] (a pair of Nines)
hasky156: mucks hand
anetkaapro collected $41.50 from pot
*** SUMMARY ***
Total pot $42 | Rake $0.50
Board [9d 2s 4s 3d Td]
Seat 1: hasky156 (big blind) mucked
Seat 3: anetkaapro (button) (small blind) showed [9c 8d] and won ($41.50) with a pair of Nines


PokerStars Hand #157132881162:  Hold'em Limit ($3/$6 USD) - 2016/08/11 4:46:07 ET
Table 'Moira' 6-max Seat #3 is the button
Seat 1: hasky156 ($62.27 in chips)
Seat 3: anetkaapro ($128.52 in chips)
anetkaapro: posts small blind $1
hasky156: posts big blind $3
*** HOLE CARDS ***
anetkaapro: raises $3 to $6
hasky156: calls $3
*** FLOP *** [4h 5h 9s]
hasky156: checks
anetkaapro: bets $3
hasky156: calls $3
*** TURN *** [4h 5h 9s] [2c]
hasky156: checks
anetkaapro: bets $6
hasky156: calls $6
*** RIVER *** [4h 5h 9s 2c] [8h]
hasky156: checks
anetkaapro: checks
*** SHOW DOWN ***
hasky156: shows [5s 7s] (a pair of Fives)
anetkaapro: mucks hand
hasky156 collected $29.50 from pot
*** SUMMARY ***
Total pot $30 | Rake $0.50
Board [4h 5h 9s 2c 8h]
Seat 1: hasky156 (big blind) showed [5s 7s] and won ($29.50) with a pair of Fives
Seat 3: anetkaapro (button) (small blind) mucked


PokerStars Hand #157132886370:  Hold'em Limit ($3/$6 USD) - 2016/08/11 4:46:23 ET
Table 'Moira' 6-max Seat #1 is the button
Seat 1: hasky156 ($76.77 in chips)
Seat 3: anetkaapro ($113.52 in chips)
hasky156: posts small blind $1
anetkaapro: posts big blind $3
*** HOLE CARDS ***
hasky156: raises $3 to $6
anetkaapro: calls $3
*** FLOP *** [Ah 4s 6d]
anetkaapro: checks
hasky156: bets $3
anetkaapro: calls $3
*** TURN *** [Ah 4s 6d] [Ks]
anetkaapro: checks
hasky156: bets $6
anetkaapro: folds
Uncalled bet ($6) returned to hasky156
hasky156 collected $17.64 from pot
*** SUMMARY ***
Total pot $18 | Rake $0.36
Board [Ah 4s 6d Ks]
Seat 1: hasky156 (button) (small blind) collected ($17.64)
Seat 3: anetkaapro (big blind) folded on the Turn


PokerStars Hand #157132903311:  Hold'em Limit ($3/$6 USD) - 2016/08/11 4:46:51 ET
Table 'Moira' 6-max Seat #1 is the button
Seat 1: hasky156 ($76.41 in chips)
Seat 3: anetkaapro ($113.16 in chips)
hasky156: posts small blind $1
anetkaapro: posts big blind $3
*** HOLE CARDS ***
hasky156: folds
Uncalled bet ($2) returned to anetkaapro
anetkaapro collected $2 from pot
anetkaapro: doesn't show hand
*** SUMMARY ***
Total pot $2 | Rake $0
Seat 1: hasky156 (button) (small blind) folded before Flop
Seat 3: anetkaapro (big blind) collected ($2)


PokerStars Hand #157132890377:  Hold'em Limit ($3/$6 USD) - 2016/08/11 4:46:35 ET
Table 'Moira' 6-max Seat #3 is the button
Seat 1: hasky156 ($85.41 in chips)
Seat 3: anetkaapro ($104.52 in chips)
anetkaapro: posts small blind $1
hasky156: posts big blind $3
*** HOLE CARDS ***
anetkaapro: raises $3 to $6
hasky156: calls $3
*** FLOP *** [3h 3s 6s]
hasky156: checks
anetkaapro: bets $3
hasky156: calls $3
*** TURN *** [3h 3s 6s] [5s]
hasky156: checks
anetkaapro: bets $6
hasky156: folds
Uncalled bet ($6) returned to anetkaapro
anetkaapro collected $17.64 from pot
anetkaapro: doesn't show hand
*** SUMMARY ***
Total pot $18 | Rake $0.36
Board [3h 3s 6s 5s]
Seat 1: hasky156 (big blind) folded on the Turn
Seat 3: anetkaapro (button) (small blind) collected ($17.64)


PokerStars Hand #157132912194:  Hold'em Limit ($3/$6 USD) - 2016/08/11 4:47:19 ET
Table 'Moira' 6-max Seat #3 is the button
Seat 1: hasky156 ($53.41 in chips)
Seat 3: anetkaapro ($135.66 in chips)
anetkaapro: posts small blind $1
hasky156: posts big blind $3
*** HOLE CARDS ***
anetkaapro: raises $3 to $6
hasky156: folds
Uncalled bet ($3) returned to anetkaapro
anetkaapro collected $6 from pot
anetkaapro: doesn't show hand
*** SUMMARY ***
Total pot $6 | Rake $0
Seat 1: hasky156 (big blind) folded before Flop
Seat 3: anetkaapro (button) (small blind) collected ($6)


PokerStars Hand #157132910595:  Hold'em Limit ($3/$6 USD) - 2016/08/11 4:47:14 ET
Table 'Moira' 6-max Seat #1 is the button
Seat 1: hasky156 ($54.41 in chips)
Seat 3: anetkaapro ($134.66 in chips)
hasky156: posts small blind $1
anetkaapro: posts big blind $3
*** HOLE CARDS ***
hasky156: folds
Uncalled bet ($2) returned to anetkaapro
anetkaapro collected $2 from pot
anetkaapro: doesn't show hand
*** SUMMARY ***
Total pot $2 | Rake $0
Seat 1: hasky156 (button) (small blind) folded before Flop
Seat 3: anetkaapro (big blind) collected ($2)


PokerStars Hand #157132921084:  Hold'em Limit ($3/$6 USD) - 2016/08/11 4:47:46 ET
Table 'Moira' 6-max Seat #3 is the button
Seat 1: hasky156 ($56.17 in chips)
Seat 3: anetkaapro ($132.66 in chips)
anetkaapro: posts small blind $1
hasky156: posts big blind $3
*** HOLE CARDS ***
anetkaapro: raises $3 to $6
hasky156: calls $3
*** FLOP *** [As 6h 3h]
hasky156: checks
anetkaapro: bets $3
hasky156: calls $3
*** TURN *** [As 6h 3h] [8s]
hasky156: checks
anetkaapro: bets $6
hasky156: calls $6
*** RIVER *** [As 6h 3h 8s] [2d]
hasky156: checks
anetkaapro: bets $6
hasky156: calls $6
*** SHOW DOWN ***
anetkaapro: shows [Ac 2h] (two pair, Aces and Deuces)
hasky156: mucks hand
anetkaapro collected $41.50 from pot
*** SUMMARY ***
Total pot $42 | Rake $0.50
Board [As 6h 3h 8s 2d]
Seat 1: hasky156 (big blind) mucked
Seat 3: anetkaapro (button) (small blind) showed [Ac 2h] and won ($41.50) with two pair, Aces and Deuces


PokerStars Hand #157132919490:  Hold'em Limit ($3/$6 USD) - 2016/08/11 4:47:42 ET
Table 'Moira' 6-max Seat #1 is the button
Seat 1: hasky156 ($57.17 in chips)
Seat 3: anetkaapro ($131.66 in chips)
hasky156: posts small blind $1
anetkaapro: posts big blind $3
*** HOLE CARDS ***
hasky156: folds
Uncalled bet ($2) returned to anetkaapro
anetkaapro collected $2 from pot
anetkaapro: doesn't show hand
*** SUMMARY ***
Total pot $2 | Rake $0
Seat 1: hasky156 (button) (small blind) folded before Flop
Seat 3: anetkaapro (big blind) collected ($2)


PokerStars Hand #157132918200:  Hold'em Limit ($3/$6 USD) - 2016/08/11 4:47:38 ET
Table 'Moira' 6-max Seat #3 is the button
Seat 1: hasky156 ($56.17 in chips)
Seat 3: anetkaapro ($132.66 in chips)
anetkaapro: posts small blind $1
hasky156: posts big blind $3
*** HOLE CARDS ***
anetkaapro: folds
Uncalled bet ($2) returned to hasky156
hasky156 collected $2 from pot
*** SUMMARY ***
Total pot $2 | Rake $0
Seat 1: hasky156 (big blind) collected ($2)
Seat 3: anetkaapro (button) (small blind) folded before Flop


PokerStars Hand #157132913822:  Hold'em Limit ($3/$6 USD) - 2016/08/11 4:47:24 ET
Table 'Moira' 6-max Seat #1 is the button
Seat 1: hasky156 ($50.41 in chips)
Seat 3: anetkaapro ($138.66 in chips)
hasky156: posts small blind $1
anetkaapro: posts big blind $3
*** HOLE CARDS ***
hasky156: raises $3 to $6
anetkaapro: calls $3
*** FLOP *** [9c 2c 4h]
anetkaapro: checks
hasky156: checks
*** TURN *** [9c 2c 4h] [Kd]
anetkaapro: checks
hasky156: bets $6
anetkaapro: folds
Uncalled bet ($6) returned to hasky156
hasky156 collected $11.76 from pot
*** SUMMARY ***
Total pot $12 | Rake $0.24
Board [9c 2c 4h Kd]
Seat 1: hasky156 (button) (small blind) collected ($11.76)
Seat 3: anetkaapro (big blind) folded on the Turn


PokerStars Hand #157132945495:  Hold'em Limit ($3/$6 USD) - 2016/08/11 4:49:02 ET
Table 'Moira' 6-max Seat #3 is the button
Seat 1: hasky156 ($49.31 in chips)
Seat 3: anetkaapro ($137.80 in chips)
anetkaapro: posts small blind $1
hasky156: posts big blind $3
*** HOLE CARDS ***
anetkaapro: raises $3 to $6
hasky156: calls $3
*** FLOP *** [Ah 2h Th]
hasky156: checks
anetkaapro: checks
*** TURN *** [Ah 2h Th] [3d]
hasky156: checks
anetkaapro: checks
*** RIVER *** [Ah 2h Th 3d] [As]
hasky156: checks
anetkaapro: checks
*** SHOW DOWN ***
hasky156: shows [Qd 7s] (a pair of Aces)
anetkaapro: mucks hand
hasky156 collected $11.76 from pot
*** SUMMARY ***
Total pot $12 | Rake $0.24
Board [Ah 2h Th 3d As]
Seat 1: hasky156 (big blind) showed [Qd 7s] and won ($11.76) with a pair of Aces
Seat 3: anetkaapro (button) (small blind) mucked


PokerStars Hand #157132940979:  Hold'em Limit ($3/$6 USD) - 2016/08/11 4:48:48 ET
Table 'Moira' 6-max Seat #1 is the button
Seat 1: hasky156 ($34.81 in chips)
Seat 3: anetkaapro ($152.80 in chips)
hasky156: posts small blind $1
anetkaapro: posts big blind $3
*** HOLE CARDS ***
hasky156: raises $3 to $6
anetkaapro: raises $3 to $9
hasky156: raises $3 to $12
Betting is capped
anetkaapro: calls $3
*** FLOP *** [9d Qc Ah]
anetkaapro: checks
hasky156: bets $3
anetkaapro: calls $3
*** TURN *** [9d Qc Ah] [Td]
anetkaapro: checks
hasky156: bets $6
anetkaapro: folds
Uncalled bet ($6) returned to hasky156
hasky156 collected $29.50 from pot
*** SUMMARY ***
Total pot $30 | Rake $0.50
Board [9d Qc Ah Td]
Seat 1: hasky156 (button) (small blind) collected ($29.50)
Seat 3: anetkaapro (big blind) folded on the Turn


PokerStars Hand #157132928988:  Hold'em Limit ($3/$6 USD) - 2016/08/11 4:48:11 ET
Table 'Moira' 6-max Seat #1 is the button
Seat 1: hasky156 ($35.17 in chips)
Seat 3: anetkaapro ($153.16 in chips)
hasky156: posts small blind $1
anetkaapro: posts big blind $3
*** HOLE CARDS ***
hasky156: raises $3 to $6
anetkaapro: calls $3
*** FLOP *** [Kd 2h Js]
anetkaapro: checks
hasky156: bets $3
anetkaapro: calls $3
*** TURN *** [Kd 2h Js] [As]
anetkaapro: checks
hasky156: bets $6
anetkaapro: folds
Uncalled bet ($6) returned to hasky156
hasky156 collected $17.64 from pot
*** SUMMARY ***
Total pot $18 | Rake $0.36
Board [Kd 2h Js As]
Seat 1: hasky156 (button) (small blind) collected ($17.64)
Seat 3: anetkaapro (big blind) folded on the Turn


PokerStars Hand #157132949883:  Hold'em Limit ($3/$6 USD) - 2016/08/11 4:49:16 ET
Table 'Moira' 6-max Seat #1 is the button
Seat 1: hasky156 ($55.07 in chips)
Seat 3: anetkaapro ($131.80 in chips)
hasky156: posts small blind $1
anetkaapro: posts big blind $3
*** HOLE CARDS ***
hasky156: folds
Uncalled bet ($2) returned to anetkaapro
JoeBlack1982 joins the table at seat #5
anetkaapro collected $2 from pot
anetkaapro: doesn't show hand
*** SUMMARY ***
Total pot $2 | Rake $0
Seat 1: hasky156 (button) (small blind) folded before Flop
Seat 3: anetkaapro (big blind) collected ($2)


