PokerStars Hand #149854997975:  Hold'em Limit ($3/$6 USD) - 2016/03/04 21:47:44 ET
Table 'Moira' 6-max Seat #5 is the button
Seat 5: LotsaBalls12 ($79.27 in chips)
Seat 6: AzureCaper ($88.50 in chips)
LotsaBalls12: posts small blind $1
AzureCaper: posts big blind $3
*** HOLE CARDS ***
LotsaBalls12: raises $3 to $6
AzureCaper: folds
Uncalled bet ($3) returned to LotsaBalls12
LotsaBalls12 collected $6 from pot
LotsaBalls12: doesn't show hand
*** SUMMARY ***
Total pot $6 | Rake $0
Seat 5: LotsaBalls12 (button) (small blind) collected ($6)
Seat 6: AzureCaper (big blind) folded before Flop


PokerStars Hand #149854984796:  Hold'em Limit ($3/$6 USD) - 2016/03/04 21:47:14 ET
Table 'Moira' 6-max Seat #6 is the button
Seat 5: LotsaBalls12 ($69.77 in chips)
Seat 6: AzureCaper ($72 in chips)
AzureCaper: posts small blind $1
LotsaBalls12: posts big blind $3
*** HOLE CARDS ***
AzureCaper: raises $3 to $6
LotsaBalls12: raises $3 to $9
AzureCaper: raises $3 to $12
Betting is capped
LotsaBalls12: calls $3
*** FLOP *** [3c Ts 5s]
LotsaBalls12: bets $3
AzureCaper: calls $3
*** TURN *** [3c Ts 5s] [8c]
LotsaBalls12: bets $6
AzureCaper: calls $6
*** RIVER *** [3c Ts 5s 8c] [3s]
LotsaBalls12: bets $6
AzureCaper: calls $6
*** SHOW DOWN ***
LotsaBalls12: shows [6s Qs] (a flush, Queen high)
AzureCaper: mucks hand
LotsaBalls12 collected $53.50 from pot
*** SUMMARY ***
Total pot $54 | Rake $0.50
Board [3c Ts 5s 8c 3s]
Seat 5: LotsaBalls12 (big blind) showed [6s Qs] and won ($53.50) with a flush, Queen high
Seat 6: AzureCaper (button) (small blind) mucked


PokerStars Hand #149855000163:  Hold'em Limit ($3/$6 USD) - 2016/03/04 21:47:49 ET
Table 'Moira' 6-max Seat #6 is the button
Seat 5: LotsaBalls12 ($82.27 in chips)
Seat 6: AzureCaper ($85.50 in chips)
AzureCaper: posts small blind $1
LotsaBalls12: posts big blind $3
*** HOLE CARDS ***
AzureCaper: folds
Uncalled bet ($2) returned to LotsaBalls12
LotsaBalls12 collected $2 from pot
LotsaBalls12: doesn't show hand
*** SUMMARY ***
Total pot $2 | Rake $0
Seat 5: LotsaBalls12 (big blind) collected ($2)
Seat 6: AzureCaper (button) (small blind) folded before Flop


PokerStars Hand #149854996150:  Hold'em Limit ($3/$6 USD) - 2016/03/04 21:47:40 ET
Table 'Moira' 6-max Seat #6 is the button
Seat 5: LotsaBalls12 ($78.27 in chips)
Seat 6: AzureCaper ($89.50 in chips)
AzureCaper: posts small blind $1
LotsaBalls12: posts big blind $3
*** HOLE CARDS ***
AzureCaper: folds
Uncalled bet ($2) returned to LotsaBalls12
LotsaBalls12 collected $2 from pot
LotsaBalls12: doesn't show hand
*** SUMMARY ***
Total pot $2 | Rake $0
Seat 5: LotsaBalls12 (big blind) collected ($2)
Seat 6: AzureCaper (button) (small blind) folded before Flop


PokerStars Hand #149854990499:  Hold'em Limit ($3/$6 USD) - 2016/03/04 21:47:27 ET
Table 'Moira' 6-max Seat #5 is the button
Seat 5: LotsaBalls12 ($96.27 in chips)
Seat 6: AzureCaper ($72 in chips)
LotsaBalls12: posts small blind $1
AzureCaper: posts big blind $3
*** HOLE CARDS ***
LotsaBalls12: raises $3 to $6
AzureCaper: calls $3
*** FLOP *** [3s 9h 6c]
AzureCaper: checks
LotsaBalls12: bets $3
AzureCaper: raises $3 to $6
LotsaBalls12: calls $3
*** TURN *** [3s 9h 6c] [2h]
AzureCaper: bets $6
LotsaBalls12: calls $6
*** RIVER *** [3s 9h 6c 2h] [3h]
AzureCaper: bets $6
LotsaBalls12: folds
Uncalled bet ($6) returned to AzureCaper
AzureCaper collected $35.50 from pot
AzureCaper: doesn't show hand
*** SUMMARY ***
Total pot $36 | Rake $0.50
Board [3s 9h 6c 2h 3h]
Seat 5: LotsaBalls12 (button) (small blind) folded on the River
Seat 6: AzureCaper (big blind) collected ($35.50)


PokerStars Hand #149855004367:  Hold'em Limit ($3/$6 USD) - 2016/03/04 21:47:59 ET
Table 'Moira' 6-max Seat #5 is the button
Seat 5: LotsaBalls12 ($83.27 in chips)
Seat 6: AzureCaper ($84.50 in chips)
LotsaBalls12: posts small blind $1
AzureCaper: posts big blind $3
*** HOLE CARDS ***
LotsaBalls12: calls $2
AzureCaper: checks
*** FLOP *** [4c 4h Tc]
AzureCaper: checks
LotsaBalls12: bets $3
AzureCaper: folds
Uncalled bet ($3) returned to LotsaBalls12
LotsaBalls12 collected $5.88 from pot
LotsaBalls12: doesn't show hand
*** SUMMARY ***
Total pot $6 | Rake $0.12
Board [4c 4h Tc]
Seat 5: LotsaBalls12 (button) (small blind) collected ($5.88)
Seat 6: AzureCaper (big blind) folded on the Flop


PokerStars Hand #149855034328:  Hold'em Limit ($3/$6 USD) - 2016/03/04 21:49:08 ET
Table 'Moira' 6-max Seat #6 is the button
Seat 5: LotsaBalls12 ($54.15 in chips)
Seat 6: AzureCaper ($112.28 in chips)
AzureCaper: posts small blind $1
LotsaBalls12: posts big blind $3
*** HOLE CARDS ***
AzureCaper: folds
Uncalled bet ($2) returned to LotsaBalls12
LotsaBalls12 collected $2 from pot
LotsaBalls12: doesn't show hand
*** SUMMARY ***
Total pot $2 | Rake $0
Seat 5: LotsaBalls12 (big blind) collected ($2)
Seat 6: AzureCaper (button) (small blind) folded before Flop


PokerStars Hand #149855024557:  Hold'em Limit ($3/$6 USD) - 2016/03/04 21:48:45 ET
Table 'Moira' 6-max Seat #5 is the button
Seat 5: LotsaBalls12 ($66.15 in chips)
Seat 6: AzureCaper ($100.76 in chips)
LotsaBalls12: posts small blind $1
AzureCaper: posts big blind $3
*** HOLE CARDS ***
LotsaBalls12: raises $3 to $6
AzureCaper: calls $3
*** FLOP *** [Qc 5s 3h]
AzureCaper: checks
LotsaBalls12: bets $3
AzureCaper: raises $3 to $6
LotsaBalls12: calls $3
*** TURN *** [Qc 5s 3h] [4s]
AzureCaper: bets $6
LotsaBalls12: folds
Uncalled bet ($6) returned to AzureCaper
AzureCaper collected $23.52 from pot
AzureCaper: doesn't show hand
*** SUMMARY ***
Total pot $24 | Rake $0.48
Board [Qc 5s 3h 4s]
Seat 5: LotsaBalls12 (button) (small blind) folded on the Turn
Seat 6: AzureCaper (big blind) collected ($23.52)


PokerStars Hand #149855022712:  Hold'em Limit ($3/$6 USD) - 2016/03/04 21:48:41 ET
Table 'Moira' 6-max Seat #6 is the button
Seat 5: LotsaBalls12 ($65.15 in chips)
Seat 6: AzureCaper ($101.76 in chips)
AzureCaper: posts small blind $1
LotsaBalls12: posts big blind $3
*** HOLE CARDS ***
AzureCaper: folds
Uncalled bet ($2) returned to LotsaBalls12
LotsaBalls12 collected $2 from pot
LotsaBalls12: doesn't show hand
*** SUMMARY ***
Total pot $2 | Rake $0
Seat 5: LotsaBalls12 (big blind) collected ($2)
Seat 6: AzureCaper (button) (small blind) folded before Flop


PokerStars Hand #149855009081:  Hold'em Limit ($3/$6 USD) - 2016/03/04 21:48:10 ET
Table 'Moira' 6-max Seat #6 is the button
Seat 5: LotsaBalls12 ($86.15 in chips)
Seat 6: AzureCaper ($81.50 in chips)
AzureCaper: posts small blind $1
LotsaBalls12: posts big blind $3
*** HOLE CARDS ***
AzureCaper: raises $3 to $6
LotsaBalls12: calls $3
*** FLOP *** [Td 3h 8s]
LotsaBalls12: checks
AzureCaper: bets $3
LotsaBalls12: calls $3
*** TURN *** [Td 3h 8s] [7s]
LotsaBalls12: checks
AzureCaper: bets $6
LotsaBalls12: calls $6
*** RIVER *** [Td 3h 8s 7s] [5h]
LotsaBalls12: checks
AzureCaper: checks
*** SHOW DOWN ***
LotsaBalls12: shows [4s 2s] (high card Ten)
AzureCaper: shows [9d 7d] (a pair of Sevens)
AzureCaper collected $29.50 from pot
*** SUMMARY ***
Total pot $30 | Rake $0.50
Board [Td 3h 8s 7s 5h]
Seat 5: LotsaBalls12 (big blind) showed [4s 2s] and lost with high card Ten
Seat 6: AzureCaper (button) (small blind) showed [9d 7d] and won ($29.50) with a pair of Sevens


PokerStars Hand #149855040481:  Hold'em Limit ($3/$6 USD) - 2016/03/04 21:49:22 ET
Table 'Moira' 6-max Seat #5 is the button
Seat 5: LotsaBalls12 ($55.15 in chips)
Seat 6: AzureCaper ($111.28 in chips)
LotsaBalls12: posts small blind $1
AzureCaper: posts big blind $3
*** HOLE CARDS ***
LotsaBalls12: folds
Uncalled bet ($2) returned to AzureCaper
AzureCaper collected $2 from pot
AzureCaper: doesn't show hand
*** SUMMARY ***
Total pot $2 | Rake $0
Seat 5: LotsaBalls12 (button) (small blind) folded before Flop
Seat 6: AzureCaper (big blind) collected ($2)


PokerStars Hand #149855038579:  Hold'em Limit ($3/$6 USD) - 2016/03/04 21:49:18 ET
Table 'Moira' 6-max Seat #6 is the button
Seat 5: LotsaBalls12 ($54.15 in chips)
Seat 6: AzureCaper ($112.28 in chips)
AzureCaper: posts small blind $1
LotsaBalls12: posts big blind $3
*** HOLE CARDS ***
AzureCaper: folds
Uncalled bet ($2) returned to LotsaBalls12
LotsaBalls12 collected $2 from pot
LotsaBalls12: doesn't show hand
*** SUMMARY ***
Total pot $2 | Rake $0
Seat 5: LotsaBalls12 (big blind) collected ($2)
Seat 6: AzureCaper (button) (small blind) folded before Flop


PokerStars Hand #149855036443:  Hold'em Limit ($3/$6 USD) - 2016/03/04 21:49:13 ET
Table 'Moira' 6-max Seat #5 is the button
Seat 5: LotsaBalls12 ($55.15 in chips)
Seat 6: AzureCaper ($111.28 in chips)
LotsaBalls12: posts small blind $1
AzureCaper: posts big blind $3
*** HOLE CARDS ***
LotsaBalls12: folds
Uncalled bet ($2) returned to AzureCaper
AzureCaper collected $2 from pot
AzureCaper: doesn't show hand
*** SUMMARY ***
Total pot $2 | Rake $0
Seat 5: LotsaBalls12 (button) (small blind) folded before Flop
Seat 6: AzureCaper (big blind) collected ($2)


PokerStars Hand #149855049213:  Hold'em Limit ($3/$6 USD) - 2016/03/04 21:49:42 ET
Table 'Moira' 6-max Seat #5 is the button
Seat 5: LotsaBalls12 ($33.15 in chips)
Seat 6: AzureCaper ($132.78 in chips)
LotsaBalls12: posts small blind $1
AzureCaper: posts big blind $3
*** HOLE CARDS ***
LotsaBalls12: folds
Uncalled bet ($2) returned to AzureCaper
AzureCaper collected $2 from pot
AzureCaper: doesn't show hand
*** SUMMARY ***
Total pot $2 | Rake $0
Seat 5: LotsaBalls12 (button) (small blind) folded before Flop
Seat 6: AzureCaper (big blind) collected ($2)


PokerStars Hand #149855042490:  Hold'em Limit ($3/$6 USD) - 2016/03/04 21:49:27 ET
Table 'Moira' 6-max Seat #6 is the button
Seat 5: LotsaBalls12 ($54.15 in chips)
Seat 6: AzureCaper ($112.28 in chips)
AzureCaper: posts small blind $1
LotsaBalls12: posts big blind $3
*** HOLE CARDS ***
AzureCaper: raises $3 to $6
LotsaBalls12: calls $3
*** FLOP *** [9h 9c Ks]
LotsaBalls12: checks
AzureCaper: bets $3
LotsaBalls12: calls $3
*** TURN *** [9h 9c Ks] [8d]
LotsaBalls12: checks
AzureCaper: bets $6
LotsaBalls12: calls $6
*** RIVER *** [9h 9c Ks 8d] [7s]
LotsaBalls12: checks
AzureCaper: bets $6
LotsaBalls12: calls $6
*** SHOW DOWN ***
AzureCaper: shows [9s 6c] (three of a kind, Nines)
LotsaBalls12: mucks hand
AzureCaper collected $41.50 from pot
*** SUMMARY ***
Total pot $42 | Rake $0.50
Board [9h 9c Ks 8d 7s]
Seat 5: LotsaBalls12 (big blind) mucked
Seat 6: AzureCaper (button) (small blind) showed [9s 6c] and won ($41.50) with three of a kind, Nines


PokerStars Hand #149855051213:  Hold'em Limit ($3/$6 USD) - 2016/03/04 21:49:47 ET
Table 'Moira' 6-max Seat #6 is the button
Seat 5: LotsaBalls12 ($32.15 in chips)
Seat 6: AzureCaper ($133.78 in chips)
AzureCaper: posts small blind $1
LotsaBalls12: posts big blind $3
*** HOLE CARDS ***
AzureCaper: raises $3 to $6
LotsaBalls12: calls $3
*** FLOP *** [2h Qs Jc]
LotsaBalls12: checks
AzureCaper: bets $3
LotsaBalls12: folds
Uncalled bet ($3) returned to AzureCaper
AzureCaper collected $11.76 from pot
AzureCaper: doesn't show hand
*** SUMMARY ***
Total pot $12 | Rake $0.24
Board [2h Qs Jc]
Seat 5: LotsaBalls12 (big blind) folded on the Flop
Seat 6: AzureCaper (button) (small blind) collected ($11.76)


PokerStars Hand #149855059008:  Hold'em Limit ($3/$6 USD) - 2016/03/04 21:50:05 ET
Table 'Moira' 6-max Seat #6 is the button
Seat 5: LotsaBalls12 ($23.15 in chips)
Seat 6: AzureCaper ($142.42 in chips)
AzureCaper: posts small blind $1
LotsaBalls12: posts big blind $3
*** HOLE CARDS ***
AzureCaper: folds
Uncalled bet ($2) returned to LotsaBalls12
LotsaBalls12 collected $2 from pot
LotsaBalls12: doesn't show hand
*** SUMMARY ***
Total pot $2 | Rake $0
Seat 5: LotsaBalls12 (big blind) collected ($2)
Seat 6: AzureCaper (button) (small blind) folded before Flop


PokerStars Hand #149855054973:  Hold'em Limit ($3/$6 USD) - 2016/03/04 21:49:56 ET
Table 'Moira' 6-max Seat #5 is the button
Seat 5: LotsaBalls12 ($26.15 in chips)
Seat 6: AzureCaper ($139.54 in chips)
LotsaBalls12: posts small blind $1
AzureCaper: posts big blind $3
*** HOLE CARDS ***
LotsaBalls12: calls $2
AzureCaper: checks
*** FLOP *** [7h 7c 2s]
AzureCaper: checks
LotsaBalls12: checks
*** TURN *** [7h 7c 2s] [6h]
AzureCaper: bets $6
LotsaBalls12: folds
Uncalled bet ($6) returned to AzureCaper
AzureCaper collected $5.88 from pot
AzureCaper: doesn't show hand
*** SUMMARY ***
Total pot $6 | Rake $0.12
Board [7h 7c 2s 6h]
Seat 5: LotsaBalls12 (button) (small blind) folded on the Turn
Seat 6: AzureCaper (big blind) collected ($5.88)


PokerStars Hand #149855063024:  Hold'em Limit ($3/$6 USD) - 2016/03/04 21:50:15 ET
Table 'Moira' 6-max Seat #6 is the button
Seat 5: LotsaBalls12 ($23.15 in chips)
Seat 6: AzureCaper ($142.42 in chips)
AzureCaper: posts small blind $1
LotsaBalls12: posts big blind $3
*** HOLE CARDS ***
AzureCaper: folds
Uncalled bet ($2) returned to LotsaBalls12
LotsaBalls12 collected $2 from pot
LotsaBalls12: doesn't show hand
*** SUMMARY ***
Total pot $2 | Rake $0
Seat 5: LotsaBalls12 (big blind) collected ($2)
Seat 6: AzureCaper (button) (small blind) folded before Flop


PokerStars Hand #149855060883:  Hold'em Limit ($3/$6 USD) - 2016/03/04 21:50:10 ET
Table 'Moira' 6-max Seat #5 is the button
Seat 5: LotsaBalls12 ($24.15 in chips)
Seat 6: AzureCaper ($141.42 in chips)
LotsaBalls12: posts small blind $1
AzureCaper: posts big blind $3
*** HOLE CARDS ***
LotsaBalls12: folds
Uncalled bet ($2) returned to AzureCaper
AzureCaper collected $2 from pot
AzureCaper: doesn't show hand
*** SUMMARY ***
Total pot $2 | Rake $0
Seat 5: LotsaBalls12 (button) (small blind) folded before Flop
Seat 6: AzureCaper (big blind) collected ($2)


PokerStars Hand #149855064739:  Hold'em Limit ($3/$6 USD) - 2016/03/04 21:50:19 ET
Table 'Moira' 6-max Seat #5 is the button
Seat 5: LotsaBalls12 ($24.15 in chips)
Seat 6: AzureCaper ($141.42 in chips)
LotsaBalls12: posts small blind $1
AzureCaper: posts big blind $3
*** HOLE CARDS ***
Snuffymo joins the table at seat #3
LotsaBalls12: calls $2
AzureCaper: raises $3 to $6
LotsaBalls12: calls $3
*** FLOP *** [Jh 5d Jd]
AzureCaper: bets $3
LotsaBalls12: calls $3
*** TURN *** [Jh 5d Jd] [9d]
AzureCaper: bets $6
LotsaBalls12: folds
Uncalled bet ($6) returned to AzureCaper
AzureCaper collected $17.64 from pot
AzureCaper: doesn't show hand
*** SUMMARY ***
Total pot $18 | Rake $0.36
Board [Jh 5d Jd 9d]
Seat 5: LotsaBalls12 (button) (small blind) folded on the Turn
Seat 6: AzureCaper (big blind) collected ($17.64)


PokerStars Hand #149855103535:  Hold'em Limit ($3/$6 USD) - 2016/03/04 21:51:48 ET
Table 'Moira' 6-max Seat #3 is the button
Seat 3: Snuffymo ($117 in chips)
Seat 6: AzureCaper ($166.48 in chips)
Snuffymo: posts small blind $1
AzureCaper: posts big blind $3
*** HOLE CARDS ***
Snuffymo: raises $3 to $6
AzureCaper: folds
Uncalled bet ($3) returned to Snuffymo
LotsaBalls12 leaves the table
Snuffymo collected $6 from pot
*** SUMMARY ***
Total pot $6 | Rake $0
Seat 3: Snuffymo (button) (small blind) collected ($6)
Seat 6: AzureCaper (big blind) folded before Flop


PokerStars Hand #149855113012:  Hold'em Limit ($3/$6 USD) - 2016/03/04 21:52:10 ET
Table 'Moira' 6-max Seat #3 is the button
Seat 3: Snuffymo ($128.64 in chips)
Seat 6: AzureCaper ($154.48 in chips)
Snuffymo: posts small blind $1
AzureCaper: posts big blind $3
*** HOLE CARDS ***
Snuffymo: raises $3 to $6
AzureCaper: calls $3
*** FLOP *** [Qd 8h 7s]
AzureCaper: checks
Snuffymo: bets $3
AzureCaper: calls $3
*** TURN *** [Qd 8h 7s] [7h]
AzureCaper: checks
Snuffymo: bets $6
AzureCaper: calls $6
*** RIVER *** [Qd 8h 7s 7h] [As]
AzureCaper: checks
Snuffymo: bets $6
AzureCaper: folds
Uncalled bet ($6) returned to Snuffymo
Snuffymo collected $29.50 from pot
*** SUMMARY ***
Total pot $30 | Rake $0.50
Board [Qd 8h 7s 7h As]
Seat 3: Snuffymo (button) (small blind) collected ($29.50)
Seat 6: AzureCaper (big blind) folded on the River


PokerStars Hand #149855268954:  Hold'em Limit ($3/$6 USD) - 2016/03/04 21:58:45 ET
Table 'Moira' 6-max Seat #4 is the button
Seat 4: anetkaapro ($72 in chips)
Seat 5: JayEm82 ($119.16 in chips)
anetkaapro: posts small blind $1
JayEm82: posts big blind $3
*** HOLE CARDS ***
anetkaapro: folds
Uncalled bet ($2) returned to JayEm82
JayEm82 collected $2 from pot
JayEm82: doesn't show hand
*** SUMMARY ***
Total pot $2 | Rake $0
Seat 4: anetkaapro (button) (small blind) folded before Flop
Seat 5: JayEm82 (big blind) collected ($2)


PokerStars Hand #149855277479:  Hold'em Limit ($3/$6 USD) - 2016/03/04 21:59:08 ET
Table 'Moira' 6-max Seat #4 is the button
Seat 4: anetkaapro ($73 in chips)
Seat 5: JayEm82 ($125.92 in chips)
anetkaapro: posts small blind $1
JayEm82: posts big blind $3
*** HOLE CARDS ***
anetkaapro: raises $3 to $6
JayEm82: folds
Uncalled bet ($3) returned to anetkaapro
anetkaapro collected $6 from pot
anetkaapro: doesn't show hand
*** SUMMARY ***
Total pot $6 | Rake $0
Seat 4: anetkaapro (button) (small blind) collected ($6)
Seat 5: JayEm82 (big blind) folded before Flop


PokerStars Hand #149855275842:  Hold'em Limit ($3/$6 USD) - 2016/03/04 21:59:03 ET
Table 'Moira' 6-max Seat #5 is the button
Seat 4: anetkaapro ($72 in chips)
Seat 5: JayEm82 ($126.92 in chips)
JayEm82: posts small blind $1
anetkaapro: posts big blind $3
*** HOLE CARDS ***
JayEm82: folds
Uncalled bet ($2) returned to anetkaapro
anetkaapro collected $2 from pot
anetkaapro: doesn't show hand
*** SUMMARY ***
Total pot $2 | Rake $0
Seat 4: anetkaapro (big blind) collected ($2)
Seat 5: JayEm82 (button) (small blind) folded before Flop


PokerStars Hand #149855249753:  Hold'em Limit ($3/$6 USD) - 2016/03/04 21:57:53 ET
Table 'Moira' 6-max Seat #5 is the button
Seat 4: anetkaapro ($72 in chips)
Seat 5: JayEm82 ($120 in chips)
JayEm82: posts small blind $1
anetkaapro said, "we can go new table if someone come ok ?"
anetkaapro: posts big blind $3
*** HOLE CARDS ***
JayEm82: raises $3 to $6
anetkaapro: calls $3
*** FLOP *** [Kd 6s Qd]
anetkaapro: checks
JayEm82: bets $3
anetkaapro: calls $3
*** TURN *** [Kd 6s Qd] [2h]
anetkaapro: checks
JayEm82: bets $6
anetkaapro: calls $6
*** RIVER *** [Kd 6s Qd 2h] [6h]
anetkaapro: checks
JayEm82: bets $6
anetkaapro: calls $6
*** SHOW DOWN ***
JayEm82: shows [Td 3d] (a pair of Sixes)
anetkaapro: shows [Ah 2d] (two pair, Sixes and Deuces)
anetkaapro collected $41.50 from pot
*** SUMMARY ***
Total pot $42 | Rake $0.50
Board [Kd 6s Qd 2h 6h]
Seat 4: anetkaapro (big blind) showed [Ah 2d] and won ($41.50) with two pair, Sixes and Deuces
Seat 5: JayEm82 (button) (small blind) showed [Td 3d] and lost with a pair of Sixes


PokerStars Hand #149855273515:  Hold'em Limit ($3/$6 USD) - 2016/03/04 21:58:57 ET
Table 'Moira' 6-max Seat #4 is the button
Seat 4: anetkaapro ($72 in chips)
Seat 5: JayEm82 ($125.92 in chips)
anetkaapro: posts small blind $1
JayEm82: posts big blind $3
*** HOLE CARDS ***
anetkaapro: folds
Uncalled bet ($2) returned to JayEm82
JayEm82 collected $2 from pot
JayEm82: doesn't show hand
*** SUMMARY ***
Total pot $2 | Rake $0
Seat 4: anetkaapro (button) (small blind) folded before Flop
Seat 5: JayEm82 (big blind) collected ($2)


PokerStars Hand #149855270498:  Hold'em Limit ($3/$6 USD) - 2016/03/04 21:58:49 ET
Table 'Moira' 6-max Seat #5 is the button
Seat 4: anetkaapro ($72 in chips)
Seat 5: JayEm82 ($120.16 in chips)
JayEm82: posts small blind $1
anetkaapro: posts big blind $3
*** HOLE CARDS ***
JayEm82: raises $3 to $6
anetkaapro: calls $3
*** FLOP *** [Kh 8s 3s]
anetkaapro: checks
JayEm82: bets $3
anetkaapro: folds
Uncalled bet ($3) returned to JayEm82
JayEm82 collected $11.76 from pot
JayEm82: doesn't show hand
*** SUMMARY ***
Total pot $12 | Rake $0.24
Board [Kh 8s 3s]
Seat 4: anetkaapro (big blind) folded on the Flop
Seat 5: JayEm82 (button) (small blind) collected ($11.76)


PokerStars Hand #149855265714:  Hold'em Limit ($3/$6 USD) - 2016/03/04 21:58:36 ET
Table 'Moira' 6-max Seat #5 is the button
Seat 4: anetkaapro ($83.50 in chips)
Seat 5: JayEm82 ($107.64 in chips)
JayEm82: posts small blind $1
anetkaapro: posts big blind $3
*** HOLE CARDS ***
JayEm82: raises $3 to $6
anetkaapro: raises $3 to $9
JayEm82: calls $3
*** FLOP *** [5c Jc Qd]
anetkaapro: bets $3
JayEm82: raises $3 to $6
anetkaapro: folds
Uncalled bet ($3) returned to JayEm82
JayEm82 collected $23.52 from pot
JayEm82: doesn't show hand
*** SUMMARY ***
Total pot $24 | Rake $0.48
Board [5c Jc Qd]
Seat 4: anetkaapro (big blind) folded on the Flop
Seat 5: JayEm82 (button) (small blind) collected ($23.52)


PokerStars Hand #149855261050:  Hold'em Limit ($3/$6 USD) - 2016/03/04 21:58:23 ET
Table 'Moira' 6-max Seat #4 is the button
Seat 4: anetkaapro ($92.50 in chips)
Seat 5: JayEm82 ($99 in chips)
anetkaapro: posts small blind $1
JayEm82: posts big blind $3
*** HOLE CARDS ***
anetkaapro: raises $3 to $6
JayEm82: calls $3
*** FLOP *** [Qc Ad Js]
JayEm82: checks
anetkaapro: bets $3
JayEm82: calls $3
*** TURN *** [Qc Ad Js] [6c]
JayEm82: checks
anetkaapro: checks
*** RIVER *** [Qc Ad Js 6c] [Qs]
JayEm82: bets $6
anetkaapro: folds
Uncalled bet ($6) returned to JayEm82
JayEm82 collected $17.64 from pot
JayEm82: doesn't show hand
*** SUMMARY ***
Total pot $18 | Rake $0.36
Board [Qc Ad Js 6c Qs]
Seat 4: anetkaapro (button) (small blind) folded on the River
Seat 5: JayEm82 (big blind) collected ($17.64)


PokerStars Hand #149855279367:  Hold'em Limit ($3/$6 USD) - 2016/03/04 21:59:13 ET
Table 'Moira' 6-max Seat #5 is the button
Seat 4: anetkaapro ($76 in chips)
Seat 5: JayEm82 ($122.92 in chips)
JayEm82: posts small blind $1
anetkaapro: posts big blind $3
*** HOLE CARDS ***
JayEm82: raises $3 to $6
anetkaapro: calls $3
*** FLOP *** [4c Qh 4d]
anetkaapro: checks
JayEm82: bets $3
anetkaapro: folds
Uncalled bet ($3) returned to JayEm82
JayEm82 collected $11.76 from pot
JayEm82: doesn't show hand
*** SUMMARY ***
Total pot $12 | Rake $0.24
Board [4c Qh 4d]
Seat 4: anetkaapro (big blind) folded on the Flop
Seat 5: JayEm82 (button) (small blind) collected ($11.76)


PokerStars Hand #149855294709:  Hold'em Limit ($3/$6 USD) - 2016/03/04 21:59:55 ET
Table 'Moira' 6-max Seat #5 is the button
Seat 4: anetkaapro ($75 in chips)
Seat 5: JayEm82 ($142.96 in chips)
JayEm82: posts small blind $1
anetkaapro: posts big blind $3
*** HOLE CARDS ***
JayEm82: raises $3 to $6
anetkaapro: raises $3 to $9
JayEm82: calls $3
*** FLOP *** [7h Kh 4c]
anetkaapro: bets $3
JayEm82: calls $3
*** TURN *** [7h Kh 4c] [9s]
anetkaapro: bets $6
JayEm82: raises $6 to $12
anetkaapro: calls $6
*** RIVER *** [7h Kh 4c 9s] [Ac]
anetkaapro: checks
JayEm82: checks
*** SHOW DOWN ***
anetkaapro: shows [Ad 9d] (two pair, Aces and Nines)
JayEm82: mucks hand
anetkaapro collected $47.50 from pot
*** SUMMARY ***
Total pot $48 | Rake $0.50
Board [7h Kh 4c 9s Ac]
Seat 4: anetkaapro (big blind) showed [Ad 9d] and won ($47.50) with two pair, Aces and Nines
Seat 5: JayEm82 (button) (small blind) mucked


PokerStars Hand #149855292559:  Hold'em Limit ($3/$6 USD) - 2016/03/04 21:59:49 ET
Table 'Moira' 6-max Seat #4 is the button
Seat 4: anetkaapro ($72 in chips)
Seat 5: JayEm82 ($145.96 in chips)
anetkaapro: posts small blind $1
JayEm82: posts big blind $3
*** HOLE CARDS ***
anetkaapro: raises $3 to $6
JayEm82: folds
Uncalled bet ($3) returned to anetkaapro
anetkaapro collected $6 from pot
anetkaapro: doesn't show hand
*** SUMMARY ***
Total pot $6 | Rake $0
Seat 4: anetkaapro (button) (small blind) collected ($6)
Seat 5: JayEm82 (big blind) folded before Flop


PokerStars Hand #149855289693:  Hold'em Limit ($3/$6 USD) - 2016/03/04 21:59:41 ET
Table 'Moira' 6-max Seat #5 is the button
Seat 4: anetkaapro ($72 in chips)
Seat 5: JayEm82 ($140.20 in chips)
JayEm82: posts small blind $1
anetkaapro: posts big blind $3
*** HOLE CARDS ***
JayEm82: raises $3 to $6
anetkaapro: calls $3
*** FLOP *** [Kc 6s 8d]
anetkaapro: checks
JayEm82: bets $3
anetkaapro: folds
Uncalled bet ($3) returned to JayEm82
JayEm82 collected $11.76 from pot
JayEm82: doesn't show hand
*** SUMMARY ***
Total pot $12 | Rake $0.24
Board [Kc 6s 8d]
Seat 4: anetkaapro (big blind) folded on the Flop
Seat 5: JayEm82 (button) (small blind) collected ($11.76)


PokerStars Hand #149855284242:  Hold'em Limit ($3/$6 USD) - 2016/03/04 21:59:26 ET
Table 'Moira' 6-max Seat #4 is the button
Seat 4: anetkaapro ($72 in chips)
Seat 5: JayEm82 ($128.68 in chips)
anetkaapro: posts small blind $1
JayEm82: posts big blind $3
*** HOLE CARDS ***
anetkaapro: raises $3 to $6
JayEm82: calls $3
*** FLOP *** [8s 7h Jc]
JayEm82: checks
anetkaapro: checks
*** TURN *** [8s 7h Jc] [5h]
JayEm82: bets $6
anetkaapro: calls $6
*** RIVER *** [8s 7h Jc 5h] [2s]
JayEm82: bets $6
anetkaapro: folds
Uncalled bet ($6) returned to JayEm82
JayEm82 collected $23.52 from pot
JayEm82: doesn't show hand
*** SUMMARY ***
Total pot $24 | Rake $0.48
Board [8s 7h Jc 5h 2s]
Seat 4: anetkaapro (button) (small blind) folded on the River
Seat 5: JayEm82 (big blind) collected ($23.52)


PokerStars Hand #149855307629:  Hold'em Limit ($3/$6 USD) - 2016/03/04 22:00:30 ET
Table 'Moira' 6-max Seat #4 is the button
Seat 4: anetkaapro ($117 in chips)
Seat 5: JayEm82 ($99.96 in chips)
anetkaapro: posts small blind $1
JayEm82: posts big blind $3
*** HOLE CARDS ***
anetkaapro: raises $3 to $6
JayEm82: folds
Uncalled bet ($3) returned to anetkaapro
anetkaapro collected $6 from pot
anetkaapro: doesn't show hand
*** SUMMARY ***
Total pot $6 | Rake $0
Seat 4: anetkaapro (button) (small blind) collected ($6)
Seat 5: JayEm82 (big blind) folded before Flop


PokerStars Hand #149855306109:  Hold'em Limit ($3/$6 USD) - 2016/03/04 22:00:26 ET
Table 'Moira' 6-max Seat #5 is the button
Seat 4: anetkaapro ($116 in chips)
Seat 5: JayEm82 ($100.96 in chips)
JayEm82: posts small blind $1
anetkaapro: posts big blind $3
*** HOLE CARDS ***
JayEm82: folds
Uncalled bet ($2) returned to anetkaapro
anetkaapro collected $2 from pot
anetkaapro: doesn't show hand
*** SUMMARY ***
Total pot $2 | Rake $0
Seat 4: anetkaapro (big blind) collected ($2)
Seat 5: JayEm82 (button) (small blind) folded before Flop


PokerStars Hand #149855299656:  Hold'em Limit ($3/$6 USD) - 2016/03/04 22:00:08 ET
Table 'Moira' 6-max Seat #4 is the button
Seat 4: anetkaapro ($98.50 in chips)
Seat 5: JayEm82 ($118.96 in chips)
anetkaapro: posts small blind $1
JayEm82: posts big blind $3
*** HOLE CARDS ***
anetkaapro: raises $3 to $6
JayEm82: calls $3
*** FLOP *** [5d As Qh]
JayEm82: checks
anetkaapro: bets $3
JayEm82: raises $3 to $6
anetkaapro: calls $3
*** TURN *** [5d As Qh] [4c]
JayEm82: bets $6
anetkaapro: calls $6
*** RIVER *** [5d As Qh 4c] [Th]
JayEm82: checks
anetkaapro: checks
*** SHOW DOWN ***
JayEm82: shows [Kh 5s] (a pair of Fives)
anetkaapro: shows [9c 9d] (a pair of Nines)
anetkaapro collected $35.50 from pot
*** SUMMARY ***
Total pot $36 | Rake $0.50
Board [5d As Qh 4c Th]
Seat 4: anetkaapro (button) (small blind) showed [9c 9d] and won ($35.50) with a pair of Nines
Seat 5: JayEm82 (big blind) showed [Kh 5s] and lost with a pair of Fives


PokerStars Hand #149855313143:  Hold'em Limit ($3/$6 USD) - 2016/03/04 22:00:45 ET
Table 'Moira' 6-max Seat #5 is the button
Seat 4: anetkaapro ($120 in chips)
Seat 5: JayEm82 ($96.96 in chips)
JayEm82: posts small blind $1
anetkaapro: posts big blind $3
*** HOLE CARDS ***
JayEm82: raises $3 to $6
anetkaapro: raises $3 to $9
JayEm82: raises $3 to $12
Betting is capped
anetkaapro: calls $3
*** FLOP *** [Jh 3h 6c]
anetkaapro: checks
JayEm82: bets $3
anetkaapro: calls $3
*** TURN *** [Jh 3h 6c] [Ac]
anetkaapro: checks
JayEm82: bets $6
anetkaapro: calls $6
*** RIVER *** [Jh 3h 6c Ac] [Td]
anetkaapro: checks
JayEm82: bets $6
anetkaapro: folds
Uncalled bet ($6) returned to JayEm82
JayEm82 collected $41.50 from pot
JayEm82: doesn't show hand
*** SUMMARY ***
Total pot $42 | Rake $0.50
Board [Jh 3h 6c Ac Td]
Seat 4: anetkaapro (big blind) folded on the River
Seat 5: JayEm82 (button) (small blind) collected ($41.50)


PokerStars Hand #149855311596:  Hold'em Limit ($3/$6 USD) - 2016/03/04 22:00:40 ET
Table 'Moira' 6-max Seat #4 is the button
Seat 4: anetkaapro ($121 in chips)
Seat 5: JayEm82 ($95.96 in chips)
anetkaapro: posts small blind $1
JayEm82: posts big blind $3
*** HOLE CARDS ***
anetkaapro: folds
Uncalled bet ($2) returned to JayEm82
JayEm82 collected $2 from pot
JayEm82: doesn't show hand
*** SUMMARY ***
Total pot $2 | Rake $0
Seat 4: anetkaapro (button) (small blind) folded before Flop
Seat 5: JayEm82 (big blind) collected ($2)


PokerStars Hand #149855309657:  Hold'em Limit ($3/$6 USD) - 2016/03/04 22:00:35 ET
Table 'Moira' 6-max Seat #5 is the button
Seat 4: anetkaapro ($120 in chips)
Seat 5: JayEm82 ($96.96 in chips)
JayEm82: posts small blind $1
anetkaapro: posts big blind $3
*** HOLE CARDS ***
JayEm82: folds
Uncalled bet ($2) returned to anetkaapro
anetkaapro collected $2 from pot
anetkaapro: doesn't show hand
*** SUMMARY ***
Total pot $2 | Rake $0
Seat 4: anetkaapro (big blind) collected ($2)
Seat 5: JayEm82 (button) (small blind) folded before Flop


PokerStars Hand #149855334225:  Hold'em Limit ($3/$6 USD) - 2016/03/04 22:01:37 ET
Table 'Moira' 6-max Seat #5 is the button
Seat 4: anetkaapro ($106.50 in chips)
Seat 5: JayEm82 ($109.10 in chips)
JayEm82: posts small blind $1
anetkaapro: posts big blind $3
*** HOLE CARDS ***
JayEm82: raises $3 to $6
anetkaapro: raises $3 to $9
JayEm82: calls $3
*** FLOP *** [Tc 5h Ad]
anetkaapro: bets $3
JayEm82: folds
Uncalled bet ($3) returned to anetkaapro
anetkaapro collected $17.64 from pot
anetkaapro: doesn't show hand
*** SUMMARY ***
Total pot $18 | Rake $0.36
Board [Tc 5h Ad]
Seat 4: anetkaapro (big blind) collected ($17.64)
Seat 5: JayEm82 (button) (small blind) folded on the Flop


PokerStars Hand #149855332246:  Hold'em Limit ($3/$6 USD) - 2016/03/04 22:01:32 ET
Table 'Moira' 6-max Seat #4 is the button
Seat 4: anetkaapro ($107.50 in chips)
Seat 5: JayEm82 ($108.10 in chips)
anetkaapro: posts small blind $1
JayEm82: posts big blind $3
*** HOLE CARDS ***
anetkaapro: folds
Uncalled bet ($2) returned to JayEm82
JayEm82 collected $2 from pot
JayEm82: doesn't show hand
*** SUMMARY ***
Total pot $2 | Rake $0
Seat 4: anetkaapro (button) (small blind) folded before Flop
Seat 5: JayEm82 (big blind) collected ($2)


PokerStars Hand #149855327443:  Hold'em Limit ($3/$6 USD) - 2016/03/04 22:01:20 ET
Table 'Moira' 6-max Seat #5 is the button
Seat 4: anetkaapro ($90 in chips)
Seat 5: JayEm82 ($126.10 in chips)
JayEm82: posts small blind $1
anetkaapro: posts big blind $3
*** HOLE CARDS ***
JayEm82: raises $3 to $6
anetkaapro: raises $3 to $9
JayEm82: calls $3
*** FLOP *** [4s 3d Th]
anetkaapro: bets $3
JayEm82: calls $3
*** TURN *** [4s 3d Th] [2h]
anetkaapro: bets $6
JayEm82: calls $6
*** RIVER *** [4s 3d Th 2h] [Ac]
anetkaapro: checks
JayEm82: checks
*** SHOW DOWN ***
anetkaapro: shows [8c 8d] (a pair of Eights)
JayEm82: mucks hand
anetkaapro collected $35.50 from pot
*** SUMMARY ***
Total pot $36 | Rake $0.50
Board [4s 3d Th 2h Ac]
Seat 4: anetkaapro (big blind) showed [8c 8d] and won ($35.50) with a pair of Eights
Seat 5: JayEm82 (button) (small blind) mucked


PokerStars Hand #149855337282:  Hold'em Limit ($3/$6 USD) - 2016/03/04 22:01:45 ET
Table 'Moira' 6-max Seat #4 is the button
Seat 4: anetkaapro ($115.14 in chips)
Seat 5: JayEm82 ($100.10 in chips)
anetkaapro: posts small blind $1
JayEm82: posts big blind $3
*** HOLE CARDS ***
anetkaapro: raises $3 to $6
JayEm82: raises $3 to $9
anetkaapro: calls $3
*** FLOP *** [5c 6s 8c]
JayEm82: bets $3
anetkaapro: calls $3
*** TURN *** [5c 6s 8c] [9s]
JayEm82: bets $6
anetkaapro: raises $6 to $12
JayEm82: raises $6 to $18
anetkaapro: calls $6
*** RIVER *** [5c 6s 8c 9s] [6h]
JayEm82: bets $6
anetkaapro: calls $6
*** SHOW DOWN ***
JayEm82: shows [5s 5h] (a full house, Fives full of Sixes)
anetkaapro: mucks hand
JayEm82 collected $71.50 from pot
*** SUMMARY ***
Total pot $72 | Rake $0.50
Board [5c 6s 8c 9s 6h]
Seat 4: anetkaapro (button) (small blind) mucked
Seat 5: JayEm82 (big blind) showed [5s 5h] and won ($71.50) with a full house, Fives full of Sixes


PokerStars Hand #149855346818:  Hold'em Limit ($3/$6 USD) - 2016/03/04 22:02:08 ET
Table 'Moira' 6-max Seat #4 is the button
Seat 4: anetkaapro ($73.14 in chips)
Seat 5: JayEm82 ($141.36 in chips)
anetkaapro: posts small blind $1
JayEm82: posts big blind $3
*** HOLE CARDS ***
anetkaapro: folds
Uncalled bet ($2) returned to JayEm82
JayEm82 collected $2 from pot
JayEm82: doesn't show hand
*** SUMMARY ***
Total pot $2 | Rake $0
Seat 4: anetkaapro (button) (small blind) folded before Flop
Seat 5: JayEm82 (big blind) collected ($2)


PokerStars Hand #149855323579:  Hold'em Limit ($3/$6 USD) - 2016/03/04 22:01:11 ET
Table 'Moira' 6-max Seat #4 is the button
Seat 4: anetkaapro ($99 in chips)
Seat 5: JayEm82 ($117.46 in chips)
anetkaapro: posts small blind $1
JayEm82: posts big blind $3
*** HOLE CARDS ***
anetkaapro: raises $3 to $6
JayEm82: raises $3 to $9
anetkaapro: calls $3
*** FLOP *** [Ac 8s 8d]
JayEm82: bets $3
anetkaapro: folds
Uncalled bet ($3) returned to JayEm82
JayEm82 collected $17.64 from pot
JayEm82: doesn't show hand
*** SUMMARY ***
Total pot $18 | Rake $0.36
Board [Ac 8s 8d]
Seat 4: anetkaapro (button) (small blind) folded on the Flop
Seat 5: JayEm82 (big blind) collected ($17.64)


PokerStars Hand #149855354463:  Hold'em Limit ($3/$6 USD) - 2016/03/04 22:02:26 ET
Table 'Moira' 6-max Seat #5 is the button
Seat 4: anetkaapro ($72 in chips)
Seat 5: JayEm82 ($149.12 in chips)
JayEm82: posts small blind $1
anetkaapro: posts big blind $3
*** HOLE CARDS ***
JayEm82: raises $3 to $6
anetkaapro: calls $3
*** FLOP *** [4d 7c Jh]
anetkaapro: checks
JayEm82: bets $3
anetkaapro: raises $3 to $6
JayEm82: calls $3
*** TURN *** [4d 7c Jh] [6c]
anetkaapro: bets $6
JayEm82: calls $6
*** RIVER *** [4d 7c Jh 6c] [Jc]
anetkaapro: bets $6
JayEm82: folds
Uncalled bet ($6) returned to anetkaapro
anetkaapro collected $35.50 from pot
anetkaapro: doesn't show hand
*** SUMMARY ***
Total pot $36 | Rake $0.50
Board [4d 7c Jh 6c Jc]
Seat 4: anetkaapro (big blind) collected ($35.50)
Seat 5: JayEm82 (button) (small blind) folded on the River


PokerStars Hand #149855365153:  Hold'em Limit ($3/$6 USD) - 2016/03/04 22:02:52 ET
Table 'Moira' 6-max Seat #5 is the button
Seat 4: anetkaapro ($119 in chips)
Seat 5: JayEm82 ($101.12 in chips)
JayEm82: posts small blind $1
anetkaapro: posts big blind $3
*** HOLE CARDS ***
JayEm82: raises $3 to $6
anetkaapro: calls $3
*** FLOP *** [Js 6c 4s]
anetkaapro: checks
JayEm82: bets $3
anetkaapro: raises $3 to $6
JayEm82: calls $3
*** TURN *** [Js 6c 4s] [3h]
anetkaapro: bets $6
JayEm82: raises $6 to $12
anetkaapro: folds
Uncalled bet ($6) returned to JayEm82
JayEm82 collected $35.50 from pot
JayEm82: doesn't show hand
*** SUMMARY ***
Total pot $36 | Rake $0.50
Board [Js 6c 4s 3h]
Seat 4: anetkaapro (big blind) folded on the Turn
Seat 5: JayEm82 (button) (small blind) collected ($35.50)


PokerStars Hand #149855369755:  Hold'em Limit ($3/$6 USD) - 2016/03/04 22:03:03 ET
Table 'Moira' 6-max Seat #4 is the button
Seat 4: anetkaapro ($101 in chips)
Seat 5: JayEm82 ($118.62 in chips)
anetkaapro: posts small blind $1
JayEm82: posts big blind $3
*** HOLE CARDS ***
anetkaapro: raises $3 to $6
JayEm82: calls $3
*** FLOP *** [9h 2d Qs]
JayEm82: checks
anetkaapro: bets $3
JayEm82: raises $3 to $6
anetkaapro: calls $3
*** TURN *** [9h 2d Qs] [9d]
JayEm82: bets $6
anetkaapro: calls $6
*** RIVER *** [9h 2d Qs 9d] [Qc]
JayEm82: checks
anetkaapro: checks
*** SHOW DOWN ***
JayEm82: shows [3d Ac] (two pair, Queens and Nines)
anetkaapro: shows [As 7s] (two pair, Queens and Nines)
JayEm82 collected $17.75 from pot
anetkaapro collected $17.75 from pot
*** SUMMARY ***
Total pot $36 | Rake $0.50
Board [9h 2d Qs 9d Qc]
Seat 4: anetkaapro (button) (small blind) showed [As 7s] and won ($17.75) with two pair, Queens and Nines
Seat 5: JayEm82 (big blind) showed [3d Ac] and won ($17.75) with two pair, Queens and Nines


PokerStars Hand #149855360433:  Hold'em Limit ($3/$6 USD) - 2016/03/04 22:02:41 ET
Table 'Moira' 6-max Seat #4 is the button
Seat 4: anetkaapro ($89.50 in chips)
Seat 5: JayEm82 ($131.12 in chips)
anetkaapro: posts small blind $1
JayEm82: posts big blind $3
*** HOLE CARDS ***
anetkaapro: raises $3 to $6
JayEm82: raises $3 to $9
anetkaapro: calls $3
*** FLOP *** [Td 7s 4c]
JayEm82: bets $3
anetkaapro: calls $3
*** TURN *** [Td 7s 4c] [6s]
JayEm82: bets $6
anetkaapro: calls $6
*** RIVER *** [Td 7s 4c 6s] [3d]
JayEm82: bets $6
anetkaapro: raises $6 to $12
JayEm82: calls $6
*** SHOW DOWN ***
anetkaapro: shows [Qh 5h] (a straight, Three to Seven)
JayEm82: mucks hand
anetkaapro collected $59.50 from pot
*** SUMMARY ***
Total pot $60 | Rake $0.50
Board [Td 7s 4c 6s 3d]
Seat 4: anetkaapro (button) (small blind) showed [Qh 5h] and won ($59.50) with a straight, Three to Seven
Seat 5: JayEm82 (big blind) mucked


PokerStars Hand #149855352780:  Hold'em Limit ($3/$6 USD) - 2016/03/04 22:02:22 ET
Table 'Moira' 6-max Seat #4 is the button
Seat 4: anetkaapro ($72 in chips)
Seat 5: JayEm82 ($148.12 in chips)
anetkaapro: posts small blind $1
JayEm82: posts big blind $3
*** HOLE CARDS ***
anetkaapro: folds
Uncalled bet ($2) returned to JayEm82
JayEm82 collected $2 from pot
JayEm82: doesn't show hand
*** SUMMARY ***
Total pot $2 | Rake $0
Seat 4: anetkaapro (button) (small blind) folded before Flop
Seat 5: JayEm82 (big blind) collected ($2)


PokerStars Hand #149855349078:  Hold'em Limit ($3/$6 USD) - 2016/03/04 22:02:13 ET
Table 'Moira' 6-max Seat #5 is the button
Seat 4: anetkaapro ($72.14 in chips)
Seat 5: JayEm82 ($142.36 in chips)
JayEm82: posts small blind $1
anetkaapro: posts big blind $3
*** HOLE CARDS ***
JayEm82: raises $3 to $6
anetkaapro: calls $3
*** FLOP *** [8s 3d 4d]
anetkaapro: checks
JayEm82: checks
*** TURN *** [8s 3d 4d] [Jh]
anetkaapro: checks
JayEm82: bets $6
anetkaapro: folds
Uncalled bet ($6) returned to JayEm82
JayEm82 collected $11.76 from pot
JayEm82: doesn't show hand
*** SUMMARY ***
Total pot $12 | Rake $0.24
Board [8s 3d 4d Jh]
Seat 4: anetkaapro (big blind) folded on the Turn
Seat 5: JayEm82 (button) (small blind) collected ($11.76)


PokerStars Hand #149855386789:  Hold'em Limit ($3/$6 USD) - 2016/03/04 22:03:44 ET
Table 'Moira' 6-max Seat #4 is the button
Seat 4: anetkaapro ($101.39 in chips)
Seat 5: JayEm82 ($117.01 in chips)
anetkaapro: posts small blind $1
JayEm82: posts big blind $3
*** HOLE CARDS ***
anetkaapro: raises $3 to $6
JayEm82: raises $3 to $9
anetkaapro: calls $3
*** FLOP *** [Jd 4h 2s]
JayEm82: bets $3
anetkaapro: calls $3
*** TURN *** [Jd 4h 2s] [2h]
JayEm82: bets $6
anetkaapro: folds
Uncalled bet ($6) returned to JayEm82
JayEm82 collected $23.52 from pot
JayEm82: doesn't show hand
*** SUMMARY ***
Total pot $24 | Rake $0.48
Board [Jd 4h 2s 2h]
Seat 4: anetkaapro (button) (small blind) folded on the Turn
Seat 5: JayEm82 (big blind) collected ($23.52)


PokerStars Hand #149855375179:  Hold'em Limit ($3/$6 USD) - 2016/03/04 22:03:16 ET
Table 'Moira' 6-max Seat #5 is the button
Seat 4: anetkaapro ($100.75 in chips)
Seat 5: JayEm82 ($118.37 in chips)
JayEm82: posts small blind $1
anetkaapro: posts big blind $3
*** HOLE CARDS ***
JayEm82: folds
Uncalled bet ($2) returned to anetkaapro
anetkaapro collected $2 from pot
anetkaapro: doesn't show hand
*** SUMMARY ***
Total pot $2 | Rake $0
Seat 4: anetkaapro (big blind) collected ($2)
Seat 5: JayEm82 (button) (small blind) folded before Flop


PokerStars Hand #149855377062:  Hold'em Limit ($3/$6 USD) - 2016/03/04 22:03:21 ET
Table 'Moira' 6-max Seat #4 is the button
Seat 4: anetkaapro ($101.75 in chips)
Seat 5: JayEm82 ($117.37 in chips)
anetkaapro: posts small blind $1
JayEm82: posts big blind $3
*** HOLE CARDS ***
anetkaapro: raises $3 to $6
JayEm82: raises $3 to $9
anetkaapro: calls $3
*** FLOP *** [9d 4s Jh]
JayEm82: bets $3
anetkaapro: folds
Uncalled bet ($3) returned to JayEm82
JayEm82 collected $17.64 from pot
JayEm82: doesn't show hand
*** SUMMARY ***
Total pot $18 | Rake $0.36
Board [9d 4s Jh]
Seat 4: anetkaapro (button) (small blind) folded on the Flop
Seat 5: JayEm82 (big blind) collected ($17.64)


PokerStars Hand #149855395957:  Hold'em Limit ($3/$6 USD) - 2016/03/04 22:04:06 ET
Table 'Moira' 6-max Seat #4 is the button
Seat 4: anetkaapro ($90.39 in chips)
Seat 5: JayEm82 ($127.53 in chips)
anetkaapro: posts small blind $1
JayEm82: posts big blind $3
*** HOLE CARDS ***
anetkaapro: raises $3 to $6
JayEm82: raises $3 to $9
anetkaapro: calls $3
*** FLOP *** [6h 4s Ah]
JayEm82: bets $3
anetkaapro: calls $3
*** TURN *** [6h 4s Ah] [Qh]
JayEm82: bets $6
anetkaapro: calls $6
*** RIVER *** [6h 4s Ah Qh] [Td]
JayEm82: bets $6
anetkaapro: calls $6
*** SHOW DOWN ***
JayEm82: shows [4c 7c] (a pair of Fours)
anetkaapro: shows [Kc 6s] (a pair of Sixes)
anetkaapro collected $47.50 from pot
*** SUMMARY ***
Total pot $48 | Rake $0.50
Board [6h 4s Ah Qh Td]
Seat 4: anetkaapro (button) (small blind) showed [Kc 6s] and won ($47.50) with a pair of Sixes
Seat 5: JayEm82 (big blind) showed [4c 7c] and lost with a pair of Fours


PokerStars Hand #149855394211:  Hold'em Limit ($3/$6 USD) - 2016/03/04 22:04:01 ET
Table 'Moira' 6-max Seat #5 is the button
Seat 4: anetkaapro ($93.39 in chips)
Seat 5: JayEm82 ($124.53 in chips)
JayEm82: posts small blind $1
anetkaapro: posts big blind $3
*** HOLE CARDS ***
JayEm82: raises $3 to $6
anetkaapro: folds
Uncalled bet ($3) returned to JayEm82
JayEm82 collected $6 from pot
JayEm82: doesn't show hand
*** SUMMARY ***
Total pot $6 | Rake $0
Seat 4: anetkaapro (big blind) folded before Flop
Seat 5: JayEm82 (button) (small blind) collected ($6)


PokerStars Hand #149855392337:  Hold'em Limit ($3/$6 USD) - 2016/03/04 22:03:57 ET
Table 'Moira' 6-max Seat #4 is the button
Seat 4: anetkaapro ($90.39 in chips)
Seat 5: JayEm82 ($127.53 in chips)
anetkaapro: posts small blind $1
JayEm82: posts big blind $3
*** HOLE CARDS ***
anetkaapro: raises $3 to $6
JayEm82: folds
Uncalled bet ($3) returned to anetkaapro
anetkaapro collected $6 from pot
anetkaapro: doesn't show hand
*** SUMMARY ***
Total pot $6 | Rake $0
Seat 4: anetkaapro (button) (small blind) collected ($6)
Seat 5: JayEm82 (big blind) folded before Flop


PokerStars Hand #149855390519:  Hold'em Limit ($3/$6 USD) - 2016/03/04 22:03:53 ET
Table 'Moira' 6-max Seat #5 is the button
Seat 4: anetkaapro ($89.39 in chips)
Seat 5: JayEm82 ($128.53 in chips)
JayEm82: posts small blind $1
anetkaapro: posts big blind $3
*** HOLE CARDS ***
JayEm82: folds
Uncalled bet ($2) returned to anetkaapro
anetkaapro collected $2 from pot
anetkaapro: doesn't show hand
*** SUMMARY ***
Total pot $2 | Rake $0
Seat 4: anetkaapro (big blind) collected ($2)
Seat 5: JayEm82 (button) (small blind) folded before Flop


PokerStars Hand #149855422034:  Hold'em Limit ($3/$6 USD) - 2016/03/04 22:05:08 ET
Table 'Moira' 6-max Seat #5 is the button
Seat 4: anetkaapro ($72 in chips)
Seat 5: JayEm82 ($181.03 in chips)
JayEm82: posts small blind $1
anetkaapro: posts big blind $3
*** HOLE CARDS ***
JayEm82: folds
Uncalled bet ($2) returned to anetkaapro
anetkaapro collected $2 from pot
anetkaapro: doesn't show hand
*** SUMMARY ***
Total pot $2 | Rake $0
Seat 4: anetkaapro (big blind) collected ($2)
Seat 5: JayEm82 (button) (small blind) folded before Flop


PokerStars Hand #149855417554:  Hold'em Limit ($3/$6 USD) - 2016/03/04 22:04:57 ET
Table 'Moira' 6-max Seat #4 is the button
Seat 4: anetkaapro ($79.76 in chips)
Seat 5: JayEm82 ($157.53 in chips)
anetkaapro: posts small blind $1
JayEm82: posts big blind $3
*** HOLE CARDS ***
anetkaapro: raises $3 to $6
JayEm82: calls $3
*** FLOP *** [Tc 2h Td]
JayEm82: checks
anetkaapro: bets $3
JayEm82: raises $3 to $6
anetkaapro: calls $3
*** TURN *** [Tc 2h Td] [8s]
JayEm82: bets $6
anetkaapro: calls $6
*** RIVER *** [Tc 2h Td 8s] [5s]
JayEm82: bets $6
anetkaapro: calls $6
*** SHOW DOWN ***
JayEm82: shows [8h Ah] (two pair, Tens and Eights)
anetkaapro: mucks hand
JayEm82 collected $47.50 from pot
*** SUMMARY ***
Total pot $48 | Rake $0.50
Board [Tc 2h Td 8s 5s]
Seat 4: anetkaapro (button) (small blind) mucked
Seat 5: JayEm82 (big blind) showed [8h Ah] and won ($47.50) with two pair, Tens and Eights


PokerStars Hand #149855410974:  Hold'em Limit ($3/$6 USD) - 2016/03/04 22:04:41 ET
Table 'Moira' 6-max Seat #5 is the button
Seat 4: anetkaapro ($72 in chips)
Seat 5: JayEm82 ($165.53 in chips)
JayEm82: posts small blind $1
anetkaapro: posts big blind $3
*** HOLE CARDS ***
JayEm82: folds
Uncalled bet ($2) returned to anetkaapro
anetkaapro collected $2 from pot
anetkaapro: doesn't show hand
*** SUMMARY ***
Total pot $2 | Rake $0
Seat 4: anetkaapro (big blind) collected ($2)
Seat 5: JayEm82 (button) (small blind) folded before Flop


PokerStars Hand #149855406274:  Hold'em Limit ($3/$6 USD) - 2016/03/04 22:04:30 ET
Table 'Moira' 6-max Seat #4 is the button
Seat 4: anetkaapro ($74.89 in chips)
Seat 5: JayEm82 ($142.03 in chips)
anetkaapro: posts small blind $1
JayEm82: posts big blind $3
*** HOLE CARDS ***
anetkaapro: raises $3 to $6
JayEm82: raises $3 to $9
anetkaapro: calls $3
*** FLOP *** [Ts 4c 3s]
JayEm82: bets $3
anetkaapro: calls $3
*** TURN *** [Ts 4c 3s] [Jh]
JayEm82: bets $6
anetkaapro: calls $6
*** RIVER *** [Ts 4c 3s Jh] [8s]
JayEm82: bets $6
anetkaapro: calls $6
*** SHOW DOWN ***
JayEm82: shows [Jc Kd] (a pair of Jacks)
anetkaapro: mucks hand
JayEm82 collected $47.50 from pot
*** SUMMARY ***
Total pot $48 | Rake $0.50
Board [Ts 4c 3s Jh 8s]
Seat 4: anetkaapro (button) (small blind) mucked
Seat 5: JayEm82 (big blind) showed [Jc Kd] and won ($47.50) with a pair of Jacks


PokerStars Hand #149855400318:  Hold'em Limit ($3/$6 USD) - 2016/03/04 22:04:16 ET
Table 'Moira' 6-max Seat #5 is the button
Seat 4: anetkaapro ($113.89 in chips)
Seat 5: JayEm82 ($103.53 in chips)
JayEm82: posts small blind $1
anetkaapro: posts big blind $3
*** HOLE CARDS ***
JayEm82: raises $3 to $6
anetkaapro: calls $3
*** FLOP *** [5s 3c 7d]
anetkaapro: checks
JayEm82: bets $3
anetkaapro: calls $3
*** TURN *** [5s 3c 7d] [2h]
anetkaapro: checks
JayEm82: bets $6
anetkaapro: raises $6 to $12
JayEm82: raises $6 to $18
anetkaapro: raises $6 to $24
Betting is capped
JayEm82: calls $6
*** RIVER *** [5s 3c 7d 2h] [Qc]
anetkaapro: bets $6
JayEm82: raises $6 to $12
anetkaapro: folds
Uncalled bet ($6) returned to JayEm82
JayEm82 collected $77.50 from pot
JayEm82: doesn't show hand
*** SUMMARY ***
Total pot $78 | Rake $0.50
Board [5s 3c 7d 2h Qc]
Seat 4: anetkaapro (big blind) folded on the River
Seat 5: JayEm82 (button) (small blind) collected ($77.50)


PokerStars Hand #149855427647:  Hold'em Limit ($3/$6 USD) - 2016/03/04 22:05:21 ET
Table 'Moira' 6-max Seat #5 is the button
Seat 4: anetkaapro ($72 in chips)
Seat 5: JayEm82 ($185.79 in chips)
JayEm82: posts small blind $1
anetkaapro: posts big blind $3
*** HOLE CARDS ***
JayEm82: folds
Uncalled bet ($2) returned to anetkaapro
anetkaapro collected $2 from pot
anetkaapro: doesn't show hand
*** SUMMARY ***
Total pot $2 | Rake $0
Seat 4: anetkaapro (big blind) collected ($2)
Seat 5: JayEm82 (button) (small blind) folded before Flop


PokerStars Hand #149855440880:  Hold'em Limit ($3/$6 USD) - 2016/03/04 22:05:53 ET
Table 'Moira' 6-max Seat #4 is the button
Seat 4: anetkaapro ($81.39 in chips)
Seat 5: JayEm82 ($175.54 in chips)
anetkaapro: posts small blind $1
JayEm82: posts big blind $3
*** HOLE CARDS ***
anetkaapro: raises $3 to $6
JayEm82: calls $3
*** FLOP *** [5s Ts 9h]
JayEm82: checks
anetkaapro: bets $3
JayEm82: raises $3 to $6
anetkaapro: calls $3
*** TURN *** [5s Ts 9h] [5d]
JayEm82: bets $6
anetkaapro: raises $6 to $12
JayEm82: calls $6
*** RIVER *** [5s Ts 9h 5d] [Ac]
JayEm82: checks
anetkaapro: bets $6
JayEm82: calls $6
*** SHOW DOWN ***
anetkaapro: shows [5h Ah] (a full house, Fives full of Aces)
JayEm82: mucks hand
anetkaapro collected $59.50 from pot
*** SUMMARY ***
Total pot $60 | Rake $0.50
Board [5s Ts 9h 5d Ac]
Seat 4: anetkaapro (button) (small blind) showed [5h Ah] and won ($59.50) with a full house, Fives full of Aces
Seat 5: JayEm82 (big blind) mucked


PokerStars Hand #149855438914:  Hold'em Limit ($3/$6 USD) - 2016/03/04 22:05:48 ET
Table 'Moira' 6-max Seat #5 is the button
Seat 4: anetkaapro ($84.39 in chips)
Seat 5: JayEm82 ($172.54 in chips)
JayEm82: posts small blind $1
anetkaapro: posts big blind $3
*** HOLE CARDS ***
JayEm82: raises $3 to $6
anetkaapro: folds
Uncalled bet ($3) returned to JayEm82
JayEm82 collected $6 from pot
JayEm82: doesn't show hand
*** SUMMARY ***
Total pot $6 | Rake $0
Seat 4: anetkaapro (big blind) folded before Flop
Seat 5: JayEm82 (button) (small blind) collected ($6)


PokerStars Hand #149855437193:  Hold'em Limit ($3/$6 USD) - 2016/03/04 22:05:44 ET
Table 'Moira' 6-max Seat #4 is the button
Seat 4: anetkaapro ($81.39 in chips)
Seat 5: JayEm82 ($175.54 in chips)
anetkaapro: posts small blind $1
JayEm82: posts big blind $3
*** HOLE CARDS ***
anetkaapro: raises $3 to $6
JayEm82: folds
Uncalled bet ($3) returned to anetkaapro
anetkaapro collected $6 from pot
anetkaapro: doesn't show hand
*** SUMMARY ***
Total pot $6 | Rake $0
Seat 4: anetkaapro (button) (small blind) collected ($6)
Seat 5: JayEm82 (big blind) folded before Flop


PokerStars Hand #149855433359:  Hold'em Limit ($3/$6 USD) - 2016/03/04 22:05:35 ET
Table 'Moira' 6-max Seat #5 is the button
Seat 4: anetkaapro ($81.64 in chips)
Seat 5: JayEm82 ($175.79 in chips)
JayEm82: posts small blind $1
anetkaapro: posts big blind $3
*** HOLE CARDS ***
JayEm82: raises $3 to $6
anetkaapro: calls $3
*** FLOP *** [Ah Tc 8h]
anetkaapro: checks
JayEm82: checks
*** TURN *** [Ah Tc 8h] [Ts]
anetkaapro: bets $6
JayEm82: calls $6
*** RIVER *** [Ah Tc 8h Ts] [4h]
anetkaapro: bets $6
JayEm82: calls $6
*** SHOW DOWN ***
anetkaapro: shows [6c 8d] (two pair, Tens and Eights)
JayEm82: shows [Jh 8s] (two pair, Tens and Eights)
anetkaapro collected $17.75 from pot
JayEm82 collected $17.75 from pot
*** SUMMARY ***
Total pot $36 | Rake $0.50
Board [Ah Tc 8h Ts 4h]
Seat 4: anetkaapro (big blind) showed [6c 8d] and won ($17.75) with two pair, Tens and Eights
Seat 5: JayEm82 (button) (small blind) showed [Jh 8s] and won ($17.75) with two pair, Tens and Eights


PokerStars Hand #149855429395:  Hold'em Limit ($3/$6 USD) - 2016/03/04 22:05:25 ET
Table 'Moira' 6-max Seat #4 is the button
Seat 4: anetkaapro ($73 in chips)
Seat 5: JayEm82 ($184.79 in chips)
anetkaapro: posts small blind $1
JayEm82: posts big blind $3
*** HOLE CARDS ***
anetkaapro: raises $3 to $6
JayEm82: calls $3
*** FLOP *** [Th 3s 6h]
JayEm82: checks
anetkaapro: bets $3
JayEm82: calls $3
*** TURN *** [Th 3s 6h] [3h]
JayEm82: checks
anetkaapro: bets $6
JayEm82: folds
Uncalled bet ($6) returned to anetkaapro
anetkaapro collected $17.64 from pot
anetkaapro: doesn't show hand
*** SUMMARY ***
Total pot $18 | Rake $0.36
Board [Th 3s 6h 3h]
Seat 4: anetkaapro (button) (small blind) collected ($17.64)
Seat 5: JayEm82 (big blind) folded on the Turn


PokerStars Hand #149855468273:  Hold'em Limit ($3/$6 USD) - 2016/03/04 22:06:59 ET
Table 'Moira' 6-max Seat #5 is the button
Seat 4: anetkaapro ($72 in chips)
Seat 5: JayEm82 ($197.18 in chips)
JayEm82: posts small blind $1
anetkaapro: posts big blind $3
*** HOLE CARDS ***
JayEm82: folds
Uncalled bet ($2) returned to anetkaapro
anetkaapro collected $2 from pot
anetkaapro: doesn't show hand
*** SUMMARY ***
Total pot $2 | Rake $0
Seat 4: anetkaapro (big blind) collected ($2)
Seat 5: JayEm82 (button) (small blind) folded before Flop


PokerStars Hand #149855464085:  Hold'em Limit ($3/$6 USD) - 2016/03/04 22:06:49 ET
Table 'Moira' 6-max Seat #4 is the button
Seat 4: anetkaapro ($76 in chips)
Seat 5: JayEm82 ($188.54 in chips)
anetkaapro: posts small blind $1
JayEm82: posts big blind $3
*** HOLE CARDS ***
anetkaapro: raises $3 to $6
JayEm82: calls $3
*** FLOP *** [5c Kd Qd]
JayEm82: checks
anetkaapro: bets $3
JayEm82: calls $3
*** TURN *** [5c Kd Qd] [7c]
JayEm82: checks
anetkaapro: checks
*** RIVER *** [5c Kd Qd 7c] [4c]
JayEm82: bets $6
anetkaapro: folds
Uncalled bet ($6) returned to JayEm82
JayEm82 collected $17.64 from pot
JayEm82: doesn't show hand
*** SUMMARY ***
Total pot $18 | Rake $0.36
Board [5c Kd Qd 7c 4c]
Seat 4: anetkaapro (button) (small blind) folded on the River
Seat 5: JayEm82 (big blind) collected ($17.64)


PokerStars Hand #149855462438:  Hold'em Limit ($3/$6 USD) - 2016/03/04 22:06:45 ET
Table 'Moira' 6-max Seat #5 is the button
Seat 4: anetkaapro ($75 in chips)
Seat 5: JayEm82 ($189.54 in chips)
JayEm82: posts small blind $1
anetkaapro: posts big blind $3
*** HOLE CARDS ***
JayEm82: folds
Uncalled bet ($2) returned to anetkaapro
anetkaapro collected $2 from pot
anetkaapro: doesn't show hand
*** SUMMARY ***
Total pot $2 | Rake $0
Seat 4: anetkaapro (big blind) collected ($2)
Seat 5: JayEm82 (button) (small blind) folded before Flop


PokerStars Hand #149855460636:  Hold'em Limit ($3/$6 USD) - 2016/03/04 22:06:40 ET
Table 'Moira' 6-max Seat #4 is the button
Seat 4: anetkaapro ($72 in chips)
Seat 5: JayEm82 ($192.54 in chips)
anetkaapro: posts small blind $1
JayEm82: posts big blind $3
*** HOLE CARDS ***
anetkaapro: raises $3 to $6
JayEm82: folds
Uncalled bet ($3) returned to anetkaapro
anetkaapro collected $6 from pot
anetkaapro: doesn't show hand
*** SUMMARY ***
Total pot $6 | Rake $0
Seat 4: anetkaapro (button) (small blind) collected ($6)
Seat 5: JayEm82 (big blind) folded before Flop


PokerStars Hand #149855455883:  Hold'em Limit ($3/$6 USD) - 2016/03/04 22:06:29 ET
Table 'Moira' 6-max Seat #5 is the button
Seat 4: anetkaapro ($83.89 in chips)
Seat 5: JayEm82 ($172.04 in chips)
JayEm82: posts small blind $1
anetkaapro: posts big blind $3
*** HOLE CARDS ***
JayEm82: raises $3 to $6
anetkaapro: calls $3
*** FLOP *** [3s Qh 7d]
anetkaapro: checks
JayEm82: bets $3
anetkaapro: calls $3
*** TURN *** [3s Qh 7d] [5c]
anetkaapro: checks
JayEm82: bets $6
anetkaapro: calls $6
*** RIVER *** [3s Qh 7d 5c] [7s]
anetkaapro: checks
JayEm82: bets $6
anetkaapro: calls $6
*** SHOW DOWN ***
JayEm82: shows [5d Ah] (two pair, Sevens and Fives)
anetkaapro: mucks hand
JayEm82 collected $41.50 from pot
*** SUMMARY ***
Total pot $42 | Rake $0.50
Board [3s Qh 7d 5c 7s]
Seat 4: anetkaapro (big blind) mucked
Seat 5: JayEm82 (button) (small blind) showed [5d Ah] and won ($41.50) with two pair, Sevens and Fives


PokerStars Hand #149855454124:  Hold'em Limit ($3/$6 USD) - 2016/03/04 22:06:25 ET
Table 'Moira' 6-max Seat #4 is the button
Seat 4: anetkaapro ($80.89 in chips)
Seat 5: JayEm82 ($175.04 in chips)
anetkaapro: posts small blind $1
JayEm82: posts big blind $3
*** HOLE CARDS ***
anetkaapro: raises $3 to $6
JayEm82: folds
Uncalled bet ($3) returned to anetkaapro
anetkaapro collected $6 from pot
anetkaapro: doesn't show hand
*** SUMMARY ***
Total pot $6 | Rake $0
Seat 4: anetkaapro (button) (small blind) collected ($6)
Seat 5: JayEm82 (big blind) folded before Flop


PokerStars Hand #149855445960:  Hold'em Limit ($3/$6 USD) - 2016/03/04 22:06:05 ET
Table 'Moira' 6-max Seat #5 is the button
Seat 4: anetkaapro ($110.89 in chips)
Seat 5: JayEm82 ($145.54 in chips)
JayEm82: posts small blind $1
anetkaapro: posts big blind $3
*** HOLE CARDS ***
JayEm82: raises $3 to $6
anetkaapro: calls $3
*** FLOP *** [2h Js 5c]
anetkaapro: checks
JayEm82: bets $3
anetkaapro: raises $3 to $6
JayEm82: calls $3
*** TURN *** [2h Js 5c] [Kd]
anetkaapro: bets $6
JayEm82: raises $6 to $12
anetkaapro: calls $6
*** RIVER *** [2h Js 5c Kd] [Kh]
anetkaapro: checks
JayEm82: bets $6
anetkaapro: calls $6
*** SHOW DOWN ***
JayEm82: shows [Kc 9d] (three of a kind, Kings)
anetkaapro: mucks hand
JayEm82 collected $59.50 from pot
*** SUMMARY ***
Total pot $60 | Rake $0.50
Board [2h Js 5c Kd Kh]
Seat 4: anetkaapro (big blind) mucked
Seat 5: JayEm82 (button) (small blind) showed [Kc 9d] and won ($59.50) with three of a kind, Kings


PokerStars Hand #149855470001:  Hold'em Limit ($3/$6 USD) - 2016/03/04 22:07:03 ET
Table 'Moira' 6-max Seat #4 is the button
Seat 4: anetkaapro ($73 in chips)
Seat 5: JayEm82 ($196.18 in chips)
anetkaapro: posts small blind $1
JayEm82: posts big blind $3
*** HOLE CARDS ***
anetkaapro: raises $3 to $6
JayEm82: calls $3
*** FLOP *** [4d Qd Js]
JayEm82: checks
anetkaapro: bets $3
JayEm82: calls $3
*** TURN *** [4d Qd Js] [Kc]
JayEm82: checks
anetkaapro: bets $6
JayEm82: raises $6 to $12
anetkaapro: calls $6
*** RIVER *** [4d Qd Js Kc] [7s]
JayEm82: bets $6
anetkaapro: folds
Uncalled bet ($6) returned to JayEm82
JayEm82 collected $41.50 from pot
JayEm82: doesn't show hand
*** SUMMARY ***
Total pot $42 | Rake $0.50
Board [4d Qd Js Kc 7s]
Seat 4: anetkaapro (button) (small blind) folded on the River
Seat 5: JayEm82 (big blind) collected ($41.50)


PokerStars Hand #149855493404:  Hold'em Limit ($3/$6 USD) - 2016/03/04 22:08:00 ET
Table 'Moira' 6-max Seat #5 is the button
Seat 4: anetkaapro ($72 in chips)
Seat 5: JayEm82 ($245.70 in chips)
JayEm82: posts small blind $1
anetkaapro: posts big blind $3
*** HOLE CARDS ***
JayEm82: raises $3 to $6
anetkaapro: calls $3
*** FLOP *** [3s 4d 7s]
anetkaapro: checks
JayEm82: bets $3
anetkaapro: raises $3 to $6
JayEm82: calls $3
*** TURN *** [3s 4d 7s] [6h]
anetkaapro: bets $6
JayEm82: raises $6 to $12
anetkaapro: calls $6
*** RIVER *** [3s 4d 7s 6h] [Qc]
anetkaapro: checks
JayEm82: bets $6
anetkaapro: calls $6
*** SHOW DOWN ***
JayEm82: shows [4s 5s] (a straight, Three to Seven)
anetkaapro: mucks hand
JayEm82 collected $59.50 from pot
*** SUMMARY ***
Total pot $60 | Rake $0.50
Board [3s 4d 7s 6h Qc]
Seat 4: anetkaapro (big blind) mucked
Seat 5: JayEm82 (button) (small blind) showed [4s 5s] and won ($59.50) with a straight, Three to Seven


PokerStars Hand #149855477849:  Hold'em Limit ($3/$6 USD) - 2016/03/04 22:07:22 ET
Table 'Moira' 6-max Seat #5 is the button
Seat 4: anetkaapro ($72 in chips)
Seat 5: JayEm82 ($216.68 in chips)
JayEm82: posts small blind $1
anetkaapro: posts big blind $3
*** HOLE CARDS ***
JayEm82: raises $3 to $6
anetkaapro: folds
Uncalled bet ($3) returned to JayEm82
JayEm82 collected $6 from pot
JayEm82: doesn't show hand
*** SUMMARY ***
Total pot $6 | Rake $0
Seat 4: anetkaapro (big blind) folded before Flop
Seat 5: JayEm82 (button) (small blind) collected ($6)


PokerStars Hand #149855476304:  Hold'em Limit ($3/$6 USD) - 2016/03/04 22:07:18 ET
Table 'Moira' 6-max Seat #4 is the button
Seat 4: anetkaapro ($73 in chips)
Seat 5: JayEm82 ($215.68 in chips)
anetkaapro: posts small blind $1
JayEm82: posts big blind $3
*** HOLE CARDS ***
anetkaapro: folds
Uncalled bet ($2) returned to JayEm82
JayEm82 collected $2 from pot
JayEm82: doesn't show hand
*** SUMMARY ***
Total pot $2 | Rake $0
Seat 4: anetkaapro (button) (small blind) folded before Flop
Seat 5: JayEm82 (big blind) collected ($2)


PokerStars Hand #149855474591:  Hold'em Limit ($3/$6 USD) - 2016/03/04 22:07:14 ET
Table 'Moira' 6-max Seat #5 is the button
Seat 4: anetkaapro ($72 in chips)
Seat 5: JayEm82 ($216.68 in chips)
JayEm82: posts small blind $1
anetkaapro: posts big blind $3
*** HOLE CARDS ***
JayEm82: folds
Uncalled bet ($2) returned to anetkaapro
anetkaapro collected $2 from pot
anetkaapro: doesn't show hand
*** SUMMARY ***
Total pot $2 | Rake $0
Seat 4: anetkaapro (big blind) collected ($2)
Seat 5: JayEm82 (button) (small blind) folded before Flop


PokerStars Hand #149855479630:  Hold'em Limit ($3/$6 USD) - 2016/03/04 22:07:26 ET
Table 'Moira' 6-max Seat #4 is the button
Seat 4: anetkaapro ($72 in chips)
Seat 5: JayEm82 ($219.68 in chips)
anetkaapro: posts small blind $1
JayEm82: posts big blind $3
*** HOLE CARDS ***
anetkaapro: raises $3 to $6
JayEm82: calls $3
*** FLOP *** [5s 5d 3c]
JayEm82: checks
anetkaapro: bets $3
JayEm82: calls $3
*** TURN *** [5s 5d 3c] [9d]
JayEm82: checks
anetkaapro: bets $6
JayEm82: calls $6
*** RIVER *** [5s 5d 3c 9d] [Qd]
JayEm82: checks
anetkaapro: checks
*** SHOW DOWN ***
JayEm82: shows [Ks Jd] (a pair of Fives)
anetkaapro: shows [Ah 4s] (a pair of Fives - Ace kicker)
anetkaapro collected $29.50 from pot
*** SUMMARY ***
Total pot $30 | Rake $0.50
Board [5s 5d 3c 9d Qd]
Seat 4: anetkaapro (button) (small blind) showed [Ah 4s] and won ($29.50) with a pair of Fives
Seat 5: JayEm82 (big blind) showed [Ks Jd] and lost with a pair of Fives


PokerStars Hand #149855488904:  Hold'em Limit ($3/$6 USD) - 2016/03/04 22:07:49 ET
Table 'Moira' 6-max Seat #4 is the button
Seat 4: anetkaapro ($72 in chips)
Seat 5: JayEm82 ($234.18 in chips)
anetkaapro: posts small blind $1
JayEm82: posts big blind $3
*** HOLE CARDS ***
anetkaapro: raises $3 to $6
JayEm82: calls $3
*** FLOP *** [Kh 8c 6d]
JayEm82: checks
anetkaapro: bets $3
JayEm82: raises $3 to $6
anetkaapro: calls $3
*** TURN *** [Kh 8c 6d] [3c]
JayEm82: checks
anetkaapro: checks
*** RIVER *** [Kh 8c 6d 3c] [9d]
JayEm82: bets $6
anetkaapro: folds
Uncalled bet ($6) returned to JayEm82
JayEm82 collected $23.52 from pot
JayEm82: doesn't show hand
*** SUMMARY ***
Total pot $24 | Rake $0.48
Board [Kh 8c 6d 3c 9d]
Seat 4: anetkaapro (button) (small blind) folded on the River
Seat 5: JayEm82 (big blind) collected ($23.52)


PokerStars Hand #149855514277:  Hold'em Limit ($3/$6 USD) - 2016/03/04 22:08:51 ET
Table 'Moira' 6-max Seat #4 is the button
Seat 4: anetkaapro ($72 in chips)
Seat 5: JayEm82 ($289.46 in chips)
anetkaapro: posts small blind $1
JayEm82: posts big blind $3
*** HOLE CARDS ***
anetkaapro: raises $3 to $6
JayEm82: folds
Uncalled bet ($3) returned to anetkaapro
anetkaapro collected $6 from pot
anetkaapro: doesn't show hand
*** SUMMARY ***
Total pot $6 | Rake $0
Seat 4: anetkaapro (button) (small blind) collected ($6)
Seat 5: JayEm82 (big blind) folded before Flop


PokerStars Hand #149855510958:  Hold'em Limit ($3/$6 USD) - 2016/03/04 22:08:43 ET
Table 'Moira' 6-max Seat #5 is the button
Seat 4: anetkaapro ($75 in chips)
Seat 5: JayEm82 ($283.70 in chips)
JayEm82: posts small blind $1
anetkaapro: posts big blind $3
*** HOLE CARDS ***
JayEm82: raises $3 to $6
anetkaapro: calls $3
*** FLOP *** [7d 8d Qh]
anetkaapro: checks
JayEm82: bets $3
anetkaapro: folds
Uncalled bet ($3) returned to JayEm82
JayEm82 collected $11.76 from pot
JayEm82: doesn't show hand
*** SUMMARY ***
Total pot $12 | Rake $0.24
Board [7d 8d Qh]
Seat 4: anetkaapro (big blind) folded on the Flop
Seat 5: JayEm82 (button) (small blind) collected ($11.76)


PokerStars Hand #149855508915:  Hold'em Limit ($3/$6 USD) - 2016/03/04 22:08:37 ET
Table 'Moira' 6-max Seat #4 is the button
Seat 4: anetkaapro ($72 in chips)
Seat 5: JayEm82 ($286.70 in chips)
anetkaapro: posts small blind $1
JayEm82: posts big blind $3
*** HOLE CARDS ***
anetkaapro: raises $3 to $6
JayEm82: folds
Uncalled bet ($3) returned to anetkaapro
anetkaapro collected $6 from pot
anetkaapro: doesn't show hand
*** SUMMARY ***
Total pot $6 | Rake $0
Seat 4: anetkaapro (button) (small blind) collected ($6)
Seat 5: JayEm82 (big blind) folded before Flop


PokerStars Hand #149855503034:  Hold'em Limit ($3/$6 USD) - 2016/03/04 22:08:23 ET
Table 'Moira' 6-max Seat #5 is the button
Seat 4: anetkaapro ($101.50 in chips)
Seat 5: JayEm82 ($245.20 in chips)
JayEm82: posts small blind $1
anetkaapro: posts big blind $3
*** HOLE CARDS ***
JayEm82: raises $3 to $6
anetkaapro: raises $3 to $9
JayEm82: calls $3
*** FLOP *** [Qc 4h 3s]
anetkaapro: bets $3
JayEm82: calls $3
*** TURN *** [Qc 4h 3s] [Ah]
anetkaapro: bets $6
JayEm82: calls $6
*** RIVER *** [Qc 4h 3s Ah] [Kh]
anetkaapro: bets $6
JayEm82: raises $6 to $12
anetkaapro: raises $6 to $18
JayEm82: raises $6 to $24
Betting is capped
anetkaapro: calls $6
*** SHOW DOWN ***
JayEm82: shows [8h 6h] (a flush, Ace high)
anetkaapro: mucks hand
JayEm82 collected $83.50 from pot
*** SUMMARY ***
Total pot $84 | Rake $0.50
Board [Qc 4h 3s Ah Kh]
Seat 4: anetkaapro (big blind) mucked
Seat 5: JayEm82 (button) (small blind) showed [8h 6h] and won ($83.50) with a flush, Ace high


PokerStars Hand #149855498030:  Hold'em Limit ($3/$6 USD) - 2016/03/04 22:08:11 ET
Table 'Moira' 6-max Seat #4 is the button
Seat 4: anetkaapro ($72 in chips)
Seat 5: JayEm82 ($275.20 in chips)
anetkaapro: posts small blind $1
JayEm82: posts big blind $3
*** HOLE CARDS ***
anetkaapro: raises $3 to $6
JayEm82: calls $3
*** FLOP *** [2s Qd Tc]
JayEm82: checks
anetkaapro: bets $3
JayEm82: raises $3 to $6
anetkaapro: calls $3
*** TURN *** [2s Qd Tc] [Kh]
JayEm82: bets $6
anetkaapro: calls $6
*** RIVER *** [2s Qd Tc Kh] [9h]
JayEm82: bets $6
anetkaapro: raises $6 to $12
JayEm82: calls $6
*** SHOW DOWN ***
anetkaapro: shows [Jc 3d] (a straight, Nine to King)
JayEm82: mucks hand
anetkaapro collected $59.50 from pot
*** SUMMARY ***
Total pot $60 | Rake $0.50
Board [2s Qd Tc Kh 9h]
Seat 4: anetkaapro (button) (small blind) showed [Jc 3d] and won ($59.50) with a straight, Nine to King
Seat 5: JayEm82 (big blind) mucked


PokerStars Hand #149855518180:  Hold'em Limit ($3/$6 USD) - 2016/03/04 22:09:00 ET
Table 'Moira' 6-max Seat #4 is the button
Seat 4: anetkaapro ($76 in chips)
Seat 5: JayEm82 ($285.46 in chips)
anetkaapro: posts small blind $1
JayEm82: posts big blind $3
*** HOLE CARDS ***
anetkaapro: raises $3 to $6
JayEm82: folds
Uncalled bet ($3) returned to anetkaapro
anetkaapro collected $6 from pot
anetkaapro: doesn't show hand
*** SUMMARY ***
Total pot $6 | Rake $0
Seat 4: anetkaapro (button) (small blind) collected ($6)
Seat 5: JayEm82 (big blind) folded before Flop


PokerStars Hand #149855516459:  Hold'em Limit ($3/$6 USD) - 2016/03/04 22:08:56 ET
Table 'Moira' 6-max Seat #5 is the button
Seat 4: anetkaapro ($75 in chips)
Seat 5: JayEm82 ($286.46 in chips)
JayEm82: posts small blind $1
anetkaapro: posts big blind $3
*** HOLE CARDS ***
JayEm82: folds
Uncalled bet ($2) returned to anetkaapro
anetkaapro collected $2 from pot
anetkaapro: doesn't show hand
*** SUMMARY ***
Total pot $2 | Rake $0
Seat 4: anetkaapro (big blind) collected ($2)
Seat 5: JayEm82 (button) (small blind) folded before Flop


PokerStars Hand #149855520088:  Hold'em Limit ($3/$6 USD) - 2016/03/04 22:09:05 ET
Table 'Moira' 6-max Seat #5 is the button
Seat 4: anetkaapro ($79 in chips)
Seat 5: JayEm82 ($282.46 in chips)
JayEm82: posts small blind $1
anetkaapro: posts big blind $3
*** HOLE CARDS ***
JayEm82: raises $3 to $6
anetkaapro: folds
Uncalled bet ($3) returned to JayEm82
JayEm82 collected $6 from pot
JayEm82: doesn't show hand
*** SUMMARY ***
Total pot $6 | Rake $0
Seat 4: anetkaapro (big blind) folded before Flop
Seat 5: JayEm82 (button) (small blind) collected ($6)


PokerStars Hand #149855544309:  Hold'em Limit ($3/$6 USD) - 2016/03/04 22:10:04 ET
Table 'Moira' 6-max Seat #4 is the button
Seat 4: anetkaapro ($74.75 in chips)
Seat 5: JayEm82 ($325.97 in chips)
anetkaapro: posts small blind $1
JayEm82: posts big blind $3
*** HOLE CARDS ***
anetkaapro: raises $3 to $6
JayEm82 said, "nh ;)"
JayEm82: raises $3 to $9
anetkaapro: calls $3
*** FLOP *** [7d 5s Th]
JayEm82: bets $3
anetkaapro: calls $3
*** TURN *** [7d 5s Th] [Tc]
JayEm82: bets $6
anetkaapro: calls $6
*** RIVER *** [7d 5s Th Tc] [3d]
JayEm82: bets $6
anetkaapro: calls $6
*** SHOW DOWN ***
JayEm82: shows [Qh Qc] (two pair, Queens and Tens)
anetkaapro: mucks hand
JayEm82 collected $47.50 from pot
*** SUMMARY ***
Total pot $48 | Rake $0.50
Board [7d 5s Th Tc 3d]
Seat 4: anetkaapro (button) (small blind) mucked
Seat 5: JayEm82 (big blind) showed [Qh Qc] and won ($47.50) with two pair, Queens and Tens


PokerStars Hand #149855539506:  Hold'em Limit ($3/$6 USD) - 2016/03/04 22:09:52 ET
Table 'Moira' 6-max Seat #5 is the button
Seat 4: anetkaapro ($75 in chips)
Seat 5: JayEm82 ($326.22 in chips)
JayEm82: posts small blind $1
anetkaapro: posts big blind $3
*** HOLE CARDS ***
JayEm82: raises $3 to $6
anetkaapro: raises $3 to $9
JayEm82: calls $3
*** FLOP *** [Jc 9d Ah]
anetkaapro: bets $3
JayEm82: calls $3
*** TURN *** [Jc 9d Ah] [4d]
anetkaapro: checks
JayEm82: bets $6
anetkaapro: calls $6
*** RIVER *** [Jc 9d Ah 4d] [9h]
anetkaapro: checks
JayEm82: checks
*** SHOW DOWN ***
anetkaapro: shows [8d 8h] (two pair, Nines and Eights)
JayEm82: shows [8c 8s] (two pair, Nines and Eights)
anetkaapro collected $17.75 from pot
JayEm82 collected $17.75 from pot
*** SUMMARY ***
Total pot $36 | Rake $0.50
Board [Jc 9d Ah 4d 9h]
Seat 4: anetkaapro (big blind) showed [8d 8h] and won ($17.75) with two pair, Nines and Eights
Seat 5: JayEm82 (button) (small blind) showed [8c 8s] and won ($17.75) with two pair, Nines and Eights


PokerStars Hand #149855537245:  Hold'em Limit ($3/$6 USD) - 2016/03/04 22:09:47 ET
Table 'Moira' 6-max Seat #4 is the button
Seat 4: anetkaapro ($72 in chips)
Seat 5: JayEm82 ($329.22 in chips)
anetkaapro: posts small blind $1
JayEm82: posts big blind $3
*** HOLE CARDS ***
anetkaapro: raises $3 to $6
JayEm82: folds
Uncalled bet ($3) returned to anetkaapro
anetkaapro collected $6 from pot
anetkaapro: doesn't show hand
*** SUMMARY ***
Total pot $6 | Rake $0
Seat 4: anetkaapro (button) (small blind) collected ($6)
Seat 5: JayEm82 (big blind) folded before Flop


PokerStars Hand #149855533309:  Hold'em Limit ($3/$6 USD) - 2016/03/04 22:09:37 ET
Table 'Moira' 6-max Seat #5 is the button
Seat 4: anetkaapro ($75 in chips)
Seat 5: JayEm82 ($323.46 in chips)
JayEm82: posts small blind $1
anetkaapro: posts big blind $3
*** HOLE CARDS ***
JayEm82: raises $3 to $6
anetkaapro: calls $3
*** FLOP *** [6c As 9c]
anetkaapro: checks
JayEm82: bets $3
anetkaapro: folds
Uncalled bet ($3) returned to JayEm82
JayEm82 collected $11.76 from pot
JayEm82: doesn't show hand
*** SUMMARY ***
Total pot $12 | Rake $0.24
Board [6c As 9c]
Seat 4: anetkaapro (big blind) folded on the Flop
Seat 5: JayEm82 (button) (small blind) collected ($11.76)


PokerStars Hand #149855531530:  Hold'em Limit ($3/$6 USD) - 2016/03/04 22:09:33 ET
Table 'Moira' 6-max Seat #4 is the button
Seat 4: anetkaapro ($72 in chips)
Seat 5: JayEm82 ($326.46 in chips)
anetkaapro: posts small blind $1
JayEm82: posts big blind $3
*** HOLE CARDS ***
anetkaapro: raises $3 to $6
JayEm82: folds
Uncalled bet ($3) returned to anetkaapro
anetkaapro collected $6 from pot
anetkaapro: doesn't show hand
*** SUMMARY ***
Total pot $6 | Rake $0
Seat 4: anetkaapro (button) (small blind) collected ($6)
Seat 5: JayEm82 (big blind) folded before Flop


PokerStars Hand #149855527182:  Hold'em Limit ($3/$6 USD) - 2016/03/04 22:09:22 ET
Table 'Moira' 6-max Seat #5 is the button
Seat 4: anetkaapro ($72 in chips)
Seat 5: JayEm82 ($308.96 in chips)
JayEm82: posts small blind $1
anetkaapro: posts big blind $3
*** HOLE CARDS ***
JayEm82: raises $3 to $6
anetkaapro: calls $3
*** FLOP *** [Js Ad Qh]
anetkaapro: checks
JayEm82: checks
*** TURN *** [Js Ad Qh] [4d]
anetkaapro: bets $6
JayEm82: calls $6
*** RIVER *** [Js Ad Qh 4d] [6d]
anetkaapro: bets $6
JayEm82: calls $6
*** SHOW DOWN ***
anetkaapro: shows [Th 6h] (a pair of Sixes)
JayEm82: shows [Jd Kc] (a pair of Jacks)
JayEm82 collected $35.50 from pot
*** SUMMARY ***
Total pot $36 | Rake $0.50
Board [Js Ad Qh 4d 6d]
Seat 4: anetkaapro (big blind) showed [Th 6h] and lost with a pair of Sixes
Seat 5: JayEm82 (button) (small blind) showed [Jd Kc] and won ($35.50) with a pair of Jacks


PokerStars Hand #149855522238:  Hold'em Limit ($3/$6 USD) - 2016/03/04 22:09:10 ET
Table 'Moira' 6-max Seat #4 is the button
Seat 4: anetkaapro ($76 in chips)
Seat 5: JayEm82 ($285.46 in chips)
anetkaapro: posts small blind $1
JayEm82: posts big blind $3
*** HOLE CARDS ***
anetkaapro: raises $3 to $6
JayEm82: calls $3
*** FLOP *** [5h 7s Js]
JayEm82: checks
anetkaapro: bets $3
JayEm82: raises $3 to $6
anetkaapro: calls $3
*** TURN *** [5h 7s Js] [6s]
JayEm82: bets $6
anetkaapro: calls $6
*** RIVER *** [5h 7s Js 6s] [3h]
JayEm82: bets $6
anetkaapro: calls $6
*** SHOW DOWN ***
JayEm82: shows [Tc Jh] (a pair of Jacks)
anetkaapro: mucks hand
JayEm82 collected $47.50 from pot
*** SUMMARY ***
Total pot $48 | Rake $0.50
Board [5h 7s Js 6s 3h]
Seat 4: anetkaapro (button) (small blind) mucked
Seat 5: JayEm82 (big blind) showed [Tc Jh] and won ($47.50) with a pair of Jacks


PokerStars Hand #149855549247:  Hold'em Limit ($3/$6 USD) - 2016/03/04 22:10:16 ET
Table 'Moira' 6-max Seat #5 is the button
Seat 4: anetkaapro ($72 in chips)
Seat 5: JayEm82 ($349.47 in chips)
JayEm82: posts small blind $1
anetkaapro: posts big blind $3
*** HOLE CARDS ***
JayEm82: folds
Uncalled bet ($2) returned to anetkaapro
anetkaapro collected $2 from pot
anetkaapro: doesn't show hand
*** SUMMARY ***
Total pot $2 | Rake $0
Seat 4: anetkaapro (big blind) collected ($2)
Seat 5: JayEm82 (button) (small blind) folded before Flop


PokerStars Hand #149855556568:  Hold'em Limit ($3/$6 USD) - 2016/03/04 22:10:34 ET
Table 'Moira' 6-max Seat #5 is the button
Seat 4: anetkaapro ($72 in chips)
Seat 5: JayEm82 ($374.97 in chips)
JayEm82: posts small blind $1
anetkaapro: posts big blind $3
*** HOLE CARDS ***
JayEm82: raises $3 to $6
anetkaapro: calls $3
*** FLOP *** [5s 2c Jh]
anetkaapro: checks
JayEm82: bets $3
anetkaapro: raises $3 to $6
JayEm82: calls $3
*** TURN *** [5s 2c Jh] [Kh]
anetkaapro: bets $6
JayEm82: calls $6
*** RIVER *** [5s 2c Jh Kh] [2d]
anetkaapro: bets $6
JayEm82: calls $6
*** SHOW DOWN ***
anetkaapro: shows [5d Td] (two pair, Fives and Deuces)
JayEm82: shows [6d 6c] (two pair, Sixes and Deuces)
JayEm82 collected $47.50 from pot
*** SUMMARY ***
Total pot $48 | Rake $0.50
Board [5s 2c Jh Kh 2d]
Seat 4: anetkaapro (big blind) showed [5d Td] and lost with two pair, Fives and Deuces
Seat 5: JayEm82 (button) (small blind) showed [6d 6c] and won ($47.50) with two pair, Sixes and Deuces


PokerStars Hand #149855563074:  Hold'em Limit ($3/$6 USD) - 2016/03/04 22:10:50 ET
Table 'Moira' 6-max Seat #5 is the button
Seat 4: anetkaapro ($72 in chips)
Seat 5: JayEm82 ($399.47 in chips)
JayEm82: posts small blind $1
anetkaapro: posts big blind $3
*** HOLE CARDS ***
JayEm82: folds
Uncalled bet ($2) returned to anetkaapro
anetkaapro collected $2 from pot
anetkaapro: doesn't show hand
*** SUMMARY ***
Total pot $2 | Rake $0
Seat 4: anetkaapro (big blind) collected ($2)
Seat 5: JayEm82 (button) (small blind) folded before Flop


PokerStars Hand #149855561444:  Hold'em Limit ($3/$6 USD) - 2016/03/04 22:10:46 ET
Table 'Moira' 6-max Seat #4 is the button
Seat 4: anetkaapro ($72 in chips)
Seat 5: JayEm82 ($398.47 in chips)
anetkaapro: posts small blind $1
JayEm82: posts big blind $3
*** HOLE CARDS ***
anetkaapro: folds
Uncalled bet ($2) returned to JayEm82
JayEm82 collected $2 from pot
JayEm82: doesn't show hand
*** SUMMARY ***
Total pot $2 | Rake $0
Seat 4: anetkaapro (button) (small blind) folded before Flop
Seat 5: JayEm82 (big blind) collected ($2)


PokerStars Hand #149855570323:  Hold'em Limit ($3/$6 USD) - 2016/03/04 22:11:08 ET
Table 'Moira' 6-max Seat #4 is the button
Seat 4: anetkaapro ($82.64 in chips)
Seat 5: JayEm82 ($388.47 in chips)
anetkaapro: posts small blind $1
JayEm82: posts big blind $3
*** HOLE CARDS ***
anetkaapro: raises $3 to $6
JayEm82: calls $3
*** FLOP *** [Kd 7c Kc]
JayEm82: checks
anetkaapro: bets $3
JayEm82: raises $3 to $6
anetkaapro: folds
Uncalled bet ($3) returned to JayEm82
JayEm82 collected $17.64 from pot
JayEm82: doesn't show hand
*** SUMMARY ***
Total pot $18 | Rake $0.36
Board [Kd 7c Kc]
Seat 4: anetkaapro (button) (small blind) folded on the Flop
Seat 5: JayEm82 (big blind) collected ($17.64)


PokerStars Hand #149855568645:  Hold'em Limit ($3/$6 USD) - 2016/03/04 22:11:04 ET
Table 'Moira' 6-max Seat #5 is the button
Seat 4: anetkaapro ($81.64 in chips)
Seat 5: JayEm82 ($389.47 in chips)
JayEm82: posts small blind $1
anetkaapro: posts big blind $3
*** HOLE CARDS ***
JayEm82: folds
Uncalled bet ($2) returned to anetkaapro
anetkaapro collected $2 from pot
anetkaapro: doesn't show hand
*** SUMMARY ***
Total pot $2 | Rake $0
Seat 4: anetkaapro (big blind) collected ($2)
Seat 5: JayEm82 (button) (small blind) folded before Flop


PokerStars Hand #149855551409:  Hold'em Limit ($3/$6 USD) - 2016/03/04 22:10:22 ET
Table 'Moira' 6-max Seat #4 is the button
Seat 4: anetkaapro ($73 in chips)
Seat 5: JayEm82 ($348.47 in chips)
anetkaapro: posts small blind $1
JayEm82: posts big blind $3
*** HOLE CARDS ***
anetkaapro: raises $3 to $6
JayEm82: calls $3
*** FLOP *** [As Kc Qh]
JayEm82: checks
anetkaapro: bets $3
JayEm82: calls $3
*** TURN *** [As Kc Qh] [7s]
JayEm82: checks
anetkaapro: bets $6
JayEm82: raises $6 to $12
anetkaapro: calls $6
*** RIVER *** [As Kc Qh 7s] [Ad]
JayEm82: bets $6
anetkaapro: calls $6
*** SHOW DOWN ***
JayEm82: shows [Kh Ac] (a full house, Aces full of Kings)
anetkaapro: mucks hand
JayEm82 collected $53.50 from pot
*** SUMMARY ***
Total pot $54 | Rake $0.50
Board [As Kc Qh 7s Ad]
Seat 4: anetkaapro (button) (small blind) mucked
Seat 5: JayEm82 (big blind) showed [Kh Ac] and won ($53.50) with a full house, Aces full of Kings


PokerStars Hand #149855564709:  Hold'em Limit ($3/$6 USD) - 2016/03/04 22:10:54 ET
Table 'Moira' 6-max Seat #4 is the button
Seat 4: anetkaapro ($73 in chips)
Seat 5: JayEm82 ($398.47 in chips)
anetkaapro: posts small blind $1
JayEm82: posts big blind $3
*** HOLE CARDS ***
anetkaapro: raises $3 to $6
JayEm82: calls $3
*** FLOP *** [Qs Jc 2s]
JayEm82: checks
anetkaapro: bets $3
JayEm82: calls $3
*** TURN *** [Qs Jc 2s] [6s]
JayEm82: checks
anetkaapro: bets $6
JayEm82: folds
Uncalled bet ($6) returned to anetkaapro
anetkaapro collected $17.64 from pot
anetkaapro: doesn't show hand
*** SUMMARY ***
Total pot $18 | Rake $0.36
Board [Qs Jc 2s 6s]
Seat 4: anetkaapro (button) (small blind) collected ($17.64)
Seat 5: JayEm82 (big blind) folded on the Turn


PokerStars Hand #149855582206:  Hold'em Limit ($3/$6 USD) - 2016/03/04 22:11:38 ET
Table 'Moira' 6-max Seat #5 is the button
Seat 4: anetkaapro ($89.28 in chips)
Seat 5: JayEm82 ($381.11 in chips)
JayEm82: posts small blind $1
anetkaapro: posts big blind $3
*** HOLE CARDS ***
JayEm82: folds
Uncalled bet ($2) returned to anetkaapro
anetkaapro collected $2 from pot
anetkaapro: doesn't show hand
*** SUMMARY ***
Total pot $2 | Rake $0
Seat 4: anetkaapro (big blind) collected ($2)
Seat 5: JayEm82 (button) (small blind) folded before Flop


PokerStars Hand #149855580532:  Hold'em Limit ($3/$6 USD) - 2016/03/04 22:11:33 ET
Table 'Moira' 6-max Seat #4 is the button
Seat 4: anetkaapro ($86.28 in chips)
Seat 5: JayEm82 ($384.11 in chips)
anetkaapro: posts small blind $1
JayEm82: posts big blind $3
*** HOLE CARDS ***
anetkaapro: raises $3 to $6
JayEm82: folds
Uncalled bet ($3) returned to anetkaapro
anetkaapro collected $6 from pot
anetkaapro: doesn't show hand
*** SUMMARY ***
Total pot $6 | Rake $0
Seat 4: anetkaapro (button) (small blind) collected ($6)
Seat 5: JayEm82 (big blind) folded before Flop


PokerStars Hand #149855592882:  Hold'em Limit ($3/$6 USD) - 2016/03/04 22:12:04 ET
Table 'Moira' 6-max Seat #5 is the button
Seat 4: anetkaapro ($104.78 in chips)
Seat 5: JayEm82 ($364.87 in chips)
JayEm82: posts small blind $1
anetkaapro: posts big blind $3
*** HOLE CARDS ***
JayEm82: raises $3 to $6
anetkaapro: calls $3
*** FLOP *** [8h Th 2h]
anetkaapro: checks
JayEm82: bets $3
anetkaapro: calls $3
*** TURN *** [8h Th 2h] [2d]
anetkaapro: checks
JayEm82: bets $6
anetkaapro: raises $6 to $12
JayEm82: calls $6
*** RIVER *** [8h Th 2h 2d] [5h]
anetkaapro: checks
JayEm82: checks
*** SHOW DOWN ***
anetkaapro: shows [8d Ts] (two pair, Tens and Eights)
JayEm82: mucks hand
anetkaapro collected $41.50 from pot
*** SUMMARY ***
Total pot $42 | Rake $0.50
Board [8h Th 2h 2d 5h]
Seat 4: anetkaapro (big blind) showed [8d Ts] and won ($41.50) with two pair, Tens and Eights
Seat 5: JayEm82 (button) (small blind) mucked


PokerStars Hand #149855578802:  Hold'em Limit ($3/$6 USD) - 2016/03/04 22:11:29 ET
Table 'Moira' 6-max Seat #5 is the button
Seat 4: anetkaapro ($85.28 in chips)
Seat 5: JayEm82 ($385.11 in chips)
JayEm82: posts small blind $1
anetkaapro: posts big blind $3
*** HOLE CARDS ***
JayEm82: folds
Uncalled bet ($2) returned to anetkaapro
anetkaapro collected $2 from pot
anetkaapro: doesn't show hand
*** SUMMARY ***
Total pot $2 | Rake $0
Seat 4: anetkaapro (big blind) collected ($2)
Seat 5: JayEm82 (button) (small blind) folded before Flop


PokerStars Hand #149855577024:  Hold'em Limit ($3/$6 USD) - 2016/03/04 22:11:25 ET
Table 'Moira' 6-max Seat #4 is the button
Seat 4: anetkaapro ($82.28 in chips)
Seat 5: JayEm82 ($388.11 in chips)
anetkaapro: posts small blind $1
JayEm82: posts big blind $3
*** HOLE CARDS ***
anetkaapro: raises $3 to $6
JayEm82: folds
Uncalled bet ($3) returned to anetkaapro
anetkaapro collected $6 from pot
anetkaapro: doesn't show hand
*** SUMMARY ***
Total pot $6 | Rake $0
Seat 4: anetkaapro (button) (small blind) collected ($6)
Seat 5: JayEm82 (big blind) folded before Flop


PokerStars Hand #149855588468:  Hold'em Limit ($3/$6 USD) - 2016/03/04 22:11:54 ET
Table 'Moira' 6-max Seat #4 is the button
Seat 4: anetkaapro ($87.28 in chips)
Seat 5: JayEm82 ($382.87 in chips)
anetkaapro: posts small blind $1
JayEm82: posts big blind $3
*** HOLE CARDS ***
anetkaapro: raises $3 to $6
JayEm82: calls $3
*** FLOP *** [4h Th 3c]
JayEm82: checks
anetkaapro: bets $3
JayEm82: raises $3 to $6
anetkaapro: calls $3
*** TURN *** [4h Th 3c] [Tc]
JayEm82: bets $6
anetkaapro: calls $6
*** RIVER *** [4h Th 3c Tc] [3d]
JayEm82: checks
anetkaapro: checks
*** SHOW DOWN ***
JayEm82: shows [6s 5d] (two pair, Tens and Threes)
anetkaapro: shows [9s Qs] (two pair, Tens and Threes - Queen kicker)
anetkaapro collected $35.50 from pot
*** SUMMARY ***
Total pot $36 | Rake $0.50
Board [4h Th 3c Tc 3d]
Seat 4: anetkaapro (button) (small blind) showed [9s Qs] and won ($35.50) with two pair, Tens and Threes
Seat 5: JayEm82 (big blind) showed [6s 5d] and lost with two pair, Tens and Threes


PokerStars Hand #149855605738:  Hold'em Limit ($3/$6 USD) - 2016/03/04 22:12:36 ET
Table 'Moira' 6-max Seat #4 is the button
Seat 4: anetkaapro ($142.78 in chips)
Seat 5: JayEm82 ($325.63 in chips)
anetkaapro: posts small blind $1
JayEm82: posts big blind $3
*** HOLE CARDS ***
anetkaapro: raises $3 to $6
JayEm82: folds
Uncalled bet ($3) returned to anetkaapro
anetkaapro collected $6 from pot
anetkaapro: doesn't show hand
*** SUMMARY ***
Total pot $6 | Rake $0
Seat 4: anetkaapro (button) (small blind) collected ($6)
Seat 5: JayEm82 (big blind) folded before Flop


PokerStars Hand #149855597834:  Hold'em Limit ($3/$6 USD) - 2016/03/04 22:12:17 ET
Table 'Moira' 6-max Seat #4 is the button
Seat 4: anetkaapro ($125.28 in chips)
Seat 5: JayEm82 ($343.87 in chips)
anetkaapro: posts small blind $1
JayEm82: posts big blind $3
*** HOLE CARDS ***
anetkaapro: raises $3 to $6
JayEm82: raises $3 to $9
anetkaapro: calls $3
*** FLOP *** [8d 3h 8h]
JayEm82: bets $3
anetkaapro: calls $3
*** TURN *** [8d 3h 8h] [7h]
JayEm82: bets $6
anetkaapro: calls $6
*** RIVER *** [8d 3h 8h 7h] [2c]
JayEm82: bets $6
anetkaapro: calls $6
*** SHOW DOWN ***
JayEm82: shows [5d 6h] (a pair of Eights)
anetkaapro: shows [Ac 4d] (a pair of Eights - Ace kicker)
anetkaapro collected $47.50 from pot
*** SUMMARY ***
Total pot $48 | Rake $0.50
Board [8d 3h 8h 7h 2c]
Seat 4: anetkaapro (button) (small blind) showed [Ac 4d] and won ($47.50) with a pair of Eights
Seat 5: JayEm82 (big blind) showed [5d 6h] and lost with a pair of Eights


PokerStars Hand #149855612212:  Hold'em Limit ($3/$6 USD) - 2016/03/04 22:12:52 ET
Table 'Moira' 6-max Seat #4 is the button
Seat 4: anetkaapro ($166.28 in chips)
Seat 5: JayEm82 ($301.63 in chips)
anetkaapro: posts small blind $1
JayEm82: posts big blind $3
*** HOLE CARDS ***
anetkaapro: folds
Uncalled bet ($2) returned to JayEm82
JayEm82 collected $2 from pot
JayEm82: doesn't show hand
*** SUMMARY ***
Total pot $2 | Rake $0
Seat 4: anetkaapro (button) (small blind) folded before Flop
Seat 5: JayEm82 (big blind) collected ($2)


PokerStars Hand #149855607473:  Hold'em Limit ($3/$6 USD) - 2016/03/04 22:12:41 ET
Table 'Moira' 6-max Seat #5 is the button
Seat 4: anetkaapro ($145.78 in chips)
Seat 5: JayEm82 ($322.63 in chips)
JayEm82: posts small blind $1
anetkaapro: posts big blind $3
*** HOLE CARDS ***
JayEm82: raises $3 to $6
anetkaapro: raises $3 to $9
JayEm82: raises $3 to $12
Betting is capped
anetkaapro: calls $3
*** FLOP *** [4s 7s Qs]
anetkaapro: checks
JayEm82: bets $3
anetkaapro: calls $3
*** TURN *** [4s 7s Qs] [5h]
anetkaapro: checks
JayEm82: bets $6
anetkaapro: calls $6
*** RIVER *** [4s 7s Qs 5h] [5d]
anetkaapro: checks
JayEm82: checks
*** SHOW DOWN ***
anetkaapro: shows [Jd 7d] (two pair, Sevens and Fives)
JayEm82: mucks hand
anetkaapro collected $41.50 from pot
*** SUMMARY ***
Total pot $42 | Rake $0.50
Board [4s 7s Qs 5h 5d]
Seat 4: anetkaapro (big blind) showed [Jd 7d] and won ($41.50) with two pair, Sevens and Fives
Seat 5: JayEm82 (button) (small blind) mucked


PokerStars Hand #149855619144:  Hold'em Limit ($3/$6 USD) - 2016/03/04 22:13:10 ET
Table 'Moira' 6-max Seat #4 is the button
Seat 4: anetkaapro ($179.78 in chips)
Seat 5: JayEm82 ($287.63 in chips)
anetkaapro: posts small blind $1
JayEm82: posts big blind $3
*** HOLE CARDS ***
anetkaapro: raises $3 to $6
JayEm82: calls $3
*** FLOP *** [Ac 4s Jd]
JayEm82: checks
anetkaapro: bets $3
JayEm82: calls $3
*** TURN *** [Ac 4s Jd] [7c]
JayEm82: checks
anetkaapro: checks
*** RIVER *** [Ac 4s Jd 7c] [Qc]
JayEm82: bets $6
anetkaapro: calls $6
*** SHOW DOWN ***
JayEm82: shows [Ah Jh] (two pair, Aces and Jacks)
anetkaapro: mucks hand
JayEm82 collected $29.50 from pot
*** SUMMARY ***
Total pot $30 | Rake $0.50
Board [Ac 4s Jd 7c Qc]
Seat 4: anetkaapro (button) (small blind) mucked
Seat 5: JayEm82 (big blind) showed [Ah Jh] and won ($29.50) with two pair, Aces and Jacks


PokerStars Hand #149855613854:  Hold'em Limit ($3/$6 USD) - 2016/03/04 22:12:56 ET
Table 'Moira' 6-max Seat #5 is the button
Seat 4: anetkaapro ($165.28 in chips)
Seat 5: JayEm82 ($302.63 in chips)
JayEm82: posts small blind $1
anetkaapro: posts big blind $3
*** HOLE CARDS ***
JayEm82: raises $3 to $6
anetkaapro: raises $3 to $9
JayEm82: calls $3
*** FLOP *** [9c 6c 8h]
anetkaapro: bets $3
JayEm82: raises $3 to $6
anetkaapro: calls $3
*** TURN *** [9c 6c 8h] [Ks]
anetkaapro: checks
JayEm82: checks
*** RIVER *** [9c 6c 8h Ks] [Ac]
anetkaapro: bets $6
JayEm82: folds
Uncalled bet ($6) returned to anetkaapro
anetkaapro collected $29.50 from pot
anetkaapro: doesn't show hand
*** SUMMARY ***
Total pot $30 | Rake $0.50
Board [9c 6c 8h Ks Ac]
Seat 4: anetkaapro (big blind) collected ($29.50)
Seat 5: JayEm82 (button) (small blind) folded on the River


PokerStars Hand #149855640129:  Hold'em Limit ($3/$6 USD) - 2016/03/04 22:14:02 ET
Table 'Moira' 6-max Seat #5 is the button
Seat 4: anetkaapro ($139.78 in chips)
Seat 5: JayEm82 ($326.63 in chips)
JayEm82: posts small blind $1
anetkaapro: posts big blind $3
*** HOLE CARDS ***
JayEm82: folds
Uncalled bet ($2) returned to anetkaapro
anetkaapro collected $2 from pot
anetkaapro: doesn't show hand
*** SUMMARY ***
Total pot $2 | Rake $0
Seat 4: anetkaapro (big blind) collected ($2)
Seat 5: JayEm82 (button) (small blind) folded before Flop


PokerStars Hand #149855638498:  Hold'em Limit ($3/$6 USD) - 2016/03/04 22:13:58 ET
Table 'Moira' 6-max Seat #4 is the button
Seat 4: anetkaapro ($140.78 in chips)
Seat 5: JayEm82 ($325.63 in chips)
anetkaapro: posts small blind $1
JayEm82: posts big blind $3
*** HOLE CARDS ***
anetkaapro: folds
Uncalled bet ($2) returned to JayEm82
JayEm82 collected $2 from pot
JayEm82: doesn't show hand
*** SUMMARY ***
Total pot $2 | Rake $0
Seat 4: anetkaapro (button) (small blind) folded before Flop
Seat 5: JayEm82 (big blind) collected ($2)


PokerStars Hand #149855636809:  Hold'em Limit ($3/$6 USD) - 2016/03/04 22:13:54 ET
Table 'Moira' 6-max Seat #5 is the button
Seat 4: anetkaapro ($139.78 in chips)
Seat 5: JayEm82 ($326.63 in chips)
JayEm82: posts small blind $1
anetkaapro: posts big blind $3
*** HOLE CARDS ***
JayEm82: folds
Uncalled bet ($2) returned to anetkaapro
anetkaapro collected $2 from pot
anetkaapro: doesn't show hand
*** SUMMARY ***
Total pot $2 | Rake $0
Seat 4: anetkaapro (big blind) collected ($2)
Seat 5: JayEm82 (button) (small blind) folded before Flop


PokerStars Hand #149855635374:  Hold'em Limit ($3/$6 USD) - 2016/03/04 22:13:50 ET
Table 'Moira' 6-max Seat #4 is the button
Seat 4: anetkaapro ($140.78 in chips)
Seat 5: JayEm82 ($325.63 in chips)
anetkaapro: posts small blind $1
JayEm82: posts big blind $3
*** HOLE CARDS ***
anetkaapro: folds
Uncalled bet ($2) returned to JayEm82
JayEm82 collected $2 from pot
JayEm82: doesn't show hand
*** SUMMARY ***
Total pot $2 | Rake $0
Seat 4: anetkaapro (button) (small blind) folded before Flop
Seat 5: JayEm82 (big blind) collected ($2)


PokerStars Hand #149855627887:  Hold'em Limit ($3/$6 USD) - 2016/03/04 22:13:31 ET
Table 'Moira' 6-max Seat #5 is the button
Seat 4: anetkaapro ($164.78 in chips)
Seat 5: JayEm82 ($302.13 in chips)
JayEm82: posts small blind $1
anetkaapro: posts big blind $3
*** HOLE CARDS ***
JayEm82: raises $3 to $6
anetkaapro: raises $3 to $9
JayEm82: calls $3
*** FLOP *** [5s 7c 5h]
anetkaapro: bets $3
JayEm82: calls $3
*** TURN *** [5s 7c 5h] [6c]
anetkaapro: bets $6
JayEm82: raises $6 to $12
anetkaapro: calls $6
*** RIVER *** [5s 7c 5h 6c] [2d]
anetkaapro: checks
JayEm82: bets $6
anetkaapro: folds
Uncalled bet ($6) returned to JayEm82
JayEm82 collected $47.50 from pot
JayEm82: doesn't show hand
*** SUMMARY ***
Total pot $48 | Rake $0.50
Board [5s 7c 5h 6c 2d]
Seat 4: anetkaapro (big blind) folded on the River
Seat 5: JayEm82 (button) (small blind) collected ($47.50)


PokerStars Hand #149855658043:  Hold'em Limit ($3/$6 USD) - 2016/03/04 22:14:47 ET
Table 'Moira' 6-max Seat #5 is the button
Seat 4: anetkaapro ($135.78 in chips)
Seat 5: JayEm82 ($330.27 in chips)
JayEm82: posts small blind $1
anetkaapro: posts big blind $3
*** HOLE CARDS ***
JayEm82: folds
Uncalled bet ($2) returned to anetkaapro
anetkaapro collected $2 from pot
anetkaapro: doesn't show hand
*** SUMMARY ***
Total pot $2 | Rake $0
Seat 4: anetkaapro (big blind) collected ($2)
Seat 5: JayEm82 (button) (small blind) folded before Flop


PokerStars Hand #149855647342:  Hold'em Limit ($3/$6 USD) - 2016/03/04 22:14:20 ET
Table 'Moira' 6-max Seat #4 is the button
Seat 4: anetkaapro ($144.78 in chips)
Seat 5: JayEm82 ($321.63 in chips)
anetkaapro: posts small blind $1
JayEm82: posts big blind $3
*** HOLE CARDS ***
anetkaapro: raises $3 to $6
JayEm82: folds
Uncalled bet ($3) returned to anetkaapro
anetkaapro collected $6 from pot
anetkaapro: doesn't show hand
*** SUMMARY ***
Total pot $6 | Rake $0
Seat 4: anetkaapro (button) (small blind) collected ($6)
Seat 5: JayEm82 (big blind) folded before Flop


PokerStars Hand #149855645604:  Hold'em Limit ($3/$6 USD) - 2016/03/04 22:14:16 ET
Table 'Moira' 6-max Seat #5 is the button
Seat 4: anetkaapro ($143.78 in chips)
Seat 5: JayEm82 ($322.63 in chips)
JayEm82: posts small blind $1
anetkaapro: posts big blind $3
*** HOLE CARDS ***
JayEm82: folds
Uncalled bet ($2) returned to anetkaapro
anetkaapro collected $2 from pot
anetkaapro: doesn't show hand
*** SUMMARY ***
Total pot $2 | Rake $0
Seat 4: anetkaapro (big blind) collected ($2)
Seat 5: JayEm82 (button) (small blind) folded before Flop


PokerStars Hand #149855641652:  Hold'em Limit ($3/$6 USD) - 2016/03/04 22:14:06 ET
Table 'Moira' 6-max Seat #4 is the button
Seat 4: anetkaapro ($140.78 in chips)
Seat 5: JayEm82 ($325.63 in chips)
anetkaapro: posts small blind $1
JayEm82: posts big blind $3
*** HOLE CARDS ***
anetkaapro: raises $3 to $6
JayEm82: folds
Uncalled bet ($3) returned to anetkaapro
anetkaapro collected $6 from pot
anetkaapro: doesn't show hand
*** SUMMARY ***
Total pot $6 | Rake $0
Seat 4: anetkaapro (button) (small blind) collected ($6)
Seat 5: JayEm82 (big blind) folded before Flop


PokerStars Hand #149855652639:  Hold'em Limit ($3/$6 USD) - 2016/03/04 22:14:33 ET
Table 'Moira' 6-max Seat #5 is the button
Seat 4: anetkaapro ($143.78 in chips)
Seat 5: JayEm82 ($322.63 in chips)
JayEm82: posts small blind $1
anetkaapro: posts big blind $3
*** HOLE CARDS ***
JayEm82: folds
Uncalled bet ($2) returned to anetkaapro
anetkaapro collected $2 from pot
anetkaapro: doesn't show hand
*** SUMMARY ***
Total pot $2 | Rake $0
Seat 4: anetkaapro (big blind) collected ($2)
Seat 5: JayEm82 (button) (small blind) folded before Flop


PokerStars Hand #149855651183:  Hold'em Limit ($3/$6 USD) - 2016/03/04 22:14:30 ET
Table 'Moira' 6-max Seat #4 is the button
Seat 4: anetkaapro ($144.78 in chips)
Seat 5: JayEm82 ($321.63 in chips)
anetkaapro: posts small blind $1
JayEm82: posts big blind $3
*** HOLE CARDS ***
anetkaapro: folds
Uncalled bet ($2) returned to JayEm82
JayEm82 collected $2 from pot
JayEm82: doesn't show hand
*** SUMMARY ***
Total pot $2 | Rake $0
Seat 4: anetkaapro (button) (small blind) folded before Flop
Seat 5: JayEm82 (big blind) collected ($2)


PokerStars Hand #149855649081:  Hold'em Limit ($3/$6 USD) - 2016/03/04 22:14:25 ET
Table 'Moira' 6-max Seat #5 is the button
Seat 4: anetkaapro ($147.78 in chips)
Seat 5: JayEm82 ($318.63 in chips)
JayEm82: posts small blind $1
anetkaapro: posts big blind $3
*** HOLE CARDS ***
JayEm82: raises $3 to $6
anetkaapro: folds
Uncalled bet ($3) returned to JayEm82
JayEm82 collected $6 from pot
JayEm82: doesn't show hand
*** SUMMARY ***
Total pot $6 | Rake $0
Seat 4: anetkaapro (big blind) folded before Flop
Seat 5: JayEm82 (button) (small blind) collected ($6)


PokerStars Hand #149855659552:  Hold'em Limit ($3/$6 USD) - 2016/03/04 22:14:51 ET
Table 'Moira' 6-max Seat #4 is the button
Seat 4: anetkaapro ($136.78 in chips)
Seat 5: JayEm82 ($329.27 in chips)
anetkaapro: posts small blind $1
JayEm82: posts big blind $3
*** HOLE CARDS ***
anetkaapro: raises $3 to $6
JayEm82: calls $3
*** FLOP *** [6d 7d 4c]
JayEm82: checks
anetkaapro: checks
*** TURN *** [6d 7d 4c] [Qc]
JayEm82: bets $6
anetkaapro: raises $6 to $12
JayEm82: calls $6
*** RIVER *** [6d 7d 4c Qc] [3c]
JayEm82: checks
anetkaapro: bets $6
JayEm82: calls $6
*** SHOW DOWN ***
anetkaapro: shows [Qd 8s] (a pair of Queens)
JayEm82: mucks hand
anetkaapro collected $47.50 from pot
*** SUMMARY ***
Total pot $48 | Rake $0.50
Board [6d 7d 4c Qc 3c]
Seat 4: anetkaapro (button) (small blind) showed [Qd 8s] and won ($47.50) with a pair of Queens
Seat 5: JayEm82 (big blind) mucked


PokerStars Hand #149855682355:  Hold'em Limit ($3/$6 USD) - 2016/03/04 22:15:47 ET
Table 'Moira' 6-max Seat #4 is the button
Seat 4: anetkaapro ($142.78 in chips)
Seat 5: JayEm82 ($321.41 in chips)
anetkaapro: posts small blind $1
JayEm82: posts big blind $3
*** HOLE CARDS ***
anetkaapro: raises $3 to $6
JayEm82: calls $3
*** FLOP *** [Td 2c 5c]
JayEm82: checks
anetkaapro: bets $3
JayEm82: raises $3 to $6
anetkaapro: calls $3
*** TURN *** [Td 2c 5c] [4s]
JayEm82: bets $6
anetkaapro: calls $6
*** RIVER *** [Td 2c 5c 4s] [8s]
JayEm82: bets $6
anetkaapro: raises $6 to $12
JayEm82: calls $6
*** SHOW DOWN ***
anetkaapro: shows [8h 5h] (two pair, Eights and Fives)
JayEm82: mucks hand
anetkaapro collected $59.50 from pot
*** SUMMARY ***
Total pot $60 | Rake $0.50
Board [Td 2c 5c 4s 8s]
Seat 4: anetkaapro (button) (small blind) showed [8h 5h] and won ($59.50) with two pair, Eights and Fives
Seat 5: JayEm82 (big blind) mucked


PokerStars Hand #149855671764:  Hold'em Limit ($3/$6 USD) - 2016/03/04 22:15:21 ET
Table 'Moira' 6-max Seat #5 is the button
Seat 4: anetkaapro ($154.28 in chips)
Seat 5: JayEm82 ($310.91 in chips)
JayEm82: posts small blind $1
anetkaapro: posts big blind $3
*** HOLE CARDS ***
JayEm82: folds
Uncalled bet ($2) returned to anetkaapro
anetkaapro collected $2 from pot
anetkaapro: doesn't show hand
*** SUMMARY ***
Total pot $2 | Rake $0
Seat 4: anetkaapro (big blind) collected ($2)
Seat 5: JayEm82 (button) (small blind) folded before Flop


PokerStars Hand #149855670113:  Hold'em Limit ($3/$6 USD) - 2016/03/04 22:15:17 ET
Table 'Moira' 6-max Seat #4 is the button
Seat 4: anetkaapro ($151.28 in chips)
Seat 5: JayEm82 ($313.91 in chips)
anetkaapro: posts small blind $1
JayEm82: posts big blind $3
*** HOLE CARDS ***
anetkaapro: raises $3 to $6
JayEm82: folds
Uncalled bet ($3) returned to anetkaapro
anetkaapro collected $6 from pot
anetkaapro: doesn't show hand
*** SUMMARY ***
Total pot $6 | Rake $0
Seat 4: anetkaapro (button) (small blind) collected ($6)
Seat 5: JayEm82 (big blind) folded before Flop


PokerStars Hand #149855664090:  Hold'em Limit ($3/$6 USD) - 2016/03/04 22:15:02 ET
Table 'Moira' 6-max Seat #5 is the button
Seat 4: anetkaapro ($160.28 in chips)
Seat 5: JayEm82 ($305.27 in chips)
JayEm82: posts small blind $1
anetkaapro: posts big blind $3
*** HOLE CARDS ***
JayEm82: raises $3 to $6
anetkaapro: calls $3
*** FLOP *** [Ac 2h Th]
anetkaapro: checks
JayEm82: bets $3
anetkaapro: calls $3
*** TURN *** [Ac 2h Th] [Qd]
anetkaapro: checks
JayEm82: bets $6
anetkaapro: folds
Uncalled bet ($6) returned to JayEm82
JayEm82 collected $17.64 from pot
JayEm82: doesn't show hand
*** SUMMARY ***
Total pot $18 | Rake $0.36
Board [Ac 2h Th Qd]
Seat 4: anetkaapro (big blind) folded on the Turn
Seat 5: JayEm82 (button) (small blind) collected ($17.64)


PokerStars Hand #149855678005:  Hold'em Limit ($3/$6 USD) - 2016/03/04 22:15:36 ET
Table 'Moira' 6-max Seat #5 is the button
Seat 4: anetkaapro ($172.78 in chips)
Seat 5: JayEm82 ($291.91 in chips)
JayEm82: posts small blind $1
anetkaapro: posts big blind $3
*** HOLE CARDS ***
JayEm82: raises $3 to $6
anetkaapro: raises $3 to $9
JayEm82: calls $3
*** FLOP *** [8s 5c Js]
anetkaapro: bets $3
JayEm82: calls $3
*** TURN *** [8s 5c Js] [Ks]
anetkaapro: bets $6
JayEm82: calls $6
*** RIVER *** [8s 5c Js Ks] [8h]
anetkaapro: bets $6
JayEm82: raises $6 to $12
anetkaapro: calls $6
*** SHOW DOWN ***
JayEm82: shows [8c 9h] (three of a kind, Eights)
anetkaapro: mucks hand
JayEm82 collected $59.50 from pot
*** SUMMARY ***
Total pot $60 | Rake $0.50
Board [8s 5c Js Ks 8h]
Seat 4: anetkaapro (big blind) mucked
Seat 5: JayEm82 (button) (small blind) showed [8c 9h] and won ($59.50) with three of a kind, Eights


PokerStars Hand #149855699126:  Hold'em Limit ($3/$6 USD) - 2016/03/04 22:16:29 ET
Table 'Moira' 6-max Seat #5 is the button
Seat 4: anetkaapro ($131.28 in chips)
Seat 5: JayEm82 ($331.41 in chips)
JayEm82: posts small blind $1
anetkaapro: posts big blind $3
*** HOLE CARDS ***
JayEm82: folds
Uncalled bet ($2) returned to anetkaapro
anetkaapro collected $2 from pot
anetkaapro: doesn't show hand
*** SUMMARY ***
Total pot $2 | Rake $0
Seat 4: anetkaapro (big blind) collected ($2)
Seat 5: JayEm82 (button) (small blind) folded before Flop


PokerStars Hand #149855697282:  Hold'em Limit ($3/$6 USD) - 2016/03/04 22:16:25 ET
Table 'Moira' 6-max Seat #4 is the button
Seat 4: anetkaapro ($128.28 in chips)
Seat 5: JayEm82 ($334.41 in chips)
anetkaapro: posts small blind $1
JayEm82: posts big blind $3
*** HOLE CARDS ***
anetkaapro: raises $3 to $6
JayEm82: folds
Uncalled bet ($3) returned to anetkaapro
anetkaapro collected $6 from pot
anetkaapro: doesn't show hand
*** SUMMARY ***
Total pot $6 | Rake $0
Seat 4: anetkaapro (button) (small blind) collected ($6)
Seat 5: JayEm82 (big blind) folded before Flop


PokerStars Hand #149855700846:  Hold'em Limit ($3/$6 USD) - 2016/03/04 22:16:33 ET
Table 'Moira' 6-max Seat #4 is the button
Seat 4: anetkaapro ($132.28 in chips)
Seat 5: JayEm82 ($330.41 in chips)
anetkaapro: posts small blind $1
JayEm82: posts big blind $3
*** HOLE CARDS ***
anetkaapro: raises $3 to $6
JayEm82: calls $3
*** FLOP *** [As 8h 7d]
JayEm82: checks
anetkaapro: bets $3
JayEm82: raises $3 to $6
anetkaapro: calls $3
*** TURN *** [As 8h 7d] [7h]
JayEm82: checks
anetkaapro: checks
*** RIVER *** [As 8h 7d 7h] [2d]
JayEm82: bets $6
anetkaapro: calls $6
*** SHOW DOWN ***
JayEm82: shows [8d Qd] (two pair, Eights and Sevens)
anetkaapro: shows [8c Jh] (two pair, Eights and Sevens)
JayEm82 collected $17.75 from pot
anetkaapro collected $17.75 from pot
*** SUMMARY ***
Total pot $36 | Rake $0.50
Board [As 8h 7d 7h 2d]
Seat 4: anetkaapro (button) (small blind) showed [8c Jh] and won ($17.75) with two pair, Eights and Sevens
Seat 5: JayEm82 (big blind) showed [8d Qd] and won ($17.75) with two pair, Eights and Sevens


PokerStars Hand #149855705675:  Hold'em Limit ($3/$6 USD) - 2016/03/04 22:16:45 ET
Table 'Moira' 6-max Seat #5 is the button
Seat 4: anetkaapro ($132.03 in chips)
Seat 5: JayEm82 ($330.16 in chips)
JayEm82: posts small blind $1
anetkaapro: posts big blind $3
*** HOLE CARDS ***
JayEm82: folds
Uncalled bet ($2) returned to anetkaapro
anetkaapro collected $2 from pot
anetkaapro: doesn't show hand
*** SUMMARY ***
Total pot $2 | Rake $0
Seat 4: anetkaapro (big blind) collected ($2)
Seat 5: JayEm82 (button) (small blind) folded before Flop


PokerStars Hand #149855695484:  Hold'em Limit ($3/$6 USD) - 2016/03/04 22:16:20 ET
Table 'Moira' 6-max Seat #5 is the button
Seat 4: anetkaapro ($127.28 in chips)
Seat 5: JayEm82 ($335.41 in chips)
JayEm82: posts small blind $1
anetkaapro: posts big blind $3
*** HOLE CARDS ***
JayEm82: folds
Uncalled bet ($2) returned to anetkaapro
anetkaapro collected $2 from pot
anetkaapro: doesn't show hand
*** SUMMARY ***
Total pot $2 | Rake $0
Seat 4: anetkaapro (big blind) collected ($2)
Seat 5: JayEm82 (button) (small blind) folded before Flop


PokerStars Hand #149855691006:  Hold'em Limit ($3/$6 USD) - 2016/03/04 22:16:09 ET
Table 'Moira' 6-max Seat #4 is the button
Seat 4: anetkaapro ($157.28 in chips)
Seat 5: JayEm82 ($305.91 in chips)
anetkaapro: posts small blind $1
JayEm82: posts big blind $3
*** HOLE CARDS ***
anetkaapro: raises $3 to $6
JayEm82: raises $3 to $9
anetkaapro: calls $3
*** FLOP *** [Kh Qh Js]
JayEm82: bets $3
anetkaapro: calls $3
*** TURN *** [Kh Qh Js] [8c]
JayEm82: bets $6
anetkaapro: raises $6 to $12
JayEm82: calls $6
*** RIVER *** [Kh Qh Js 8c] [5h]
JayEm82: checks
anetkaapro: bets $6
JayEm82: calls $6
*** SHOW DOWN ***
anetkaapro: shows [Ks 2h] (a pair of Kings)
JayEm82: shows [Kc 9h] (a pair of Kings - Queen+Jack+Nine kicker)
JayEm82 collected $59.50 from pot
*** SUMMARY ***
Total pot $60 | Rake $0.50
Board [Kh Qh Js 8c 5h]
Seat 4: anetkaapro (button) (small blind) showed [Ks 2h] and lost with a pair of Kings
Seat 5: JayEm82 (big blind) showed [Kc 9h] and won ($59.50) with a pair of Kings


PokerStars Hand #149855687338:  Hold'em Limit ($3/$6 USD) - 2016/03/04 22:16:00 ET
Table 'Moira' 6-max Seat #5 is the button
Seat 4: anetkaapro ($172.28 in chips)
Seat 5: JayEm82 ($291.41 in chips)
JayEm82: posts small blind $1
anetkaapro: posts big blind $3
*** HOLE CARDS ***
JayEm82: raises $3 to $6
anetkaapro: raises $3 to $9
JayEm82: raises $3 to $12
Betting is capped
anetkaapro: calls $3
*** FLOP *** [Kh 5s Kd]
anetkaapro: checks
JayEm82: bets $3
anetkaapro: calls $3
*** TURN *** [Kh 5s Kd] [5c]
anetkaapro: checks
JayEm82: bets $6
anetkaapro: folds
Uncalled bet ($6) returned to JayEm82
JayEm82 collected $29.50 from pot
JayEm82: doesn't show hand
*** SUMMARY ***
Total pot $30 | Rake $0.50
Board [Kh 5s Kd 5c]
Seat 4: anetkaapro (big blind) folded on the Turn
Seat 5: JayEm82 (button) (small blind) collected ($29.50)


PokerStars Hand #149855707284:  Hold'em Limit ($3/$6 USD) - 2016/03/04 22:16:49 ET
Table 'Moira' 6-max Seat #4 is the button
Seat 4: anetkaapro ($133.03 in chips)
Seat 5: JayEm82 ($329.16 in chips)
anetkaapro: posts small blind $1
JayEm82: posts big blind $3
*** HOLE CARDS ***
anetkaapro: raises $3 to $6
JayEm82: calls $3
*** FLOP *** [4d Qc 6s]
JayEm82: checks
anetkaapro: checks
*** TURN *** [4d Qc 6s] [7h]
JayEm82: bets $6
anetkaapro: calls $6
*** RIVER *** [4d Qc 6s 7h] [2c]
JayEm82: bets $6
anetkaapro: calls $6
*** SHOW DOWN ***
JayEm82: shows [As 4s] (a pair of Fours)
anetkaapro: mucks hand
JayEm82 collected $35.50 from pot
*** SUMMARY ***
Total pot $36 | Rake $0.50
Board [4d Qc 6s 7h 2c]
Seat 4: anetkaapro (button) (small blind) mucked
Seat 5: JayEm82 (big blind) showed [As 4s] and won ($35.50) with a pair of Fours


PokerStars Hand #149855728227:  Hold'em Limit ($3/$6 USD) - 2016/03/04 22:17:41 ET
Table 'Moira' 6-max Seat #5 is the button
Seat 4: anetkaapro ($162.03 in chips)
Seat 5: JayEm82 ($298.66 in chips)
JayEm82: posts small blind $1
anetkaapro: posts big blind $3
*** HOLE CARDS ***
JayEm82: folds
Uncalled bet ($2) returned to anetkaapro
anetkaapro collected $2 from pot
anetkaapro: doesn't show hand
*** SUMMARY ***
Total pot $2 | Rake $0
Seat 4: anetkaapro (big blind) collected ($2)
Seat 5: JayEm82 (button) (small blind) folded before Flop


PokerStars Hand #149855726402:  Hold'em Limit ($3/$6 USD) - 2016/03/04 22:17:37 ET
Table 'Moira' 6-max Seat #4 is the button
Seat 4: anetkaapro ($159.03 in chips)
Seat 5: JayEm82 ($301.66 in chips)
anetkaapro: posts small blind $1
JayEm82: posts big blind $3
*** HOLE CARDS ***
anetkaapro: raises $3 to $6
JayEm82: folds
Uncalled bet ($3) returned to anetkaapro
anetkaapro collected $6 from pot
anetkaapro: doesn't show hand
*** SUMMARY ***
Total pot $6 | Rake $0
Seat 4: anetkaapro (button) (small blind) collected ($6)
Seat 5: JayEm82 (big blind) folded before Flop


PokerStars Hand #149855731680:  Hold'em Limit ($3/$6 USD) - 2016/03/04 22:17:50 ET
Table 'Moira' 6-max Seat #5 is the button
Seat 4: anetkaapro ($166.03 in chips)
Seat 5: JayEm82 ($294.66 in chips)
JayEm82: posts small blind $1
anetkaapro: posts big blind $3
*** HOLE CARDS ***
JayEm82: raises $3 to $6
anetkaapro: folds
Uncalled bet ($3) returned to JayEm82
JayEm82 collected $6 from pot
JayEm82: doesn't show hand
*** SUMMARY ***
Total pot $6 | Rake $0
Seat 4: anetkaapro (big blind) folded before Flop
Seat 5: JayEm82 (button) (small blind) collected ($6)


PokerStars Hand #149855729930:  Hold'em Limit ($3/$6 USD) - 2016/03/04 22:17:46 ET
Table 'Moira' 6-max Seat #4 is the button
Seat 4: anetkaapro ($163.03 in chips)
Seat 5: JayEm82 ($297.66 in chips)
anetkaapro: posts small blind $1
JayEm82: posts big blind $3
*** HOLE CARDS ***
anetkaapro: raises $3 to $6
JayEm82: folds
Uncalled bet ($3) returned to anetkaapro
anetkaapro collected $6 from pot
anetkaapro: doesn't show hand
*** SUMMARY ***
Total pot $6 | Rake $0
Seat 4: anetkaapro (button) (small blind) collected ($6)
Seat 5: JayEm82 (big blind) folded before Flop


PokerStars Hand #149855711732:  Hold'em Limit ($3/$6 USD) - 2016/03/04 22:17:00 ET
Table 'Moira' 6-max Seat #5 is the button
Seat 4: anetkaapro ($115.03 in chips)
Seat 5: JayEm82 ($346.66 in chips)
JayEm82: posts small blind $1
anetkaapro: posts big blind $3
*** HOLE CARDS ***
JayEm82: raises $3 to $6
anetkaapro: calls $3
*** FLOP *** [3h Js 2s]
anetkaapro: checks
JayEm82: bets $3
anetkaapro: raises $3 to $6
JayEm82: calls $3
*** TURN *** [3h Js 2s] [2d]
anetkaapro: bets $6
JayEm82: raises $6 to $12
anetkaapro: calls $6
*** RIVER *** [3h Js 2s 2d] [Ah]
anetkaapro: checks
JayEm82: checks
*** SHOW DOWN ***
anetkaapro: shows [3c Kc] (two pair, Threes and Deuces)
JayEm82: mucks hand
anetkaapro collected $47.50 from pot
*** SUMMARY ***
Total pot $48 | Rake $0.50
Board [3h Js 2s 2d Ah]
Seat 4: anetkaapro (big blind) showed [3c Kc] and won ($47.50) with two pair, Threes and Deuces
Seat 5: JayEm82 (button) (small blind) mucked


PokerStars Hand #149855723942:  Hold'em Limit ($3/$6 USD) - 2016/03/04 22:17:31 ET
Table 'Moira' 6-max Seat #5 is the button
Seat 4: anetkaapro ($162.03 in chips)
Seat 5: JayEm82 ($298.66 in chips)
JayEm82: posts small blind $1
anetkaapro: posts big blind $3
*** HOLE CARDS ***
JayEm82: raises $3 to $6
anetkaapro: folds
Uncalled bet ($3) returned to JayEm82
JayEm82 collected $6 from pot
JayEm82: doesn't show hand
*** SUMMARY ***
Total pot $6 | Rake $0
Seat 4: anetkaapro (big blind) folded before Flop
Seat 5: JayEm82 (button) (small blind) collected ($6)


PokerStars Hand #149855716911:  Hold'em Limit ($3/$6 USD) - 2016/03/04 22:17:13 ET
Table 'Moira' 6-max Seat #4 is the button
Seat 4: anetkaapro ($138.53 in chips)
Seat 5: JayEm82 ($322.66 in chips)
anetkaapro: posts small blind $1
JayEm82: posts big blind $3
*** HOLE CARDS ***
anetkaapro: raises $3 to $6
JayEm82: calls $3
*** FLOP *** [5h 8c 7h]
JayEm82: checks
anetkaapro: checks
*** TURN *** [5h 8c 7h] [Ad]
JayEm82: checks
anetkaapro: bets $6
JayEm82: raises $6 to $12
anetkaapro: calls $6
*** RIVER *** [5h 8c 7h Ad] [Ts]
JayEm82: bets $6
anetkaapro: calls $6
*** SHOW DOWN ***
JayEm82: shows [Ac 3d] (a pair of Aces)
anetkaapro: shows [As Qc] (a pair of Aces - Queen kicker)
anetkaapro collected $47.50 from pot
*** SUMMARY ***
Total pot $48 | Rake $0.50
Board [5h 8c 7h Ad Ts]
Seat 4: anetkaapro (button) (small blind) showed [As Qc] and won ($47.50) with a pair of Aces
Seat 5: JayEm82 (big blind) showed [Ac 3d] and lost with a pair of Aces


PokerStars Hand #149855736838:  Hold'em Limit ($3/$6 USD) - 2016/03/04 22:18:03 ET
Table 'Moira' 6-max Seat #5 is the button
Seat 4: anetkaapro ($168.79 in chips)
Seat 5: JayEm82 ($291.66 in chips)
JayEm82: posts small blind $1
anetkaapro: posts big blind $3
*** HOLE CARDS ***
JayEm82: folds
Uncalled bet ($2) returned to anetkaapro
anetkaapro collected $2 from pot
anetkaapro: doesn't show hand
*** SUMMARY ***
Total pot $2 | Rake $0
Seat 4: anetkaapro (big blind) collected ($2)
Seat 5: JayEm82 (button) (small blind) folded before Flop


PokerStars Hand #149855734072:  Hold'em Limit ($3/$6 USD) - 2016/03/04 22:17:56 ET
Table 'Moira' 6-max Seat #4 is the button
Seat 4: anetkaapro ($163.03 in chips)
Seat 5: JayEm82 ($297.66 in chips)
anetkaapro: posts small blind $1
JayEm82: posts big blind $3
*** HOLE CARDS ***
anetkaapro: raises $3 to $6
JayEm82: calls $3
*** FLOP *** [Ad 5d Kd]
JayEm82: checks
anetkaapro: bets $3
JayEm82: folds
Uncalled bet ($3) returned to anetkaapro
anetkaapro collected $11.76 from pot
anetkaapro: doesn't show hand
*** SUMMARY ***
Total pot $12 | Rake $0.24
Board [Ad 5d Kd]
Seat 4: anetkaapro (button) (small blind) collected ($11.76)
Seat 5: JayEm82 (big blind) folded on the Flop


PokerStars Hand #149855746625:  Hold'em Limit ($3/$6 USD) - 2016/03/04 22:18:27 ET
Table 'Moira' 6-max Seat #4 is the button
Seat 4: anetkaapro ($166.29 in chips)
Seat 5: JayEm82 ($293.16 in chips)
anetkaapro: posts small blind $1
JayEm82: posts big blind $3
*** HOLE CARDS ***
anetkaapro: raises $3 to $6
JayEm82: calls $3
*** FLOP *** [Qc 2d Ks]
JayEm82: checks
anetkaapro: bets $3
JayEm82: calls $3
*** TURN *** [Qc 2d Ks] [9h]
JayEm82: checks
anetkaapro: bets $6
JayEm82: calls $6
*** RIVER *** [Qc 2d Ks 9h] [Tc]
JayEm82: checks
anetkaapro: checks
*** SHOW DOWN ***
JayEm82: shows [3s Qs] (a pair of Queens)
anetkaapro: shows [Qh 7d] (a pair of Queens)
JayEm82 collected $14.75 from pot
anetkaapro collected $14.75 from pot
*** SUMMARY ***
Total pot $30 | Rake $0.50
Board [Qc 2d Ks 9h Tc]
Seat 4: anetkaapro (button) (small blind) showed [Qh 7d] and won ($14.75) with a pair of Queens
Seat 5: JayEm82 (big blind) showed [3s Qs] and won ($14.75) with a pair of Queens


PokerStars Hand #149855755740:  Hold'em Limit ($3/$6 USD) - 2016/03/04 22:18:50 ET
Table 'Moira' 6-max Seat #4 is the button
Seat 4: anetkaapro ($171.04 in chips)
Seat 5: JayEm82 ($287.91 in chips)
anetkaapro: posts small blind $1
JayEm82: posts big blind $3
*** HOLE CARDS ***
anetkaapro: raises $3 to $6
JayEm82: folds
Uncalled bet ($3) returned to anetkaapro
anetkaapro collected $6 from pot
anetkaapro: doesn't show hand
*** SUMMARY ***
Total pot $6 | Rake $0
Seat 4: anetkaapro (button) (small blind) collected ($6)
Seat 5: JayEm82 (big blind) folded before Flop


PokerStars Hand #149855754102:  Hold'em Limit ($3/$6 USD) - 2016/03/04 22:18:46 ET
Table 'Moira' 6-max Seat #5 is the button
Seat 4: anetkaapro ($170.04 in chips)
Seat 5: JayEm82 ($288.91 in chips)
JayEm82: posts small blind $1
anetkaapro: posts big blind $3
*** HOLE CARDS ***
JayEm82: folds
Uncalled bet ($2) returned to anetkaapro
anetkaapro collected $2 from pot
anetkaapro: doesn't show hand
*** SUMMARY ***
Total pot $2 | Rake $0
Seat 4: anetkaapro (big blind) collected ($2)
Seat 5: JayEm82 (button) (small blind) folded before Flop


PokerStars Hand #149855752529:  Hold'em Limit ($3/$6 USD) - 2016/03/04 22:18:42 ET
Table 'Moira' 6-max Seat #4 is the button
Seat 4: anetkaapro ($167.04 in chips)
Seat 5: JayEm82 ($291.91 in chips)
anetkaapro: posts small blind $1
JayEm82: posts big blind $3
*** HOLE CARDS ***
anetkaapro: raises $3 to $6
JayEm82: folds
Uncalled bet ($3) returned to anetkaapro
anetkaapro collected $6 from pot
anetkaapro: doesn't show hand
*** SUMMARY ***
Total pot $6 | Rake $0
Seat 4: anetkaapro (button) (small blind) collected ($6)
Seat 5: JayEm82 (big blind) folded before Flop


PokerStars Hand #149855750904:  Hold'em Limit ($3/$6 USD) - 2016/03/04 22:18:38 ET
Table 'Moira' 6-max Seat #5 is the button
Seat 4: anetkaapro ($166.04 in chips)
Seat 5: JayEm82 ($292.91 in chips)
JayEm82: posts small blind $1
anetkaapro: posts big blind $3
*** HOLE CARDS ***
JayEm82: folds
Uncalled bet ($2) returned to anetkaapro
anetkaapro collected $2 from pot
anetkaapro: doesn't show hand
*** SUMMARY ***
Total pot $2 | Rake $0
Seat 4: anetkaapro (big blind) collected ($2)
Seat 5: JayEm82 (button) (small blind) folded before Flop


PokerStars Hand #149855738474:  Hold'em Limit ($3/$6 USD) - 2016/03/04 22:18:07 ET
Table 'Moira' 6-max Seat #4 is the button
Seat 4: anetkaapro ($169.79 in chips)
Seat 5: JayEm82 ($290.66 in chips)
anetkaapro: posts small blind $1
JayEm82: posts big blind $3
*** HOLE CARDS ***
anetkaapro: raises $3 to $6
JayEm82: raises $3 to $9
anetkaapro: calls $3
*** FLOP *** [6d 7d Ad]
JayEm82: bets $3
anetkaapro: calls $3
*** TURN *** [6d 7d Ad] [Qh]
JayEm82: bets $6
anetkaapro: calls $6
*** RIVER *** [6d 7d Ad Qh] [8d]
JayEm82: bets $6
anetkaapro: folds
Uncalled bet ($6) returned to JayEm82
JayEm82 collected $35.50 from pot
JayEm82: doesn't show hand
*** SUMMARY ***
Total pot $36 | Rake $0.50
Board [6d 7d Ad Qh 8d]
Seat 4: anetkaapro (button) (small blind) folded on the River
Seat 5: JayEm82 (big blind) collected ($35.50)


PokerStars Hand #149855742295:  Hold'em Limit ($3/$6 USD) - 2016/03/04 22:18:17 ET
Table 'Moira' 6-max Seat #5 is the button
Seat 4: anetkaapro ($151.79 in chips)
Seat 5: JayEm82 ($308.16 in chips)
JayEm82: posts small blind $1
anetkaapro: posts big blind $3
*** HOLE CARDS ***
JayEm82: raises $3 to $6
anetkaapro: calls $3
*** FLOP *** [3d 5h 4h]
anetkaapro: checks
JayEm82: bets $3
anetkaapro: calls $3
*** TURN *** [3d 5h 4h] [Qd]
anetkaapro: checks
JayEm82: bets $6
anetkaapro: calls $6
*** RIVER *** [3d 5h 4h Qd] [2d]
anetkaapro: checks
JayEm82: checks
*** SHOW DOWN ***
anetkaapro: shows [7c As] (a straight, Ace to Five)
JayEm82: mucks hand
anetkaapro collected $29.50 from pot
*** SUMMARY ***
Total pot $30 | Rake $0.50
Board [3d 5h 4h Qd 2d]
Seat 4: anetkaapro (big blind) showed [7c As] and won ($29.50) with a straight, Ace to Five
Seat 5: JayEm82 (button) (small blind) mucked


PokerStars Hand #149855757375:  Hold'em Limit ($3/$6 USD) - 2016/03/04 22:18:54 ET
Table 'Moira' 6-max Seat #5 is the button
Seat 4: anetkaapro ($174.04 in chips)
Seat 5: JayEm82 ($284.91 in chips)
JayEm82: posts small blind $1
anetkaapro: posts big blind $3
*** HOLE CARDS ***
JayEm82: raises $3 to $6
anetkaapro: calls $3
*** FLOP *** [Kd 9c 6s]
anetkaapro: checks
JayEm82: bets $3
anetkaapro: raises $3 to $6
JayEm82: calls $3
*** TURN *** [Kd 9c 6s] [3s]
anetkaapro: bets $6
JayEm82: raises $6 to $12
anetkaapro: raises $6 to $18
JayEm82: raises $6 to $24
Betting is capped
anetkaapro: calls $6
*** RIVER *** [Kd 9c 6s 3s] [Ts]
anetkaapro: checks
JayEm82: bets $6
anetkaapro: calls $6
*** SHOW DOWN ***
JayEm82: shows [7c 8s] (a straight, Six to Ten)
anetkaapro: mucks hand
JayEm82 collected $83.50 from pot
*** SUMMARY ***
Total pot $84 | Rake $0.50
Board [Kd 9c 6s 3s Ts]
Seat 4: anetkaapro (big blind) mucked
Seat 5: JayEm82 (button) (small blind) showed [7c 8s] and won ($83.50) with a straight, Six to Ten


PokerStars Hand #149855773205:  Hold'em Limit ($3/$6 USD) - 2016/03/04 22:19:34 ET
Table 'Moira' 6-max Seat #4 is the button
Seat 4: anetkaapro ($156.54 in chips)
Seat 5: JayEm82 ($301.41 in chips)
anetkaapro: posts small blind $1
JayEm82: posts big blind $3
*** HOLE CARDS ***
anetkaapro: raises $3 to $6
JayEm82: folds
Uncalled bet ($3) returned to anetkaapro
anetkaapro collected $6 from pot
anetkaapro: doesn't show hand
*** SUMMARY ***
Total pot $6 | Rake $0
Seat 4: anetkaapro (button) (small blind) collected ($6)
Seat 5: JayEm82 (big blind) folded before Flop


PokerStars Hand #149855771505:  Hold'em Limit ($3/$6 USD) - 2016/03/04 22:19:30 ET
Table 'Moira' 6-max Seat #5 is the button
Seat 4: anetkaapro ($155.54 in chips)
Seat 5: JayEm82 ($302.41 in chips)
JayEm82: posts small blind $1
anetkaapro: posts big blind $3
*** HOLE CARDS ***
JayEm82: folds
Uncalled bet ($2) returned to anetkaapro
anetkaapro collected $2 from pot
anetkaapro: doesn't show hand
*** SUMMARY ***
Total pot $2 | Rake $0
Seat 4: anetkaapro (big blind) collected ($2)
Seat 5: JayEm82 (button) (small blind) folded before Flop


PokerStars Hand #149855763265:  Hold'em Limit ($3/$6 USD) - 2016/03/04 22:19:09 ET
Table 'Moira' 6-max Seat #4 is the button
Seat 4: anetkaapro ($132.04 in chips)
Seat 5: JayEm82 ($326.41 in chips)
anetkaapro: posts small blind $1
JayEm82: posts big blind $3
*** HOLE CARDS ***
anetkaapro: raises $3 to $6
JayEm82: raises $3 to $9
anetkaapro: calls $3
*** FLOP *** [3c Kd Kh]
JayEm82: bets $3
anetkaapro: calls $3
*** TURN *** [3c Kd Kh] [Ad]
JayEm82: bets $6
anetkaapro: calls $6
*** RIVER *** [3c Kd Kh Ad] [5s]
JayEm82: checks
anetkaapro: bets $6
JayEm82: calls $6
*** SHOW DOWN ***
anetkaapro: shows [7s Ks] (three of a kind, Kings)
JayEm82: mucks hand
anetkaapro collected $47.50 from pot
*** SUMMARY ***
Total pot $48 | Rake $0.50
Board [3c Kd Kh Ad 5s]
Seat 4: anetkaapro (button) (small blind) showed [7s Ks] and won ($47.50) with three of a kind, Kings
Seat 5: JayEm82 (big blind) mucked


PokerStars Hand #149855776313:  Hold'em Limit ($3/$6 USD) - 2016/03/04 22:19:42 ET
Table 'Moira' 6-max Seat #5 is the button
Seat 4: anetkaapro ($159.54 in chips)
Seat 5: JayEm82 ($298.41 in chips)
JayEm82: posts small blind $1
anetkaapro: posts big blind $3
*** HOLE CARDS ***
JayEm82: raises $3 to $6
anetkaapro: calls $3
*** FLOP *** [Jc Ad 8c]
anetkaapro: checks
JayEm82: checks
*** TURN *** [Jc Ad 8c] [Kh]
anetkaapro: bets $6
JayEm82: raises $6 to $12
anetkaapro: calls $6
*** RIVER *** [Jc Ad 8c Kh] [Qc]
anetkaapro: bets $6
JayEm82: raises $6 to $12
anetkaapro: folds
Uncalled bet ($6) returned to JayEm82
JayEm82 collected $47.50 from pot
JayEm82: doesn't show hand
*** SUMMARY ***
Total pot $48 | Rake $0.50
Board [Jc Ad 8c Kh Qc]
Seat 4: anetkaapro (big blind) folded on the River
Seat 5: JayEm82 (button) (small blind) collected ($47.50)


PokerStars Hand #149855781563:  Hold'em Limit ($3/$6 USD) - 2016/03/04 22:19:55 ET
Table 'Moira' 6-max Seat #4 is the button
Seat 4: anetkaapro ($135.54 in chips)
Seat 5: JayEm82 ($321.91 in chips)
anetkaapro: posts small blind $1
JayEm82: posts big blind $3
*** HOLE CARDS ***
anetkaapro: raises $3 to $6
JayEm82: calls $3
*** FLOP *** [2s 9h As]
JayEm82: checks
anetkaapro: bets $3
JayEm82: folds
Uncalled bet ($3) returned to anetkaapro
anetkaapro collected $11.76 from pot
anetkaapro: doesn't show hand
*** SUMMARY ***
Total pot $12 | Rake $0.24
Board [2s 9h As]
Seat 4: anetkaapro (button) (small blind) collected ($11.76)
Seat 5: JayEm82 (big blind) folded on the Flop


PokerStars Hand #149855784302:  Hold'em Limit ($3/$6 USD) - 2016/03/04 22:20:02 ET
Table 'Moira' 6-max Seat #5 is the button
Seat 4: anetkaapro ($141.30 in chips)
Seat 5: JayEm82 ($315.91 in chips)
JayEm82: posts small blind $1
anetkaapro: posts big blind $3
*** HOLE CARDS ***
exc_stasy joins the table at seat #3
JayEm82: raises $3 to $6
anetkaapro said, "exc_stasy could you please let us play heads up? :)"
anetkaapro: calls $3
*** FLOP *** [7d Qh Tc]
anetkaapro: checks
JayEm82 said, "i dont mind"
JayEm82: bets $3
anetkaapro: raises $3 to $6
JayEm82: raises $3 to $9
anetkaapro said, "you promised, that's why I sit out from other tables"
anetkaapro: calls $3
*** TURN *** [7d Qh Tc] [Ks]
anetkaapro: checks
JayEm82: checks
*** RIVER *** [7d Qh Tc Ks] [2d]
anetkaapro: bets $6
JayEm82: folds
Uncalled bet ($6) returned to anetkaapro
anetkaapro collected $29.50 from pot
anetkaapro: doesn't show hand
*** SUMMARY ***
Total pot $30 | Rake $0.50
Board [7d Qh Tc Ks 2d]
Seat 4: anetkaapro (big blind) collected ($29.50)
Seat 5: JayEm82 (button) (small blind) folded on the River


PokerStars Hand #149856138940:  Hold'em Limit ($3/$6 USD) - 2016/03/04 22:35:15 ET
Table 'Moira' 6-max Seat #5 is the button
Seat 5: JayEm82 ($333.46 in chips)
Seat 6: BIGORCA300 ($125.74 in chips)
JayEm82: posts small blind $1
BIGORCA300: posts big blind $3
*** HOLE CARDS ***
JayEm82: raises $3 to $6
BIGORCA300: folds
Uncalled bet ($3) returned to JayEm82
JayEm82 collected $6 from pot
JayEm82: doesn't show hand
*** SUMMARY ***
Total pot $6 | Rake $0
Seat 5: JayEm82 (button) (small blind) collected ($6)
Seat 6: BIGORCA300 (big blind) folded before Flop


PokerStars Hand #149856145083:  Hold'em Limit ($3/$6 USD) - 2016/03/04 22:35:31 ET
Table 'Moira' 6-max Seat #5 is the button
Seat 5: JayEm82 ($333.46 in chips)
Seat 6: BIGORCA300 ($125.74 in chips)
JayEm82: posts small blind $1
BIGORCA300: posts big blind $3
*** HOLE CARDS ***
JayEm82: raises $3 to $6
BIGORCA300: folds
Uncalled bet ($3) returned to JayEm82
JayEm82 collected $6 from pot
JayEm82: doesn't show hand
*** SUMMARY ***
Total pot $6 | Rake $0
Seat 5: JayEm82 (button) (small blind) collected ($6)
Seat 6: BIGORCA300 (big blind) folded before Flop


PokerStars Hand #149856126779:  Hold'em Limit ($3/$6 USD) - 2016/03/04 22:34:44 ET
Table 'Moira' 6-max Seat #6 is the button
Seat 5: JayEm82 ($354.46 in chips)
Seat 6: BIGORCA300 ($105.24 in chips)
BIGORCA300: posts small blind $1
PROFI8088: is sitting out
JayEm82: posts big blind $3
*** HOLE CARDS ***
BIGORCA300: raises $3 to $6
JayEm82: calls $3
*** FLOP *** [Tc 3c 8d]
PROFI8088 leaves the table
JayEm82: checks
BIGORCA300: bets $3
JayEm82: calls $3
*** TURN *** [Tc 3c 8d] [2h]
JayEm82: checks
BIGORCA300: bets $6
JayEm82: calls $6
*** RIVER *** [Tc 3c 8d 2h] [8s]
JayEm82: checks
BIGORCA300: bets $6
JayEm82: calls $6
*** SHOW DOWN ***
BIGORCA300: shows [8h Ad] (three of a kind, Eights)
JayEm82: mucks hand
BIGORCA300 collected $41.50 from pot
*** SUMMARY ***
Total pot $42 | Rake $0.50
Board [Tc 3c 8d 2h 8s]
Seat 5: JayEm82 (big blind) mucked
Seat 6: BIGORCA300 (button) (small blind) showed [8h Ad] and won ($41.50) with three of a kind, Eights


