PokerStars Hand #176354681403:  Hold'em Limit ($3/$6 USD) - 2017/10/01 11:51:18 ET
Table 'Moira' 10-max Seat #5 is the button
Seat 5: Zaikin2423 ($66.56 in chips)
Seat 6: TheU10 ($116 in chips)
Zaikin2423: posts small blind $1
TheU10: posts big blind $3
*** HOLE CARDS ***
Zaikin2423: calls $2
TheU10: checks
*** FLOP *** [Kh 6d 9s]
TheU10: checks
Zaikin2423: checks
*** TURN *** [Kh 6d 9s] [2s]
TheU10: checks
Zaikin2423: checks
*** RIVER *** [Kh 6d 9s 2s] [As]
TheU10: bets $6
Zaikin2423: folds
Uncalled bet ($6) returned to TheU10
TheU10 collected $5.88 from pot
TheU10: doesn't show hand
*** SUMMARY ***
Total pot $6 | Rake $0.12
Board [Kh 6d 9s 2s As]
Seat 5: Zaikin2423 (button) (small blind) folded on the River
Seat 6: TheU10 (big blind) collected ($5.88)


PokerStars Hand #176354677810:  Hold'em Limit ($3/$6 USD) - 2017/10/01 11:51:13 ET
Table 'Moira' 10-max Seat #6 is the button
Seat 5: Zaikin2423 ($65.56 in chips)
Seat 6: TheU10 ($117 in chips)
TheU10: posts small blind $1
Zaikin2423: posts big blind $3
*** HOLE CARDS ***
TheU10: folds
Uncalled bet ($2) returned to Zaikin2423
Zaikin2423 collected $2 from pot
Zaikin2423: doesn't show hand
*** SUMMARY ***
Total pot $2 | Rake $0
Seat 5: Zaikin2423 (big blind) collected ($2)
Seat 6: TheU10 (button) (small blind) folded before Flop


PokerStars Hand #176354669582:  Hold'em Limit ($3/$6 USD) - 2017/10/01 11:51:01 ET
Table 'Moira' 10-max Seat #5 is the button
Seat 5: Zaikin2423 ($62.68 in chips)
Seat 6: TheU10 ($120 in chips)
Zaikin2423: posts small blind $1
TheU10: posts big blind $3
*** HOLE CARDS ***
Zaikin2423: calls $2
GoliafUa leaves the table
TheU10: checks
*** FLOP *** [Kd 7h Th]
TheU10: checks
Zaikin2423: bets $3
TheU10: folds
Uncalled bet ($3) returned to Zaikin2423
Zaikin2423 collected $5.88 from pot
Zaikin2423: doesn't show hand
*** SUMMARY ***
Total pot $6 | Rake $0.12
Board [Kd 7h Th]
Seat 5: Zaikin2423 (button) (small blind) collected ($5.88)
Seat 6: TheU10 (big blind) folded on the Flop


PokerStars Hand #176354722317:  Hold'em Limit ($3/$6 USD) - 2017/10/01 11:52:16 ET
Table 'Moira' 10-max Seat #5 is the button
Seat 5: Zaikin2423 ($76.96 in chips)
Seat 6: TheU10 ($104.88 in chips)
Zaikin2423: posts small blind $1
TheU10: posts big blind $3
*** HOLE CARDS ***
Zaikin2423: calls $2
TheU10: raises $3 to $6
Zaikin2423: calls $3
*** FLOP *** [7d Ac Jd]
TheU10: bets $3
Zaikin2423: calls $3
*** TURN *** [7d Ac Jd] [4s]
TheU10: bets $6
Zaikin2423: folds
Uncalled bet ($6) returned to TheU10
TheU10 collected $17.64 from pot
TheU10: doesn't show hand
*** SUMMARY ***
Total pot $18 | Rake $0.36
Board [7d Ac Jd 4s]
Seat 5: Zaikin2423 (button) (small blind) folded on the Turn
Seat 6: TheU10 (big blind) collected ($17.64)


PokerStars Hand #176354708878:  Hold'em Limit ($3/$6 USD) - 2017/10/01 11:51:57 ET
Table 'Moira' 10-max Seat #6 is the button
Seat 5: Zaikin2423 ($68.32 in chips)
Seat 6: TheU10 ($113.88 in chips)
TheU10: posts small blind $1
Zaikin2423: posts big blind $3
*** HOLE CARDS ***
TheU10: raises $3 to $6
Zaikin2423: calls $3
*** FLOP *** [Kc 6s 2h]
Zaikin2423: checks
TheU10: bets $3
Zaikin2423: calls $3
*** TURN *** [Kc 6s 2h] [6d]
Zaikin2423: checks
TheU10: checks
*** RIVER *** [Kc 6s 2h 6d] [8h]
Zaikin2423: checks
TheU10: checks
*** SHOW DOWN ***
Zaikin2423: shows [2d 5s] (two pair, Sixes and Deuces)
TheU10: mucks hand
Zaikin2423 collected $17.64 from pot
*** SUMMARY ***
Total pot $18 | Rake $0.36
Board [Kc 6s 2h 6d 8h]
Seat 5: Zaikin2423 (big blind) showed [2d 5s] and won ($17.64) with two pair, Sixes and Deuces
Seat 6: TheU10 (button) (small blind) mucked


PokerStars Hand #176354705160:  Hold'em Limit ($3/$6 USD) - 2017/10/01 11:51:52 ET
Table 'Moira' 10-max Seat #5 is the button
Seat 5: Zaikin2423 ($69.32 in chips)
Seat 6: TheU10 ($112.88 in chips)
Zaikin2423: posts small blind $1
TheU10: posts big blind $3
*** HOLE CARDS ***
Zaikin2423: folds
Uncalled bet ($2) returned to TheU10
TheU10 collected $2 from pot
TheU10: doesn't show hand
*** SUMMARY ***
Total pot $2 | Rake $0
Seat 5: Zaikin2423 (button) (small blind) folded before Flop
Seat 6: TheU10 (big blind) collected ($2)


PokerStars Hand #176354693108:  Hold'em Limit ($3/$6 USD) - 2017/10/01 11:51:35 ET
Table 'Moira' 10-max Seat #6 is the button
Seat 5: Zaikin2423 ($63.56 in chips)
Seat 6: TheU10 ($118.88 in chips)
TheU10: posts small blind $1
Zaikin2423: posts big blind $3
*** HOLE CARDS ***
TheU10: raises $3 to $6
Zaikin2423: calls $3
*** FLOP *** [Ad 6d 7h]
Zaikin2423: checks
TheU10: checks
*** TURN *** [Ad 6d 7h] [4c]
Zaikin2423: checks
TheU10: checks
*** RIVER *** [Ad 6d 7h 4c] [3c]
Zaikin2423: bets $6
TheU10: folds
Uncalled bet ($6) returned to Zaikin2423
Zaikin2423 collected $11.76 from pot
Zaikin2423: doesn't show hand
*** SUMMARY ***
Total pot $12 | Rake $0.24
Board [Ad 6d 7h 4c 3c]
Seat 5: Zaikin2423 (big blind) collected ($11.76)
Seat 6: TheU10 (button) (small blind) folded on the River


PokerStars Hand #176354754678:  Hold'em Limit ($3/$6 USD) - 2017/10/01 11:53:01 ET
Table 'Moira' 10-max Seat #6 is the button
Seat 5: Zaikin2423 ($82.36 in chips)
Seat 6: TheU10 ($98.52 in chips)
TheU10: posts small blind $1
Zaikin2423: posts big blind $3
*** HOLE CARDS ***
TheU10: raises $3 to $6
Zaikin2423: calls $3
*** FLOP *** [As Js Kh]
Zaikin2423: checks
TheU10: bets $3
Zaikin2423: calls $3
*** TURN *** [As Js Kh] [2h]
Zaikin2423: checks
TheU10: checks
*** RIVER *** [As Js Kh 2h] [6c]
Zaikin2423: bets $6
TheU10: folds
Uncalled bet ($6) returned to Zaikin2423
Zaikin2423 collected $17.64 from pot
Zaikin2423: doesn't show hand
*** SUMMARY ***
Total pot $18 | Rake $0.36
Board [As Js Kh 2h 6c]
Seat 5: Zaikin2423 (big blind) collected ($17.64)
Seat 6: TheU10 (button) (small blind) folded on the River


PokerStars Hand #176354747045:  Hold'em Limit ($3/$6 USD) - 2017/10/01 11:52:51 ET
Table 'Moira' 10-max Seat #5 is the button
Seat 5: Zaikin2423 ($76.60 in chips)
Seat 6: TheU10 ($104.52 in chips)
Zaikin2423: posts small blind $1
TheU10: posts big blind $3
*** HOLE CARDS ***
Zaikin2423: raises $3 to $6
TheU10: calls $3
*** FLOP *** [5d 6c Jh]
TheU10: checks
Zaikin2423: bets $3
TheU10: folds
Uncalled bet ($3) returned to Zaikin2423
Zaikin2423 collected $11.76 from pot
Zaikin2423: doesn't show hand
*** SUMMARY ***
Total pot $12 | Rake $0.24
Board [5d 6c Jh]
Seat 5: Zaikin2423 (button) (small blind) collected ($11.76)
Seat 6: TheU10 (big blind) folded on the Flop


PokerStars Hand #176354732477:  Hold'em Limit ($3/$6 USD) - 2017/10/01 11:52:30 ET
Table 'Moira' 10-max Seat #6 is the button
Seat 5: Zaikin2423 ($67.96 in chips)
Seat 6: TheU10 ($113.52 in chips)
TheU10: posts small blind $1
Zaikin2423: posts big blind $3
*** HOLE CARDS ***
TheU10: raises $3 to $6
Zaikin2423: calls $3
*** FLOP *** [Kc 9c 5s]
Zaikin2423: checks
TheU10: bets $3
Zaikin2423: calls $3
*** TURN *** [Kc 9c 5s] [Th]
Zaikin2423: checks
TheU10: checks
*** RIVER *** [Kc 9c 5s Th] [Ah]
Zaikin2423: checks
TheU10: checks
*** SHOW DOWN ***
Zaikin2423: shows [3d Ks] (a pair of Kings)
TheU10: mucks hand
Zaikin2423 collected $17.64 from pot
*** SUMMARY ***
Total pot $18 | Rake $0.36
Board [Kc 9c 5s Th Ah]
Seat 5: Zaikin2423 (big blind) showed [3d Ks] and won ($17.64) with a pair of Kings
Seat 6: TheU10 (button) (small blind) mucked


PokerStars Hand #176354805282:  Hold'em Limit ($3/$6 USD) - 2017/10/01 11:54:13 ET
Table 'Moira' 10-max Seat #6 is the button
Seat 5: Zaikin2423 ($110.26 in chips)
Seat 6: TheU10 ($69.52 in chips)
TheU10: posts small blind $1
Zaikin2423: posts big blind $3
*** HOLE CARDS ***
TheU10: raises $3 to $6
Zaikin2423: folds
Uncalled bet ($3) returned to TheU10
TheU10 collected $6 from pot
TheU10: doesn't show hand
*** SUMMARY ***
Total pot $6 | Rake $0
Seat 5: Zaikin2423 (big blind) folded before Flop
Seat 6: TheU10 (button) (small blind) collected ($6)


PokerStars Hand #176354801344:  Hold'em Limit ($3/$6 USD) - 2017/10/01 11:54:08 ET
Table 'Moira' 10-max Seat #5 is the button
Seat 5: Zaikin2423 ($111.26 in chips)
Seat 6: TheU10 ($68.52 in chips)
Zaikin2423: posts small blind $1
TheU10: posts big blind $3
*** HOLE CARDS ***
Zaikin2423: folds
Uncalled bet ($2) returned to TheU10
TheU10 collected $2 from pot
TheU10: doesn't show hand
*** SUMMARY ***
Total pot $2 | Rake $0
Seat 5: Zaikin2423 (button) (small blind) folded before Flop
Seat 6: TheU10 (big blind) collected ($2)


PokerStars Hand #176354798352:  Hold'em Limit ($3/$6 USD) - 2017/10/01 11:54:03 ET
Table 'Moira' 10-max Seat #6 is the button
Seat 5: Zaikin2423 ($110.26 in chips)
Seat 6: TheU10 ($69.52 in chips)
TheU10: posts small blind $1
Zaikin2423: posts big blind $3
*** HOLE CARDS ***
TheU10: folds
Uncalled bet ($2) returned to Zaikin2423
Zaikin2423 collected $2 from pot
Zaikin2423: doesn't show hand
*** SUMMARY ***
Total pot $2 | Rake $0
Seat 5: Zaikin2423 (big blind) collected ($2)
Seat 6: TheU10 (button) (small blind) folded before Flop


PokerStars Hand #176354794408:  Hold'em Limit ($3/$6 USD) - 2017/10/01 11:53:58 ET
Table 'Moira' 10-max Seat #5 is the button
Seat 5: Zaikin2423 ($111.26 in chips)
Seat 6: TheU10 ($68.52 in chips)
Zaikin2423: posts small blind $1
TheU10: posts big blind $3
*** HOLE CARDS ***
Zaikin2423: folds
Uncalled bet ($2) returned to TheU10
TheU10 collected $2 from pot
TheU10: doesn't show hand
*** SUMMARY ***
Total pot $2 | Rake $0
Seat 5: Zaikin2423 (button) (small blind) folded before Flop
Seat 6: TheU10 (big blind) collected ($2)


PokerStars Hand #176354782069:  Hold'em Limit ($3/$6 USD) - 2017/10/01 11:53:40 ET
Table 'Moira' 10-max Seat #6 is the button
Seat 5: Zaikin2423 ($105.50 in chips)
Seat 6: TheU10 ($74.52 in chips)
TheU10: posts small blind $1
Zaikin2423: posts big blind $3
*** HOLE CARDS ***
TheU10: raises $3 to $6
Zaikin2423: calls $3
*** FLOP *** [Ts 8c 6d]
Zaikin2423: checks
TheU10: checks
*** TURN *** [Ts 8c 6d] [Qh]
Zaikin2423: checks
TheU10: checks
*** RIVER *** [Ts 8c 6d Qh] [Kd]
Zaikin2423: bets $6
TheU10: folds
Uncalled bet ($6) returned to Zaikin2423
Zaikin2423 collected $11.76 from pot
Zaikin2423: doesn't show hand
*** SUMMARY ***
Total pot $12 | Rake $0.24
Board [Ts 8c 6d Qh Kd]
Seat 5: Zaikin2423 (big blind) collected ($11.76)
Seat 6: TheU10 (button) (small blind) folded on the River


PokerStars Hand #176354767746:  Hold'em Limit ($3/$6 USD) - 2017/10/01 11:53:20 ET
Table 'Moira' 10-max Seat #5 is the button
Seat 5: Zaikin2423 ($91 in chips)
Seat 6: TheU10 ($89.52 in chips)
Zaikin2423: posts small blind $1
TheU10: posts big blind $3
*** HOLE CARDS ***
Zaikin2423: raises $3 to $6
TheU10: calls $3
*** FLOP *** [3h Qc 6s]
TheU10: checks
Zaikin2423: bets $3
TheU10: calls $3
*** TURN *** [3h Qc 6s] [Ac]
TheU10: checks
Zaikin2423: bets $6
TheU10: calls $6
*** RIVER *** [3h Qc 6s Ac] [Js]
TheU10: checks
Zaikin2423: bets $6
TheU10: folds
Uncalled bet ($6) returned to Zaikin2423
Zaikin2423 collected $29.50 from pot
Zaikin2423: doesn't show hand
*** SUMMARY ***
Total pot $30 | Rake $0.50
Board [3h Qc 6s Ac Js]
Seat 5: Zaikin2423 (button) (small blind) collected ($29.50)
Seat 6: TheU10 (big blind) folded on the River


PokerStars Hand #176354851635:  Hold'em Limit ($3/$6 USD) - 2017/10/01 11:55:22 ET
Table 'Moira' 10-max Seat #5 is the button
Seat 5: Zaikin2423 ($114.42 in chips)
Seat 6: TheU10 ($64.04 in chips)
Zaikin2423: posts small blind $1
TheU10: posts big blind $3
*** HOLE CARDS ***
Zaikin2423: folds
Uncalled bet ($2) returned to TheU10
TheU10 collected $2 from pot
TheU10: doesn't show hand
*** SUMMARY ***
Total pot $2 | Rake $0
Seat 5: Zaikin2423 (button) (small blind) folded before Flop
Seat 6: TheU10 (big blind) collected ($2)


PokerStars Hand #176354843052:  Hold'em Limit ($3/$6 USD) - 2017/10/01 11:55:06 ET
Table 'Moira' 10-max Seat #6 is the button
Seat 5: Zaikin2423 ($102.90 in chips)
Seat 6: TheU10 ($76.04 in chips)
TheU10: posts small blind $1
Zaikin2423: posts big blind $3
*** HOLE CARDS ***
TheU10: raises $3 to $6
Zaikin2423: raises $3 to $9
TheU10: calls $3
*** FLOP *** [5h 5c Jh]
Zaikin2423: bets $3
TheU10: calls $3
*** TURN *** [5h 5c Jh] [3d]
Zaikin2423: bets $6
TheU10: folds
Uncalled bet ($6) returned to Zaikin2423
Zaikin2423 collected $23.52 from pot
Zaikin2423: doesn't show hand
*** SUMMARY ***
Total pot $24 | Rake $0.48
Board [5h 5c Jh 3d]
Seat 5: Zaikin2423 (big blind) collected ($23.52)
Seat 6: TheU10 (button) (small blind) folded on the Turn


PokerStars Hand #176354839342:  Hold'em Limit ($3/$6 USD) - 2017/10/01 11:55:01 ET
Table 'Moira' 10-max Seat #5 is the button
Seat 5: Zaikin2423 ($103.90 in chips)
Seat 6: TheU10 ($75.04 in chips)
Zaikin2423: posts small blind $1
TheU10: posts big blind $3
*** HOLE CARDS ***
Zaikin2423: folds
Uncalled bet ($2) returned to TheU10
TheU10 collected $2 from pot
TheU10: doesn't show hand
*** SUMMARY ***
Total pot $2 | Rake $0
Seat 5: Zaikin2423 (button) (small blind) folded before Flop
Seat 6: TheU10 (big blind) collected ($2)


PokerStars Hand #176354832111:  Hold'em Limit ($3/$6 USD) - 2017/10/01 11:54:51 ET
Table 'Moira' 10-max Seat #6 is the button
Seat 5: Zaikin2423 ($95.26 in chips)
Seat 6: TheU10 ($84.04 in chips)
ice0034 joins the table at seat #4
TheU10: posts small blind $1
Zaikin2423: posts big blind $3
*** HOLE CARDS ***
TheU10: raises $3 to $6
Zaikin2423: raises $3 to $9
TheU10: calls $3
*** FLOP *** [3d Kh 8s]
Zaikin2423: bets $3
TheU10: folds
Uncalled bet ($3) returned to Zaikin2423
Zaikin2423 collected $17.64 from pot
Zaikin2423: doesn't show hand
*** SUMMARY ***
Total pot $18 | Rake $0.36
Board [3d Kh 8s]
Seat 5: Zaikin2423 (big blind) collected ($17.64)
Seat 6: TheU10 (button) (small blind) folded on the Flop


PokerStars Hand #176354827831:  Hold'em Limit ($3/$6 USD) - 2017/10/01 11:54:45 ET
Table 'Moira' 10-max Seat #5 is the button
Seat 5: Zaikin2423 ($96.26 in chips)
Seat 6: TheU10 ($83.04 in chips)
Zaikin2423: posts small blind $1
TheU10: posts big blind $3
*** HOLE CARDS ***
Zaikin2423: folds
Uncalled bet ($2) returned to TheU10
TheU10 collected $2 from pot
TheU10: doesn't show hand
*** SUMMARY ***
Total pot $2 | Rake $0
Seat 5: Zaikin2423 (button) (small blind) folded before Flop
Seat 6: TheU10 (big blind) collected ($2)


PokerStars Hand #176354824905:  Hold'em Limit ($3/$6 USD) - 2017/10/01 11:54:41 ET
Table 'Moira' 10-max Seat #6 is the button
Seat 5: Zaikin2423 ($95.26 in chips)
Seat 6: TheU10 ($84.04 in chips)
TheU10: posts small blind $1
Zaikin2423: posts big blind $3
*** HOLE CARDS ***
TheU10: folds
Uncalled bet ($2) returned to Zaikin2423
Zaikin2423 collected $2 from pot
Zaikin2423: doesn't show hand
*** SUMMARY ***
Total pot $2 | Rake $0
Seat 5: Zaikin2423 (big blind) collected ($2)
Seat 6: TheU10 (button) (small blind) folded before Flop


PokerStars Hand #176354810157:  Hold'em Limit ($3/$6 USD) - 2017/10/01 11:54:20 ET
Table 'Moira' 10-max Seat #5 is the button
Seat 5: Zaikin2423 ($107.26 in chips)
Seat 6: TheU10 ($72.52 in chips)
Zaikin2423: posts small blind $1
TheU10: posts big blind $3
*** HOLE CARDS ***
Zaikin2423: raises $3 to $6
TheU10: calls $3
*** FLOP *** [Ac 5h Ah]
TheU10: checks
Zaikin2423: bets $3
TheU10: raises $3 to $6
Zaikin2423: calls $3
*** TURN *** [Ac 5h Ah] [7s]
TheU10: checks
Zaikin2423: checks
*** RIVER *** [Ac 5h Ah 7s] [Qc]
TheU10: bets $6
Zaikin2423: folds
Uncalled bet ($6) returned to TheU10
TheU10 collected $23.52 from pot
TheU10: doesn't show hand
*** SUMMARY ***
Total pot $24 | Rake $0.48
Board [Ac 5h Ah 7s Qc]
Seat 5: Zaikin2423 (button) (small blind) folded on the River
Seat 6: TheU10 (big blind) collected ($23.52)


PokerStars Hand #176354874067:  Hold'em Limit ($3/$6 USD) - 2017/10/01 11:56:03 ET
Table 'Moira' 10-max Seat #5 is the button
Seat 5: Zaikin2423 ($125.92 in chips)
Seat 6: TheU10 ($51.92 in chips)
Zaikin2423: posts small blind $1
TheU10: posts big blind $3
*** HOLE CARDS ***
paulcantplay joins the table at seat #3
Zaikin2423: calls $2
ice0034 leaves the table
TheU10: raises $3 to $6
Zaikin2423: calls $3
*** FLOP *** [2c 4h Ac]
TheU10: bets $3
Zaikin2423: calls $3
*** TURN *** [2c 4h Ac] [7c]
TheU10: bets $6
Zaikin2423: calls $6
*** RIVER *** [2c 4h Ac 7c] [Qs]
TheU10: bets $6
Zaikin2423: calls $6
*** SHOW DOWN ***
TheU10: shows [9c Jd] (high card Ace)
Zaikin2423: shows [2h Qc] (two pair, Queens and Deuces)
Zaikin2423 collected $41.50 from pot
*** SUMMARY ***
Total pot $42 | Rake $0.50
Board [2c 4h Ac 7c Qs]
Seat 5: Zaikin2423 (button) (small blind) showed [2h Qc] and won ($41.50) with two pair, Queens and Deuces
Seat 6: TheU10 (big blind) showed [9c Jd] and lost with high card Ace


PokerStars Hand #176354871497:  Hold'em Limit ($3/$6 USD) - 2017/10/01 11:55:58 ET
Table 'Moira' 10-max Seat #6 is the button
Seat 5: Zaikin2423 ($124.92 in chips)
Seat 6: TheU10 ($52.92 in chips)
TheU10: posts small blind $1
Zaikin2423: posts big blind $3
*** HOLE CARDS ***
TheU10: folds
Uncalled bet ($2) returned to Zaikin2423
Zaikin2423 collected $2 from pot
Zaikin2423: doesn't show hand
*** SUMMARY ***
Total pot $2 | Rake $0
Seat 5: Zaikin2423 (big blind) collected ($2)
Seat 6: TheU10 (button) (small blind) folded before Flop


PokerStars Hand #176354865823:  Hold'em Limit ($3/$6 USD) - 2017/10/01 11:55:48 ET
Table 'Moira' 10-max Seat #5 is the button
Seat 5: Zaikin2423 ($127.92 in chips)
Seat 6: TheU10 ($50.04 in chips)
Zaikin2423: posts small blind $1
TheU10: posts big blind $3
*** HOLE CARDS ***
Zaikin2423: calls $2
TheU10: checks
*** FLOP *** [8s 6c 5h]
TheU10: bets $3
Zaikin2423: folds
Uncalled bet ($3) returned to TheU10
TheU10 collected $5.88 from pot
TheU10: doesn't show hand
*** SUMMARY ***
Total pot $6 | Rake $0.12
Board [8s 6c 5h]
Seat 5: Zaikin2423 (button) (small blind) folded on the Flop
Seat 6: TheU10 (big blind) collected ($5.88)


PokerStars Hand #176354854441:  Hold'em Limit ($3/$6 USD) - 2017/10/01 11:55:27 ET
Table 'Moira' 10-max Seat #6 is the button
Seat 5: Zaikin2423 ($113.42 in chips)
Seat 6: TheU10 ($65.04 in chips)
TheU10: posts small blind $1
Zaikin2423: posts big blind $3
*** HOLE CARDS ***
TheU10: raises $3 to $6
Zaikin2423: calls $3
*** FLOP *** [3h 7h 8h]
Zaikin2423: checks
TheU10: bets $3
Zaikin2423: calls $3
*** TURN *** [3h 7h 8h] [Qd]
Zaikin2423: checks
TheU10: bets $6
Zaikin2423: calls $6
*** RIVER *** [3h 7h 8h Qd] [Jh]
Zaikin2423: checks
TheU10: checks
*** SHOW DOWN ***
Zaikin2423: shows [8c 5h] (a flush, Jack high)
TheU10: mucks hand
Zaikin2423 collected $29.50 from pot
*** SUMMARY ***
Total pot $30 | Rake $0.50
Board [3h 7h 8h Qd Jh]
Seat 5: Zaikin2423 (big blind) showed [8c 5h] and won ($29.50) with a flush, Jack high
Seat 6: TheU10 (button) (small blind) mucked


PokerStars Hand #176356151123:  Hold'em Limit ($3/$6 USD) - 2017/10/01 12:24:08 ET
Table 'Moira' 10-max Seat #6 is the button
Seat 4: PycV ($68.81 in chips)
Seat 6: TheU10 ($278.90 in chips)
TheU10: posts small blind $1
PycV: posts big blind $3
*** HOLE CARDS ***
TheU10: raises $3 to $6
PycV: raises $3 to $9
TheU10: calls $3
*** FLOP *** [6c Js 6h]
PycV: bets $3
TheU10: raises $3 to $6
PycV: folds
Uncalled bet ($3) returned to TheU10
TheU10 collected $23.52 from pot
TheU10: doesn't show hand
*** SUMMARY ***
Total pot $24 | Rake $0.48
Board [6c Js 6h]
Seat 4: PycV (big blind) folded on the Flop
Seat 6: TheU10 (button) (small blind) collected ($23.52)


