PokerStars Hand #150885995298:  Hold'em Limit ($3/$6 USD) - 2016/03/24 23:17:53 ET
Table 'Monachia' 6-max Seat #5 is the button
Seat 4: VolkovDmitri ($123 in chips)
Seat 5: vanhetpadje ($51.40 in chips)
vanhetpadje: posts small blind $1
VolkovDmitri: posts big blind $3
*** HOLE CARDS ***
vanhetpadje: raises $3 to $6
VolkovDmitri: calls $3
*** FLOP *** [Ah Ks Qs]
VolkovDmitri: checks
vanhetpadje: bets $3
VolkovDmitri: raises $3 to $6
vanhetpadje: calls $3
*** TURN *** [Ah Ks Qs] [Jh]
VolkovDmitri: bets $6
vanhetpadje: calls $6
*** RIVER *** [Ah Ks Qs Jh] [Js]
VolkovDmitri: bets $6
vanhetpadje: calls $6
*** SHOW DOWN ***
VolkovDmitri: shows [7c Tc] (a straight, Ten to Ace)
vanhetpadje: mucks hand
VolkovDmitri collected $47.50 from pot
*** SUMMARY ***
Total pot $48 | Rake $0.50
Board [Ah Ks Qs Jh Js]
Seat 4: VolkovDmitri (big blind) showed [7c Tc] and won ($47.50) with a straight, Ten to Ace
Seat 5: vanhetpadje (button) (small blind) mucked


PokerStars Hand #150886010974:  Hold'em Limit ($3/$6 USD) - 2016/03/24 23:18:17 ET
Table 'Monachia' 6-max Seat #4 is the button
Seat 4: VolkovDmitri ($146.50 in chips)
Seat 5: vanhetpadje ($27.40 in chips)
VolkovDmitri: posts small blind $1
vanhetpadje: posts big blind $3
*** HOLE CARDS ***
VolkovDmitri: raises $3 to $6
vanhetpadje: raises $3 to $9
VolkovDmitri: calls $3
*** FLOP *** [3h 8d 6h]
vanhetpadje: bets $3
VolkovDmitri: raises $3 to $6
vanhetpadje: raises $3 to $9
VolkovDmitri: calls $3
*** TURN *** [3h 8d 6h] [5c]
vanhetpadje: bets $6
VolkovDmitri: raises $6 to $12
vanhetpadje: calls $3.40 and is all-in
Uncalled bet ($2.60) returned to VolkovDmitri
*** RIVER *** [3h 8d 6h 5c] [4d]
*** SHOW DOWN ***
vanhetpadje: shows [Ad Ac] (a pair of Aces)
VolkovDmitri: shows [9s 6s] (a pair of Sixes)
vanhetpadje collected $54.30 from pot
*** SUMMARY ***
Total pot $54.80 | Rake $0.50
Board [3h 8d 6h 5c 4d]
Seat 4: VolkovDmitri (button) (small blind) showed [9s 6s] and lost with a pair of Sixes
Seat 5: vanhetpadje (big blind) showed [Ad Ac] and won ($54.30) with a pair of Aces


PokerStars Hand #150885988416:  Hold'em Limit ($3/$6 USD) - 2016/03/24 23:17:35 ET
Table 'Monachia' 6-max Seat #4 is the button
Seat 4: VolkovDmitri ($120 in chips)
Seat 5: vanhetpadje ($54.40 in chips)
VolkovDmitri: posts small blind $1
vanhetpadje: posts big blind $3
*** HOLE CARDS ***
VolkovDmitri: raises $3 to $6
vanhetpadje: folds
Uncalled bet ($3) returned to VolkovDmitri
VolkovDmitri collected $6 from pot
VolkovDmitri: doesn't show hand
*** SUMMARY ***
Total pot $6 | Rake $0
Seat 4: VolkovDmitri (button) (small blind) collected ($6)
Seat 5: vanhetpadje (big blind) folded before Flop


PokerStars Hand #150886031818:  Hold'em Limit ($3/$6 USD) - 2016/03/24 23:19:12 ET
Table 'Monachia' 6-max Seat #4 is the button
Seat 4: VolkovDmitri ($120 in chips)
Seat 5: vanhetpadje ($62.94 in chips)
VolkovDmitri: posts small blind $1
vanhetpadje: posts big blind $3
*** HOLE CARDS ***
VolkovDmitri: folds
Uncalled bet ($2) returned to vanhetpadje
vanhetpadje collected $2 from pot
vanhetpadje: doesn't show hand
*** SUMMARY ***
Total pot $2 | Rake $0
Seat 4: VolkovDmitri (button) (small blind) folded before Flop
Seat 5: vanhetpadje (big blind) collected ($2)


PokerStars Hand #150886022680:  Hold'em Limit ($3/$6 USD) - 2016/03/24 23:18:48 ET
Table 'Monachia' 6-max Seat #5 is the button
Seat 4: VolkovDmitri ($120 in chips)
Seat 5: vanhetpadje ($54.30 in chips)
vanhetpadje: posts small blind $1
VolkovDmitri: posts big blind $3
*** HOLE CARDS ***
vanhetpadje: calls $2
VolkovDmitri: raises $3 to $6
vanhetpadje: calls $3
*** FLOP *** [Ah 9d Tc]
VolkovDmitri: bets $3
vanhetpadje: calls $3
*** TURN *** [Ah 9d Tc] [4d]
VolkovDmitri: checks
vanhetpadje: bets $6
VolkovDmitri: folds
Uncalled bet ($6) returned to vanhetpadje
vanhetpadje collected $17.64 from pot
vanhetpadje: doesn't show hand
*** SUMMARY ***
Total pot $18 | Rake $0.36
Board [Ah 9d Tc 4d]
Seat 4: VolkovDmitri (big blind) folded on the Turn
Seat 5: vanhetpadje (button) (small blind) collected ($17.64)


PokerStars Hand #150886035949:  Hold'em Limit ($3/$6 USD) - 2016/03/24 23:19:23 ET
Table 'Monachia' 6-max Seat #5 is the button
Seat 4: VolkovDmitri ($120 in chips)
Seat 5: vanhetpadje ($63.94 in chips)
vanhetpadje: posts small blind $1
VolkovDmitri: posts big blind $3
*** HOLE CARDS ***
vanhetpadje: calls $2
VolkovDmitri: raises $3 to $6
vanhetpadje: calls $3
*** FLOP *** [Th Js 2c]
VolkovDmitri: bets $3
vanhetpadje: calls $3
*** TURN *** [Th Js 2c] [7s]
VolkovDmitri: checks
vanhetpadje: bets $6
VolkovDmitri: calls $6
*** RIVER *** [Th Js 2c 7s] [6c]
VolkovDmitri: checks
vanhetpadje: bets $6
VolkovDmitri: calls $6
*** SHOW DOWN ***
vanhetpadje: shows [8s 9c] (a straight, Seven to Jack)
VolkovDmitri: mucks hand
vanhetpadje collected $41.50 from pot
*** SUMMARY ***
Total pot $42 | Rake $0.50
Board [Th Js 2c 7s 6c]
Seat 4: VolkovDmitri (big blind) mucked
Seat 5: vanhetpadje (button) (small blind) showed [8s 9c] and won ($41.50) with a straight, Seven to Jack


PokerStars Hand #150886052713:  Hold'em Limit ($3/$6 USD) - 2016/03/24 23:20:07 ET
Table 'Monachia' 6-max Seat #4 is the button
Seat 4: VolkovDmitri ($120 in chips)
Seat 5: vanhetpadje ($84.44 in chips)
VolkovDmitri: posts small blind $1
vanhetpadje: posts big blind $3
*** HOLE CARDS ***
VolkovDmitri: raises $3 to $6
vanhetpadje: calls $3
*** FLOP *** [6h 3s 5h]
vanhetpadje: checks
VolkovDmitri: bets $3
vanhetpadje: calls $3
*** TURN *** [6h 3s 5h] [6d]
vanhetpadje: checks
VolkovDmitri: checks
*** RIVER *** [6h 3s 5h 6d] [3d]
vanhetpadje: bets $6
VolkovDmitri: calls $6
*** SHOW DOWN ***
vanhetpadje: shows [7h 4c] (a straight, Three to Seven)
VolkovDmitri: mucks hand
vanhetpadje collected $29.50 from pot
*** SUMMARY ***
Total pot $30 | Rake $0.50
Board [6h 3s 5h 6d 3d]
Seat 4: VolkovDmitri (button) (small blind) mucked
Seat 5: vanhetpadje (big blind) showed [7h 4c] and won ($29.50) with a straight, Three to Seven


PokerStars Hand #150886077411:  Hold'em Limit ($3/$6 USD) - 2016/03/24 23:21:13 ET
Table 'Monachia' 6-max Seat #4 is the button
Seat 4: VolkovDmitri ($122.88 in chips)
Seat 5: vanhetpadje ($95.94 in chips)
VolkovDmitri: posts small blind $1
vanhetpadje: posts big blind $3
*** HOLE CARDS ***
VolkovDmitri: raises $3 to $6
vanhetpadje: calls $3
*** FLOP *** [9h Kd 5s]
vanhetpadje: checks
VolkovDmitri: bets $3
vanhetpadje: folds
Uncalled bet ($3) returned to VolkovDmitri
VolkovDmitri collected $11.76 from pot
VolkovDmitri: doesn't show hand
*** SUMMARY ***
Total pot $12 | Rake $0.24
Board [9h Kd 5s]
Seat 4: VolkovDmitri (button) (small blind) collected ($11.76)
Seat 5: vanhetpadje (big blind) folded on the Flop


PokerStars Hand #150886068688:  Hold'em Limit ($3/$6 USD) - 2016/03/24 23:20:50 ET
Table 'Monachia' 6-max Seat #5 is the button
Seat 4: VolkovDmitri ($120 in chips)
Seat 5: vanhetpadje ($98.94 in chips)
vanhetpadje: posts small blind $1
VolkovDmitri: posts big blind $3
*** HOLE CARDS ***
vanhetpadje: calls $2
VolkovDmitri: checks
*** FLOP *** [Jh 8s Ks]
VolkovDmitri: bets $3
vanhetpadje: folds
Uncalled bet ($3) returned to VolkovDmitri
VolkovDmitri collected $5.88 from pot
VolkovDmitri: doesn't show hand
*** SUMMARY ***
Total pot $6 | Rake $0.12
Board [Jh 8s Ks]
Seat 4: VolkovDmitri (big blind) collected ($5.88)
Seat 5: vanhetpadje (button) (small blind) folded on the Flop


PokerStars Hand #150886104006:  Hold'em Limit ($3/$6 USD) - 2016/03/24 23:22:24 ET
Table 'Monachia' 6-max Seat #5 is the button
Seat 4: VolkovDmitri ($128.64 in chips)
Seat 5: vanhetpadje ($95.44 in chips)
vanhetpadje: posts small blind $1
VolkovDmitri: posts big blind $3
*** HOLE CARDS ***
vanhetpadje: folds
Uncalled bet ($2) returned to VolkovDmitri
VolkovDmitri collected $2 from pot
VolkovDmitri: doesn't show hand
*** SUMMARY ***
Total pot $2 | Rake $0
Seat 4: VolkovDmitri (big blind) collected ($2)
Seat 5: vanhetpadje (button) (small blind) folded before Flop


PokerStars Hand #150886095756:  Hold'em Limit ($3/$6 USD) - 2016/03/24 23:22:02 ET
Table 'Monachia' 6-max Seat #4 is the button
Seat 4: VolkovDmitri ($120 in chips)
Seat 5: vanhetpadje ($104.44 in chips)
VolkovDmitri: posts small blind $1
vanhetpadje: posts big blind $3
*** HOLE CARDS ***
VolkovDmitri: raises $3 to $6
vanhetpadje: calls $3
*** FLOP *** [As 3h 7c]
vanhetpadje: checks
VolkovDmitri: bets $3
vanhetpadje: calls $3
*** TURN *** [As 3h 7c] [9h]
vanhetpadje: checks
VolkovDmitri: bets $6
vanhetpadje: folds
Uncalled bet ($6) returned to VolkovDmitri
VolkovDmitri collected $17.64 from pot
VolkovDmitri: doesn't show hand
*** SUMMARY ***
Total pot $18 | Rake $0.36
Board [As 3h 7c 9h]
Seat 4: VolkovDmitri (button) (small blind) collected ($17.64)
Seat 5: vanhetpadje (big blind) folded on the Turn


PokerStars Hand #150886086497:  Hold'em Limit ($3/$6 USD) - 2016/03/24 23:21:37 ET
Table 'Monachia' 6-max Seat #5 is the button
Seat 4: VolkovDmitri ($128.64 in chips)
Seat 5: vanhetpadje ($89.94 in chips)
vanhetpadje: posts small blind $1
VolkovDmitri: posts big blind $3
*** HOLE CARDS ***
vanhetpadje: raises $3 to $6
VolkovDmitri: calls $3
*** FLOP *** [5c 2c 7h]
VolkovDmitri: checks
vanhetpadje: bets $3
VolkovDmitri: calls $3
*** TURN *** [5c 2c 7h] [6h]
VolkovDmitri: checks
vanhetpadje: bets $6
VolkovDmitri: calls $6
*** RIVER *** [5c 2c 7h 6h] [Qs]
VolkovDmitri: checks
vanhetpadje: checks
*** SHOW DOWN ***
VolkovDmitri: shows [3h Ac] (high card Ace)
vanhetpadje: shows [Jd 5h] (a pair of Fives)
vanhetpadje collected $29.50 from pot
*** SUMMARY ***
Total pot $30 | Rake $0.50
Board [5c 2c 7h 6h Qs]
Seat 4: VolkovDmitri (big blind) showed [3h Ac] and lost with high card Ace
Seat 5: vanhetpadje (button) (small blind) showed [Jd 5h] and won ($29.50) with a pair of Fives


PokerStars Hand #150886106150:  Hold'em Limit ($3/$6 USD) - 2016/03/24 23:22:30 ET
Table 'Monachia' 6-max Seat #4 is the button
Seat 4: VolkovDmitri ($129.64 in chips)
Seat 5: vanhetpadje ($94.44 in chips)
VolkovDmitri: posts small blind $1
vanhetpadje: posts big blind $3
*** HOLE CARDS ***
VolkovDmitri: raises $3 to $6
vanhetpadje: calls $3
*** FLOP *** [6h Qh Ad]
vanhetpadje: bets $3
VolkovDmitri: folds
Uncalled bet ($3) returned to vanhetpadje
vanhetpadje collected $11.76 from pot
vanhetpadje: doesn't show hand
*** SUMMARY ***
Total pot $12 | Rake $0.24
Board [6h Qh Ad]
Seat 4: VolkovDmitri (button) (small blind) folded on the Flop
Seat 5: vanhetpadje (big blind) collected ($11.76)


PokerStars Hand #150886129964:  Hold'em Limit ($3/$6 USD) - 2016/03/24 23:23:34 ET
Table 'Monachia' 6-max Seat #5 is the button
Seat 4: VolkovDmitri ($143.14 in chips)
Seat 5: vanhetpadje ($80.20 in chips)
vanhetpadje: posts small blind $1
VolkovDmitri: posts big blind $3
*** HOLE CARDS ***
vanhetpadje: raises $3 to $6
VolkovDmitri: folds
Uncalled bet ($3) returned to vanhetpadje
vanhetpadje collected $6 from pot
vanhetpadje: doesn't show hand
*** SUMMARY ***
Total pot $6 | Rake $0
Seat 4: VolkovDmitri (big blind) folded before Flop
Seat 5: vanhetpadje (button) (small blind) collected ($6)


PokerStars Hand #150886128183:  Hold'em Limit ($3/$6 USD) - 2016/03/24 23:23:29 ET
Table 'Monachia' 6-max Seat #4 is the button
Seat 4: VolkovDmitri ($144.14 in chips)
Seat 5: vanhetpadje ($79.20 in chips)
VolkovDmitri: posts small blind $1
vanhetpadje: posts big blind $3
*** HOLE CARDS ***
VolkovDmitri: folds
Uncalled bet ($2) returned to vanhetpadje
vanhetpadje collected $2 from pot
vanhetpadje: doesn't show hand
*** SUMMARY ***
Total pot $2 | Rake $0
Seat 4: VolkovDmitri (button) (small blind) folded before Flop
Seat 5: vanhetpadje (big blind) collected ($2)


PokerStars Hand #150886114752:  Hold'em Limit ($3/$6 USD) - 2016/03/24 23:22:53 ET
Table 'Monachia' 6-max Seat #5 is the button
Seat 4: VolkovDmitri ($123.64 in chips)
Seat 5: vanhetpadje ($100.20 in chips)
vanhetpadje: posts small blind $1
VolkovDmitri: posts big blind $3
*** HOLE CARDS ***
vanhetpadje: calls $2
VolkovDmitri: raises $3 to $6
vanhetpadje: calls $3
*** FLOP *** [9d 7h 6c]
VolkovDmitri: checks
vanhetpadje: bets $3
VolkovDmitri: calls $3
*** TURN *** [9d 7h 6c] [4s]
VolkovDmitri: checks
vanhetpadje: bets $6
VolkovDmitri: calls $6
*** RIVER *** [9d 7h 6c 4s] [8h]
VolkovDmitri: bets $6
vanhetpadje: calls $6
*** SHOW DOWN ***
VolkovDmitri: shows [Qc Td] (a straight, Six to Ten)
vanhetpadje: mucks hand
VolkovDmitri collected $41.50 from pot
*** SUMMARY ***
Total pot $42 | Rake $0.50
Board [9d 7h 6c 4s 8h]
Seat 4: VolkovDmitri (big blind) showed [Qc Td] and won ($41.50) with a straight, Six to Ten
Seat 5: vanhetpadje (button) (small blind) mucked


PokerStars Hand #150886145030:  Hold'em Limit ($3/$6 USD) - 2016/03/24 23:24:15 ET
Table 'Monachia' 6-max Seat #5 is the button
Seat 4: VolkovDmitri ($166.64 in chips)
Seat 5: vanhetpadje ($56.20 in chips)
vanhetpadje: posts small blind $1
VolkovDmitri: posts big blind $3
*** HOLE CARDS ***
vanhetpadje: raises $3 to $6
VolkovDmitri: calls $3
*** FLOP *** [7d 8d 3h]
VolkovDmitri: bets $3
vanhetpadje: calls $3
*** TURN *** [7d 8d 3h] [Tc]
VolkovDmitri: bets $6
vanhetpadje: raises $6 to $12
VolkovDmitri: calls $6
*** RIVER *** [7d 8d 3h Tc] [2c]
VolkovDmitri: checks
vanhetpadje: bets $6
VolkovDmitri: folds
Uncalled bet ($6) returned to vanhetpadje
vanhetpadje collected $41.50 from pot
vanhetpadje: doesn't show hand
*** SUMMARY ***
Total pot $42 | Rake $0.50
Board [7d 8d 3h Tc 2c]
Seat 4: VolkovDmitri (big blind) folded on the River
Seat 5: vanhetpadje (button) (small blind) collected ($41.50)


PokerStars Hand #150886133415:  Hold'em Limit ($3/$6 USD) - 2016/03/24 23:23:43 ET
Table 'Monachia' 6-max Seat #4 is the button
Seat 4: VolkovDmitri ($140.14 in chips)
Seat 5: vanhetpadje ($83.20 in chips)
VolkovDmitri: posts small blind $1
vanhetpadje: posts big blind $3
*** HOLE CARDS ***
VolkovDmitri: raises $3 to $6
vanhetpadje: calls $3
*** FLOP *** [4h 2h 2s]
vanhetpadje: bets $3
VolkovDmitri: calls $3
*** TURN *** [4h 2h 2s] [3d]
vanhetpadje: bets $6
VolkovDmitri: calls $6
*** RIVER *** [4h 2h 2s 3d] [5c]
vanhetpadje: bets $6
VolkovDmitri: raises $6 to $12
vanhetpadje: calls $6
*** SHOW DOWN ***
VolkovDmitri: shows [6s 7s] (a straight, Three to Seven)
vanhetpadje: mucks hand
VolkovDmitri collected $53.50 from pot
*** SUMMARY ***
Total pot $54 | Rake $0.50
Board [4h 2h 2s 3d 5c]
Seat 4: VolkovDmitri (button) (small blind) showed [6s 7s] and won ($53.50) with a straight, Three to Seven
Seat 5: vanhetpadje (big blind) mucked


PokerStars Hand #150886164453:  Hold'em Limit ($3/$6 USD) - 2016/03/24 23:25:07 ET
Table 'Monachia' 6-max Seat #4 is the button
Seat 4: VolkovDmitri ($154.40 in chips)
Seat 5: vanhetpadje ($67.70 in chips)
VolkovDmitri: posts small blind $1
vanhetpadje: posts big blind $3
*** HOLE CARDS ***
VolkovDmitri: raises $3 to $6
vanhetpadje: calls $3
*** FLOP *** [Ac Ah 6d]
vanhetpadje: checks
VolkovDmitri: bets $3
vanhetpadje: calls $3
*** TURN *** [Ac Ah 6d] [Kd]
vanhetpadje: bets $6
VolkovDmitri: calls $6
*** RIVER *** [Ac Ah 6d Kd] [Js]
vanhetpadje: checks
VolkovDmitri: checks
*** SHOW DOWN ***
vanhetpadje: shows [4d 9s] (a pair of Aces)
VolkovDmitri: shows [Kh 7s] (two pair, Aces and Kings)
VolkovDmitri collected $29.50 from pot
*** SUMMARY ***
Total pot $30 | Rake $0.50
Board [Ac Ah 6d Kd Js]
Seat 4: VolkovDmitri (button) (small blind) showed [Kh 7s] and won ($29.50) with two pair, Aces and Kings
Seat 5: vanhetpadje (big blind) showed [4d 9s] and lost with a pair of Aces


PokerStars Hand #150886159890:  Hold'em Limit ($3/$6 USD) - 2016/03/24 23:24:55 ET
Table 'Monachia' 6-max Seat #5 is the button
Seat 4: VolkovDmitri ($148.64 in chips)
Seat 5: vanhetpadje ($73.70 in chips)
vanhetpadje: posts small blind $1
VolkovDmitri: posts big blind $3
*** HOLE CARDS ***
vanhetpadje: calls $2
VolkovDmitri: raises $3 to $6
vanhetpadje: calls $3
*** FLOP *** [Jd 3d Qh]
VolkovDmitri: bets $3
vanhetpadje: folds
Uncalled bet ($3) returned to VolkovDmitri
VolkovDmitri collected $11.76 from pot
VolkovDmitri: doesn't show hand
*** SUMMARY ***
Total pot $12 | Rake $0.24
Board [Jd 3d Qh]
Seat 4: VolkovDmitri (big blind) collected ($11.76)
Seat 5: vanhetpadje (button) (small blind) folded on the Flop


PokerStars Hand #150886156511:  Hold'em Limit ($3/$6 USD) - 2016/03/24 23:24:46 ET
Table 'Monachia' 6-max Seat #4 is the button
Seat 4: VolkovDmitri ($145.64 in chips)
Seat 5: vanhetpadje ($76.70 in chips)
VolkovDmitri: posts small blind $1
vanhetpadje: posts big blind $3
*** HOLE CARDS ***
VolkovDmitri: raises $3 to $6
vanhetpadje: folds
Uncalled bet ($3) returned to VolkovDmitri
VolkovDmitri collected $6 from pot
VolkovDmitri: doesn't show hand
*** SUMMARY ***
Total pot $6 | Rake $0
Seat 4: VolkovDmitri (button) (small blind) collected ($6)
Seat 5: vanhetpadje (big blind) folded before Flop


PokerStars Hand #150886190482:  Hold'em Limit ($3/$6 USD) - 2016/03/24 23:26:19 ET
Table 'Monachia' 6-max Seat #4 is the button
Seat 4: VolkovDmitri ($183.40 in chips)
Seat 5: vanhetpadje ($37.70 in chips)
VolkovDmitri: posts small blind $1
vanhetpadje: posts big blind $3
*** HOLE CARDS ***
VolkovDmitri: raises $3 to $6
vanhetpadje: folds
Uncalled bet ($3) returned to VolkovDmitri
VolkovDmitri collected $6 from pot
VolkovDmitri: doesn't show hand
*** SUMMARY ***
Total pot $6 | Rake $0
Seat 4: VolkovDmitri (button) (small blind) collected ($6)
Seat 5: vanhetpadje (big blind) folded before Flop


PokerStars Hand #150886178175:  Hold'em Limit ($3/$6 USD) - 2016/03/24 23:25:45 ET
Table 'Monachia' 6-max Seat #5 is the button
Seat 4: VolkovDmitri ($168.90 in chips)
Seat 5: vanhetpadje ($52.70 in chips)
vanhetpadje: posts small blind $1
VolkovDmitri: posts big blind $3
*** HOLE CARDS ***
vanhetpadje: calls $2
VolkovDmitri: checks
*** FLOP *** [4d 5c 6s]
VolkovDmitri: checks
vanhetpadje: checks
*** TURN *** [4d 5c 6s] [Th]
VolkovDmitri: bets $6
vanhetpadje: calls $6
*** RIVER *** [4d 5c 6s Th] [5s]
VolkovDmitri: bets $6
vanhetpadje: calls $6
*** SHOW DOWN ***
VolkovDmitri: shows [2h Tc] (two pair, Tens and Fives)
vanhetpadje: mucks hand
VolkovDmitri collected $29.50 from pot
*** SUMMARY ***
Total pot $30 | Rake $0.50
Board [4d 5c 6s Th 5s]
Seat 4: VolkovDmitri (big blind) showed [2h Tc] and won ($29.50) with two pair, Tens and Fives
Seat 5: vanhetpadje (button) (small blind) mucked


PokerStars Hand #150886204207:  Hold'em Limit ($3/$6 USD) - 2016/03/24 23:26:56 ET
Table 'Monachia' 6-max Seat #4 is the button
Seat 4: VolkovDmitri ($209.90 in chips)
Seat 5: vanhetpadje ($10.70 in chips)
VolkovDmitri: posts small blind $1
vanhetpadje: posts big blind $3
*** HOLE CARDS ***
VolkovDmitri: raises $3 to $6
vanhetpadje: folds
Uncalled bet ($3) returned to VolkovDmitri
VolkovDmitri collected $6 from pot
VolkovDmitri: doesn't show hand
*** SUMMARY ***
Total pot $6 | Rake $0
Seat 4: VolkovDmitri (button) (small blind) collected ($6)
Seat 5: vanhetpadje (big blind) folded before Flop


PokerStars Hand #150886208816:  Hold'em Limit ($3/$6 USD) - 2016/03/24 23:27:09 ET
Table 'Monachia' 6-max Seat #5 is the button
Seat 4: VolkovDmitri ($212.90 in chips)
Seat 5: vanhetpadje ($7.70 in chips)
vanhetpadje: posts small blind $1
VolkovDmitri: posts big blind $3
*** HOLE CARDS ***
vanhetpadje: raises $3 to $6
VolkovDmitri: raises $3 to $9
vanhetpadje: calls $1.70 and is all-in
Uncalled bet ($1.30) returned to VolkovDmitri
*** FLOP *** [Kc 3c 5h]
*** TURN *** [Kc 3c 5h] [Ah]
*** RIVER *** [Kc 3c 5h Ah] [6c]
*** SHOW DOWN ***
VolkovDmitri: shows [7c Th] (high card Ace)
vanhetpadje: shows [Kd Td] (a pair of Kings)
vanhetpadje collected $15.09 from pot
*** SUMMARY ***
Total pot $15.40 | Rake $0.31
Board [Kc 3c 5h Ah 6c]
Seat 4: VolkovDmitri (big blind) showed [7c Th] and lost with high card Ace
Seat 5: vanhetpadje (button) (small blind) showed [Kd Td] and won ($15.09) with a pair of Kings


PokerStars Hand #150886222144:  Hold'em Limit ($3/$6 USD) - 2016/03/24 23:27:45 ET
Table 'Monachia' 6-max Seat #5 is the button
Seat 4: VolkovDmitri ($190.11 in chips)
Seat 5: vanhetpadje ($29.68 in chips)
vanhetpadje: posts small blind $1
VolkovDmitri: posts big blind $3
*** HOLE CARDS ***
vanhetpadje: folds
Uncalled bet ($2) returned to VolkovDmitri
VolkovDmitri collected $2 from pot
VolkovDmitri: doesn't show hand
*** SUMMARY ***
Total pot $2 | Rake $0
Seat 4: VolkovDmitri (big blind) collected ($2)
Seat 5: vanhetpadje (button) (small blind) folded before Flop


PokerStars Hand #150886213591:  Hold'em Limit ($3/$6 USD) - 2016/03/24 23:27:22 ET
Table 'Monachia' 6-max Seat #4 is the button
Seat 4: VolkovDmitri ($205.20 in chips)
Seat 5: vanhetpadje ($15.09 in chips)
VolkovDmitri: posts small blind $1
vanhetpadje: posts big blind $3
*** HOLE CARDS ***
VolkovDmitri: raises $3 to $6
vanhetpadje: raises $3 to $9
VolkovDmitri: raises $3 to $12
Betting is capped
vanhetpadje: calls $3
*** FLOP *** [4c 3c Kc]
vanhetpadje: bets $3
VolkovDmitri: calls $3
*** TURN *** [4c 3c Kc] [7h]
vanhetpadje: bets $0.09 and is all-in
VolkovDmitri: calls $0.09
*** RIVER *** [4c 3c Kc 7h] [6c]
*** SHOW DOWN ***
vanhetpadje: shows [Qc Th] (a flush, King high)
VolkovDmitri: shows [Jc Qd] (a flush, King high - lower cards)
vanhetpadje collected $29.68 from pot
*** SUMMARY ***
Total pot $30.18 | Rake $0.50
Board [4c 3c Kc 7h 6c]
Seat 4: VolkovDmitri (button) (small blind) showed [Jc Qd] and lost with a flush, King high
Seat 5: vanhetpadje (big blind) showed [Qc Th] and won ($29.68) with a flush, King high


PokerStars Hand #150886194817:  Hold'em Limit ($3/$6 USD) - 2016/03/24 23:26:30 ET
Table 'Monachia' 6-max Seat #5 is the button
Seat 4: VolkovDmitri ($186.40 in chips)
Seat 5: vanhetpadje ($34.70 in chips)
vanhetpadje: posts small blind $1
VolkovDmitri: posts big blind $3
*** HOLE CARDS ***
vanhetpadje: raises $3 to $6
VolkovDmitri: raises $3 to $9
vanhetpadje: calls $3
*** FLOP *** [2s Js Th]
VolkovDmitri: bets $3
vanhetpadje: calls $3
*** TURN *** [2s Js Th] [Ac]
VolkovDmitri: bets $6
vanhetpadje: calls $6
*** RIVER *** [2s Js Th Ac] [9c]
VolkovDmitri: bets $6
vanhetpadje: calls $6
*** SHOW DOWN ***
VolkovDmitri: shows [Ts As] (two pair, Aces and Tens)
vanhetpadje: mucks hand
VolkovDmitri collected $47.50 from pot
*** SUMMARY ***
Total pot $48 | Rake $0.50
Board [2s Js Th Ac 9c]
Seat 4: VolkovDmitri (big blind) showed [Ts As] and won ($47.50) with two pair, Aces and Tens
Seat 5: vanhetpadje (button) (small blind) mucked


PokerStars Hand #150886227346:  Hold'em Limit ($3/$6 USD) - 2016/03/24 23:28:00 ET
Table 'Monachia' 6-max Seat #5 is the button
Seat 4: VolkovDmitri ($194.11 in chips)
Seat 5: vanhetpadje ($25.68 in chips)
vanhetpadje: posts small blind $1
VolkovDmitri: posts big blind $3
*** HOLE CARDS ***
vanhetpadje: calls $2
VolkovDmitri: checks
*** FLOP *** [Ad 8d Kd]
VolkovDmitri: checks
vanhetpadje: bets $3
VolkovDmitri: folds
Uncalled bet ($3) returned to vanhetpadje
vanhetpadje collected $5.88 from pot
vanhetpadje: doesn't show hand
*** SUMMARY ***
Total pot $6 | Rake $0.12
Board [Ad 8d Kd]
Seat 4: VolkovDmitri (big blind) folded on the Flop
Seat 5: vanhetpadje (button) (small blind) collected ($5.88)


PokerStars Hand #150886232860:  Hold'em Limit ($3/$6 USD) - 2016/03/24 23:28:15 ET
Table 'Monachia' 6-max Seat #4 is the button
Seat 4: VolkovDmitri ($191.11 in chips)
Seat 5: vanhetpadje ($28.56 in chips)
VolkovDmitri: posts small blind $1
vanhetpadje: posts big blind $3
*** HOLE CARDS ***
VolkovDmitri: raises $3 to $6
vanhetpadje: calls $3
*** FLOP *** [Ts 7h 7s]
sharkfish96 joins the table at seat #6
vanhetpadje: checks
VolkovDmitri: bets $3
vanhetpadje: calls $3
*** TURN *** [Ts 7h 7s] [Jc]
vanhetpadje: checks
VolkovDmitri: checks
*** RIVER *** [Ts 7h 7s Jc] [8d]
vanhetpadje: bets $6
VolkovDmitri: raises $6 to $12
vanhetpadje: calls $6
*** SHOW DOWN ***
VolkovDmitri: shows [Kc 9h] (a straight, Seven to Jack)
vanhetpadje: mucks hand
VolkovDmitri collected $41.50 from pot
*** SUMMARY ***
Total pot $42 | Rake $0.50
Board [Ts 7h 7s Jc 8d]
Seat 4: VolkovDmitri (button) (small blind) showed [Kc 9h] and won ($41.50) with a straight, Seven to Jack
Seat 5: vanhetpadje (big blind) mucked


PokerStars Hand #150886224261:  Hold'em Limit ($3/$6 USD) - 2016/03/24 23:27:51 ET
Table 'Monachia' 6-max Seat #4 is the button
Seat 4: VolkovDmitri ($191.11 in chips)
Seat 5: vanhetpadje ($28.68 in chips)
VolkovDmitri: posts small blind $1
vanhetpadje: posts big blind $3
*** HOLE CARDS ***
VolkovDmitri: raises $3 to $6
vanhetpadje: folds
Uncalled bet ($3) returned to VolkovDmitri
VolkovDmitri collected $6 from pot
VolkovDmitri: doesn't show hand
*** SUMMARY ***
Total pot $6 | Rake $0
Seat 4: VolkovDmitri (button) (small blind) collected ($6)
Seat 5: vanhetpadje (big blind) folded before Flop


PokerStars Hand #150886334415:  Hold'em Limit ($3/$6 USD) - 2016/03/24 23:32:58 ET
Table 'Monachia' 6-max Seat #5 is the button
Seat 4: VolkovDmitri ($166.63 in chips)
Seat 5: vanhetpadje ($75.85 in chips)
vanhetpadje: posts small blind $1
VolkovDmitri: posts big blind $3
*** HOLE CARDS ***
vanhetpadje: raises $3 to $6
VolkovDmitri: calls $3
*** FLOP *** [Kd Ks 3h]
VolkovDmitri: checks
vanhetpadje: bets $3
VolkovDmitri: calls $3
*** TURN *** [Kd Ks 3h] [Jc]
VolkovDmitri: checks
vanhetpadje: bets $6
VolkovDmitri: folds
Uncalled bet ($6) returned to vanhetpadje
vanhetpadje collected $17.64 from pot
vanhetpadje: doesn't show hand
*** SUMMARY ***
Total pot $18 | Rake $0.36
Board [Kd Ks 3h Jc]
Seat 4: VolkovDmitri (big blind) folded on the Turn
Seat 5: vanhetpadje (button) (small blind) collected ($17.64)


PokerStars Hand #150886323556:  Hold'em Limit ($3/$6 USD) - 2016/03/24 23:32:27 ET
Table 'Monachia' 6-max Seat #4 is the button
Seat 4: VolkovDmitri ($190.63 in chips)
Seat 5: vanhetpadje ($52.35 in chips)
VolkovDmitri: posts small blind $1
vanhetpadje: posts big blind $3
*** HOLE CARDS ***
VolkovDmitri: raises $3 to $6
vanhetpadje: calls $3
*** FLOP *** [3h 7d 6s]
sharkfish96 leaves the table
vanhetpadje: bets $3
VolkovDmitri: raises $3 to $6
vanhetpadje: calls $3
*** TURN *** [3h 7d 6s] [3c]
vanhetpadje: checks
VolkovDmitri: bets $6
vanhetpadje: calls $6
*** RIVER *** [3h 7d 6s 3c] [Qc]
vanhetpadje: checks
VolkovDmitri: bets $6
vanhetpadje: calls $6
*** SHOW DOWN ***
VolkovDmitri: shows [8h 7h] (two pair, Sevens and Threes)
vanhetpadje: shows [Ks 7c] (two pair, Sevens and Threes - King kicker)
vanhetpadje collected $47.50 from pot
*** SUMMARY ***
Total pot $48 | Rake $0.50
Board [3h 7d 6s 3c Qc]
Seat 4: VolkovDmitri (button) (small blind) showed [8h 7h] and lost with two pair, Sevens and Threes
Seat 5: vanhetpadje (big blind) showed [Ks 7c] and won ($47.50) with two pair, Sevens and Threes


PokerStars Hand #150886343873:  Hold'em Limit ($3/$6 USD) - 2016/03/24 23:33:25 ET
Table 'Monachia' 6-max Seat #4 is the button
Seat 4: VolkovDmitri ($157.63 in chips)
Seat 5: vanhetpadje ($84.49 in chips)
VolkovDmitri: posts small blind $1
vanhetpadje: posts big blind $3
*** HOLE CARDS ***
VolkovDmitri: raises $3 to $6
vanhetpadje: raises $3 to $9
VolkovDmitri: calls $3
*** FLOP *** [As Kd Ac]
vanhetpadje: bets $3
VolkovDmitri: folds
Uncalled bet ($3) returned to vanhetpadje
vanhetpadje collected $17.64 from pot
vanhetpadje: doesn't show hand
*** SUMMARY ***
Total pot $18 | Rake $0.36
Board [As Kd Ac]
Seat 4: VolkovDmitri (button) (small blind) folded on the Flop
Seat 5: vanhetpadje (big blind) collected ($17.64)


PokerStars Hand #150886356421:  Hold'em Limit ($3/$6 USD) - 2016/03/24 23:34:01 ET
Table 'Monachia' 6-max Seat #5 is the button
Seat 4: VolkovDmitri ($148.63 in chips)
Seat 5: vanhetpadje ($93.13 in chips)
vanhetpadje: posts small blind $1
VolkovDmitri: posts big blind $3
*** HOLE CARDS ***
vanhetpadje: calls $2
VolkovDmitri: raises $3 to $6
vanhetpadje: calls $3
*** FLOP *** [5d 7d 2c]
VolkovDmitri: bets $3
vanhetpadje: calls $3
*** TURN *** [5d 7d 2c] [2h]
VolkovDmitri: bets $6
vanhetpadje: folds
Uncalled bet ($6) returned to VolkovDmitri
VolkovDmitri collected $17.64 from pot
VolkovDmitri: doesn't show hand
*** SUMMARY ***
Total pot $18 | Rake $0.36
Board [5d 7d 2c 2h]
Seat 4: VolkovDmitri (big blind) collected ($17.64)
Seat 5: vanhetpadje (button) (small blind) folded on the Turn


PokerStars Hand #150886365423:  Hold'em Limit ($3/$6 USD) - 2016/03/24 23:34:26 ET
Table 'Monachia' 6-max Seat #4 is the button
Seat 4: VolkovDmitri ($157.27 in chips)
Seat 5: vanhetpadje ($84.13 in chips)
VolkovDmitri: posts small blind $1
vanhetpadje: posts big blind $3
*** HOLE CARDS ***
VolkovDmitri: raises $3 to $6
vanhetpadje: raises $3 to $9
VolkovDmitri: calls $3
*** FLOP *** [4c Td 7h]
vanhetpadje: bets $3
VolkovDmitri: calls $3
*** TURN *** [4c Td 7h] [5s]
vanhetpadje: bets $6
VolkovDmitri: folds
Uncalled bet ($6) returned to vanhetpadje
vanhetpadje collected $23.52 from pot
vanhetpadje: doesn't show hand
*** SUMMARY ***
Total pot $24 | Rake $0.48
Board [4c Td 7h 5s]
Seat 4: VolkovDmitri (button) (small blind) folded on the Turn
Seat 5: vanhetpadje (big blind) collected ($23.52)


PokerStars Hand #150886404101:  Hold'em Limit ($3/$6 USD) - 2016/03/24 23:36:15 ET
Table 'Monachia' 6-max Seat #5 is the button
Seat 4: VolkovDmitri ($121.27 in chips)
Seat 5: vanhetpadje ($118.79 in chips)
vanhetpadje: posts small blind $1
VolkovDmitri: posts big blind $3
*** HOLE CARDS ***
vanhetpadje: raises $3 to $6
VolkovDmitri: calls $3
*** FLOP *** [Jc 6c 2c]
VolkovDmitri: checks
vanhetpadje: bets $3
VolkovDmitri: folds
Uncalled bet ($3) returned to vanhetpadje
vanhetpadje collected $11.76 from pot
vanhetpadje: doesn't show hand
*** SUMMARY ***
Total pot $12 | Rake $0.24
Board [Jc 6c 2c]
Seat 4: VolkovDmitri (big blind) folded on the Flop
Seat 5: vanhetpadje (button) (small blind) collected ($11.76)


PokerStars Hand #150886393185:  Hold'em Limit ($3/$6 USD) - 2016/03/24 23:35:45 ET
Table 'Monachia' 6-max Seat #4 is the button
Seat 4: VolkovDmitri ($136.27 in chips)
Seat 5: vanhetpadje ($104.29 in chips)
VolkovDmitri: posts small blind $1
vanhetpadje: posts big blind $3
*** HOLE CARDS ***
VolkovDmitri: raises $3 to $6
vanhetpadje: calls $3
*** FLOP *** [8d 5h 6h]
vanhetpadje: checks
VolkovDmitri: bets $3
vanhetpadje: calls $3
*** TURN *** [8d 5h 6h] [Ah]
vanhetpadje: checks
VolkovDmitri: checks
*** RIVER *** [8d 5h 6h Ah] [7d]
vanhetpadje: bets $6
VolkovDmitri: calls $6
*** SHOW DOWN ***
vanhetpadje: shows [Kh 9d] (a straight, Five to Nine)
VolkovDmitri: mucks hand
vanhetpadje collected $29.50 from pot
*** SUMMARY ***
Total pot $30 | Rake $0.50
Board [8d 5h 6h Ah 7d]
Seat 4: VolkovDmitri (button) (small blind) mucked
Seat 5: vanhetpadje (big blind) showed [Kh 9d] and won ($29.50) with a straight, Five to Nine


PokerStars Hand #150886432804:  Hold'em Limit ($3/$6 USD) - 2016/03/24 23:37:09 ET
Table 'Monachia' 6-max Seat #5 is the button
Seat 4: VolkovDmitri ($120 in chips)
Seat 5: vanhetpadje ($133.19 in chips)
vanhetpadje: posts small blind $1
VolkovDmitri: posts big blind $3
*** HOLE CARDS ***
vanhetpadje: folds
Uncalled bet ($2) returned to VolkovDmitri
VolkovDmitri collected $2 from pot
VolkovDmitri: doesn't show hand
*** SUMMARY ***
Total pot $2 | Rake $0
Seat 4: VolkovDmitri (big blind) collected ($2)
Seat 5: vanhetpadje (button) (small blind) folded before Flop


PokerStars Hand #150886416447:  Hold'em Limit ($3/$6 USD) - 2016/03/24 23:36:50 ET
Table 'Monachia' 6-max Seat #4 is the button
Seat 4: VolkovDmitri ($120 in chips)
Seat 5: vanhetpadje ($124.55 in chips)
VolkovDmitri: posts small blind $1
vanhetpadje: posts big blind $3
*** HOLE CARDS ***
VolkovDmitri: raises $3 to $6
vanhetpadje: raises $3 to $9
VolkovDmitri: calls $3
*** FLOP *** [6s Kd 4s]
vanhetpadje: bets $3
VolkovDmitri: folds
Uncalled bet ($3) returned to vanhetpadje
vanhetpadje collected $17.64 from pot
vanhetpadje: doesn't show hand
*** SUMMARY ***
Total pot $18 | Rake $0.36
Board [6s Kd 4s]
Seat 4: VolkovDmitri (button) (small blind) folded on the Flop
Seat 5: vanhetpadje (big blind) collected ($17.64)


PokerStars Hand #150886434886:  Hold'em Limit ($3/$6 USD) - 2016/03/24 23:37:14 ET
Table 'Monachia' 6-max Seat #4 is the button
Seat 4: VolkovDmitri ($121 in chips)
Seat 5: vanhetpadje ($132.19 in chips)
VolkovDmitri: posts small blind $1
vanhetpadje: posts big blind $3
*** HOLE CARDS ***
VolkovDmitri: raises $3 to $6
vanhetpadje: calls $3
*** FLOP *** [Ts 3c 8s]
vanhetpadje: bets $3
VolkovDmitri: calls $3
*** TURN *** [Ts 3c 8s] [5s]
vanhetpadje: bets $6
VolkovDmitri: calls $6
*** RIVER *** [Ts 3c 8s 5s] [8d]
vanhetpadje: bets $6
VolkovDmitri: calls $6
*** SHOW DOWN ***
vanhetpadje: shows [3h 4d] (two pair, Eights and Threes)
VolkovDmitri: mucks hand
vanhetpadje collected $41.50 from pot
*** SUMMARY ***
Total pot $42 | Rake $0.50
Board [Ts 3c 8s 5s 8d]
Seat 4: VolkovDmitri (button) (small blind) mucked
Seat 5: vanhetpadje (big blind) showed [3h 4d] and won ($41.50) with two pair, Eights and Threes


PokerStars Hand #150886441881:  Hold'em Limit ($3/$6 USD) - 2016/03/24 23:37:34 ET
Table 'Monachia' 6-max Seat #5 is the button
Seat 4: VolkovDmitri ($120 in chips)
Seat 5: vanhetpadje ($152.69 in chips)
vanhetpadje: posts small blind $1
VolkovDmitri: posts big blind $3
*** HOLE CARDS ***
vanhetpadje: raises $3 to $6
VolkovDmitri: raises $3 to $9
vanhetpadje: calls $3
*** FLOP *** [Ah 2d 7s]
VolkovDmitri: bets $3
vanhetpadje: calls $3
*** TURN *** [Ah 2d 7s] [Jd]
VolkovDmitri: bets $6
vanhetpadje: calls $6
*** RIVER *** [Ah 2d 7s Jd] [7h]
VolkovDmitri: checks
vanhetpadje: bets $6
VolkovDmitri: calls $6
*** SHOW DOWN ***
vanhetpadje: shows [5s Ad] (two pair, Aces and Sevens)
VolkovDmitri: shows [Ac 8d] (two pair, Aces and Sevens)
VolkovDmitri collected $23.75 from pot
vanhetpadje collected $23.75 from pot
*** SUMMARY ***
Total pot $48 | Rake $0.50
Board [Ah 2d 7s Jd 7h]
Seat 4: VolkovDmitri (big blind) showed [Ac 8d] and won ($23.75) with two pair, Aces and Sevens
Seat 5: vanhetpadje (button) (small blind) showed [5s Ad] and won ($23.75) with two pair, Aces and Sevens


PokerStars Hand #150886484284:  Hold'em Limit ($3/$6 USD) - 2016/03/24 23:39:34 ET
Table 'Monachia' 6-max Seat #5 is the button
Seat 4: VolkovDmitri ($137.28 in chips)
Seat 5: vanhetpadje ($143.08 in chips)
vanhetpadje: posts small blind $1
VolkovDmitri: posts big blind $3
*** HOLE CARDS ***
vanhetpadje: raises $3 to $6
VolkovDmitri: calls $3
*** FLOP *** [2h 3s 5h]
VolkovDmitri: checks
vanhetpadje: checks
*** TURN *** [2h 3s 5h] [4c]
VolkovDmitri: checks
vanhetpadje: checks
*** RIVER *** [2h 3s 5h 4c] [5d]
VolkovDmitri: bets $6
vanhetpadje: calls $6
*** SHOW DOWN ***
VolkovDmitri: shows [3h Ad] (a straight, Ace to Five)
vanhetpadje: mucks hand
VolkovDmitri collected $23.52 from pot
*** SUMMARY ***
Total pot $24 | Rake $0.48
Board [2h 3s 5h 4c 5d]
Seat 4: VolkovDmitri (big blind) showed [3h Ad] and won ($23.52) with a straight, Ace to Five
Seat 5: vanhetpadje (button) (small blind) mucked


PokerStars Hand #150886452748:  Hold'em Limit ($3/$6 USD) - 2016/03/24 23:38:05 ET
Table 'Monachia' 6-max Seat #4 is the button
Seat 4: VolkovDmitri ($120 in chips)
Seat 5: vanhetpadje ($152.44 in chips)
VolkovDmitri: posts small blind $1
vanhetpadje: posts big blind $3
*** HOLE CARDS ***
VolkovDmitri: raises $3 to $6
vanhetpadje: calls $3
*** FLOP *** [4h 9c 3h]
vanhetpadje: checks
VolkovDmitri: bets $3
vanhetpadje: calls $3
*** TURN *** [4h 9c 3h] [Jc]
vanhetpadje: checks
VolkovDmitri: checks
*** RIVER *** [4h 9c 3h Jc] [5c]
vanhetpadje: bets $6
VolkovDmitri: folds
Uncalled bet ($6) returned to vanhetpadje
vanhetpadje collected $17.64 from pot
vanhetpadje: doesn't show hand
*** SUMMARY ***
Total pot $18 | Rake $0.36
Board [4h 9c 3h Jc 5c]
Seat 4: VolkovDmitri (button) (small blind) folded on the River
Seat 5: vanhetpadje (big blind) collected ($17.64)


PokerStars Hand #150886470979:  Hold'em Limit ($3/$6 USD) - 2016/03/24 23:38:56 ET
Table 'Monachia' 6-max Seat #5 is the button
Seat 4: VolkovDmitri ($120 in chips)
Seat 5: vanhetpadje ($161.08 in chips)
vanhetpadje: posts small blind $1
VolkovDmitri: posts big blind $3
*** HOLE CARDS ***
vanhetpadje: raises $3 to $6
VolkovDmitri: raises $3 to $9
vanhetpadje: calls $3
*** FLOP *** [Kd As 5d]
VolkovDmitri: bets $3
vanhetpadje: folds
Uncalled bet ($3) returned to VolkovDmitri
VolkovDmitri collected $17.64 from pot
VolkovDmitri: doesn't show hand
*** SUMMARY ***
Total pot $18 | Rake $0.36
Board [Kd As 5d]
Seat 4: VolkovDmitri (big blind) collected ($17.64)
Seat 5: vanhetpadje (button) (small blind) folded on the Flop


PokerStars Hand #150886478923:  Hold'em Limit ($3/$6 USD) - 2016/03/24 23:39:19 ET
Table 'Monachia' 6-max Seat #4 is the button
Seat 4: VolkovDmitri ($128.64 in chips)
Seat 5: vanhetpadje ($152.08 in chips)
VolkovDmitri: posts small blind $1
vanhetpadje: posts big blind $3
*** HOLE CARDS ***
VolkovDmitri: raises $3 to $6
vanhetpadje: calls $3
*** FLOP *** [9s 3h 9d]
vanhetpadje: bets $3
VolkovDmitri: raises $3 to $6
vanhetpadje: folds
Uncalled bet ($3) returned to VolkovDmitri
VolkovDmitri collected $17.64 from pot
VolkovDmitri: doesn't show hand
*** SUMMARY ***
Total pot $18 | Rake $0.36
Board [9s 3h 9d]
Seat 4: VolkovDmitri (button) (small blind) collected ($17.64)
Seat 5: vanhetpadje (big blind) folded on the Flop


PokerStars Hand #150886491383:  Hold'em Limit ($3/$6 USD) - 2016/03/24 23:39:54 ET
Table 'Monachia' 6-max Seat #4 is the button
Seat 4: VolkovDmitri ($148.80 in chips)
Seat 5: vanhetpadje ($131.08 in chips)
VolkovDmitri: posts small blind $1
vanhetpadje: posts big blind $3
*** HOLE CARDS ***
VolkovDmitri: folds
Uncalled bet ($2) returned to vanhetpadje
vanhetpadje collected $2 from pot
vanhetpadje: doesn't show hand
*** SUMMARY ***
Total pot $2 | Rake $0
Seat 4: VolkovDmitri (button) (small blind) folded before Flop
Seat 5: vanhetpadje (big blind) collected ($2)


PokerStars Hand #150886493935:  Hold'em Limit ($3/$6 USD) - 2016/03/24 23:40:02 ET
Table 'Monachia' 6-max Seat #5 is the button
Seat 4: VolkovDmitri ($147.80 in chips)
Seat 5: vanhetpadje ($132.08 in chips)
vanhetpadje: posts small blind $1
VolkovDmitri: posts big blind $3
*** HOLE CARDS ***
vanhetpadje: raises $3 to $6
VolkovDmitri: calls $3
*** FLOP *** [3h 9h Tc]
VolkovDmitri: bets $3
vanhetpadje: calls $3
*** TURN *** [3h 9h Tc] [8s]
VolkovDmitri: bets $6
vanhetpadje: calls $6
*** RIVER *** [3h 9h Tc 8s] [Qc]
VolkovDmitri: checks
vanhetpadje: bets $6
VolkovDmitri: folds
Uncalled bet ($6) returned to vanhetpadje
vanhetpadje collected $29.50 from pot
vanhetpadje: doesn't show hand
*** SUMMARY ***
Total pot $30 | Rake $0.50
Board [3h 9h Tc 8s Qc]
Seat 4: VolkovDmitri (big blind) folded on the River
Seat 5: vanhetpadje (button) (small blind) collected ($29.50)


PokerStars Hand #150886514495:  Hold'em Limit ($3/$6 USD) - 2016/03/24 23:41:01 ET
Table 'Monachia' 6-max Seat #5 is the button
Seat 4: VolkovDmitri ($156.30 in chips)
Seat 5: vanhetpadje ($122.58 in chips)
vanhetpadje: posts small blind $1
VolkovDmitri: posts big blind $3
*** HOLE CARDS ***
vanhetpadje: raises $3 to $6
VolkovDmitri: folds
Uncalled bet ($3) returned to vanhetpadje
vanhetpadje collected $6 from pot
vanhetpadje: doesn't show hand
*** SUMMARY ***
Total pot $6 | Rake $0
Seat 4: VolkovDmitri (big blind) folded before Flop
Seat 5: vanhetpadje (button) (small blind) collected ($6)


PokerStars Hand #150886518209:  Hold'em Limit ($3/$6 USD) - 2016/03/24 23:41:12 ET
Table 'Monachia' 6-max Seat #4 is the button
Seat 4: VolkovDmitri ($153.30 in chips)
Seat 5: vanhetpadje ($125.58 in chips)
VolkovDmitri: posts small blind $1
vanhetpadje: posts big blind $3
*** HOLE CARDS ***
VolkovDmitri: raises $3 to $6
vanhetpadje: calls $3
*** FLOP *** [9c 9d 5s]
vanhetpadje: checks
VolkovDmitri: bets $3
vanhetpadje: calls $3
*** TURN *** [9c 9d 5s] [2h]
vanhetpadje: checks
VolkovDmitri: bets $6
vanhetpadje: folds
Uncalled bet ($6) returned to VolkovDmitri
VolkovDmitri collected $17.64 from pot
VolkovDmitri: doesn't show hand
*** SUMMARY ***
Total pot $18 | Rake $0.36
Board [9c 9d 5s 2h]
Seat 4: VolkovDmitri (button) (small blind) collected ($17.64)
Seat 5: vanhetpadje (big blind) folded on the Turn


PokerStars Hand #150886505004:  Hold'em Limit ($3/$6 USD) - 2016/03/24 23:40:34 ET
Table 'Monachia' 6-max Seat #4 is the button
Seat 4: VolkovDmitri ($132.80 in chips)
Seat 5: vanhetpadje ($146.58 in chips)
VolkovDmitri: posts small blind $1
vanhetpadje: posts big blind $3
*** HOLE CARDS ***
VolkovDmitri: raises $3 to $6
vanhetpadje: raises $3 to $9
VolkovDmitri: calls $3
*** FLOP *** [4d Jc 3d]
vanhetpadje: bets $3
VolkovDmitri: calls $3
*** TURN *** [4d Jc 3d] [Kd]
vanhetpadje: bets $6
VolkovDmitri: calls $6
*** RIVER *** [4d Jc 3d Kd] [6d]
vanhetpadje: bets $6
VolkovDmitri: calls $6
*** SHOW DOWN ***
vanhetpadje: shows [Qs Ac] (high card Ace)
VolkovDmitri: shows [Tc 7d] (a flush, King high)
VolkovDmitri collected $47.50 from pot
*** SUMMARY ***
Total pot $48 | Rake $0.50
Board [4d Jc 3d Kd 6d]
Seat 4: VolkovDmitri (button) (small blind) showed [Tc 7d] and won ($47.50) with a flush, King high
Seat 5: vanhetpadje (big blind) showed [Qs Ac] and lost with high card Ace


PokerStars Hand #150886533232:  Hold'em Limit ($3/$6 USD) - 2016/03/24 23:41:56 ET
Table 'Monachia' 6-max Seat #4 is the button
Seat 4: VolkovDmitri ($146.94 in chips)
Seat 5: vanhetpadje ($131.08 in chips)
VolkovDmitri: posts small blind $1
vanhetpadje: posts big blind $3
*** HOLE CARDS ***
VolkovDmitri: raises $3 to $6
vanhetpadje: calls $3
*** FLOP *** [Td 3h 5d]
vanhetpadje: bets $3
VolkovDmitri: calls $3
*** TURN *** [Td 3h 5d] [Qs]
vanhetpadje: checks
VolkovDmitri: bets $6
vanhetpadje: folds
Uncalled bet ($6) returned to VolkovDmitri
VolkovDmitri collected $17.64 from pot
VolkovDmitri: doesn't show hand
*** SUMMARY ***
Total pot $18 | Rake $0.36
Board [Td 3h 5d Qs]
Seat 4: VolkovDmitri (button) (small blind) collected ($17.64)
Seat 5: vanhetpadje (big blind) folded on the Turn


PokerStars Hand #150886525347:  Hold'em Limit ($3/$6 USD) - 2016/03/24 23:41:33 ET
Table 'Monachia' 6-max Seat #5 is the button
Seat 4: VolkovDmitri ($161.94 in chips)
Seat 5: vanhetpadje ($116.58 in chips)
vanhetpadje: posts small blind $1
VolkovDmitri: posts big blind $3
*** HOLE CARDS ***
vanhetpadje: calls $2
VolkovDmitri: raises $3 to $6
vanhetpadje: calls $3
*** FLOP *** [9d 8c 8s]
QueticoSteve joins the table at seat #3
VolkovDmitri: bets $3
vanhetpadje: calls $3
*** TURN *** [9d 8c 8s] [Th]
VolkovDmitri: checks
vanhetpadje: checks
*** RIVER *** [9d 8c 8s Th] [Jd]
VolkovDmitri: checks
vanhetpadje: bets $6
VolkovDmitri: calls $6
*** SHOW DOWN ***
vanhetpadje: shows [Ts 7c] (a straight, Seven to Jack)
VolkovDmitri: mucks hand
vanhetpadje collected $29.50 from pot
*** SUMMARY ***
Total pot $30 | Rake $0.50
Board [9d 8c 8s Th Jd]
Seat 4: VolkovDmitri (big blind) mucked
Seat 5: vanhetpadje (button) (small blind) showed [Ts 7c] and won ($29.50) with a straight, Seven to Jack


PokerStars Hand #150887377482:  Hold'em Limit ($3/$6 USD) - 2016/03/25 0:25:19 ET
Table 'Monachia' 6-max Seat #5 is the button
Seat 3: MissEKAmouse ($168.54 in chips)
Seat 5: RinaFox ($255.16 in chips)
RinaFox: posts small blind $1
eldanis: is sitting out
MissEKAmouse: posts big blind $3
*** HOLE CARDS ***
eldanis leaves the table
RinaFox: raises $3 to $6
MissEKAmouse: calls $3
*** FLOP *** [5c 7s 8d]
MissEKAmouse: checks
RinaFox: bets $3
MissEKAmouse: calls $3
*** TURN *** [5c 7s 8d] [7d]
MissEKAmouse: checks
RinaFox: bets $6
MissEKAmouse: calls $6
*** RIVER *** [5c 7s 8d 7d] [2d]
MissEKAmouse: checks
RinaFox: bets $6
MissEKAmouse: calls $6
*** SHOW DOWN ***
RinaFox: shows [8h 7h] (a full house, Sevens full of Eights)
MissEKAmouse: mucks hand
RinaFox collected $41.50 from pot
*** SUMMARY ***
Total pot $42 | Rake $0.50
Board [5c 7s 8d 7d 2d]
Seat 3: MissEKAmouse (big blind) mucked
Seat 5: RinaFox (button) (small blind) showed [8h 7h] and won ($41.50) with a full house, Sevens full of Eights


