PokerStars Hand #174236359190:  Hold'em Limit ($3/$6 USD) - 2017/08/12 9:17:14 ET
Table 'Monachia II' 6-max Seat #4 is the button
Seat 4: VolkovDmitri ($120 in chips)
Seat 5: ANIN1337 ($48 in chips)
VolkovDmitri: posts small blind $1
ANIN1337: posts big blind $3
*** HOLE CARDS ***
VolkovDmitri: raises $3 to $6
ANIN1337: calls $3
*** FLOP *** [9c Ad 7s]
ANIN1337: checks
VolkovDmitri: bets $3
ANIN1337: folds
Uncalled bet ($3) returned to VolkovDmitri
VolkovDmitri collected $11.76 from pot
VolkovDmitri: doesn't show hand
*** SUMMARY ***
Total pot $12 | Rake $0.24
Board [9c Ad 7s]
Seat 4: VolkovDmitri (button) (small blind) collected ($11.76)
Seat 5: ANIN1337 (big blind) folded on the Flop


PokerStars Hand #174236375876:  Hold'em Limit ($3/$6 USD) - 2017/08/12 9:17:41 ET
Table 'Monachia II' 6-max Seat #5 is the button
Seat 4: VolkovDmitri ($125.76 in chips)
Seat 5: ANIN1337 ($42 in chips)
ANIN1337: posts small blind $1
VolkovDmitri: posts big blind $3
*** HOLE CARDS ***
ANIN1337: raises $3 to $6
VolkovDmitri: calls $3
*** FLOP *** [7c 2d 3c]
VolkovDmitri: checks
ANIN1337: bets $3
VolkovDmitri: calls $3
*** TURN *** [7c 2d 3c] [2c]
VolkovDmitri: checks
ANIN1337: bets $6
VolkovDmitri: calls $6
*** RIVER *** [7c 2d 3c 2c] [6s]
VolkovDmitri: checks
ANIN1337: checks
*** SHOW DOWN ***
VolkovDmitri: shows [Jc Ts] (a pair of Deuces)
ANIN1337: shows [9h Qc] (a pair of Deuces - Queen kicker)
ANIN1337 collected $29.50 from pot
*** SUMMARY ***
Total pot $30 | Rake $0.50
Board [7c 2d 3c 2c 6s]
Seat 4: VolkovDmitri (big blind) showed [Jc Ts] and lost with a pair of Deuces
Seat 5: ANIN1337 (button) (small blind) showed [9h Qc] and won ($29.50) with a pair of Deuces


PokerStars Hand #174236410149:  Hold'em Limit ($3/$6 USD) - 2017/08/12 9:18:25 ET
Table 'Monachia II' 6-max Seat #4 is the button
Seat 4: VolkovDmitri ($120 in chips)
Seat 5: ANIN1337 ($56.50 in chips)
VolkovDmitri: posts small blind $1
ANIN1337: posts big blind $3
*** HOLE CARDS ***
VolkovDmitri: raises $3 to $6
ANIN1337: raises $3 to $9
VolkovDmitri: calls $3
*** FLOP *** [Ks Ah 6d]
ANIN1337: bets $3
VolkovDmitri: calls $3
*** TURN *** [Ks Ah 6d] [8h]
ANIN1337: bets $6
VolkovDmitri: calls $6
*** RIVER *** [Ks Ah 6d 8h] [4s]
ANIN1337: bets $6
VolkovDmitri: calls $6
*** SHOW DOWN ***
ANIN1337: shows [As 3c] (a pair of Aces)
VolkovDmitri: mucks hand
ANIN1337 collected $47.50 from pot
*** SUMMARY ***
Total pot $48 | Rake $0.50
Board [Ks Ah 6d 8h 4s]
Seat 4: VolkovDmitri (button) (small blind) mucked
Seat 5: ANIN1337 (big blind) showed [As 3c] and won ($47.50) with a pair of Aces


PokerStars Hand #174236425898:  Hold'em Limit ($3/$6 USD) - 2017/08/12 9:18:51 ET
Table 'Monachia II' 6-max Seat #5 is the button
Seat 4: VolkovDmitri ($120 in chips)
Seat 5: ANIN1337 ($80 in chips)
ANIN1337: posts small blind $1
VolkovDmitri: posts big blind $3
*** HOLE CARDS ***
ANIN1337: raises $3 to $6
VolkovDmitri: calls $3
*** FLOP *** [6h 6d 5d]
mistere3 joins the table at seat #3
VolkovDmitri: checks
ANIN1337: bets $3
VolkovDmitri: calls $3
*** TURN *** [6h 6d 5d] [4c]
VolkovDmitri: checks
ANIN1337: bets $6
VolkovDmitri: calls $6
*** RIVER *** [6h 6d 5d 4c] [3h]
VolkovDmitri: bets $6
ANIN1337: raises $6 to $12
VolkovDmitri: calls $6
*** SHOW DOWN ***
ANIN1337: shows [3c 3s] (a full house, Threes full of Sixes)
VolkovDmitri: mucks hand
ANIN1337 collected $53.50 from pot
*** SUMMARY ***
Total pot $54 | Rake $0.50
Board [6h 6d 5d 4c 3h]
Seat 4: VolkovDmitri (big blind) mucked
Seat 5: ANIN1337 (button) (small blind) showed [3c 3s] and won ($53.50) with a full house, Threes full of Sixes


PokerStars Hand #174236453188:  Hold'em Limit ($3/$6 USD) - 2017/08/12 9:19:36 ET
Table 'Monachia II' 6-max Seat #4 is the button
Seat 4: VolkovDmitri ($120 in chips)
Seat 5: ANIN1337 ($106.50 in chips)
VolkovDmitri: posts small blind $1
ANIN1337: posts big blind $3
*** HOLE CARDS ***
VolkovDmitri: raises $3 to $6
ANIN1337: calls $3
*** FLOP *** [Ac Qd Ah]
ANIN1337: checks
VolkovDmitri: bets $3
ANIN1337: folds
Uncalled bet ($3) returned to VolkovDmitri
VolkovDmitri collected $11.76 from pot
VolkovDmitri: doesn't show hand
*** SUMMARY ***
Total pot $12 | Rake $0.24
Board [Ac Qd Ah]
Seat 4: VolkovDmitri (button) (small blind) collected ($11.76)
Seat 5: ANIN1337 (big blind) folded on the Flop


PokerStars Hand #174236491050:  Hold'em Limit ($3/$6 USD) - 2017/08/12 9:20:39 ET
Table 'Monachia II' 6-max Seat #3 is the button
Seat 3: mistere3 ($18 in chips)
Seat 4: VolkovDmitri ($166.76 in chips)
mistere3: posts small blind $1
VolkovDmitri: posts big blind $3
*** HOLE CARDS ***
ANIN1337 joins the table at seat #2
mistere3: folds
Uncalled bet ($2) returned to VolkovDmitri
VolkovDmitri collected $2 from pot
VolkovDmitri: doesn't show hand
*** SUMMARY ***
Total pot $2 | Rake $0
Seat 3: mistere3 (button) (small blind) folded before Flop
Seat 4: VolkovDmitri (big blind) collected ($2)


PokerStars Hand #174236486903:  Hold'em Limit ($3/$6 USD) - 2017/08/12 9:20:32 ET
Table 'Monachia II' 6-max Seat #4 is the button
Seat 3: mistere3 ($21 in chips)
Seat 4: VolkovDmitri ($163.76 in chips)
VolkovDmitri: posts small blind $1
mistere3: posts big blind $3
*** HOLE CARDS ***
VolkovDmitri: raises $3 to $6
mistere3: folds
Uncalled bet ($3) returned to VolkovDmitri
VolkovDmitri collected $6 from pot
VolkovDmitri: doesn't show hand
*** SUMMARY ***
Total pot $6 | Rake $0
Seat 3: mistere3 (big blind) folded before Flop
Seat 4: VolkovDmitri (button) (small blind) collected ($6)


PokerStars Hand #174236509542:  Hold'em Limit ($3/$6 USD) - 2017/08/12 9:21:10 ET
Table 'Monachia II' 6-max Seat #2 is the button
Seat 2: ANIN1337 ($31.94 in chips)
Seat 3: mistere3 ($49.47 in chips)
ANIN1337: posts small blind $1
mistere3: posts big blind $3
*** HOLE CARDS ***
VolkovDmitri leaves the table
ANIN1337: raises $3 to $6
mistere3: calls $3
*** FLOP *** [9s 3d Ad]
sydd7 joins the table at seat #5
mistere3: checks
ANIN1337: bets $3
mistere3: folds
Uncalled bet ($3) returned to ANIN1337
ANIN1337 collected $11.76 from pot
ANIN1337: doesn't show hand
*** SUMMARY ***
Total pot $12 | Rake $0.24
Board [9s 3d Ad]
Seat 2: ANIN1337 (button) (small blind) collected ($11.76)
Seat 3: mistere3 (big blind) folded on the Flop


PokerStars Hand #174244993831:  Hold'em Limit ($3/$6 USD) - 2017/08/12 13:20:33 ET
Table 'Monachia II' 6-max Seat #4 is the button
Seat 1: dalton135 ($140.45 in chips)
Seat 4: Luanto 14 ($238.74 in chips)
vestimokrec will be allowed to play after the button
Luanto 14: posts small blind $1
dalton135: posts big blind $3
*** HOLE CARDS ***
Luanto 14: raises $3 to $6
dalton135: calls $3
*** FLOP *** [2s 6d Ks]
dalton135: checks
Luanto 14: bets $3
dalton135: folds
Uncalled bet ($3) returned to Luanto 14
Luanto 14 collected $11.76 from pot
Luanto 14: doesn't show hand
*** SUMMARY ***
Total pot $12 | Rake $0.24
Board [2s 6d Ks]
Seat 1: dalton135 (big blind) folded on the Flop
Seat 4: Luanto 14 (button) (small blind) collected ($11.76)


PokerStars Hand #174245129952:  Hold'em Limit ($3/$6 USD) - 2017/08/12 13:23:57 ET
Table 'Monachia II' 6-max Seat #1 is the button
Seat 1: dalton135 ($143.60 in chips)
Seat 2: vestimokrec ($112.11 in chips)
dalton135: posts small blind $1
vestimokrec: posts big blind $3
*** HOLE CARDS ***
dalton135: raises $3 to $6
vestimokrec: calls $3
*** FLOP *** [7d 8c 2c]
vestimokrec: checks
dalton135: bets $3
vestimokrec: folds
Uncalled bet ($3) returned to dalton135
dalton135 collected $11.76 from pot
dalton135: doesn't show hand
*** SUMMARY ***
Total pot $12 | Rake $0.24
Board [7d 8c 2c]
Seat 1: dalton135 (button) (small blind) collected ($11.76)
Seat 2: vestimokrec (big blind) folded on the Flop


PokerStars Hand #174245103730:  Hold'em Limit ($3/$6 USD) - 2017/08/12 13:23:17 ET
Table 'Monachia II' 6-max Seat #1 is the button
Seat 1: dalton135 ($124.10 in chips)
Seat 2: vestimokrec ($132.11 in chips)
dalton135: posts small blind $1
vestimokrec: posts big blind $3
*** HOLE CARDS ***
dalton135: folds
Uncalled bet ($2) returned to vestimokrec
vestimokrec collected $2 from pot
vestimokrec: doesn't show hand
*** SUMMARY ***
Total pot $2 | Rake $0
Seat 1: dalton135 (button) (small blind) folded before Flop
Seat 2: vestimokrec (big blind) collected ($2)


PokerStars Hand #174245098215:  Hold'em Limit ($3/$6 USD) - 2017/08/12 13:23:09 ET
Table 'Monachia II' 6-max Seat #2 is the button
Seat 1: dalton135 ($127.10 in chips)
Seat 2: vestimokrec ($129.11 in chips)
vestimokrec: posts small blind $1
Luanto 14: is sitting out
dalton135: posts big blind $3
*** HOLE CARDS ***
vestimokrec: raises $3 to $6
dalton135: folds
Uncalled bet ($3) returned to vestimokrec
vestimokrec collected $6 from pot
vestimokrec: doesn't show hand
*** SUMMARY ***
Total pot $6 | Rake $0
Seat 1: dalton135 (big blind) folded before Flop
Seat 2: vestimokrec (button) (small blind) collected ($6)


PokerStars Hand #174245106894:  Hold'em Limit ($3/$6 USD) - 2017/08/12 13:23:22 ET
Table 'Monachia II' 6-max Seat #2 is the button
Seat 1: dalton135 ($123.10 in chips)
Seat 2: vestimokrec ($133.11 in chips)
vestimokrec: posts small blind $1
dalton135: posts big blind $3
*** HOLE CARDS ***
vestimokrec: raises $3 to $6
dalton135: calls $3
*** FLOP *** [7h 2h 5s]
dalton135: checks
vestimokrec: bets $3
dalton135: calls $3
*** TURN *** [7h 2h 5s] [Ts]
dalton135: checks
Luanto 14 leaves the table
vestimokrec: bets $6
dalton135: raises $6 to $12
vestimokrec: calls $6
*** RIVER *** [7h 2h 5s Ts] [Ac]
dalton135: checks
vestimokrec: checks
*** SHOW DOWN ***
dalton135: shows [Tc 8d] (a pair of Tens)
vestimokrec: mucks hand
dalton135 collected $41.50 from pot
*** SUMMARY ***
Total pot $42 | Rake $0.50
Board [7h 2h 5s Ts Ac]
Seat 1: dalton135 (big blind) showed [Tc 8d] and won ($41.50) with a pair of Tens
Seat 2: vestimokrec (button) (small blind) mucked


PokerStars Hand #174245141007:  Hold'em Limit ($3/$6 USD) - 2017/08/12 13:24:14 ET
Table 'Monachia II' 6-max Seat #2 is the button
Seat 1: dalton135 ($149.36 in chips)
Seat 2: vestimokrec ($106.11 in chips)
vestimokrec: posts small blind $1
FeelinGuilty was removed from the table for failing to post
dalton135: posts big blind $3
*** HOLE CARDS ***
vestimokrec: raises $3 to $6
dalton135: calls $3
*** FLOP *** [5c 9s 8c]
dalton135: checks
vestimokrec: checks
*** TURN *** [5c 9s 8c] [5s]
dalton135: bets $6
vestimokrec: calls $6
*** RIVER *** [5c 9s 8c 5s] [9d]
dalton135: bets $6
vestimokrec: raises $6 to $12
dalton135: folds
Uncalled bet ($6) returned to vestimokrec
vestimokrec collected $35.50 from pot
vestimokrec: doesn't show hand
*** SUMMARY ***
Total pot $36 | Rake $0.50
Board [5c 9s 8c 5s 9d]
Seat 1: dalton135 (big blind) folded on the River
Seat 2: vestimokrec (button) (small blind) collected ($35.50)


PokerStars Hand #174245166846:  Hold'em Limit ($3/$6 USD) - 2017/08/12 13:24:53 ET
Table 'Monachia II' 6-max Seat #1 is the button
Seat 1: dalton135 ($131.36 in chips)
Seat 2: vestimokrec ($123.61 in chips)
dalton135: posts small blind $1
vestimokrec: posts big blind $3
*** HOLE CARDS ***
dalton135: raises $3 to $6
vestimokrec: calls $3
*** FLOP *** [6d 9h 8c]
vestimokrec: checks
dalton135: bets $3
vestimokrec: calls $3
*** TURN *** [6d 9h 8c] [4h]
vestimokrec: checks
dalton135: bets $6
vestimokrec: calls $6
*** RIVER *** [6d 9h 8c 4h] [Kd]
vestimokrec: checks
dalton135: checks
*** SHOW DOWN ***
vestimokrec: shows [Kc Jh] (a pair of Kings)
dalton135: mucks hand
vestimokrec collected $29.50 from pot
*** SUMMARY ***
Total pot $30 | Rake $0.50
Board [6d 9h 8c 4h Kd]
Seat 1: dalton135 (button) (small blind) mucked
Seat 2: vestimokrec (big blind) showed [Kc Jh] and won ($29.50) with a pair of Kings


PokerStars Hand #174245193951:  Hold'em Limit ($3/$6 USD) - 2017/08/12 13:25:34 ET
Table 'Monachia II' 6-max Seat #2 is the button
Seat 1: dalton135 ($116.36 in chips)
Seat 2: vestimokrec ($138.11 in chips)
vestimokrec: posts small blind $1
dalton135: posts big blind $3
*** HOLE CARDS ***
vestimokrec: folds
Uncalled bet ($2) returned to dalton135
dalton135 collected $2 from pot
dalton135: doesn't show hand
*** SUMMARY ***
Total pot $2 | Rake $0
Seat 1: dalton135 (big blind) collected ($2)
Seat 2: vestimokrec (button) (small blind) folded before Flop


PokerStars Hand #174245237490:  Hold'em Limit ($3/$6 USD) - 2017/08/12 13:26:40 ET
Table 'Monachia II' 6-max Seat #1 is the button
Seat 1: dalton135 ($128.86 in chips)
Seat 2: vestimokrec ($124.87 in chips)
dalton135: posts small blind $1
vestimokrec: posts big blind $3
*** HOLE CARDS ***
dalton135: folds
Uncalled bet ($2) returned to vestimokrec
vestimokrec collected $2 from pot
vestimokrec: doesn't show hand
*** SUMMARY ***
Total pot $2 | Rake $0
Seat 1: dalton135 (button) (small blind) folded before Flop
Seat 2: vestimokrec (big blind) collected ($2)


PokerStars Hand #174245226490:  Hold'em Limit ($3/$6 USD) - 2017/08/12 13:26:24 ET
Table 'Monachia II' 6-max Seat #2 is the button
Seat 1: dalton135 ($134.86 in chips)
Seat 2: vestimokrec ($119.11 in chips)
vestimokrec: posts small blind $1
dalton135: posts big blind $3
*** HOLE CARDS ***
vestimokrec: raises $3 to $6
dalton135: calls $3
*** FLOP *** [3d Jc 2c]
dalton135: checks
vestimokrec: bets $3
dalton135: folds
Uncalled bet ($3) returned to vestimokrec
vestimokrec collected $11.76 from pot
vestimokrec: doesn't show hand
*** SUMMARY ***
Total pot $12 | Rake $0.24
Board [3d Jc 2c]
Seat 1: dalton135 (big blind) folded on the Flop
Seat 2: vestimokrec (button) (small blind) collected ($11.76)


PokerStars Hand #174245200105:  Hold'em Limit ($3/$6 USD) - 2017/08/12 13:25:44 ET
Table 'Monachia II' 6-max Seat #1 is the button
Seat 1: dalton135 ($117.36 in chips)
Seat 2: vestimokrec ($137.11 in chips)
dalton135: posts small blind $1
vestimokrec: posts big blind $3
*** HOLE CARDS ***
dalton135: raises $3 to $6
vestimokrec: calls $3
*** FLOP *** [As 5h 8d]
vestimokrec: checks
dalton135: bets $3
vestimokrec: raises $3 to $6
dalton135: calls $3
*** TURN *** [As 5h 8d] [4d]
vestimokrec: bets $6
dalton135: calls $6
*** RIVER *** [As 5h 8d 4d] [5d]
vestimokrec: checks
dalton135: checks
*** SHOW DOWN ***
vestimokrec: shows [6c 9h] (a pair of Fives)
dalton135: shows [Kh Kc] (two pair, Kings and Fives)
dalton135 collected $35.50 from pot
*** SUMMARY ***
Total pot $36 | Rake $0.50
Board [As 5h 8d 4d 5d]
Seat 1: dalton135 (button) (small blind) showed [Kh Kc] and won ($35.50) with two pair, Kings and Fives
Seat 2: vestimokrec (big blind) showed [6c 9h] and lost with a pair of Fives


PokerStars Hand #174245259538:  Hold'em Limit ($3/$6 USD) - 2017/08/12 13:27:13 ET
Table 'Monachia II' 6-max Seat #1 is the button
Seat 1: dalton135 ($118.86 in chips)
Seat 2: vestimokrec ($134.51 in chips)
dalton135: posts small blind $1
vestimokrec: posts big blind $3
*** HOLE CARDS ***
dalton135: folds
Uncalled bet ($2) returned to vestimokrec
vestimokrec collected $2 from pot
vestimokrec: doesn't show hand
*** SUMMARY ***
Total pot $2 | Rake $0
Seat 1: dalton135 (button) (small blind) folded before Flop
Seat 2: vestimokrec (big blind) collected ($2)


PokerStars Hand #174245240343:  Hold'em Limit ($3/$6 USD) - 2017/08/12 13:26:45 ET
Table 'Monachia II' 6-max Seat #2 is the button
Seat 1: dalton135 ($127.86 in chips)
Seat 2: vestimokrec ($125.87 in chips)
vestimokrec: posts small blind $1
dalton135: posts big blind $3
*** HOLE CARDS ***
vestimokrec: raises $3 to $6
dalton135: calls $3
*** FLOP *** [Ac 8s 6h]
dalton135: bets $3
vestimokrec: calls $3
*** TURN *** [Ac 8s 6h] [Kh]
dalton135: checks
vestimokrec: bets $6
dalton135: folds
Uncalled bet ($6) returned to vestimokrec
vestimokrec collected $17.64 from pot
vestimokrec: doesn't show hand
*** SUMMARY ***
Total pot $18 | Rake $0.36
Board [Ac 8s 6h Kh]
Seat 1: dalton135 (big blind) folded on the Turn
Seat 2: vestimokrec (button) (small blind) collected ($17.64)


PokerStars Hand #174245262538:  Hold'em Limit ($3/$6 USD) - 2017/08/12 13:27:18 ET
Table 'Monachia II' 6-max Seat #2 is the button
Seat 1: dalton135 ($117.86 in chips)
Seat 2: vestimokrec ($135.51 in chips)
vestimokrec: posts small blind $1
dalton135: posts big blind $3
*** HOLE CARDS ***
vestimokrec: raises $3 to $6
dalton135: calls $3
*** FLOP *** [Kh 9d Qs]
dalton135: checks
vestimokrec: bets $3
dalton135: calls $3
*** TURN *** [Kh 9d Qs] [6c]
dalton135: checks
vestimokrec: bets $6
dalton135: calls $6
*** RIVER *** [Kh 9d Qs 6c] [Jh]
dalton135: bets $6
vestimokrec: calls $6
*** SHOW DOWN ***
dalton135: shows [6h Th] (a straight, Nine to King)
vestimokrec: mucks hand
dalton135 collected $41.50 from pot
*** SUMMARY ***
Total pot $42 | Rake $0.50
Board [Kh 9d Qs 6c Jh]
Seat 1: dalton135 (big blind) showed [6h Th] and won ($41.50) with a straight, Nine to King
Seat 2: vestimokrec (button) (small blind) mucked


