PokerStars Hand #151710745551:  Hold'em Limit ($3/$6 USD) - 2016/04/10 10:06:28 ET
Table 'Monoceros III' 6-max Seat #4 is the button
Seat 3: belik555 ($113.82 in chips)
Seat 4: SACHAVT ($59.14 in chips)
SACHAVT: posts small blind $1
belik555: posts big blind $3
*** HOLE CARDS ***
SACHAVT: calls $2
BuzovaPro joins the table at seat #2
belik555: raises $3 to $6
SACHAVT: calls $3
*** FLOP *** [8c 4s Ks]
BuzovaPro leaves the table
belik555: bets $3
SACHAVT: calls $3
*** TURN *** [8c 4s Ks] [2s]
TbIP-TbIP 88 joins the table at seat #2
belik555: bets $6
TbIP-TbIP 88 leaves the table
SACHAVT: raises $6 to $12
belik555: folds
Uncalled bet ($6) returned to SACHAVT
SACHAVT collected $29.50 from pot
SACHAVT: doesn't show hand
*** SUMMARY ***
Total pot $30 | Rake $0.50
Board [8c 4s Ks 2s]
Seat 3: belik555 (big blind) folded on the Turn
Seat 4: SACHAVT (button) (small blind) collected ($29.50)


PokerStars Hand #151710741362:  Hold'em Limit ($3/$6 USD) - 2016/04/10 10:06:23 ET
Table 'Monoceros III' 6-max Seat #3 is the button
Seat 3: belik555 ($110.82 in chips)
Seat 4: SACHAVT ($62.14 in chips)
belik555: posts small blind $1
SACHAVT: posts big blind $3
*** HOLE CARDS ***
TbIP-TbIP 88 joins the table at seat #2
belik555: raises $3 to $6
SACHAVT: folds
Uncalled bet ($3) returned to belik555
TbIP-TbIP 88 leaves the table
belik555 collected $6 from pot
belik555: doesn't show hand
*** SUMMARY ***
Total pot $6 | Rake $0
Seat 3: belik555 (button) (small blind) collected ($6)
Seat 4: SACHAVT (big blind) folded before Flop


PokerStars Hand #151710758763:  Hold'em Limit ($3/$6 USD) - 2016/04/10 10:06:46 ET
Table 'Monoceros III' 6-max Seat #3 is the button
Seat 3: belik555 ($98.82 in chips)
Seat 4: SACHAVT ($73.64 in chips)
belik555: posts small blind $1
SACHAVT: posts big blind $3
*** HOLE CARDS ***
belik555: raises $3 to $6
wulunshuying joins the table at seat #2
SACHAVT: calls $3
*** FLOP *** [Kd Ts Qc]
SACHAVT: checks
belik555: bets $3
SACHAVT: calls $3
*** TURN *** [Kd Ts Qc] [Qh]
SACHAVT: checks
belik555: checks
*** RIVER *** [Kd Ts Qc Qh] [4c]
SACHAVT: bets $6
belik555: calls $6
*** SHOW DOWN ***
SACHAVT: shows [Kc 8d] (two pair, Kings and Queens)
belik555: mucks hand
SACHAVT collected $29.50 from pot
*** SUMMARY ***
Total pot $30 | Rake $0.50
Board [Kd Ts Qc Qh 4c]
Seat 3: belik555 (button) (small blind) mucked
Seat 4: SACHAVT (big blind) showed [Kc 8d] and won ($29.50) with two pair, Kings and Queens


PokerStars Hand #151711050946:  Hold'em Limit ($3/$6 USD) - 2016/04/10 10:13:23 ET
Table 'Monoceros III' 6-max Seat #2 is the button
Seat 2: Jiten9 ($135.07 in chips)
Seat 6: indyrgent93 ($76.03 in chips)
BuzovaPro will be allowed to play after the button
Jiten9: posts small blind $1
belik555: is sitting out
liolilove joins the table at seat #4
belik555 leaves the table
liolilove leaves the table
liolilove joins the table at seat #3
indyrgent93: posts big blind $3
*** HOLE CARDS ***
Jiten9: raises $3 to $6
indyrgent93: calls $3
*** FLOP *** [2s Kc Qs]
indyrgent93: checks
Jiten9: bets $3
indyrgent93: folds
Uncalled bet ($3) returned to Jiten9
Jiten9 collected $11.76 from pot
Jiten9: doesn't show hand
*** SUMMARY ***
Total pot $12 | Rake $0.24
Board [2s Kc Qs]
Seat 2: Jiten9 (button) (small blind) collected ($11.76)
Seat 6: indyrgent93 (big blind) folded on the Flop


PokerStars Hand #151712096886:  Hold'em Limit ($3/$6 USD) - 2016/04/10 10:36:37 ET
Table 'Monoceros III' 6-max Seat #6 is the button
Seat 4: glottis88 ($103.02 in chips)
Seat 6: TbIP-TbIP 88 ($72 in chips)
TbIP-TbIP 88: posts small blind $1
BuzovaPro: is sitting out
glottis88: posts big blind $3
*** HOLE CARDS ***
BikDonki joins the table at seat #5
adi81pl leaves the table
TbIP-TbIP 88: folds
Uncalled bet ($2) returned to glottis88
glottis88 collected $2 from pot
glottis88: doesn't show hand
*** SUMMARY ***
Total pot $2 | Rake $0
Seat 4: glottis88 (big blind) collected ($2)
Seat 6: TbIP-TbIP 88 (button) (small blind) folded before Flop


PokerStars Hand #151712130306:  Hold'em Limit ($3/$6 USD) - 2016/04/10 10:37:22 ET
Table 'Monoceros III' 6-max Seat #4 is the button
Seat 4: glottis88 ($87.02 in chips)
Seat 5: BikDonki ($135.92 in chips)
glottis88: posts small blind $1
BikDonki: posts big blind $3
*** HOLE CARDS ***
glottis88: raises $3 to $6
BikDonki: calls $3
*** FLOP *** [Js 4d 4s]
BikDonki: bets $3
glottis88: calls $3
*** TURN *** [Js 4d 4s] [Td]
BikDonki: bets $6
glottis88: folds
Uncalled bet ($6) returned to BikDonki
BikDonki collected $17.64 from pot
BikDonki: doesn't show hand
*** SUMMARY ***
Total pot $18 | Rake $0.36
Board [Js 4d 4s Td]
Seat 4: glottis88 (button) (small blind) folded on the Turn
Seat 5: BikDonki (big blind) collected ($17.64)


PokerStars Hand #151712126633:  Hold'em Limit ($3/$6 USD) - 2016/04/10 10:37:17 ET
Table 'Monoceros III' 6-max Seat #5 is the button
Seat 4: glottis88 ($86.02 in chips)
Seat 5: BikDonki ($136.92 in chips)
BikDonki: posts small blind $1
TbIP-TbIP 88: is sitting out
glottis88: posts big blind $3
*** HOLE CARDS ***
BikDonki: folds
Uncalled bet ($2) returned to glottis88
glottis88 collected $2 from pot
glottis88: doesn't show hand
*** SUMMARY ***
Total pot $2 | Rake $0
Seat 4: glottis88 (big blind) collected ($2)
Seat 5: BikDonki (button) (small blind) folded before Flop


PokerStars Hand #151712995291:  Hold'em Limit ($3/$6 USD) - 2016/04/10 10:56:36 ET
Table 'Monoceros III' 6-max Seat #6 is the button
Seat 5: BikDonki ($276.94 in chips)
Seat 6: TbIP-TbIP 88 ($92.71 in chips)
TbIP-TbIP 88: posts small blind $1
BikDonki: posts big blind $3
*** HOLE CARDS ***
TbIP-TbIP 88: folds
Uncalled bet ($2) returned to BikDonki
BikDonki collected $2 from pot
BikDonki: doesn't show hand
*** SUMMARY ***
Total pot $2 | Rake $0
Seat 5: BikDonki (big blind) collected ($2)
Seat 6: TbIP-TbIP 88 (button) (small blind) folded before Flop


PokerStars Hand #151713014546:  Hold'em Limit ($3/$6 USD) - 2016/04/10 10:57:08 ET
Table 'Monoceros III' 6-max Seat #6 is the button
Seat 5: BikDonki ($259.94 in chips)
Seat 6: TbIP-TbIP 88 ($109.21 in chips)
TbIP-TbIP 88: posts small blind $1
BikDonki: posts big blind $3
*** HOLE CARDS ***
tmtpneus joins the table at seat #1
TbIP-TbIP 88: folds
Uncalled bet ($2) returned to BikDonki
BikDonki collected $2 from pot
BikDonki: doesn't show hand
*** SUMMARY ***
Total pot $2 | Rake $0
Seat 5: BikDonki (big blind) collected ($2)
Seat 6: TbIP-TbIP 88 (button) (small blind) folded before Flop


PokerStars Hand #151713000822:  Hold'em Limit ($3/$6 USD) - 2016/04/10 10:56:45 ET
Table 'Monoceros III' 6-max Seat #5 is the button
Seat 5: BikDonki ($277.94 in chips)
Seat 6: TbIP-TbIP 88 ($91.71 in chips)
BikDonki: posts small blind $1
TbIP-TbIP 88: posts big blind $3
*** HOLE CARDS ***
BikDonki: raises $3 to $6
TbIP-TbIP 88: calls $3
*** FLOP *** [Js 3s 7c]
TbIP-TbIP 88: checks
BikDonki: checks
*** TURN *** [Js 3s 7c] [2h]
TbIP-TbIP 88: bets $6
BikDonki: calls $6
*** RIVER *** [Js 3s 7c 2h] [Jh]
TbIP-TbIP 88: bets $6
BikDonki: calls $6
*** SHOW DOWN ***
TbIP-TbIP 88: shows [2s 9s] (two pair, Jacks and Deuces)
BikDonki: mucks hand
TbIP-TbIP 88 collected $35.50 from pot
*** SUMMARY ***
Total pot $36 | Rake $0.50
Board [Js 3s 7c 2h Jh]
Seat 5: BikDonki (button) (small blind) mucked
Seat 6: TbIP-TbIP 88 (big blind) showed [2s 9s] and won ($35.50) with two pair, Jacks and Deuces


PokerStars Hand #151713024024:  Hold'em Limit ($3/$6 USD) - 2016/04/10 10:57:24 ET
Table 'Monoceros III' 6-max Seat #5 is the button
Seat 5: BikDonki ($260.94 in chips)
Seat 6: TbIP-TbIP 88 ($108.21 in chips)
BikDonki: posts small blind $1
TbIP-TbIP 88: posts big blind $3
*** HOLE CARDS ***
BikDonki: raises $3 to $6
TbIP-TbIP 88: raises $3 to $9
BikDonki: raises $3 to $12
Betting is capped
TbIP-TbIP 88: calls $3
*** FLOP *** [6s 4c Ks]
TbIP-TbIP 88: checks
BikDonki: bets $3
TbIP-TbIP 88: raises $3 to $6
BikDonki: calls $3
*** TURN *** [6s 4c Ks] [9c]
TbIP-TbIP 88: bets $6
BikDonki: folds
Uncalled bet ($6) returned to TbIP-TbIP 88
TbIP-TbIP 88 collected $35.50 from pot
TbIP-TbIP 88: doesn't show hand
*** SUMMARY ***
Total pot $36 | Rake $0.50
Board [6s 4c Ks 9c]
Seat 5: BikDonki (button) (small blind) folded on the Turn
Seat 6: TbIP-TbIP 88 (big blind) collected ($35.50)


PokerStars Hand #151715729529:  Hold'em Limit ($3/$6 USD) - 2016/04/10 11:52:42 ET
Table 'Monoceros III' 6-max Seat #6 is the button
Seat 3: gust633 ($72.41 in chips)
Seat 6: Rmk1500 ($66.35 in chips)
Rmk1500: posts small blind $1
gust633: posts big blind $3
*** HOLE CARDS ***
masterblstr8 joins the table at seat #4
Rmk1500: raises $3 to $6
gust633: calls $3
*** FLOP *** [Qc 5s 8h]
gust633: checks
Rmk1500: bets $3
gust633: calls $3
*** TURN *** [Qc 5s 8h] [2h]
gust633: checks
Rmk1500: checks
*** RIVER *** [Qc 5s 8h 2h] [5d]
gust633: checks
Rmk1500: bets $6
gust633: folds
Uncalled bet ($6) returned to Rmk1500
Rmk1500 collected $17.64 from pot
*** SUMMARY ***
Total pot $18 | Rake $0.36
Board [Qc 5s 8h 2h 5d]
Seat 3: gust633 (big blind) folded on the River
Seat 6: Rmk1500 (button) (small blind) collected ($17.64)


