PokerStars Hand #158496355324:  Hold'em Limit ($3/$6 USD) - 2016/09/12 5:19:29 ET
Table 'Monoceros' 6-max Seat #3 is the button
Seat 3: simper11 ($120 in chips)
Seat 4: Siwy56 ($120 in chips)
simper11: posts small blind $1
Siwy56: posts big blind $3
*** HOLE CARDS ***
simper11: folds
Uncalled bet ($2) returned to Siwy56
Siwy56 collected $2 from pot
Siwy56: doesn't show hand
*** SUMMARY ***
Total pot $2 | Rake $0
Seat 3: simper11 (button) (small blind) folded before Flop
Seat 4: Siwy56 (big blind) collected ($2)


PokerStars Hand #158496359000:  Hold'em Limit ($3/$6 USD) - 2016/09/12 5:19:40 ET
Table 'Monoceros' 6-max Seat #4 is the button
Seat 3: simper11 ($120 in chips)
Seat 4: Siwy56 ($121 in chips)
Siwy56: posts small blind $1
simper11: posts big blind $3
*** HOLE CARDS ***
Ale4o joins the table at seat #5
Siwy56: calls $2
simper11: checks
*** FLOP *** [Ac 7s Ks]
simper11: checks
Siwy56: bets $3
simper11: folds
Uncalled bet ($3) returned to Siwy56
Siwy56 collected $5.88 from pot
Siwy56: doesn't show hand
*** SUMMARY ***
Total pot $6 | Rake $0.12
Board [Ac 7s Ks]
Seat 3: simper11 (big blind) folded on the Flop
Seat 4: Siwy56 (button) (small blind) collected ($5.88)


