PokerStars Hand #156356572905:  Hold'em Limit ($3/$6 USD) - 2016/07/23 17:53:39 ET
Table 'Montefiore' 6-max Seat #3 is the button
Seat 3: Mustafatyrk ($106.96 in chips)
Seat 4: AzureCaper ($72 in chips)
Mustafatyrk: posts small blind $1
AzureCaper: posts big blind $3
*** HOLE CARDS ***
Mustafatyrk: folds
Uncalled bet ($2) returned to AzureCaper
AzureCaper collected $2 from pot
AzureCaper: doesn't show hand
*** SUMMARY ***
Total pot $2 | Rake $0
Seat 3: Mustafatyrk (button) (small blind) folded before Flop
Seat 4: AzureCaper (big blind) collected ($2)


PokerStars Hand #156356569390:  Hold'em Limit ($3/$6 USD) - 2016/07/23 17:53:34 ET
Table 'Montefiore' 6-max Seat #4 is the button
Seat 3: Mustafatyrk ($105.96 in chips)
Seat 4: AzureCaper ($72 in chips)
AzureCaper: posts small blind $1
Mustafatyrk: posts big blind $3
*** HOLE CARDS ***
AzureCaper: folds
Uncalled bet ($2) returned to Mustafatyrk
Mustafatyrk collected $2 from pot
Mustafatyrk: doesn't show hand
*** SUMMARY ***
Total pot $2 | Rake $0
Seat 3: Mustafatyrk (big blind) collected ($2)
Seat 4: AzureCaper (button) (small blind) folded before Flop


PokerStars Hand #156356548982:  Hold'em Limit ($3/$6 USD) - 2016/07/23 17:53:06 ET
Table 'Montefiore' 6-max Seat #3 is the button
Seat 3: Mustafatyrk ($91.46 in chips)
Seat 4: AzureCaper ($72 in chips)
Mustafatyrk: posts small blind $1
AzureCaper: posts big blind $3
*** HOLE CARDS ***
Mustafatyrk: raises $3 to $6
AzureCaper: calls $3
*** FLOP *** [6s 3s 2s]
AzureCaper: checks
Mustafatyrk: bets $3
AzureCaper: calls $3
*** TURN *** [6s 3s 2s] [6h]
AzureCaper: checks
Mustafatyrk: bets $6
AzureCaper: calls $6
*** RIVER *** [6s 3s 2s 6h] [Jd]
AzureCaper: checks
Mustafatyrk: bets $6
AzureCaper: folds
Uncalled bet ($6) returned to Mustafatyrk
Mustafatyrk collected $29.50 from pot
Mustafatyrk: doesn't show hand
*** SUMMARY ***
Total pot $30 | Rake $0.50
Board [6s 3s 2s 6h Jd]
Seat 3: Mustafatyrk (button) (small blind) collected ($29.50)
Seat 4: AzureCaper (big blind) folded on the River


PokerStars Hand #156356583688:  Hold'em Limit ($3/$6 USD) - 2016/07/23 17:53:54 ET
Table 'Montefiore' 6-max Seat #3 is the button
Seat 3: Mustafatyrk ($106.96 in chips)
Seat 4: AzureCaper ($72 in chips)
Mustafatyrk: posts small blind $1
AzureCaper: posts big blind $3
*** HOLE CARDS ***
Mustafatyrk: raises $3 to $6
AzureCaper: calls $3
*** FLOP *** [2h 5s Td]
AzureCaper: checks
Mustafatyrk: bets $3
AzureCaper: folds
Uncalled bet ($3) returned to Mustafatyrk
Mustafatyrk collected $11.76 from pot
Mustafatyrk: doesn't show hand
*** SUMMARY ***
Total pot $12 | Rake $0.24
Board [2h 5s Td]
Seat 3: Mustafatyrk (button) (small blind) collected ($11.76)
Seat 4: AzureCaper (big blind) folded on the Flop


PokerStars Hand #156356610864:  Hold'em Limit ($3/$6 USD) - 2016/07/23 17:54:31 ET
Table 'Montefiore' 6-max Seat #3 is the button
Seat 3: Mustafatyrk ($91.72 in chips)
Seat 4: AzureCaper ($92.50 in chips)
Mustafatyrk: posts small blind $1
AzureCaper: posts big blind $3
*** HOLE CARDS ***
Mustafatyrk: folds
Uncalled bet ($2) returned to AzureCaper
AzureCaper collected $2 from pot
AzureCaper: doesn't show hand
*** SUMMARY ***
Total pot $2 | Rake $0
Seat 3: Mustafatyrk (button) (small blind) folded before Flop
Seat 4: AzureCaper (big blind) collected ($2)


PokerStars Hand #156356590988:  Hold'em Limit ($3/$6 USD) - 2016/07/23 17:54:04 ET
Table 'Montefiore' 6-max Seat #4 is the button
Seat 3: Mustafatyrk ($112.72 in chips)
Seat 4: AzureCaper ($72 in chips)
AzureCaper: posts small blind $1
Mustafatyrk: posts big blind $3
*** HOLE CARDS ***
AzureCaper: raises $3 to $6
Jeelsy joins the table at seat #6
Mustafatyrk: calls $3
*** FLOP *** [Jh 3h Jc]
Mustafatyrk: checks
Masqb joins the table at seat #1
AzureCaper: bets $3
Mustafatyrk: calls $3
*** TURN *** [Jh 3h Jc] [Qs]
Mustafatyrk: checks
AzureCaper: bets $6
Mustafatyrk: calls $6
*** RIVER *** [Jh 3h Jc Qs] [3d]
Mustafatyrk: checks
AzureCaper: bets $6
Mustafatyrk: calls $6
*** SHOW DOWN ***
AzureCaper: shows [Th Qh] (two pair, Queens and Jacks)
Mustafatyrk: mucks hand
AzureCaper collected $41.50 from pot
*** SUMMARY ***
Total pot $42 | Rake $0.50
Board [Jh 3h Jc Qs 3d]
Seat 3: Mustafatyrk (big blind) mucked
Seat 4: AzureCaper (button) (small blind) showed [Th Qh] and won ($41.50) with two pair, Queens and Jacks


PokerStars Hand #156356576007:  Hold'em Limit ($3/$6 USD) - 2016/07/23 17:53:43 ET
Table 'Montefiore' 6-max Seat #4 is the button
Seat 3: Mustafatyrk ($105.96 in chips)
Seat 4: AzureCaper ($73 in chips)
AzureCaper: posts small blind $1
Mustafatyrk: posts big blind $3
*** HOLE CARDS ***
AzureCaper: folds
Uncalled bet ($2) returned to Mustafatyrk
Mustafatyrk collected $2 from pot
Mustafatyrk: doesn't show hand
*** SUMMARY ***
Total pot $2 | Rake $0
Seat 3: Mustafatyrk (big blind) collected ($2)
Seat 4: AzureCaper (button) (small blind) folded before Flop


PokerStars Hand #156358016501:  Hold'em Limit ($3/$6 USD) - 2016/07/23 18:30:34 ET
Table 'Montefiore' 6-max Seat #4 is the button
Seat 3: Mustafatyrk ($239.26 in chips)
Seat 4: AzureCaper ($115.11 in chips)
AzureCaper: posts small blind $1
Mustafatyrk: posts big blind $3
*** HOLE CARDS ***
AzureCaper: raises $3 to $6
Mustafatyrk: raises $3 to $9
AzureCaper: calls $3
*** FLOP *** [Tc 8c Th]
Mustafatyrk: bets $3
AzureCaper: calls $3
*** TURN *** [Tc 8c Th] [2c]
Mustafatyrk: bets $6
AzureCaper: raises $6 to $12
Mustafatyrk: calls $6
*** RIVER *** [Tc 8c Th 2c] [3c]
Mustafatyrk: bets $6
AzureCaper: raises $6 to $12
Mustafatyrk: calls $6
*** SHOW DOWN ***
AzureCaper: shows [Ac 6s] (a flush, Ace high)
Mustafatyrk: mucks hand
AzureCaper collected $71.50 from pot
*** SUMMARY ***
Total pot $72 | Rake $0.50
Board [Tc 8c Th 2c 3c]
Seat 3: Mustafatyrk (big blind) mucked
Seat 4: AzureCaper (button) (small blind) showed [Ac 6s] and won ($71.50) with a flush, Ace high


PokerStars Hand #156358006515:  Hold'em Limit ($3/$6 USD) - 2016/07/23 18:30:18 ET
Table 'Montefiore' 6-max Seat #3 is the button
Seat 3: Mustafatyrk ($233.50 in chips)
Seat 4: AzureCaper ($121.11 in chips)
Mustafatyrk: posts small blind $1
AzureCaper: posts big blind $3
*** HOLE CARDS ***
Mustafatyrk: raises $3 to $6
AzureCaper: calls $3
*** FLOP *** [8s 5d 9s]
AzureCaper: checks
Mustafatyrk: bets $3
Masqb leaves the table
AzureCaper: folds
Uncalled bet ($3) returned to Mustafatyrk
Mustafatyrk collected $11.76 from pot
Mustafatyrk: doesn't show hand
*** SUMMARY ***
Total pot $12 | Rake $0.24
Board [8s 5d 9s]
Seat 3: Mustafatyrk (button) (small blind) collected ($11.76)
Seat 4: AzureCaper (big blind) folded on the Flop


PokerStars Hand #156358000371:  Hold'em Limit ($3/$6 USD) - 2016/07/23 18:30:08 ET
Table 'Montefiore' 6-max Seat #4 is the button
Seat 3: Mustafatyrk ($221.98 in chips)
Seat 4: AzureCaper ($133.11 in chips)
AzureCaper: posts small blind $1
Masqb: is sitting out
Mustafatyrk: posts big blind $3
*** HOLE CARDS ***
AzureCaper: raises $3 to $6
Mustafatyrk: raises $3 to $9
AzureCaper: calls $3
*** FLOP *** [3h Kd 5c]
Mustafatyrk: bets $3
AzureCaper: calls $3
*** TURN *** [3h Kd 5c] [9s]
Mustafatyrk: bets $6
AzureCaper: folds
Uncalled bet ($6) returned to Mustafatyrk
Mustafatyrk collected $23.52 from pot
Mustafatyrk: doesn't show hand
*** SUMMARY ***
Total pot $24 | Rake $0.48
Board [3h Kd 5c 9s]
Seat 3: Mustafatyrk (big blind) collected ($23.52)
Seat 4: AzureCaper (button) (small blind) folded on the Turn


PokerStars Hand #156358013738:  Hold'em Limit ($3/$6 USD) - 2016/07/23 18:30:29 ET
Table 'Montefiore' 6-max Seat #3 is the button
Seat 3: Mustafatyrk ($240.26 in chips)
Seat 4: AzureCaper ($114.11 in chips)
Mustafatyrk: posts small blind $1
AzureCaper: posts big blind $3
*** HOLE CARDS ***
Mustafatyrk: folds
Uncalled bet ($2) returned to AzureCaper
AzureCaper collected $2 from pot
AzureCaper: doesn't show hand
*** SUMMARY ***
Total pot $2 | Rake $0
Seat 3: Mustafatyrk (button) (small blind) folded before Flop
Seat 4: AzureCaper (big blind) collected ($2)


PokerStars Hand #156358011144:  Hold'em Limit ($3/$6 USD) - 2016/07/23 18:30:25 ET
Table 'Montefiore' 6-max Seat #4 is the button
Seat 3: Mustafatyrk ($239.26 in chips)
Seat 4: AzureCaper ($115.11 in chips)
AzureCaper: posts small blind $1
Mustafatyrk: posts big blind $3
*** HOLE CARDS ***
AzureCaper: folds
Uncalled bet ($2) returned to Mustafatyrk
Mustafatyrk collected $2 from pot
Mustafatyrk: doesn't show hand
*** SUMMARY ***
Total pot $2 | Rake $0
Seat 3: Mustafatyrk (big blind) collected ($2)
Seat 4: AzureCaper (button) (small blind) folded before Flop


PokerStars Hand #156358026389:  Hold'em Limit ($3/$6 USD) - 2016/07/23 18:30:50 ET
Table 'Montefiore' 6-max Seat #3 is the button
Seat 3: Mustafatyrk ($203.26 in chips)
Seat 4: AzureCaper ($150.61 in chips)
Mustafatyrk: posts small blind $1
AzureCaper: posts big blind $3
*** HOLE CARDS ***
Mustafatyrk: raises $3 to $6
AzureCaper: calls $3
*** FLOP *** [7h Tc 6d]
AzureCaper: checks
Mustafatyrk: bets $3
AzureCaper: raises $3 to $6
Mustafatyrk: calls $3
*** TURN *** [7h Tc 6d] [9d]
AzureCaper: bets $6
Mustafatyrk: raises $6 to $12
AzureCaper: raises $6 to $18
Mustafatyrk: calls $6
*** RIVER *** [7h Tc 6d 9d] [Td]
AzureCaper: bets $6
Mustafatyrk: folds
Uncalled bet ($6) returned to AzureCaper
AzureCaper collected $59.50 from pot
AzureCaper: doesn't show hand
*** SUMMARY ***
Total pot $60 | Rake $0.50
Board [7h Tc 6d 9d Td]
Seat 3: Mustafatyrk (button) (small blind) folded on the River
Seat 4: AzureCaper (big blind) collected ($59.50)


PokerStars Hand #156358037019:  Hold'em Limit ($3/$6 USD) - 2016/07/23 18:31:07 ET
Table 'Montefiore' 6-max Seat #4 is the button
Seat 3: Mustafatyrk ($173.26 in chips)
Seat 4: AzureCaper ($180.11 in chips)
AzureCaper: posts small blind $1
Mustafatyrk: posts big blind $3
*** HOLE CARDS ***
AzureCaper: raises $3 to $6
Mustafatyrk: calls $3
*** FLOP *** [Ks 9s 5d]
Mustafatyrk: checks
AzureCaper: bets $3
Mustafatyrk: folds
Uncalled bet ($3) returned to AzureCaper
AzureCaper collected $11.76 from pot
AzureCaper: doesn't show hand
*** SUMMARY ***
Total pot $12 | Rake $0.24
Board [Ks 9s 5d]
Seat 3: Mustafatyrk (big blind) folded on the Flop
Seat 4: AzureCaper (button) (small blind) collected ($11.76)


PokerStars Hand #156358042461:  Hold'em Limit ($3/$6 USD) - 2016/07/23 18:31:16 ET
Table 'Montefiore' 6-max Seat #3 is the button
Seat 3: Mustafatyrk ($167.26 in chips)
Seat 4: AzureCaper ($185.87 in chips)
Mustafatyrk: posts small blind $1
AzureCaper: posts big blind $3
*** HOLE CARDS ***
Mustafatyrk: raises $3 to $6
AzureCaper: folds
Uncalled bet ($3) returned to Mustafatyrk
Mustafatyrk collected $6 from pot
Mustafatyrk: doesn't show hand
*** SUMMARY ***
Total pot $6 | Rake $0
Seat 3: Mustafatyrk (button) (small blind) collected ($6)
Seat 4: AzureCaper (big blind) folded before Flop


PokerStars Hand #156358059208:  Hold'em Limit ($3/$6 USD) - 2016/07/23 18:31:42 ET
Table 'Montefiore' 6-max Seat #3 is the button
Seat 3: Mustafatyrk ($146.26 in chips)
Seat 4: AzureCaper ($206.37 in chips)
Mustafatyrk: posts small blind $1
AzureCaper: posts big blind $3
*** HOLE CARDS ***
Mustafatyrk: folds
Uncalled bet ($2) returned to AzureCaper
AzureCaper collected $2 from pot
AzureCaper: doesn't show hand
*** SUMMARY ***
Total pot $2 | Rake $0
Seat 3: Mustafatyrk (button) (small blind) folded before Flop
Seat 4: AzureCaper (big blind) collected ($2)


PokerStars Hand #156358048075:  Hold'em Limit ($3/$6 USD) - 2016/07/23 18:31:25 ET
Table 'Montefiore' 6-max Seat #4 is the button
Seat 3: Mustafatyrk ($170.26 in chips)
Seat 4: AzureCaper ($182.87 in chips)
AzureCaper: posts small blind $1
Mustafatyrk: posts big blind $3
*** HOLE CARDS ***
AzureCaper: raises $3 to $6
Mustafatyrk: raises $3 to $9
AzureCaper: calls $3
*** FLOP *** [Ah 9c 8d]
Mustafatyrk: bets $3
AzureCaper: calls $3
*** TURN *** [Ah 9c 8d] [6c]
Mustafatyrk: bets $6
AzureCaper: calls $6
*** RIVER *** [Ah 9c 8d 6c] [5s]
Mustafatyrk: checks
AzureCaper: bets $6
Mustafatyrk: calls $6
*** SHOW DOWN ***
AzureCaper: shows [8h 7c] (a straight, Five to Nine)
Mustafatyrk: mucks hand
AzureCaper collected $47.50 from pot
*** SUMMARY ***
Total pot $48 | Rake $0.50
Board [Ah 9c 8d 6c 5s]
Seat 3: Mustafatyrk (big blind) mucked
Seat 4: AzureCaper (button) (small blind) showed [8h 7c] and won ($47.50) with a straight, Five to Nine


PokerStars Hand #156358061970:  Hold'em Limit ($3/$6 USD) - 2016/07/23 18:31:47 ET
Table 'Montefiore' 6-max Seat #4 is the button
Seat 3: Mustafatyrk ($145.26 in chips)
Seat 4: AzureCaper ($207.37 in chips)
AzureCaper: posts small blind $1
Mustafatyrk: posts big blind $3
*** HOLE CARDS ***
AzureCaper: folds
Uncalled bet ($2) returned to Mustafatyrk
Mustafatyrk collected $2 from pot
Mustafatyrk: doesn't show hand
*** SUMMARY ***
Total pot $2 | Rake $0
Seat 3: Mustafatyrk (big blind) collected ($2)
Seat 4: AzureCaper (button) (small blind) folded before Flop


PokerStars Hand #156358066633:  Hold'em Limit ($3/$6 USD) - 2016/07/23 18:31:54 ET
Table 'Montefiore' 6-max Seat #3 is the button
Seat 3: Mustafatyrk ($146.26 in chips)
Seat 4: AzureCaper ($206.37 in chips)
Mustafatyrk: posts small blind $1
AzureCaper: posts big blind $3
*** HOLE CARDS ***
Mustafatyrk: raises $3 to $6
AzureCaper: calls $3
*** FLOP *** [Tc 3s 2d]
AzureCaper: checks
Mustafatyrk: bets $3
AzureCaper: folds
Uncalled bet ($3) returned to Mustafatyrk
Mustafatyrk collected $11.76 from pot
Mustafatyrk: doesn't show hand
*** SUMMARY ***
Total pot $12 | Rake $0.24
Board [Tc 3s 2d]
Seat 3: Mustafatyrk (button) (small blind) collected ($11.76)
Seat 4: AzureCaper (big blind) folded on the Flop


PokerStars Hand #156358088148:  Hold'em Limit ($3/$6 USD) - 2016/07/23 18:32:28 ET
Table 'Montefiore' 6-max Seat #4 is the button
Seat 3: Mustafatyrk ($175.28 in chips)
Seat 4: AzureCaper ($176.37 in chips)
AzureCaper: posts small blind $1
Mustafatyrk: posts big blind $3
*** HOLE CARDS ***
AzureCaper: raises $3 to $6
Mustafatyrk: raises $3 to $9
AzureCaper: calls $3
*** FLOP *** [4s 3h Th]
Mustafatyrk: bets $3
AzureCaper: calls $3
*** TURN *** [4s 3h Th] [2s]
Mustafatyrk: checks
AzureCaper: checks
*** RIVER *** [4s 3h Th 2s] [3c]
Mustafatyrk: bets $6
AzureCaper: calls $6
*** SHOW DOWN ***
Mustafatyrk: shows [As Kh] (a pair of Threes)
AzureCaper: mucks hand
Mustafatyrk collected $35.50 from pot
*** SUMMARY ***
Total pot $36 | Rake $0.50
Board [4s 3h Th 2s 3c]
Seat 3: Mustafatyrk (big blind) showed [As Kh] and won ($35.50) with a pair of Threes
Seat 4: AzureCaper (button) (small blind) mucked


PokerStars Hand #156358072524:  Hold'em Limit ($3/$6 USD) - 2016/07/23 18:32:04 ET
Table 'Montefiore' 6-max Seat #4 is the button
Seat 3: Mustafatyrk ($152.02 in chips)
Seat 4: AzureCaper ($200.37 in chips)
AzureCaper: posts small blind $1
Mustafatyrk: posts big blind $3
*** HOLE CARDS ***
AzureCaper: raises $3 to $6
Mustafatyrk: raises $3 to $9
AzureCaper: calls $3
*** FLOP *** [Js 7s 6s]
Mustafatyrk: bets $3
AzureCaper: calls $3
*** TURN *** [Js 7s 6s] [Qh]
Mustafatyrk: bets $6
AzureCaper: calls $6
*** RIVER *** [Js 7s 6s Qh] [2s]
Mustafatyrk: checks
AzureCaper: checks
*** SHOW DOWN ***
Mustafatyrk: shows [Th 7d] (a pair of Sevens)
AzureCaper: mucks hand
Mustafatyrk collected $35.50 from pot
*** SUMMARY ***
Total pot $36 | Rake $0.50
Board [Js 7s 6s Qh 2s]
Seat 3: Mustafatyrk (big blind) showed [Th 7d] and won ($35.50) with a pair of Sevens
Seat 4: AzureCaper (button) (small blind) mucked


PokerStars Hand #156358082087:  Hold'em Limit ($3/$6 USD) - 2016/07/23 18:32:19 ET
Table 'Montefiore' 6-max Seat #3 is the button
Seat 3: Mustafatyrk ($169.52 in chips)
Seat 4: AzureCaper ($182.37 in chips)
Mustafatyrk: posts small blind $1
AzureCaper: posts big blind $3
*** HOLE CARDS ***
Mustafatyrk: raises $3 to $6
AzureCaper: calls $3
*** FLOP *** [Kc Kh 2h]
AzureCaper: checks
Mustafatyrk: bets $3
AzureCaper: folds
Uncalled bet ($3) returned to Mustafatyrk
Mustafatyrk collected $11.76 from pot
Mustafatyrk: doesn't show hand
*** SUMMARY ***
Total pot $12 | Rake $0.24
Board [Kc Kh 2h]
Seat 3: Mustafatyrk (button) (small blind) collected ($11.76)
Seat 4: AzureCaper (big blind) folded on the Flop


PokerStars Hand #156358107079:  Hold'em Limit ($3/$6 USD) - 2016/07/23 18:32:59 ET
Table 'Montefiore' 6-max Seat #4 is the button
Seat 3: Mustafatyrk ($195.78 in chips)
Seat 4: AzureCaper ($155.37 in chips)
AzureCaper: posts small blind $1
Mustafatyrk: posts big blind $3
*** HOLE CARDS ***
AzureCaper: raises $3 to $6
Mustafatyrk: calls $3
*** FLOP *** [9c Qd 7d]
Mustafatyrk: checks
AzureCaper: bets $3
Mustafatyrk: folds
Uncalled bet ($3) returned to AzureCaper
AzureCaper collected $11.76 from pot
AzureCaper: doesn't show hand
*** SUMMARY ***
Total pot $12 | Rake $0.24
Board [9c Qd 7d]
Seat 3: Mustafatyrk (big blind) folded on the Flop
Seat 4: AzureCaper (button) (small blind) collected ($11.76)


PokerStars Hand #156358103309:  Hold'em Limit ($3/$6 USD) - 2016/07/23 18:32:53 ET
Table 'Montefiore' 6-max Seat #3 is the button
Seat 3: Mustafatyrk ($192.78 in chips)
Seat 4: AzureCaper ($158.37 in chips)
Mustafatyrk: posts small blind $1
AzureCaper: posts big blind $3
*** HOLE CARDS ***
Mustafatyrk: raises $3 to $6
AzureCaper: folds
Uncalled bet ($3) returned to Mustafatyrk
Mustafatyrk collected $6 from pot
Mustafatyrk: doesn't show hand
*** SUMMARY ***
Total pot $6 | Rake $0
Seat 3: Mustafatyrk (button) (small blind) collected ($6)
Seat 4: AzureCaper (big blind) folded before Flop


PokerStars Hand #156358112206:  Hold'em Limit ($3/$6 USD) - 2016/07/23 18:33:07 ET
Table 'Montefiore' 6-max Seat #3 is the button
Seat 3: Mustafatyrk ($189.78 in chips)
Seat 4: AzureCaper ($161.13 in chips)
Mustafatyrk: posts small blind $1
AzureCaper: posts big blind $3
*** HOLE CARDS ***
Mustafatyrk: folds
Uncalled bet ($2) returned to AzureCaper
AzureCaper collected $2 from pot
*** SUMMARY ***
Total pot $2 | Rake $0
Seat 3: Mustafatyrk (button) (small blind) folded before Flop
Seat 4: AzureCaper (big blind) collected ($2)


PokerStars Hand #156358115444:  Hold'em Limit ($3/$6 USD) - 2016/07/23 18:33:11 ET
Table 'Montefiore' 6-max Seat #4 is the button
Seat 3: Mustafatyrk ($188.78 in chips)
Seat 4: AzureCaper ($162.13 in chips)
AzureCaper: posts small blind $1
Mustafatyrk: posts big blind $3
*** HOLE CARDS ***
AzureCaper: raises $3 to $6
Mustafatyrk: raises $3 to $9
AzureCaper: calls $3
*** FLOP *** [Ts 5d 4d]
Mustafatyrk: bets $3
AzureCaper: calls $3
*** TURN *** [Ts 5d 4d] [5h]
Mustafatyrk: bets $6
AzureCaper: folds
Uncalled bet ($6) returned to Mustafatyrk
Mustafatyrk collected $23.52 from pot
Mustafatyrk: doesn't show hand
*** SUMMARY ***
Total pot $24 | Rake $0.48
Board [Ts 5d 4d 5h]
Seat 3: Mustafatyrk (big blind) collected ($23.52)
Seat 4: AzureCaper (button) (small blind) folded on the Turn


PokerStars Hand #156358127712:  Hold'em Limit ($3/$6 USD) - 2016/07/23 18:33:31 ET
Table 'Montefiore' 6-max Seat #4 is the button
Seat 3: Mustafatyrk ($206.06 in chips)
Seat 4: AzureCaper ($144.13 in chips)
AzureCaper: posts small blind $1
Mustafatyrk: posts big blind $3
*** HOLE CARDS ***
AzureCaper: raises $3 to $6
Mustafatyrk: calls $3
*** FLOP *** [Qh 5h Jd]
Mustafatyrk: checks
AzureCaper: bets $3
Mustafatyrk: folds
Uncalled bet ($3) returned to AzureCaper
AzureCaper collected $11.76 from pot
AzureCaper: doesn't show hand
*** SUMMARY ***
Total pot $12 | Rake $0.24
Board [Qh 5h Jd]
Seat 3: Mustafatyrk (big blind) folded on the Flop
Seat 4: AzureCaper (button) (small blind) collected ($11.76)


PokerStars Hand #156358122802:  Hold'em Limit ($3/$6 USD) - 2016/07/23 18:33:23 ET
Table 'Montefiore' 6-max Seat #3 is the button
Seat 3: Mustafatyrk ($200.30 in chips)
Seat 4: AzureCaper ($150.13 in chips)
Mustafatyrk: posts small blind $1
AzureCaper: posts big blind $3
*** HOLE CARDS ***
Mustafatyrk: raises $3 to $6
AzureCaper: calls $3
*** FLOP *** [Td Qs 2d]
AzureCaper: checks
Mustafatyrk: bets $3
AzureCaper: folds
Uncalled bet ($3) returned to Mustafatyrk
Mustafatyrk collected $11.76 from pot
Mustafatyrk: doesn't show hand
*** SUMMARY ***
Total pot $12 | Rake $0.24
Board [Td Qs 2d]
Seat 3: Mustafatyrk (button) (small blind) collected ($11.76)
Seat 4: AzureCaper (big blind) folded on the Flop


PokerStars Hand #156358132083:  Hold'em Limit ($3/$6 USD) - 2016/07/23 18:33:38 ET
Table 'Montefiore' 6-max Seat #3 is the button
Seat 3: Mustafatyrk ($200.06 in chips)
Seat 4: AzureCaper ($149.89 in chips)
Mustafatyrk: posts small blind $1
AzureCaper: posts big blind $3
*** HOLE CARDS ***
Mustafatyrk: folds
Uncalled bet ($2) returned to AzureCaper
AzureCaper collected $2 from pot
AzureCaper: doesn't show hand
*** SUMMARY ***
Total pot $2 | Rake $0
Seat 3: Mustafatyrk (button) (small blind) folded before Flop
Seat 4: AzureCaper (big blind) collected ($2)


PokerStars Hand #156358135089:  Hold'em Limit ($3/$6 USD) - 2016/07/23 18:33:42 ET
Table 'Montefiore' 6-max Seat #4 is the button
Seat 3: Mustafatyrk ($199.06 in chips)
Seat 4: AzureCaper ($150.89 in chips)
AzureCaper: posts small blind $1
Mustafatyrk: posts big blind $3
*** HOLE CARDS ***
AzureCaper: raises $3 to $6
Mustafatyrk: calls $3
*** FLOP *** [3s Ah Ac]
Mustafatyrk: checks
AzureCaper: bets $3
Mustafatyrk: calls $3
*** TURN *** [3s Ah Ac] [8s]
Mustafatyrk: checks
AzureCaper: bets $6
Mustafatyrk: calls $6
*** RIVER *** [3s Ah Ac 8s] [Qh]
Mustafatyrk: checks
AzureCaper: bets $6
Mustafatyrk: calls $6
*** SHOW DOWN ***
AzureCaper: shows [8h Ks] (two pair, Aces and Eights)
Mustafatyrk: mucks hand
AzureCaper collected $41.50 from pot
*** SUMMARY ***
Total pot $42 | Rake $0.50
Board [3s Ah Ac 8s Qh]
Seat 3: Mustafatyrk (big blind) mucked
Seat 4: AzureCaper (button) (small blind) showed [8h Ks] and won ($41.50) with two pair, Aces and Eights


PokerStars Hand #156358152414:  Hold'em Limit ($3/$6 USD) - 2016/07/23 18:34:09 ET
Table 'Montefiore' 6-max Seat #4 is the button
Seat 3: Mustafatyrk ($177.06 in chips)
Seat 4: AzureCaper ($172.39 in chips)
AzureCaper: posts small blind $1
Mustafatyrk: posts big blind $3
*** HOLE CARDS ***
AzureCaper: raises $3 to $6
Mustafatyrk: calls $3
*** FLOP *** [Kh 8s 4s]
Mustafatyrk: checks
AzureCaper: bets $3
Mustafatyrk: folds
Uncalled bet ($3) returned to AzureCaper
AzureCaper collected $11.76 from pot
AzureCaper: doesn't show hand
*** SUMMARY ***
Total pot $12 | Rake $0.24
Board [Kh 8s 4s]
Seat 3: Mustafatyrk (big blind) folded on the Flop
Seat 4: AzureCaper (button) (small blind) collected ($11.76)


PokerStars Hand #156358149254:  Hold'em Limit ($3/$6 USD) - 2016/07/23 18:34:04 ET
Table 'Montefiore' 6-max Seat #3 is the button
Seat 3: Mustafatyrk ($178.06 in chips)
Seat 4: AzureCaper ($171.39 in chips)
Mustafatyrk: posts small blind $1
AzureCaper: posts big blind $3
*** HOLE CARDS ***
Mustafatyrk: folds
Uncalled bet ($2) returned to AzureCaper
AzureCaper collected $2 from pot
AzureCaper: doesn't show hand
*** SUMMARY ***
Total pot $2 | Rake $0
Seat 3: Mustafatyrk (button) (small blind) folded before Flop
Seat 4: AzureCaper (big blind) collected ($2)


PokerStars Hand #156358157612:  Hold'em Limit ($3/$6 USD) - 2016/07/23 18:34:17 ET
Table 'Montefiore' 6-max Seat #3 is the button
Seat 3: Mustafatyrk ($171.06 in chips)
Seat 4: AzureCaper ($178.15 in chips)
Mustafatyrk: posts small blind $1
AzureCaper: posts big blind $3
*** HOLE CARDS ***
Mustafatyrk: raises $3 to $6
AzureCaper: raises $3 to $9
Mustafatyrk: calls $3
*** FLOP *** [Tc Kh 3c]
AzureCaper: bets $3
Mustafatyrk: raises $3 to $6
AzureCaper: raises $3 to $9
Mustafatyrk: calls $3
*** TURN *** [Tc Kh 3c] [7c]
AzureCaper: bets $6
Mustafatyrk: folds
Uncalled bet ($6) returned to AzureCaper
AzureCaper collected $35.50 from pot
AzureCaper: doesn't show hand
*** SUMMARY ***
Total pot $36 | Rake $0.50
Board [Tc Kh 3c 7c]
Seat 3: Mustafatyrk (button) (small blind) folded on the Turn
Seat 4: AzureCaper (big blind) collected ($35.50)


PokerStars Hand #156358165075:  Hold'em Limit ($3/$6 USD) - 2016/07/23 18:34:29 ET
Table 'Montefiore' 6-max Seat #4 is the button
Seat 3: Mustafatyrk ($153.06 in chips)
Seat 4: AzureCaper ($195.65 in chips)
AzureCaper: posts small blind $1
Mustafatyrk: posts big blind $3
*** HOLE CARDS ***
AzureCaper: raises $3 to $6
Mustafatyrk: calls $3
*** FLOP *** [7s Kc 9d]
Mustafatyrk: checks
AzureCaper: bets $3
Mustafatyrk: calls $3
*** TURN *** [7s Kc 9d] [5c]
Mustafatyrk: checks
AzureCaper: bets $6
Mustafatyrk: calls $6
*** RIVER *** [7s Kc 9d 5c] [7c]
Mustafatyrk: checks
AzureCaper: bets $6
Mustafatyrk: raises $6 to $12
AzureCaper: folds
Uncalled bet ($6) returned to Mustafatyrk
Mustafatyrk collected $41.50 from pot
Mustafatyrk: doesn't show hand
*** SUMMARY ***
Total pot $42 | Rake $0.50
Board [7s Kc 9d 5c 7c]
Seat 3: Mustafatyrk (big blind) collected ($41.50)
Seat 4: AzureCaper (button) (small blind) folded on the River


PokerStars Hand #156358175123:  Hold'em Limit ($3/$6 USD) - 2016/07/23 18:34:44 ET
Table 'Montefiore' 6-max Seat #3 is the button
Seat 3: Mustafatyrk ($173.56 in chips)
Seat 4: AzureCaper ($174.65 in chips)
Mustafatyrk: posts small blind $1
AzureCaper: posts big blind $3
*** HOLE CARDS ***
Mustafatyrk: raises $3 to $6
AzureCaper: calls $3
*** FLOP *** [Js 7h 2s]
AzureCaper: bets $3
Mustafatyrk: calls $3
*** TURN *** [Js 7h 2s] [Tc]
AzureCaper: checks
Mustafatyrk: bets $6
AzureCaper: calls $6
*** RIVER *** [Js 7h 2s Tc] [4c]
AzureCaper: checks
Mustafatyrk: bets $6
AzureCaper: folds
Uncalled bet ($6) returned to Mustafatyrk
Mustafatyrk collected $29.50 from pot
Mustafatyrk: doesn't show hand
*** SUMMARY ***
Total pot $30 | Rake $0.50
Board [Js 7h 2s Tc 4c]
Seat 3: Mustafatyrk (button) (small blind) collected ($29.50)
Seat 4: AzureCaper (big blind) folded on the River


PokerStars Hand #156358189852:  Hold'em Limit ($3/$6 USD) - 2016/07/23 18:35:06 ET
Table 'Montefiore' 6-max Seat #4 is the button
Seat 3: Mustafatyrk ($188.06 in chips)
Seat 4: AzureCaper ($159.65 in chips)
AzureCaper: posts small blind $1
Mustafatyrk: posts big blind $3
*** HOLE CARDS ***
AzureCaper: folds
Uncalled bet ($2) returned to Mustafatyrk
Mustafatyrk collected $2 from pot
Mustafatyrk: doesn't show hand
*** SUMMARY ***
Total pot $2 | Rake $0
Seat 3: Mustafatyrk (big blind) collected ($2)
Seat 4: AzureCaper (button) (small blind) folded before Flop


PokerStars Hand #156358207548:  Hold'em Limit ($3/$6 USD) - 2016/07/23 18:35:34 ET
Table 'Montefiore' 6-max Seat #3 is the button
Seat 3: Mustafatyrk ($175.06 in chips)
Seat 4: AzureCaper ($172.15 in chips)
Mustafatyrk: posts small blind $1
AzureCaper: posts big blind $3
*** HOLE CARDS ***
Mustafatyrk: raises $3 to $6
AzureCaper: raises $3 to $9
Mustafatyrk: calls $3
*** FLOP *** [Kh 3h Js]
AzureCaper: bets $3
Mustafatyrk: calls $3
*** TURN *** [Kh 3h Js] [4h]
AzureCaper: checks
Mustafatyrk: bets $6
IzGulaga joins the table at seat #6
AzureCaper: folds
Uncalled bet ($6) returned to Mustafatyrk
Mustafatyrk collected $23.52 from pot
Mustafatyrk: doesn't show hand
*** SUMMARY ***
Total pot $24 | Rake $0.48
Board [Kh 3h Js 4h]
Seat 3: Mustafatyrk (button) (small blind) collected ($23.52)
Seat 4: AzureCaper (big blind) folded on the Turn


PokerStars Hand #156358204812:  Hold'em Limit ($3/$6 USD) - 2016/07/23 18:35:30 ET
Table 'Montefiore' 6-max Seat #4 is the button
Seat 3: Mustafatyrk ($174.06 in chips)
Seat 4: AzureCaper ($173.15 in chips)
AzureCaper: posts small blind $1
Mustafatyrk: posts big blind $3
*** HOLE CARDS ***
AzureCaper: folds
Uncalled bet ($2) returned to Mustafatyrk
Mustafatyrk collected $2 from pot
Mustafatyrk: doesn't show hand
*** SUMMARY ***
Total pot $2 | Rake $0
Seat 3: Mustafatyrk (big blind) collected ($2)
Seat 4: AzureCaper (button) (small blind) folded before Flop


PokerStars Hand #156358192968:  Hold'em Limit ($3/$6 USD) - 2016/07/23 18:35:11 ET
Table 'Montefiore' 6-max Seat #3 is the button
Seat 3: Mustafatyrk ($189.06 in chips)
Seat 4: AzureCaper ($158.65 in chips)
Mustafatyrk: posts small blind $1
AzureCaper: posts big blind $3
*** HOLE CARDS ***
Mustafatyrk: raises $3 to $6
AzureCaper: calls $3
*** FLOP *** [5d 3s 9s]
AzureCaper: checks
Mustafatyrk: bets $3
AzureCaper: raises $3 to $6
Mustafatyrk: raises $3 to $9
AzureCaper: calls $3
*** TURN *** [5d 3s 9s] [Th]
AzureCaper: checks
Mustafatyrk: checks
*** RIVER *** [5d 3s 9s Th] [7d]
AzureCaper: checks
Mustafatyrk: checks
*** SHOW DOWN ***
AzureCaper: shows [5c Kc] (a pair of Fives)
Mustafatyrk: mucks hand
AzureCaper collected $29.50 from pot
*** SUMMARY ***
Total pot $30 | Rake $0.50
Board [5d 3s 9s Th 7d]
Seat 3: Mustafatyrk (button) (small blind) mucked
Seat 4: AzureCaper (big blind) showed [5c Kc] and won ($29.50) with a pair of Fives


PokerStars Hand #156359383609:  Hold'em Limit ($3/$6 USD) - 2016/07/23 19:09:11 ET
Table 'Montefiore' 6-max Seat #2 is the button
Seat 2: Chessnok ($116.74 in chips)
Seat 4: AzureCaper ($285.78 in chips)
Chessnok: posts small blind $1
AzureCaper: posts big blind $3
*** HOLE CARDS ***
Chessnok: raises $3 to $6
AzureCaper: folds
Uncalled bet ($3) returned to Chessnok
Chessnok collected $6 from pot
Chessnok: doesn't show hand
*** SUMMARY ***
Total pot $6 | Rake $0
Seat 2: Chessnok (button) (small blind) collected ($6)
Seat 4: AzureCaper (big blind) folded before Flop


