PokerStars Hand #174408269950:  Hold'em Limit ($3/$6 USD) - 2017/08/16 12:10:41 ET
Table 'Montana' 6-max Seat #1 is the button
Seat 1: vestimokrec ($120 in chips)
Seat 6: apx0surry9 ($81.37 in chips)
vestimokrec: posts small blind $1
B_loJkl: is sitting out
B_loJkl leaves the table
apx0surry9: posts big blind $3
*** HOLE CARDS ***
B_loJkl joins the table at seat #2
vestimokrec: raises $3 to $6
Psynto leaves the table
apx0surry9: folds
Uncalled bet ($3) returned to vestimokrec
vestimokrec collected $6 from pot
vestimokrec: doesn't show hand
*** SUMMARY ***
Total pot $6 | Rake $0
Seat 1: vestimokrec (button) (small blind) collected ($6)
Seat 6: apx0surry9 (big blind) folded before Flop


PokerStars Hand #174408290955:  Hold'em Limit ($3/$6 USD) - 2017/08/16 12:11:16 ET
Table 'Montana' 6-max Seat #6 is the button
Seat 1: vestimokrec ($123 in chips)
Seat 6: apx0surry9 ($78.37 in chips)
apx0surry9: posts small blind $1
vestimokrec: posts big blind $3
*** HOLE CARDS ***
apx0surry9: folds
Uncalled bet ($2) returned to vestimokrec
vestimokrec collected $2 from pot
vestimokrec: doesn't show hand
*** SUMMARY ***
Total pot $2 | Rake $0
Seat 1: vestimokrec (big blind) collected ($2)
Seat 6: apx0surry9 (button) (small blind) folded before Flop


PokerStars Hand #174412510758:  Hold'em Limit ($3/$6 USD) - 2017/08/16 14:01:38 ET
Table 'Montana' 6-max Seat #1 is the button
Seat 1: Longstaaf ($95.07 in chips)
Seat 3: F1l1p3 ($230.07 in chips)
vestimokrec will be allowed to play after the button
ToDaFelt will be allowed to play after the button
Longstaaf: posts small blind $1
B_loJkl: is sitting out
F1l1p3: posts big blind $3
*** HOLE CARDS ***
Longstaaf: calls $2
F1l1p3: raises $3 to $6
Longstaaf: calls $3
*** FLOP *** [Jd Qd 6h]
F1l1p3: bets $3
Longstaaf: folds
Uncalled bet ($3) returned to F1l1p3
F1l1p3 collected $11.76 from pot
*** SUMMARY ***
Total pot $12 | Rake $0.24
Board [Jd Qd 6h]
Seat 1: Longstaaf (button) (small blind) folded on the Flop
Seat 3: F1l1p3 (big blind) collected ($11.76)


PokerStars Hand #174412592733:  Hold'em Limit ($3/$6 USD) - 2017/08/16 14:03:39 ET
Table 'Montana' 6-max Seat #4 is the button
Seat 3: F1l1p3 ($237.29 in chips)
Seat 4: vestimokrec ($69.82 in chips)
vestimokrec: posts small blind $1
ToDaFelt: is sitting out
F1l1p3: posts big blind $3
*** HOLE CARDS ***
vestimokrec: raises $3 to $6
ToDaFelt leaves the table
F1l1p3: calls $3
*** FLOP *** [8h Jd Qc]
F1l1p3: checks
Longstaaf leaves the table
vestimokrec: bets $3
F1l1p3: folds
Uncalled bet ($3) returned to vestimokrec
vestimokrec collected $11.76 from pot
vestimokrec: doesn't show hand
*** SUMMARY ***
Total pot $12 | Rake $0.24
Board [8h Jd Qc]
Seat 3: F1l1p3 (big blind) folded on the Flop
Seat 4: vestimokrec (button) (small blind) collected ($11.76)


PokerStars Hand #174412912496:  Hold'em Limit ($3/$6 USD) - 2017/08/16 14:11:21 ET
Table 'Montana' 6-max Seat #5 is the button
Seat 1: vestimokrec ($120 in chips)
Seat 5: zimin10 ($72 in chips)
zimin10: posts small blind $1
vestimokrec: posts big blind $3
*** HOLE CARDS ***
zimin10: raises $3 to $6
vestimokrec: calls $3
*** FLOP *** [6d 7h 6c]
vestimokrec: checks
zimin10: bets $3
vestimokrec: raises $3 to $6
zimin10: calls $3
*** TURN *** [6d 7h 6c] [Qc]
vestimokrec: bets $6
ToDaFelt joins the table at seat #2
zimin10: calls $6
*** RIVER *** [6d 7h 6c Qc] [Qs]
vestimokrec: bets $6
zimin10: calls $6
*** SHOW DOWN ***
vestimokrec: shows [Qd 8s] (a full house, Queens full of Sixes)
zimin10: mucks hand
vestimokrec collected $47.50 from pot
*** SUMMARY ***
Total pot $48 | Rake $0.50
Board [6d 7h 6c Qc Qs]
Seat 1: vestimokrec (big blind) showed [Qd 8s] and won ($47.50) with a full house, Queens full of Sixes
Seat 5: zimin10 (button) (small blind) mucked


PokerStars Hand #174414776791:  Hold'em Limit ($3/$6 USD) - 2017/08/16 14:54:51 ET
Table 'Montana' 6-max Seat #2 is the button
Seat 2: ToDaFelt ($115.42 in chips)
Seat 6: B_loJkl ($133 in chips)
ToDaFelt: posts small blind $1
Longstaaf: is sitting out
B_loJkl: posts big blind $3
*** HOLE CARDS ***
ToDaFelt: raises $3 to $6
B_loJkl: raises $3 to $9
Longstaaf leaves the table
ToDaFelt: calls $3
*** FLOP *** [9d 8c 5d]
B_loJkl: bets $3
ToDaFelt: calls $3
*** TURN *** [9d 8c 5d] [2s]
B_loJkl: bets $6
ToDaFelt: calls $6
*** RIVER *** [9d 8c 5d 2s] [Jd]
B_loJkl: bets $6
ToDaFelt: folds
Uncalled bet ($6) returned to B_loJkl
B_loJkl collected $35.50 from pot
B_loJkl: doesn't show hand
*** SUMMARY ***
Total pot $36 | Rake $0.50
Board [9d 8c 5d 2s Jd]
Seat 2: ToDaFelt (button) (small blind) folded on the River
Seat 6: B_loJkl (big blind) collected ($35.50)


