PokerStars Hand #175651855973:  Hold'em Limit ($3/$6 USD) - 2017/09/14 18:33:05 ET
Table 'Montague' 6-max Seat #3 is the button
Seat 3: partyalex92 ($64.82 in chips)
Seat 4: Actionni13 ($150 in chips)
partyalex92: posts small blind $1
Actionni13: posts big blind $3
*** HOLE CARDS ***
partyalex92: calls $2
Actionni13: raises $3 to $6
partyalex92: calls $3
*** FLOP *** [8s 6c 7c]
Actionni13: bets $3
partyalex92: calls $3
*** TURN *** [8s 6c 7c] [Ks]
Actionni13: bets $6
partyalex92: calls $6
*** RIVER *** [8s 6c 7c Ks] [Qd]
Actionni13: bets $6
partyalex92: calls $6
*** SHOW DOWN ***
Actionni13: shows [Kc Kd] (three of a kind, Kings)
partyalex92: mucks hand
Actionni13 collected $41.50 from pot
*** SUMMARY ***
Total pot $42 | Rake $0.50
Board [8s 6c 7c Ks Qd]
Seat 3: partyalex92 (button) (small blind) mucked
Seat 4: Actionni13 (big blind) showed [Kc Kd] and won ($41.50) with three of a kind, Kings


PokerStars Hand #175651867965:  Hold'em Limit ($3/$6 USD) - 2017/09/14 18:33:23 ET
Table 'Montague' 6-max Seat #4 is the button
Seat 3: partyalex92 ($43.82 in chips)
Seat 4: Actionni13 ($170.50 in chips)
Actionni13: posts small blind $1
partyalex92: posts big blind $3
*** HOLE CARDS ***
Actionni13: raises $3 to $6
partyalex92: calls $3
*** FLOP *** [8d Kh Jh]
partyalex92: checks
Actionni13: bets $3
partyalex92: calls $3
*** TURN *** [8d Kh Jh] [2d]
partyalex92: checks
Actionni13: checks
*** RIVER *** [8d Kh Jh 2d] [Ts]
partyalex92: bets $6
Actionni13: folds
Uncalled bet ($6) returned to partyalex92
partyalex92 collected $17.64 from pot
*** SUMMARY ***
Total pot $18 | Rake $0.36
Board [8d Kh Jh 2d Ts]
Seat 3: partyalex92 (big blind) collected ($17.64)
Seat 4: Actionni13 (button) (small blind) folded on the River


PokerStars Hand #175651885427:  Hold'em Limit ($3/$6 USD) - 2017/09/14 18:33:49 ET
Table 'Montague' 6-max Seat #3 is the button
Seat 3: partyalex92 ($52.46 in chips)
Seat 4: Actionni13 ($161.50 in chips)
partyalex92: posts small blind $1
Actionni13: posts big blind $3
*** HOLE CARDS ***
partyalex92: raises $3 to $6
Actionni13: raises $3 to $9
partyalex92: calls $3
*** FLOP *** [2c 8d 2d]
Actionni13: bets $3
partyalex92: calls $3
*** TURN *** [2c 8d 2d] [Th]
Actionni13: bets $6
partyalex92: calls $6
*** RIVER *** [2c 8d 2d Th] [Qd]
Actionni13: bets $6
mitko1717 joins the table at seat #6
partyalex92: calls $6
*** SHOW DOWN ***
Actionni13: shows [Tc As] (two pair, Tens and Deuces)
partyalex92: mucks hand
Actionni13 collected $47.50 from pot
*** SUMMARY ***
Total pot $48 | Rake $0.50
Board [2c 8d 2d Th Qd]
Seat 3: partyalex92 (button) (small blind) mucked
Seat 4: Actionni13 (big blind) showed [Tc As] and won ($47.50) with two pair, Tens and Deuces


PokerStars Hand #175651983050:  Hold'em Limit ($3/$6 USD) - 2017/09/14 18:36:17 ET
Table 'Montague' 6-max Seat #4 is the button
Seat 3: partyalex92 ($43.67 in chips)
Seat 4: Actionni13 ($196.29 in chips)
Actionni13: posts small blind $1
partyalex92: posts big blind $3
*** HOLE CARDS ***
Actionni13: raises $3 to $6
partyalex92: calls $3
*** FLOP *** [7h 7s 4d]
partyalex92: bets $3
mitko1717 leaves the table
Actionni13: calls $3
*** TURN *** [7h 7s 4d] [Tc]
partyalex92: bets $6
Actionni13: folds
Uncalled bet ($6) returned to partyalex92
partyalex92 collected $17.64 from pot
*** SUMMARY ***
Total pot $18 | Rake $0.36
Board [7h 7s 4d Tc]
Seat 3: partyalex92 (big blind) collected ($17.64)
Seat 4: Actionni13 (button) (small blind) folded on the Turn


PokerStars Hand #175651991673:  Hold'em Limit ($3/$6 USD) - 2017/09/14 18:36:30 ET
Table 'Montague' 6-max Seat #3 is the button
Seat 3: partyalex92 ($52.31 in chips)
Seat 4: Actionni13 ($187.29 in chips)
partyalex92: posts small blind $1
Actionni13: posts big blind $3
*** HOLE CARDS ***
partyalex92: raises $3 to $6
Actionni13: folds
Uncalled bet ($3) returned to partyalex92
partyalex92 collected $6 from pot
belik555 joins the table at seat #5
*** SUMMARY ***
Total pot $6 | Rake $0
Seat 3: partyalex92 (button) (small blind) collected ($6)
Seat 4: Actionni13 (big blind) folded before Flop


