PokerStars Hand #161241729367:  Hold'em Limit ($3/$6 USD) - 2016/11/11 12:12:58 ET
Table 'Montague' 6-max Seat #3 is the button
Seat 1: MMM 22666 ($68.73 in chips)
Seat 3: MTails ($125.37 in chips)
MTails: posts small blind $1
Pelurile: is sitting out
MMM 22666: posts big blind $3
*** HOLE CARDS ***
MTails: raises $3 to $6
MMM 22666: calls $3
*** FLOP *** [7s 7c Qd]
MMM 22666: checks
MTails: checks
*** TURN *** [7s 7c Qd] [Tc]
MMM 22666: checks
MTails: checks
*** RIVER *** [7s 7c Qd Tc] [2c]
MMM 22666: bets $6
MTails: calls $6
*** SHOW DOWN ***
MMM 22666: shows [3s 4d] (a pair of Sevens)
MTails: shows [Jh Jd] (two pair, Jacks and Sevens)
MTails collected $23.52 from pot
*** SUMMARY ***
Total pot $24 | Rake $0.48
Board [7s 7c Qd Tc 2c]
Seat 1: MMM 22666 (big blind) showed [3s 4d] and lost with a pair of Sevens
Seat 3: MTails (button) (small blind) showed [Jh Jd] and won ($23.52) with two pair, Jacks and Sevens


PokerStars Hand #161241762097:  Hold'em Limit ($3/$6 USD) - 2016/11/11 12:13:41 ET
Table 'Montague' 6-max Seat #1 is the button
Seat 1: MMM 22666 ($70.23 in chips)
Seat 3: MTails ($122.89 in chips)
MMM 22666: posts small blind $1
MTails: posts big blind $3
*** HOLE CARDS ***
MMM 22666: calls $2
MTails: raises $3 to $6
oregordog joins the table at seat #5
MMM 22666: calls $3
*** FLOP *** [2c Jd 3h]
MTails: bets $3
MMM 22666: calls $3
*** TURN *** [2c Jd 3h] [3c]
MTails: bets $6
MMM 22666: calls $6
*** RIVER *** [2c Jd 3h 3c] [Kc]
vestimokrec joins the table at seat #6
MTails: bets $6
MMM 22666: calls $6
*** SHOW DOWN ***
MTails: shows [3d 5s] (three of a kind, Threes)
MMM 22666: mucks hand
MTails collected $41.50 from pot
*** SUMMARY ***
Total pot $42 | Rake $0.50
Board [2c Jd 3h 3c Kc]
Seat 1: MMM 22666 (button) (small blind) mucked
Seat 3: MTails (big blind) showed [3d 5s] and won ($41.50) with three of a kind, Threes


PokerStars Hand #161241749156:  Hold'em Limit ($3/$6 USD) - 2016/11/11 12:13:24 ET
Table 'Montague' 6-max Seat #3 is the button
Seat 1: MMM 22666 ($55.73 in chips)
Seat 3: MTails ($137.89 in chips)
MTails: posts small blind $1
MMM 22666: posts big blind $3
*** HOLE CARDS ***
MTails: raises $3 to $6
MMM 22666: calls $3
*** FLOP *** [8s 3d Jc]
MMM 22666: checks
MTails: bets $3
MMM 22666: calls $3
*** TURN *** [8s 3d Jc] [9s]
MMM 22666: checks
MTails: checks
*** RIVER *** [8s 3d Jc 9s] [4c]
vestimokrec leaves the table
MMM 22666: bets $6
MTails: calls $6
*** SHOW DOWN ***
MMM 22666: shows [8d Td] (a pair of Eights)
MTails: mucks hand
MMM 22666 collected $29.50 from pot
*** SUMMARY ***
Total pot $30 | Rake $0.50
Board [8s 3d Jc 9s 4c]
Seat 1: MMM 22666 (big blind) showed [8d Td] and won ($29.50) with a pair of Eights
Seat 3: MTails (button) (small blind) mucked


PokerStars Hand #161241745699:  Hold'em Limit ($3/$6 USD) - 2016/11/11 12:13:19 ET
Table 'Montague' 6-max Seat #1 is the button
Seat 1: MMM 22666 ($56.73 in chips)
Seat 3: MTails ($136.89 in chips)
MMM 22666: posts small blind $1
MTails: posts big blind $3
*** HOLE CARDS ***
MMM 22666: folds
Uncalled bet ($2) returned to MTails
MTails collected $2 from pot
MTails: doesn't show hand
*** SUMMARY ***
Total pot $2 | Rake $0
Seat 1: MMM 22666 (button) (small blind) folded before Flop
Seat 3: MTails (big blind) collected ($2)


PokerStars Hand #161242597818:  Hold'em Limit ($3/$6 USD) - 2016/11/11 12:31:44 ET
Table 'Montague' 6-max Seat #6 is the button
Seat 5: oregordog ($20.44 in chips)
Seat 6: vestimokrec ($215.10 in chips)
vestimokrec: posts small blind $1
assitoni: is sitting out
oregordog: posts big blind $3
*** HOLE CARDS ***
vestimokrec: raises $3 to $6
oregordog: calls $3
*** FLOP *** [5s Ad Ah]
oregordog: checks
vestimokrec: bets $3
oregordog: folds
Uncalled bet ($3) returned to vestimokrec
vestimokrec collected $11.76 from pot
vestimokrec: doesn't show hand
*** SUMMARY ***
Total pot $12 | Rake $0.24
Board [5s Ad Ah]
Seat 5: oregordog (big blind) folded on the Flop
Seat 6: vestimokrec (button) (small blind) collected ($11.76)


