PokerStars Hand #146468695641:  Hold'em Limit ($3/$6 USD) - 2016/01/04 15:32:58 ET
Table 'Montefiore II' 6-max Seat #3 is the button
Seat 3: ROCK2010 ($88.46 in chips)
Seat 4: LolDnkaments ($111.21 in chips)
ROCK2010: posts small blind $1
LolDnkaments: posts big blind $3
*** HOLE CARDS ***
ROCK2010: folds
Uncalled bet ($2) returned to LolDnkaments
LolDnkaments collected $2 from pot
LolDnkaments: doesn't show hand
*** SUMMARY ***
Total pot $2 | Rake $0
Seat 3: ROCK2010 (button) (small blind) folded before Flop
Seat 4: LolDnkaments (big blind) collected ($2)


PokerStars Hand #146468659652:  Hold'em Limit ($3/$6 USD) - 2016/01/04 15:32:25 ET
Table 'Montefiore II' 6-max Seat #3 is the button
Seat 3: ROCK2010 ($79.94 in chips)
Seat 4: LolDnkaments ($120.21 in chips)
ROCK2010: posts small blind $1
LolDnkaments: posts big blind $3
*** HOLE CARDS ***
ROCK2010: raises $3 to $6
LolDnkaments: raises $3 to $9
ROCK2010: calls $3
*** FLOP *** [7c Js 4s]
LolDnkaments: bets $3
ROCK2010: calls $3
*** TURN *** [7c Js 4s] [3s]
LolDnkaments: checks
ROCK2010: checks
*** RIVER *** [7c Js 4s 3s] [5h]
LolDnkaments: checks
ROCK2010: checks
*** SHOW DOWN ***
LolDnkaments: shows [Qd 8d] (high card Queen)
ROCK2010: shows [Kd 7h] (a pair of Sevens)
ROCK2010 collected $23.52 from pot
*** SUMMARY ***
Total pot $24 | Rake $0.48
Board [7c Js 4s 3s 5h]
Seat 3: ROCK2010 (button) (small blind) showed [Kd 7h] and won ($23.52) with a pair of Sevens
Seat 4: LolDnkaments (big blind) showed [Qd 8d] and lost with high card Queen


PokerStars Hand #146468648843:  Hold'em Limit ($3/$6 USD) - 2016/01/04 15:32:14 ET
Table 'Montefiore II' 6-max Seat #4 is the button
Seat 3: ROCK2010 ($82.94 in chips)
Seat 4: LolDnkaments ($117.21 in chips)
LolDnkaments: posts small blind $1
ROCK2010: posts big blind $3
*** HOLE CARDS ***
LolDnkaments: raises $3 to $6
ROCK2010: folds
Uncalled bet ($3) returned to LolDnkaments
LolDnkaments collected $6 from pot
*** SUMMARY ***
Total pot $6 | Rake $0
Seat 3: ROCK2010 (big blind) folded before Flop
Seat 4: LolDnkaments (button) (small blind) collected ($6)


PokerStars Hand #146468643496:  Hold'em Limit ($3/$6 USD) - 2016/01/04 15:32:09 ET
Table 'Montefiore II' 6-max Seat #3 is the button
Seat 3: ROCK2010 ($83.94 in chips)
Seat 4: LolDnkaments ($116.21 in chips)
ROCK2010: posts small blind $1
LolDnkaments: posts big blind $3
*** HOLE CARDS ***
ROCK2010: folds
Uncalled bet ($2) returned to LolDnkaments
LolDnkaments collected $2 from pot
LolDnkaments: doesn't show hand
*** SUMMARY ***
Total pot $2 | Rake $0
Seat 3: ROCK2010 (button) (small blind) folded before Flop
Seat 4: LolDnkaments (big blind) collected ($2)


PokerStars Hand #146468617862:  Hold'em Limit ($3/$6 USD) - 2016/01/04 15:31:45 ET
Table 'Montefiore II' 6-max Seat #4 is the button
Seat 3: ROCK2010 ($107.94 in chips)
Seat 4: LolDnkaments ($92.71 in chips)
LolDnkaments: posts small blind $1
Pandakey: is sitting out
ROCK2010: posts big blind $3
*** HOLE CARDS ***
Pandakey leaves the table
LolDnkaments: raises $3 to $6
ROCK2010: raises $3 to $9
LolDnkaments: calls $3
*** FLOP *** [Ks 2c 7h]
ROCK2010: bets $3
LolDnkaments: calls $3
*** TURN *** [Ks 2c 7h] [3h]
ROCK2010: bets $6
LolDnkaments: calls $6
*** RIVER *** [Ks 2c 7h 3h] [Kc]
ROCK2010: bets $6
LolDnkaments: calls $6
*** SHOW DOWN ***
ROCK2010: shows [Ac Ts] (a pair of Kings)
LolDnkaments: shows [Js Ad] (a pair of Kings - Ace+Jack kicker)
LolDnkaments collected $47.50 from pot
*** SUMMARY ***
Total pot $48 | Rake $0.50
Board [Ks 2c 7h 3h Kc]
Seat 3: ROCK2010 (big blind) showed [Ac Ts] and lost with a pair of Kings
Seat 4: LolDnkaments (button) (small blind) showed [Js Ad] and won ($47.50) with a pair of Kings


PokerStars Hand #146468730438:  Hold'em Limit ($3/$6 USD) - 2016/01/04 15:33:31 ET
Table 'Montefiore II' 6-max Seat #3 is the button
Seat 3: ROCK2010 ($62.46 in chips)
Seat 4: LolDnkaments ($136.71 in chips)
ROCK2010: posts small blind $1
LolDnkaments: posts big blind $3
*** HOLE CARDS ***
ROCK2010: raises $3 to $6
LolDnkaments: raises $3 to $9
ROCK2010: raises $3 to $12
Betting is capped
LolDnkaments: calls $3
*** FLOP *** [Ad 3d 3s]
LolDnkaments: checks
ROCK2010: bets $3
LolDnkaments: raises $3 to $6
ROCK2010: raises $3 to $9
LolDnkaments: calls $3
*** TURN *** [Ad 3d 3s] [Jh]
LolDnkaments: checks
ROCK2010: checks
*** RIVER *** [Ad 3d 3s Jh] [Js]
LolDnkaments: bets $6
ROCK2010: calls $6
*** SHOW DOWN ***
LolDnkaments: shows [4c 5c] (two pair, Jacks and Threes)
ROCK2010: shows [Ac 4h] (two pair, Aces and Jacks)
ROCK2010 collected $53.50 from pot
*** SUMMARY ***
Total pot $54 | Rake $0.50
Board [Ad 3d 3s Jh Js]
Seat 3: ROCK2010 (button) (small blind) showed [Ac 4h] and won ($53.50) with two pair, Aces and Jacks
Seat 4: LolDnkaments (big blind) showed [4c 5c] and lost with two pair, Jacks and Threes


PokerStars Hand #146468723294:  Hold'em Limit ($3/$6 USD) - 2016/01/04 15:33:25 ET
Table 'Montefiore II' 6-max Seat #4 is the button
Seat 3: ROCK2010 ($65.46 in chips)
Seat 4: LolDnkaments ($133.71 in chips)
LolDnkaments: posts small blind $1
ROCK2010: posts big blind $3
*** HOLE CARDS ***
LolDnkaments: raises $3 to $6
ROCK2010: folds
Uncalled bet ($3) returned to LolDnkaments
LolDnkaments collected $6 from pot
LolDnkaments: doesn't show hand
*** SUMMARY ***
Total pot $6 | Rake $0
Seat 3: ROCK2010 (big blind) folded before Flop
Seat 4: LolDnkaments (button) (small blind) collected ($6)


PokerStars Hand #146468718495:  Hold'em Limit ($3/$6 USD) - 2016/01/04 15:33:20 ET
Table 'Montefiore II' 6-max Seat #3 is the button
Seat 3: ROCK2010 ($66.46 in chips)
Seat 4: LolDnkaments ($132.71 in chips)
ROCK2010: posts small blind $1
LolDnkaments: posts big blind $3
*** HOLE CARDS ***
ROCK2010: folds
Uncalled bet ($2) returned to LolDnkaments
LolDnkaments collected $2 from pot
LolDnkaments: doesn't show hand
*** SUMMARY ***
Total pot $2 | Rake $0
Seat 3: ROCK2010 (button) (small blind) folded before Flop
Seat 4: LolDnkaments (big blind) collected ($2)


PokerStars Hand #146468700829:  Hold'em Limit ($3/$6 USD) - 2016/01/04 15:33:03 ET
Table 'Montefiore II' 6-max Seat #4 is the button
Seat 3: ROCK2010 ($87.46 in chips)
Seat 4: LolDnkaments ($112.21 in chips)
LolDnkaments: posts small blind $1
ROCK2010: posts big blind $3
*** HOLE CARDS ***
LolDnkaments: raises $3 to $6
ROCK2010: calls $3
*** FLOP *** [4h Kh Th]
ROCK2010: bets $3
LolDnkaments: calls $3
*** TURN *** [4h Kh Th] [8s]
ROCK2010: bets $6
LolDnkaments: calls $6
*** RIVER *** [4h Kh Th 8s] [7h]
ROCK2010: bets $6
LolDnkaments: calls $6
*** SHOW DOWN ***
ROCK2010: shows [5c Ac] (high card Ace)
LolDnkaments: shows [4s Jh] (a flush, King high)
LolDnkaments collected $41.50 from pot
*** SUMMARY ***
Total pot $42 | Rake $0.50
Board [4h Kh Th 8s 7h]
Seat 3: ROCK2010 (big blind) showed [5c Ac] and lost with high card Ace
Seat 4: LolDnkaments (button) (small blind) showed [4s Jh] and won ($41.50) with a flush, King high


PokerStars Hand #146468805042:  Hold'em Limit ($3/$6 USD) - 2016/01/04 15:34:42 ET
Table 'Montefiore II' 6-max Seat #3 is the button
Seat 3: ROCK2010 ($96.48 in chips)
Seat 4: LolDnkaments ($101.71 in chips)
ROCK2010: posts small blind $1
LolDnkaments: posts big blind $3
*** HOLE CARDS ***
ROCK2010: folds
Uncalled bet ($2) returned to LolDnkaments
LolDnkaments collected $2 from pot
*** SUMMARY ***
Total pot $2 | Rake $0
Seat 3: ROCK2010 (button) (small blind) folded before Flop
Seat 4: LolDnkaments (big blind) collected ($2)


PokerStars Hand #146468799115:  Hold'em Limit ($3/$6 USD) - 2016/01/04 15:34:36 ET
Table 'Montefiore II' 6-max Seat #4 is the button
Seat 3: ROCK2010 ($99.48 in chips)
Seat 4: LolDnkaments ($98.71 in chips)
LolDnkaments: posts small blind $1
ROCK2010: posts big blind $3
*** HOLE CARDS ***
LolDnkaments: raises $3 to $6
ROCK2010: folds
Uncalled bet ($3) returned to LolDnkaments
LolDnkaments collected $6 from pot
LolDnkaments: doesn't show hand
*** SUMMARY ***
Total pot $6 | Rake $0
Seat 3: ROCK2010 (big blind) folded before Flop
Seat 4: LolDnkaments (button) (small blind) collected ($6)


PokerStars Hand #146468794619:  Hold'em Limit ($3/$6 USD) - 2016/01/04 15:34:32 ET
Table 'Montefiore II' 6-max Seat #3 is the button
Seat 3: ROCK2010 ($100.48 in chips)
Seat 4: LolDnkaments ($97.71 in chips)
ROCK2010: posts small blind $1
LolDnkaments: posts big blind $3
*** HOLE CARDS ***
ROCK2010: folds
Uncalled bet ($2) returned to LolDnkaments
LolDnkaments collected $2 from pot
LolDnkaments: doesn't show hand
*** SUMMARY ***
Total pot $2 | Rake $0
Seat 3: ROCK2010 (button) (small blind) folded before Flop
Seat 4: LolDnkaments (big blind) collected ($2)


PokerStars Hand #146468783284:  Hold'em Limit ($3/$6 USD) - 2016/01/04 15:34:21 ET
Table 'Montefiore II' 6-max Seat #4 is the button
Seat 3: ROCK2010 ($99.48 in chips)
Seat 4: LolDnkaments ($98.71 in chips)
LolDnkaments: posts small blind $1
ROCK2010: posts big blind $3
*** HOLE CARDS ***
LolDnkaments: folds
Uncalled bet ($2) returned to ROCK2010
ROCK2010 collected $2 from pot
ROCK2010: doesn't show hand
*** SUMMARY ***
Total pot $2 | Rake $0
Seat 3: ROCK2010 (big blind) collected ($2)
Seat 4: LolDnkaments (button) (small blind) folded before Flop


PokerStars Hand #146468778422:  Hold'em Limit ($3/$6 USD) - 2016/01/04 15:34:16 ET
Table 'Montefiore II' 6-max Seat #3 is the button
Seat 3: ROCK2010 ($100.48 in chips)
Seat 4: LolDnkaments ($97.71 in chips)
ROCK2010: posts small blind $1
LolDnkaments: posts big blind $3
*** HOLE CARDS ***
ROCK2010: folds
Uncalled bet ($2) returned to LolDnkaments
LolDnkaments collected $2 from pot
LolDnkaments: doesn't show hand
*** SUMMARY ***
Total pot $2 | Rake $0
Seat 3: ROCK2010 (button) (small blind) folded before Flop
Seat 4: LolDnkaments (big blind) collected ($2)


PokerStars Hand #146468755202:  Hold'em Limit ($3/$6 USD) - 2016/01/04 15:33:55 ET
Table 'Montefiore II' 6-max Seat #4 is the button
Seat 3: ROCK2010 ($88.96 in chips)
Seat 4: LolDnkaments ($109.71 in chips)
LolDnkaments: posts small blind $1
ROCK2010: posts big blind $3
*** HOLE CARDS ***
LolDnkaments: raises $3 to $6
ROCK2010: calls $3
*** FLOP *** [4d 2h 4h]
ROCK2010: checks
LolDnkaments: bets $3
ROCK2010: raises $3 to $6
LolDnkaments: calls $3
*** TURN *** [4d 2h 4h] [5c]
ROCK2010: bets $6
LolDnkaments: folds
Uncalled bet ($6) returned to ROCK2010
ROCK2010 collected $23.52 from pot
ROCK2010: doesn't show hand
*** SUMMARY ***
Total pot $24 | Rake $0.48
Board [4d 2h 4h 5c]
Seat 3: ROCK2010 (big blind) collected ($23.52)
Seat 4: LolDnkaments (button) (small blind) folded on the Turn


PokerStars Hand #146468889517:  Hold'em Limit ($3/$6 USD) - 2016/01/04 15:36:01 ET
Table 'Montefiore II' 6-max Seat #4 is the button
Seat 3: ROCK2010 ($67.12 in chips)
Seat 4: LolDnkaments ($129.73 in chips)
LolDnkaments: posts small blind $1
ROCK2010: posts big blind $3
*** HOLE CARDS ***
LolDnkaments: raises $3 to $6
ROCK2010: folds
Uncalled bet ($3) returned to LolDnkaments
LolDnkaments collected $6 from pot
LolDnkaments: doesn't show hand
*** SUMMARY ***
Total pot $6 | Rake $0
Seat 3: ROCK2010 (big blind) folded before Flop
Seat 4: LolDnkaments (button) (small blind) collected ($6)


PokerStars Hand #146468877307:  Hold'em Limit ($3/$6 USD) - 2016/01/04 15:35:49 ET
Table 'Montefiore II' 6-max Seat #3 is the button
Seat 3: ROCK2010 ($58.48 in chips)
Seat 4: LolDnkaments ($138.73 in chips)
ROCK2010: posts small blind $1
LolDnkaments: posts big blind $3
*** HOLE CARDS ***
ROCK2010: calls $2
LolDnkaments: raises $3 to $6
ROCK2010: raises $3 to $9
LolDnkaments: calls $3
*** FLOP *** [Qh 3c Jc]
LolDnkaments: checks
ROCK2010: bets $3
LolDnkaments: folds
Uncalled bet ($3) returned to ROCK2010
ROCK2010 collected $17.64 from pot
ROCK2010: doesn't show hand
*** SUMMARY ***
Total pot $18 | Rake $0.36
Board [Qh 3c Jc]
Seat 3: ROCK2010 (button) (small blind) collected ($17.64)
Seat 4: LolDnkaments (big blind) folded on the Flop


PokerStars Hand #146468866334:  Hold'em Limit ($3/$6 USD) - 2016/01/04 15:35:39 ET
Table 'Montefiore II' 6-max Seat #4 is the button
Seat 3: ROCK2010 ($57.48 in chips)
Seat 4: LolDnkaments ($139.73 in chips)
LolDnkaments: posts small blind $1
ROCK2010: posts big blind $3
*** HOLE CARDS ***
LolDnkaments: folds
Uncalled bet ($2) returned to ROCK2010
ROCK2010 collected $2 from pot
ROCK2010: doesn't show hand
*** SUMMARY ***
Total pot $2 | Rake $0
Seat 3: ROCK2010 (big blind) collected ($2)
Seat 4: LolDnkaments (button) (small blind) folded before Flop


PokerStars Hand #146468861784:  Hold'em Limit ($3/$6 USD) - 2016/01/04 15:35:35 ET
Table 'Montefiore II' 6-max Seat #3 is the button
Seat 3: ROCK2010 ($58.48 in chips)
Seat 4: LolDnkaments ($138.73 in chips)
ROCK2010: posts small blind $1
LolDnkaments: posts big blind $3
*** HOLE CARDS ***
ROCK2010: folds
Uncalled bet ($2) returned to LolDnkaments
LolDnkaments collected $2 from pot
LolDnkaments: doesn't show hand
*** SUMMARY ***
Total pot $2 | Rake $0
Seat 3: ROCK2010 (button) (small blind) folded before Flop
Seat 4: LolDnkaments (big blind) collected ($2)


PokerStars Hand #146468840339:  Hold'em Limit ($3/$6 USD) - 2016/01/04 15:35:15 ET
Table 'Montefiore II' 6-max Seat #4 is the button
Seat 3: ROCK2010 ($70.48 in chips)
Seat 4: LolDnkaments ($127.21 in chips)
LolDnkaments: posts small blind $1
ROCK2010: posts big blind $3
*** HOLE CARDS ***
LolDnkaments: raises $3 to $6
ROCK2010: calls $3
*** FLOP *** [5s Ad 5c]
ROCK2010: checks
LolDnkaments: checks
*** TURN *** [5s Ad 5c] [Kh]
ROCK2010: checks
LolDnkaments: checks
*** RIVER *** [5s Ad 5c Kh] [7d]
ROCK2010: bets $6
LolDnkaments: calls $6
*** SHOW DOWN ***
ROCK2010: shows [9s 8h] (a pair of Fives)
LolDnkaments: shows [Qc Qh] (two pair, Queens and Fives)
LolDnkaments collected $23.52 from pot
*** SUMMARY ***
Total pot $24 | Rake $0.48
Board [5s Ad 5c Kh 7d]
Seat 3: ROCK2010 (big blind) showed [9s 8h] and lost with a pair of Fives
Seat 4: LolDnkaments (button) (small blind) showed [Qc Qh] and won ($23.52) with two pair, Queens and Fives


PokerStars Hand #146468835584:  Hold'em Limit ($3/$6 USD) - 2016/01/04 15:35:10 ET
Table 'Montefiore II' 6-max Seat #3 is the button
Seat 3: ROCK2010 ($71.48 in chips)
Seat 4: LolDnkaments ($126.21 in chips)
ROCK2010: posts small blind $1
LolDnkaments: posts big blind $3
*** HOLE CARDS ***
ROCK2010: folds
Uncalled bet ($2) returned to LolDnkaments
LolDnkaments collected $2 from pot
LolDnkaments: doesn't show hand
*** SUMMARY ***
Total pot $2 | Rake $0
Seat 3: ROCK2010 (button) (small blind) folded before Flop
Seat 4: LolDnkaments (big blind) collected ($2)


PokerStars Hand #146468810786:  Hold'em Limit ($3/$6 USD) - 2016/01/04 15:34:47 ET
Table 'Montefiore II' 6-max Seat #4 is the button
Seat 3: ROCK2010 ($95.48 in chips)
Seat 4: LolDnkaments ($102.71 in chips)
LolDnkaments: posts small blind $1
ROCK2010: posts big blind $3
*** HOLE CARDS ***
LolDnkaments: raises $3 to $6
ROCK2010: raises $3 to $9
LolDnkaments: calls $3
*** FLOP *** [5c 8s 7s]
ROCK2010: checks
LolDnkaments: bets $3
ROCK2010: calls $3
*** TURN *** [5c 8s 7s] [3s]
ROCK2010: checks
LolDnkaments: bets $6
ROCK2010: calls $6
*** RIVER *** [5c 8s 7s 3s] [8h]
ROCK2010: checks
LolDnkaments: bets $6
ROCK2010: calls $6
*** SHOW DOWN ***
LolDnkaments: shows [7h Qs] (two pair, Eights and Sevens)
ROCK2010: mucks hand
LolDnkaments collected $47.50 from pot
*** SUMMARY ***
Total pot $48 | Rake $0.50
Board [5c 8s 7s 3s 8h]
Seat 3: ROCK2010 (big blind) mucked
Seat 4: LolDnkaments (button) (small blind) showed [7h Qs] and won ($47.50) with two pair, Eights and Sevens


PokerStars Hand #146468907451:  Hold'em Limit ($3/$6 USD) - 2016/01/04 15:36:17 ET
Table 'Montefiore II' 6-max Seat #3 is the button
Seat 3: ROCK2010 ($60.12 in chips)
Seat 4: LolDnkaments ($136.73 in chips)
ROCK2010: posts small blind $1
LolDnkaments: posts big blind $3
*** HOLE CARDS ***
ROCK2010: raises $3 to $6
LolDnkaments: calls $3
*** FLOP *** [2c Jc 5s]
LolDnkaments: checks
ROCK2010: checks
*** TURN *** [2c Jc 5s] [4s]
LolDnkaments: checks
ROCK2010: bets $6
sasha_shade joins the table at seat #2
LolDnkaments: folds
Uncalled bet ($6) returned to ROCK2010
ROCK2010 collected $11.76 from pot
ROCK2010: doesn't show hand
*** SUMMARY ***
Total pot $12 | Rake $0.24
Board [2c Jc 5s 4s]
Seat 3: ROCK2010 (button) (small blind) collected ($11.76)
Seat 4: LolDnkaments (big blind) folded on the Turn


PokerStars Hand #146468900047:  Hold'em Limit ($3/$6 USD) - 2016/01/04 15:36:10 ET
Table 'Montefiore II' 6-max Seat #4 is the button
Seat 3: ROCK2010 ($63.12 in chips)
Seat 4: LolDnkaments ($133.73 in chips)
LolDnkaments: posts small blind $1
ROCK2010: posts big blind $3
*** HOLE CARDS ***
LolDnkaments: raises $3 to $6
ROCK2010: folds
Uncalled bet ($3) returned to LolDnkaments
LolDnkaments collected $6 from pot
LolDnkaments: doesn't show hand
*** SUMMARY ***
Total pot $6 | Rake $0
Seat 3: ROCK2010 (big blind) folded before Flop
Seat 4: LolDnkaments (button) (small blind) collected ($6)


PokerStars Hand #146468894314:  Hold'em Limit ($3/$6 USD) - 2016/01/04 15:36:05 ET
Table 'Montefiore II' 6-max Seat #3 is the button
Seat 3: ROCK2010 ($64.12 in chips)
Seat 4: LolDnkaments ($132.73 in chips)
ROCK2010: posts small blind $1
LolDnkaments: posts big blind $3
*** HOLE CARDS ***
ROCK2010: folds
Uncalled bet ($2) returned to LolDnkaments
LolDnkaments collected $2 from pot
LolDnkaments: doesn't show hand
*** SUMMARY ***
Total pot $2 | Rake $0
Seat 3: ROCK2010 (button) (small blind) folded before Flop
Seat 4: LolDnkaments (big blind) collected ($2)


PokerStars Hand #146468988102:  Hold'em Limit ($3/$6 USD) - 2016/01/04 15:37:32 ET
Table 'Montefiore II' 6-max Seat #2 is the button
Seat 2: sasha_shade ($304.93 in chips)
Seat 4: LolDnkaments ($108.73 in chips)
ROCK2010 will be allowed to play after the button
sasha_shade: posts small blind $1
LolDnkaments: posts big blind $3
*** HOLE CARDS ***
sasha_shade: raises $3 to $6
LolDnkaments: calls $3
*** FLOP *** [Ts 6c 8d]
LolDnkaments: checks
sasha_shade: bets $3
LolDnkaments: raises $3 to $6
sasha_shade: calls $3
*** TURN *** [Ts 6c 8d] [4c]
LolDnkaments: bets $6
sasha_shade: calls $6
*** RIVER *** [Ts 6c 8d 4c] [Qd]
LolDnkaments: bets $6
sasha_shade: calls $6
*** SHOW DOWN ***
LolDnkaments: shows [9d 8s] (a pair of Eights)
sasha_shade: mucks hand
LolDnkaments collected $47.50 from pot
*** SUMMARY ***
Total pot $48 | Rake $0.50
Board [Ts 6c 8d 4c Qd]
Seat 2: sasha_shade (button) (small blind) mucked
Seat 4: LolDnkaments (big blind) showed [9d 8s] and won ($47.50) with a pair of Eights


PokerStars Hand #146474425037:  Hold'em Limit ($3/$6 USD) - 2016/01/04 17:01:17 ET
Table 'Montefiore II' 6-max Seat #3 is the button
Seat 3: bentinck113 ($37.26 in chips)
Seat 5: Longstaaf ($49.04 in chips)
GRAILKO will be allowed to play after the button
bentinck113: posts small blind $1
Kajind: is sitting out
Longstaaf: posts big blind $3
*** HOLE CARDS ***
bentinck113: folds
Uncalled bet ($2) returned to Longstaaf
Longstaaf collected $2 from pot
Longstaaf: doesn't show hand
*** SUMMARY ***
Total pot $2 | Rake $0
Seat 3: bentinck113 (button) (small blind) folded before Flop
Seat 5: Longstaaf (big blind) collected ($2)


PokerStars Hand #146477477484:  Hold'em Limit ($3/$6 USD) - 2016/01/04 17:49:32 ET
Table 'Montefiore II' 6-max Seat #3 is the button
Seat 3: bentinck113 ($99.92 in chips)
Seat 6: LolDnkaments ($189.37 in chips)
bentinck113: posts small blind $1
Kajind: is sitting out
LolDnkaments: posts big blind $3
*** HOLE CARDS ***
Kajind leaves the table
bentinck113: calls $2
LolDnkaments: raises $3 to $6
bentinck113: calls $3
*** FLOP *** [4d 9s As]
LolDnkaments: bets $3
bentinck113: calls $3
*** TURN *** [4d 9s As] [Ks]
LolDnkaments: bets $6
bentinck113: raises $6 to $12
LolDnkaments: calls $6
*** RIVER *** [4d 9s As Ks] [7h]
LolDnkaments: checks
bentinck113: bets $6
LolDnkaments: calls $6
*** SHOW DOWN ***
bentinck113: shows [5s Ts] (a flush, Ace high)
LolDnkaments: mucks hand
bentinck113 collected $53.50 from pot
*** SUMMARY ***
Total pot $54 | Rake $0.50
Board [4d 9s As Ks 7h]
Seat 3: bentinck113 (button) (small blind) showed [5s Ts] and won ($53.50) with a flush, Ace high
Seat 6: LolDnkaments (big blind) mucked


