PokerStars Hand #160443867951:  Hold'em Limit ($3/$6 USD) - 2016/10/25 20:02:33 ET
Table 'Montana' 6-max Seat #3 is the button
Seat 3: Whaaaat ($250.71 in chips)
Seat 5: GoliafUa ($161 in chips)
Whaaaat: posts small blind $1
GoliafUa: posts big blind $3
*** HOLE CARDS ***
Whaaaat: folds
Uncalled bet ($2) returned to GoliafUa
GoliafUa collected $2 from pot
GoliafUa: doesn't show hand
*** SUMMARY ***
Total pot $2 | Rake $0
Seat 3: Whaaaat (button) (small blind) folded before Flop
Seat 5: GoliafUa (big blind) collected ($2)


PokerStars Hand #160443853718:  Hold'em Limit ($3/$6 USD) - 2016/10/25 20:02:05 ET
Table 'Montana' 6-max Seat #5 is the button
Seat 3: Whaaaat ($277.71 in chips)
Seat 5: GoliafUa ($134.50 in chips)
GoliafUa: posts small blind $1
Whaaaat: posts big blind $3
*** HOLE CARDS ***
GoliafUa: raises $3 to $6
Whaaaat: calls $3
*** FLOP *** [Th 2s 6h]
Whaaaat: checks
GoliafUa: bets $3
Whaaaat: calls $3
*** TURN *** [Th 2s 6h] [Ah]
Whaaaat: checks
GoliafUa: bets $6
Whaaaat: raises $6 to $12
GoliafUa: raises $6 to $18
Whaaaat: calls $6
*** RIVER *** [Th 2s 6h Ah] [6c]
Whaaaat: checks
GoliafUa: bets $6
Whaaaat: folds
Uncalled bet ($6) returned to GoliafUa
GoliafUa collected $53.50 from pot
GoliafUa: doesn't show hand
*** SUMMARY ***
Total pot $54 | Rake $0.50
Board [Th 2s 6h Ah 6c]
Seat 3: Whaaaat (big blind) folded on the River
Seat 5: GoliafUa (button) (small blind) collected ($53.50)


PokerStars Hand #160443844070:  Hold'em Limit ($3/$6 USD) - 2016/10/25 20:01:47 ET
Table 'Montana' 6-max Seat #3 is the button
Seat 3: Whaaaat ($292.71 in chips)
Seat 5: GoliafUa ($120 in chips)
Whaaaat: posts small blind $1
GoliafUa: posts big blind $3
*** HOLE CARDS ***
Whaaaat: raises $3 to $6
GoliafUa: calls $3
*** FLOP *** [Jh 9d 7c]
GoliafUa: checks
Whaaaat: bets $3
GoliafUa: raises $3 to $6
Whaaaat: raises $3 to $9
GoliafUa: calls $3
*** TURN *** [Jh 9d 7c] [Jd]
GoliafUa: checks
Whaaaat: checks
*** RIVER *** [Jh 9d 7c Jd] [4c]
GoliafUa: bets $6
Whaaaat: folds
Uncalled bet ($6) returned to GoliafUa
GoliafUa collected $29.50 from pot
GoliafUa: doesn't show hand
*** SUMMARY ***
Total pot $30 | Rake $0.50
Board [Jh 9d 7c Jd 4c]
Seat 3: Whaaaat (button) (small blind) folded on the River
Seat 5: GoliafUa (big blind) collected ($29.50)


PokerStars Hand #160443870494:  Hold'em Limit ($3/$6 USD) - 2016/10/25 20:02:38 ET
Table 'Montana' 6-max Seat #5 is the button
Seat 3: Whaaaat ($249.71 in chips)
Seat 5: GoliafUa ($162 in chips)
GoliafUa: posts small blind $1
Whaaaat: posts big blind $3
*** HOLE CARDS ***
GoliafUa: raises $3 to $6
Whaaaat: calls $3
*** FLOP *** [3c Td 7c]
destacker888 joins the table at seat #6
Whaaaat: checks
GoliafUa: bets $3
Whaaaat: calls $3
*** TURN *** [3c Td 7c] [Ah]
Whaaaat: checks
GoliafUa: bets $6
Whaaaat: calls $6
*** RIVER *** [3c Td 7c Ah] [6s]
Whaaaat: checks
GoliafUa: bets $6
Whaaaat: calls $6
Chessnok joins the table at seat #4
*** SHOW DOWN ***
GoliafUa: shows [8d 9h] (a straight, Six to Ten)
Whaaaat: mucks hand
GoliafUa collected $41.50 from pot
*** SUMMARY ***
Total pot $42 | Rake $0.50
Board [3c Td 7c Ah 6s]
Seat 3: Whaaaat (big blind) mucked
Seat 5: GoliafUa (button) (small blind) showed [8d 9h] and won ($41.50) with a straight, Six to Ten


PokerStars Hand #160445590617:  Hold'em Limit ($3/$6 USD) - 2016/10/25 21:03:21 ET
Table 'Montana' 6-max Seat #2 is the button
Seat 2: I M GOIN OFF ($141 in chips)
Seat 6: DC10011984 ($82.81 in chips)
I M GOIN OFF: posts small blind $1
ABATAPP: is sitting out
DC10011984: posts big blind $3
*** HOLE CARDS ***
I M GOIN OFF: folds
Uncalled bet ($2) returned to DC10011984
DC10011984 collected $2 from pot
*** SUMMARY ***
Total pot $2 | Rake $0
Seat 2: I M GOIN OFF (button) (small blind) folded before Flop
Seat 6: DC10011984 (big blind) collected ($2)


