PokerStars Hand #152314180972:  Hold'em Limit ($3/$6 USD) - 2016/04/23 2:57:31 ET
Table 'Montana II' 10-max Seat #5 is the button
Seat 5: Mizt3r X ($63.37 in chips)
Seat 6: SirRomanov ($76 in chips)
Mizt3r X: posts small blind $1
SirRomanov: posts big blind $3
*** HOLE CARDS ***
Mizt3r X: folds
Uncalled bet ($2) returned to SirRomanov
SirRomanov collected $2 from pot
SirRomanov: doesn't show hand
*** SUMMARY ***
Total pot $2 | Rake $0
Seat 5: Mizt3r X (button) (small blind) folded before Flop
Seat 6: SirRomanov (big blind) collected ($2)


PokerStars Hand #152314182254:  Hold'em Limit ($3/$6 USD) - 2016/04/23 2:57:36 ET
Table 'Montana II' 10-max Seat #6 is the button
Seat 5: Mizt3r X ($62.37 in chips)
Seat 6: SirRomanov ($77 in chips)
SirRomanov: posts small blind $1
Mizt3r X: posts big blind $3
*** HOLE CARDS ***
SirRomanov: raises $3 to $6
Mizt3r X: raises $3 to $9
SirRomanov: raises $3 to $12
Betting is capped
Mizt3r X: calls $3
*** FLOP *** [3c Kh 7s]
Mizt3r X: checks
SirRomanov: bets $3
Mizt3r X: folds
Uncalled bet ($3) returned to SirRomanov
SirRomanov collected $23.52 from pot
SirRomanov: doesn't show hand
*** SUMMARY ***
Total pot $24 | Rake $0.48
Board [3c Kh 7s]
Seat 5: Mizt3r X (big blind) folded on the Flop
Seat 6: SirRomanov (button) (small blind) collected ($23.52)


PokerStars Hand #152314188411:  Hold'em Limit ($3/$6 USD) - 2016/04/23 2:57:58 ET
Table 'Montana II' 10-max Seat #6 is the button
Seat 5: Mizt3r X ($49.37 in chips)
Seat 6: SirRomanov ($89.52 in chips)
SirRomanov: posts small blind $1
Mizt3r X: posts big blind $3
*** HOLE CARDS ***
SirRomanov: raises $3 to $6
Mizt3r X: folds
Uncalled bet ($3) returned to SirRomanov
SirRomanov collected $6 from pot
SirRomanov: doesn't show hand
*** SUMMARY ***
Total pot $6 | Rake $0
Seat 5: Mizt3r X (big blind) folded before Flop
Seat 6: SirRomanov (button) (small blind) collected ($6)


PokerStars Hand #152314186321:  Hold'em Limit ($3/$6 USD) - 2016/04/23 2:57:51 ET
Table 'Montana II' 10-max Seat #5 is the button
Seat 5: Mizt3r X ($50.37 in chips)
Seat 6: SirRomanov ($88.52 in chips)
Mizt3r X: posts small blind $1
SirRomanov: posts big blind $3
*** HOLE CARDS ***
Mizt3r X: folds
Uncalled bet ($2) returned to SirRomanov
SirRomanov collected $2 from pot
SirRomanov: doesn't show hand
*** SUMMARY ***
Total pot $2 | Rake $0
Seat 5: Mizt3r X (button) (small blind) folded before Flop
Seat 6: SirRomanov (big blind) collected ($2)


PokerStars Hand #152314192609:  Hold'em Limit ($3/$6 USD) - 2016/04/23 2:58:14 ET
Table 'Montana II' 10-max Seat #5 is the button
Seat 5: Mizt3r X ($50.37 in chips)
Seat 6: SirRomanov ($88.52 in chips)
Mizt3r X: posts small blind $1
SirRomanov: posts big blind $3
*** HOLE CARDS ***
Mizt3r X: folds
Uncalled bet ($2) returned to SirRomanov
SirRomanov collected $2 from pot
SirRomanov: doesn't show hand
*** SUMMARY ***
Total pot $2 | Rake $0
Seat 5: Mizt3r X (button) (small blind) folded before Flop
Seat 6: SirRomanov (big blind) collected ($2)


PokerStars Hand #152314191438:  Hold'em Limit ($3/$6 USD) - 2016/04/23 2:58:09 ET
Table 'Montana II' 10-max Seat #6 is the button
Seat 5: Mizt3r X ($49.37 in chips)
Seat 6: SirRomanov ($89.52 in chips)
SirRomanov: posts small blind $1
Mizt3r X: posts big blind $3
*** HOLE CARDS ***
SirRomanov: folds
Uncalled bet ($2) returned to Mizt3r X
Mizt3r X collected $2 from pot
*** SUMMARY ***
Total pot $2 | Rake $0
Seat 5: Mizt3r X (big blind) collected ($2)
Seat 6: SirRomanov (button) (small blind) folded before Flop


PokerStars Hand #152314195010:  Hold'em Limit ($3/$6 USD) - 2016/04/23 2:58:22 ET
Table 'Montana II' 10-max Seat #5 is the button
Seat 5: Mizt3r X ($50.37 in chips)
Seat 6: SirRomanov ($88.52 in chips)
Mizt3r X: posts small blind $1
SirRomanov: posts big blind $3
*** HOLE CARDS ***
Mizt3r X: folds
Uncalled bet ($2) returned to SirRomanov
SirRomanov collected $2 from pot
SirRomanov: doesn't show hand
*** SUMMARY ***
Total pot $2 | Rake $0
Seat 5: Mizt3r X (button) (small blind) folded before Flop
Seat 6: SirRomanov (big blind) collected ($2)


PokerStars Hand #152314193786:  Hold'em Limit ($3/$6 USD) - 2016/04/23 2:58:18 ET
Table 'Montana II' 10-max Seat #6 is the button
Seat 5: Mizt3r X ($49.37 in chips)
Seat 6: SirRomanov ($89.52 in chips)
SirRomanov: posts small blind $1
Mizt3r X: posts big blind $3
*** HOLE CARDS ***
SirRomanov: folds
Uncalled bet ($2) returned to Mizt3r X
Mizt3r X collected $2 from pot
*** SUMMARY ***
Total pot $2 | Rake $0
Seat 5: Mizt3r X (big blind) collected ($2)
Seat 6: SirRomanov (button) (small blind) folded before Flop


PokerStars Hand #152314197701:  Hold'em Limit ($3/$6 USD) - 2016/04/23 2:58:32 ET
Table 'Montana II' 10-max Seat #5 is the button
Seat 5: Mizt3r X ($46.37 in chips)
Seat 6: SirRomanov ($92.52 in chips)
Mizt3r X: posts small blind $1
SirRomanov: posts big blind $3
*** HOLE CARDS ***
Mizt3r X: folds
Uncalled bet ($2) returned to SirRomanov
SirRomanov collected $2 from pot
SirRomanov: doesn't show hand
*** SUMMARY ***
Total pot $2 | Rake $0
Seat 5: Mizt3r X (button) (small blind) folded before Flop
Seat 6: SirRomanov (big blind) collected ($2)


PokerStars Hand #152314196238:  Hold'em Limit ($3/$6 USD) - 2016/04/23 2:58:27 ET
Table 'Montana II' 10-max Seat #6 is the button
Seat 5: Mizt3r X ($49.37 in chips)
Seat 6: SirRomanov ($89.52 in chips)
SirRomanov: posts small blind $1
Mizt3r X: posts big blind $3
*** HOLE CARDS ***
SirRomanov: raises $3 to $6
Mizt3r X: folds
Uncalled bet ($3) returned to SirRomanov
SirRomanov collected $6 from pot
SirRomanov: doesn't show hand
*** SUMMARY ***
Total pot $6 | Rake $0
Seat 5: Mizt3r X (big blind) folded before Flop
Seat 6: SirRomanov (button) (small blind) collected ($6)


PokerStars Hand #152314199351:  Hold'em Limit ($3/$6 USD) - 2016/04/23 2:58:38 ET
Table 'Montana II' 10-max Seat #6 is the button
Seat 5: Mizt3r X ($45.37 in chips)
Seat 6: SirRomanov ($93.52 in chips)
SirRomanov: posts small blind $1
Mizt3r X: posts big blind $3
*** HOLE CARDS ***
SirRomanov: raises $3 to $6
Mizt3r X: calls $3
*** FLOP *** [7s 3h 3s]
Mizt3r X: checks
SirRomanov: bets $3
Mizt3r X: folds
Uncalled bet ($3) returned to SirRomanov
SirRomanov collected $11.76 from pot
SirRomanov: doesn't show hand
*** SUMMARY ***
Total pot $12 | Rake $0.24
Board [7s 3h 3s]
Seat 5: Mizt3r X (big blind) folded on the Flop
Seat 6: SirRomanov (button) (small blind) collected ($11.76)


PokerStars Hand #152314203697:  Hold'em Limit ($3/$6 USD) - 2016/04/23 2:58:54 ET
Table 'Montana II' 10-max Seat #5 is the button
Seat 5: Mizt3r X ($39.37 in chips)
Seat 6: SirRomanov ($99.28 in chips)
Mizt3r X: posts small blind $1
SirRomanov: posts big blind $3
*** HOLE CARDS ***
Mizt3r X: raises $3 to $6
SirRomanov: calls $3
*** FLOP *** [2h 5c 7c]
SirRomanov: checks
Mizt3r X: bets $3
SirRomanov: calls $3
*** TURN *** [2h 5c 7c] [Tc]
SirRomanov: checks
Mizt3r X: bets $6
SirRomanov: raises $6 to $12
Mizt3r X: calls $6
*** RIVER *** [2h 5c 7c Tc] [Qh]
SirRomanov: bets $6
Mizt3r X: calls $6
*** SHOW DOWN ***
SirRomanov: shows [Qc 9s] (a pair of Queens)
Mizt3r X: mucks hand
SirRomanov collected $53.50 from pot
*** SUMMARY ***
Total pot $54 | Rake $0.50
Board [2h 5c 7c Tc Qh]
Seat 5: Mizt3r X (button) (small blind) mucked
Seat 6: SirRomanov (big blind) showed [Qc 9s] and won ($53.50) with a pair of Queens


PokerStars Hand #152314209034:  Hold'em Limit ($3/$6 USD) - 2016/04/23 2:59:13 ET
Table 'Montana II' 10-max Seat #6 is the button
Seat 5: Mizt3r X ($12.37 in chips)
Seat 6: SirRomanov ($125.78 in chips)
SirRomanov: posts small blind $1
Mizt3r X: posts big blind $3
*** HOLE CARDS ***
SirRomanov: raises $3 to $6
Mizt3r X: calls $3
*** FLOP *** [3s Kh Ts]
Mizt3r X: checks
SirRomanov: bets $3
Mizt3r X: raises $3 to $6
SirRomanov: calls $3
*** TURN *** [3s Kh Ts] [9d]
Mizt3r X: bets $0.37 and is all-in
SirRomanov: calls $0.37
*** RIVER *** [3s Kh Ts 9d] [6s]
*** SHOW DOWN ***
Mizt3r X: shows [4h Th] (a pair of Tens)
SirRomanov: shows [8h 8d] (a pair of Eights)
Mizt3r X collected $24.25 from pot
*** SUMMARY ***
Total pot $24.74 | Rake $0.49
Board [3s Kh Ts 9d 6s]
Seat 5: Mizt3r X (big blind) showed [4h Th] and won ($24.25) with a pair of Tens
Seat 6: SirRomanov (button) (small blind) showed [8h 8d] and lost with a pair of Eights


PokerStars Hand #152314214443:  Hold'em Limit ($3/$6 USD) - 2016/04/23 2:59:33 ET
Table 'Montana II' 10-max Seat #5 is the button
Seat 5: Mizt3r X ($24.25 in chips)
Seat 6: SirRomanov ($113.41 in chips)
Mizt3r X: posts small blind $1
SirRomanov: posts big blind $3
*** HOLE CARDS ***
Mizt3r X: raises $3 to $6
SirRomanov: calls $3
*** FLOP *** [7d 5d Tc]
SirRomanov: checks
Mizt3r X: bets $3
SirRomanov: raises $3 to $6
Mizt3r X: calls $3
*** TURN *** [7d 5d Tc] [9h]
SirRomanov: bets $6
Mizt3r X: raises $6 to $12
SirRomanov: calls $6
*** RIVER *** [7d 5d Tc 9h] [Js]
SirRomanov: checks
Mizt3r X: bets $0.25 and is all-in
SirRomanov: calls $0.25
*** SHOW DOWN ***
Mizt3r X: shows [Kd 7c] (a pair of Sevens)
SirRomanov: shows [Qs Th] (a pair of Tens)
SirRomanov collected $48 from pot
*** SUMMARY ***
Total pot $48.50 | Rake $0.50
Board [7d 5d Tc 9h Js]
Seat 5: Mizt3r X (button) (small blind) showed [Kd 7c] and lost with a pair of Sevens
Seat 6: SirRomanov (big blind) showed [Qs Th] and won ($48) with a pair of Tens


PokerStars Hand #152314244018:  Hold'em Limit ($3/$6 USD) - 2016/04/23 3:01:16 ET
Table 'Montana II' 10-max Seat #6 is the button
Seat 5: Mizt3r X ($80 in chips)
Seat 6: SirRomanov ($137.16 in chips)
SirRomanov: posts small blind $1
Mizt3r X: posts big blind $3
*** HOLE CARDS ***
SirRomanov: folds
Uncalled bet ($2) returned to Mizt3r X
Mizt3r X collected $2 from pot
*** SUMMARY ***
Total pot $2 | Rake $0
Seat 5: Mizt3r X (big blind) collected ($2)
Seat 6: SirRomanov (button) (small blind) folded before Flop


PokerStars Hand #152314245293:  Hold'em Limit ($3/$6 USD) - 2016/04/23 3:01:21 ET
Table 'Montana II' 10-max Seat #5 is the button
Seat 5: Mizt3r X ($81 in chips)
Seat 6: SirRomanov ($136.16 in chips)
Mizt3r X: posts small blind $1
SirRomanov: posts big blind $3
*** HOLE CARDS ***
Mizt3r X: raises $3 to $6
SirRomanov: calls $3
*** FLOP *** [Td Th 2h]
SirRomanov: checks
Mizt3r X: bets $3
SirRomanov: calls $3
*** TURN *** [Td Th 2h] [Kc]
SirRomanov: checks
Mizt3r X: bets $6
SirRomanov: calls $6
*** RIVER *** [Td Th 2h Kc] [5c]
SirRomanov: checks
Mizt3r X: bets $6
SirRomanov: calls $6
*** SHOW DOWN ***
Mizt3r X: shows [5d Tc] (a full house, Tens full of Fives)
SirRomanov: mucks hand
Mizt3r X collected $41.50 from pot
*** SUMMARY ***
Total pot $42 | Rake $0.50
Board [Td Th 2h Kc 5c]
Seat 5: Mizt3r X (button) (small blind) showed [5d Tc] and won ($41.50) with a full house, Tens full of Fives
Seat 6: SirRomanov (big blind) mucked


PokerStars Hand #152314262039:  Hold'em Limit ($3/$6 USD) - 2016/04/23 3:02:16 ET
Table 'Montana II' 10-max Seat #5 is the button
Seat 5: Mizt3r X ($74.50 in chips)
Seat 6: SirRomanov ($141.66 in chips)
Mizt3r X: posts small blind $1
SirRomanov: posts big blind $3
*** HOLE CARDS ***
Mizt3r X: folds
Uncalled bet ($2) returned to SirRomanov
SirRomanov collected $2 from pot
SirRomanov: doesn't show hand
*** SUMMARY ***
Total pot $2 | Rake $0
Seat 5: Mizt3r X (button) (small blind) folded before Flop
Seat 6: SirRomanov (big blind) collected ($2)


PokerStars Hand #152314263449:  Hold'em Limit ($3/$6 USD) - 2016/04/23 3:02:21 ET
Table 'Montana II' 10-max Seat #6 is the button
Seat 5: Mizt3r X ($73.50 in chips)
Seat 6: SirRomanov ($142.66 in chips)
SirRomanov: posts small blind $1
Mizt3r X: posts big blind $3
*** HOLE CARDS ***
SirRomanov: raises $3 to $6
Mizt3r X: raises $3 to $9
SirRomanov: calls $3
*** FLOP *** [7s 5s 4h]
Mizt3r X: bets $3
SirRomanov: calls $3
*** TURN *** [7s 5s 4h] [2h]
Mizt3r X: bets $6
SirRomanov: calls $6
*** RIVER *** [7s 5s 4h 2h] [2s]
Mizt3r X: bets $6
SirRomanov: calls $6
*** SHOW DOWN ***
Mizt3r X: shows [Tc 9d] (a pair of Deuces)
SirRomanov: shows [5h Kd] (two pair, Fives and Deuces)
SirRomanov collected $47.50 from pot
*** SUMMARY ***
Total pot $48 | Rake $0.50
Board [7s 5s 4h 2h 2s]
Seat 5: Mizt3r X (big blind) showed [Tc 9d] and lost with a pair of Deuces
Seat 6: SirRomanov (button) (small blind) showed [5h Kd] and won ($47.50) with two pair, Fives and Deuces


PokerStars Hand #152314270054:  Hold'em Limit ($3/$6 USD) - 2016/04/23 3:02:43 ET
Table 'Montana II' 10-max Seat #5 is the button
Seat 5: Mizt3r X ($49.50 in chips)
Seat 6: SirRomanov ($166.16 in chips)
Mizt3r X: posts small blind $1
SirRomanov: posts big blind $3
*** HOLE CARDS ***
Mizt3r X: raises $3 to $6
SirRomanov: raises $3 to $9
Mizt3r X: calls $3
*** FLOP *** [6c Qs 5c]
SirRomanov: bets $3
Mizt3r X: calls $3
*** TURN *** [6c Qs 5c] [4c]
SirRomanov: bets $6
Mizt3r X: calls $6
*** RIVER *** [6c Qs 5c 4c] [Th]
SirRomanov: bets $6
Mizt3r X: calls $6
*** SHOW DOWN ***
SirRomanov: shows [Qh Ad] (a pair of Queens)
Mizt3r X: mucks hand
SirRomanov collected $47.50 from pot
*** SUMMARY ***
Total pot $48 | Rake $0.50
Board [6c Qs 5c 4c Th]
Seat 5: Mizt3r X (button) (small blind) mucked
Seat 6: SirRomanov (big blind) showed [Qh Ad] and won ($47.50) with a pair of Queens


PokerStars Hand #152314274922:  Hold'em Limit ($3/$6 USD) - 2016/04/23 3:02:59 ET
Table 'Montana II' 10-max Seat #6 is the button
Seat 5: Mizt3r X ($25.50 in chips)
Seat 6: SirRomanov ($189.66 in chips)
SirRomanov: posts small blind $1
Mizt3r X: posts big blind $3
*** HOLE CARDS ***
SirRomanov: raises $3 to $6
Mizt3r X: folds
Uncalled bet ($3) returned to SirRomanov
SirRomanov collected $6 from pot
SirRomanov: doesn't show hand
*** SUMMARY ***
Total pot $6 | Rake $0
Seat 5: Mizt3r X (big blind) folded before Flop
Seat 6: SirRomanov (button) (small blind) collected ($6)


PokerStars Hand #152314253288:  Hold'em Limit ($3/$6 USD) - 2016/04/23 3:01:48 ET
Table 'Montana II' 10-max Seat #6 is the button
Seat 5: Mizt3r X ($101.50 in chips)
Seat 6: SirRomanov ($115.16 in chips)
SirRomanov: posts small blind $1
Mizt3r X: posts big blind $3
*** HOLE CARDS ***
SirRomanov: raises $3 to $6
Mizt3r X: raises $3 to $9
SirRomanov: raises $3 to $12
Betting is capped
Mizt3r X: calls $3
*** FLOP *** [2c Kd Kh]
Mizt3r X: checks
SirRomanov: bets $3
Mizt3r X: calls $3
*** TURN *** [2c Kd Kh] [5h]
Mizt3r X: checks
SirRomanov: bets $6
Mizt3r X: calls $6
*** RIVER *** [2c Kd Kh 5h] [4s]
Mizt3r X: checks
SirRomanov: bets $6
Mizt3r X: calls $6
*** SHOW DOWN ***
SirRomanov: shows [Qd Qc] (two pair, Kings and Queens)
Mizt3r X: mucks hand
SirRomanov collected $53.50 from pot
*** SUMMARY ***
Total pot $54 | Rake $0.50
Board [2c Kd Kh 5h 4s]
Seat 5: Mizt3r X (big blind) mucked
Seat 6: SirRomanov (button) (small blind) showed [Qd Qc] and won ($53.50) with two pair, Kings and Queens


PokerStars Hand #152314285090:  Hold'em Limit ($3/$6 USD) - 2016/04/23 3:03:33 ET
Table 'Montana II' 10-max Seat #6 is the button
Seat 5: Mizt3r X ($13.50 in chips)
Seat 6: SirRomanov ($201.30 in chips)
SirRomanov: posts small blind $1
Mizt3r X: posts big blind $3
*** HOLE CARDS ***
SirRomanov: folds
Uncalled bet ($2) returned to Mizt3r X
Mizt3r X collected $2 from pot
*** SUMMARY ***
Total pot $2 | Rake $0
Seat 5: Mizt3r X (big blind) collected ($2)
Seat 6: SirRomanov (button) (small blind) folded before Flop


PokerStars Hand #152314280079:  Hold'em Limit ($3/$6 USD) - 2016/04/23 3:03:16 ET
Table 'Montana II' 10-max Seat #5 is the button
Seat 5: Mizt3r X ($22.50 in chips)
Seat 6: SirRomanov ($192.66 in chips)
Mizt3r X: posts small blind $1
SirRomanov: posts big blind $3
*** HOLE CARDS ***
Mizt3r X: raises $3 to $6
SirRomanov: raises $3 to $9
Mizt3r X: calls $3
*** FLOP *** [Qd 6c Ah]
SirRomanov: bets $3
Mizt3r X: folds
Uncalled bet ($3) returned to SirRomanov
SirRomanov collected $17.64 from pot
SirRomanov: doesn't show hand
*** SUMMARY ***
Total pot $18 | Rake $0.36
Board [Qd 6c Ah]
Seat 5: Mizt3r X (button) (small blind) folded on the Flop
Seat 6: SirRomanov (big blind) collected ($17.64)


PokerStars Hand #152314288254:  Hold'em Limit ($3/$6 USD) - 2016/04/23 3:03:43 ET
Table 'Montana II' 10-max Seat #6 is the button
Seat 5: Mizt3r X ($17.50 in chips)
Seat 6: SirRomanov ($197.30 in chips)
SirRomanov: posts small blind $1
Mizt3r X: posts big blind $3
*** HOLE CARDS ***
SirRomanov: folds
Uncalled bet ($2) returned to Mizt3r X
Mizt3r X collected $2 from pot
*** SUMMARY ***
Total pot $2 | Rake $0
Seat 5: Mizt3r X (big blind) collected ($2)
Seat 6: SirRomanov (button) (small blind) folded before Flop


PokerStars Hand #152314286313:  Hold'em Limit ($3/$6 USD) - 2016/04/23 3:03:37 ET
Table 'Montana II' 10-max Seat #5 is the button
Seat 5: Mizt3r X ($14.50 in chips)
Seat 6: SirRomanov ($200.30 in chips)
Mizt3r X: posts small blind $1
SirRomanov: posts big blind $3
*** HOLE CARDS ***
Mizt3r X: raises $3 to $6
SirRomanov: folds
Uncalled bet ($3) returned to Mizt3r X
Mizt3r X collected $6 from pot
*** SUMMARY ***
Total pot $6 | Rake $0
Seat 5: Mizt3r X (button) (small blind) collected ($6)
Seat 6: SirRomanov (big blind) folded before Flop


PokerStars Hand #152314289495:  Hold'em Limit ($3/$6 USD) - 2016/04/23 3:03:47 ET
Table 'Montana II' 10-max Seat #5 is the button
Seat 5: Mizt3r X ($18.50 in chips)
Seat 6: SirRomanov ($196.30 in chips)
Mizt3r X: posts small blind $1
SirRomanov: posts big blind $3
*** HOLE CARDS ***
Mizt3r X: folds
Uncalled bet ($2) returned to SirRomanov
SirRomanov collected $2 from pot
SirRomanov: doesn't show hand
*** SUMMARY ***
Total pot $2 | Rake $0
Seat 5: Mizt3r X (button) (small blind) folded before Flop
Seat 6: SirRomanov (big blind) collected ($2)


PokerStars Hand #152314278609:  Hold'em Limit ($3/$6 USD) - 2016/04/23 3:03:12 ET
Table 'Montana II' 10-max Seat #6 is the button
Seat 5: Mizt3r X ($25.50 in chips)
Seat 6: SirRomanov ($189.66 in chips)
SirRomanov: posts small blind $1
Mizt3r X: posts big blind $3
*** HOLE CARDS ***
SirRomanov: raises $3 to $6
Mizt3r X: folds
Uncalled bet ($3) returned to SirRomanov
SirRomanov collected $6 from pot
SirRomanov: doesn't show hand
*** SUMMARY ***
Total pot $6 | Rake $0
Seat 5: Mizt3r X (big blind) folded before Flop
Seat 6: SirRomanov (button) (small blind) collected ($6)


PokerStars Hand #152314276814:  Hold'em Limit ($3/$6 USD) - 2016/04/23 3:03:06 ET
Table 'Montana II' 10-max Seat #5 is the button
Seat 5: Mizt3r X ($22.50 in chips)
Seat 6: SirRomanov ($192.66 in chips)
Mizt3r X: posts small blind $1
SirRomanov: posts big blind $3
*** HOLE CARDS ***
Mizt3r X: raises $3 to $6
SirRomanov: folds
Uncalled bet ($3) returned to Mizt3r X
Mizt3r X collected $6 from pot
*** SUMMARY ***
Total pot $6 | Rake $0
Seat 5: Mizt3r X (button) (small blind) collected ($6)
Seat 6: SirRomanov (big blind) folded before Flop


PokerStars Hand #152314304329:  Hold'em Limit ($3/$6 USD) - 2016/04/23 3:04:36 ET
Table 'Montana II' 10-max Seat #6 is the button
Seat 5: Mizt3r X ($10.50 in chips)
Seat 6: SirRomanov ($203.30 in chips)
SirRomanov: posts small blind $1
Mizt3r X: posts big blind $3
*** HOLE CARDS ***
SirRomanov: folds
Uncalled bet ($2) returned to Mizt3r X
Mizt3r X collected $2 from pot
*** SUMMARY ***
Total pot $2 | Rake $0
Seat 5: Mizt3r X (big blind) collected ($2)
Seat 6: SirRomanov (button) (small blind) folded before Flop


PokerStars Hand #152314296973:  Hold'em Limit ($3/$6 USD) - 2016/04/23 3:04:12 ET
Table 'Montana II' 10-max Seat #5 is the button
Seat 5: Mizt3r X ($34.50 in chips)
Seat 6: SirRomanov ($179.80 in chips)
Mizt3r X: posts small blind $1
SirRomanov: posts big blind $3
*** HOLE CARDS ***
Mizt3r X: raises $3 to $6
SirRomanov: raises $3 to $9
Mizt3r X: raises $3 to $12
Betting is capped
SirRomanov: calls $3
*** FLOP *** [Th 3h Ad]
SirRomanov: checks
Mizt3r X: checks
*** TURN *** [Th 3h Ad] [3d]
SirRomanov: bets $6
Mizt3r X: calls $6
*** RIVER *** [Th 3h Ad 3d] [Jh]
SirRomanov: bets $6
Mizt3r X: calls $6
*** SHOW DOWN ***
SirRomanov: shows [As Qs] (two pair, Aces and Threes)
Mizt3r X: mucks hand
SirRomanov collected $47.50 from pot
*** SUMMARY ***
Total pot $48 | Rake $0.50
Board [Th 3h Ad 3d Jh]
Seat 5: Mizt3r X (button) (small blind) mucked
Seat 6: SirRomanov (big blind) showed [As Qs] and won ($47.50) with two pair, Aces and Threes


PokerStars Hand #152314305532:  Hold'em Limit ($3/$6 USD) - 2016/04/23 3:04:40 ET
Table 'Montana II' 10-max Seat #5 is the button
Seat 5: Mizt3r X ($11.50 in chips)
Seat 6: SirRomanov ($202.30 in chips)
Mizt3r X: posts small blind $1
SirRomanov: posts big blind $3
*** HOLE CARDS ***
Mizt3r X: raises $3 to $6
SirRomanov: folds
Uncalled bet ($3) returned to Mizt3r X
Mizt3r X collected $6 from pot
*** SUMMARY ***
Total pot $6 | Rake $0
Seat 5: Mizt3r X (button) (small blind) collected ($6)
Seat 6: SirRomanov (big blind) folded before Flop


PokerStars Hand #152314309203:  Hold'em Limit ($3/$6 USD) - 2016/04/23 3:04:52 ET
Table 'Montana II' 10-max Seat #5 is the button
Seat 5: Mizt3r X ($11.50 in chips)
Seat 6: SirRomanov ($202.30 in chips)
Mizt3r X: posts small blind $1
SirRomanov: posts big blind $3
*** HOLE CARDS ***
Mizt3r X: raises $3 to $6
SirRomanov: folds
Uncalled bet ($3) returned to Mizt3r X
Mizt3r X collected $6 from pot
*** SUMMARY ***
Total pot $6 | Rake $0
Seat 5: Mizt3r X (button) (small blind) collected ($6)
Seat 6: SirRomanov (big blind) folded before Flop


PokerStars Hand #152314307437:  Hold'em Limit ($3/$6 USD) - 2016/04/23 3:04:46 ET
Table 'Montana II' 10-max Seat #6 is the button
Seat 5: Mizt3r X ($14.50 in chips)
Seat 6: SirRomanov ($199.30 in chips)
SirRomanov: posts small blind $1
Mizt3r X: posts big blind $3
*** HOLE CARDS ***
SirRomanov: raises $3 to $6
Mizt3r X: folds
Uncalled bet ($3) returned to SirRomanov
SirRomanov collected $6 from pot
SirRomanov: doesn't show hand
*** SUMMARY ***
Total pot $6 | Rake $0
Seat 5: Mizt3r X (big blind) folded before Flop
Seat 6: SirRomanov (button) (small blind) collected ($6)


PokerStars Hand #152314290808:  Hold'em Limit ($3/$6 USD) - 2016/04/23 3:03:52 ET
Table 'Montana II' 10-max Seat #6 is the button
Seat 5: Mizt3r X ($17.50 in chips)
Seat 6: SirRomanov ($197.30 in chips)
SirRomanov: posts small blind $1
Mizt3r X: posts big blind $3
*** HOLE CARDS ***
SirRomanov: raises $3 to $6
Mizt3r X: calls $3
*** FLOP *** [3s 8d 5d]
Mizt3r X: checks
SirRomanov: bets $3
Mizt3r X: calls $3
*** TURN *** [3s 8d 5d] [Qc]
Mizt3r X: checks
SirRomanov: bets $6
Mizt3r X: calls $6
*** RIVER *** [3s 8d 5d Qc] [Jd]
Mizt3r X: bets $2.50 and is all-in
SirRomanov: calls $2.50
*** SHOW DOWN ***
Mizt3r X: shows [9s Th] (a straight, Eight to Queen)
SirRomanov: shows [As 6c] (high card Ace)
Mizt3r X collected $34.50 from pot
*** SUMMARY ***
Total pot $35 | Rake $0.50
Board [3s 8d 5d Qc Jd]
Seat 5: Mizt3r X (big blind) showed [9s Th] and won ($34.50) with a straight, Eight to Queen
Seat 6: SirRomanov (button) (small blind) showed [As 6c] and lost with high card Ace


PokerStars Hand #152314322461:  Hold'em Limit ($3/$6 USD) - 2016/04/23 3:05:35 ET
Table 'Montana II' 10-max Seat #6 is the button
Seat 5: Mizt3r X ($22.50 in chips)
Seat 6: SirRomanov ($190.56 in chips)
SirRomanov: posts small blind $1
Mizt3r X: posts big blind $3
*** HOLE CARDS ***
SirRomanov: folds
Uncalled bet ($2) returned to Mizt3r X
Mizt3r X collected $2 from pot
*** SUMMARY ***
Total pot $2 | Rake $0
Seat 5: Mizt3r X (big blind) collected ($2)
Seat 6: SirRomanov (button) (small blind) folded before Flop


PokerStars Hand #152314316132:  Hold'em Limit ($3/$6 USD) - 2016/04/23 3:05:14 ET
Table 'Montana II' 10-max Seat #5 is the button
Seat 5: Mizt3r X ($28.50 in chips)
Seat 6: SirRomanov ($184.80 in chips)
Mizt3r X: posts small blind $1
SirRomanov: posts big blind $3
*** HOLE CARDS ***
Mizt3r X: raises $3 to $6
SirRomanov: calls $3
*** FLOP *** [4d Jh 9c]
SirRomanov: checks
Mizt3r X: checks
*** TURN *** [4d Jh 9c] [Jd]
SirRomanov: checks
Mizt3r X: checks
*** RIVER *** [4d Jh 9c Jd] [5h]
SirRomanov: checks
Mizt3r X: checks
*** SHOW DOWN ***
SirRomanov: shows [8s 3s] (a pair of Jacks)
Mizt3r X: mucks hand
SirRomanov collected $11.76 from pot
*** SUMMARY ***
Total pot $12 | Rake $0.24
Board [4d Jh 9c Jd 5h]
Seat 5: Mizt3r X (button) (small blind) mucked
Seat 6: SirRomanov (big blind) showed [8s 3s] and won ($11.76) with a pair of Jacks


PokerStars Hand #152314328626:  Hold'em Limit ($3/$6 USD) - 2016/04/23 3:05:55 ET
Table 'Montana II' 10-max Seat #6 is the button
Seat 5: Mizt3r X ($17.50 in chips)
Seat 6: SirRomanov ($195.32 in chips)
SirRomanov: posts small blind $1
Mizt3r X: posts big blind $3
*** HOLE CARDS ***
SirRomanov: folds
Uncalled bet ($2) returned to Mizt3r X
Mizt3r X collected $2 from pot
*** SUMMARY ***
Total pot $2 | Rake $0
Seat 5: Mizt3r X (big blind) collected ($2)
Seat 6: SirRomanov (button) (small blind) folded before Flop


PokerStars Hand #152314323723:  Hold'em Limit ($3/$6 USD) - 2016/04/23 3:05:39 ET
Table 'Montana II' 10-max Seat #5 is the button
Seat 5: Mizt3r X ($23.50 in chips)
Seat 6: SirRomanov ($189.56 in chips)
Mizt3r X: posts small blind $1
SirRomanov: posts big blind $3
*** HOLE CARDS ***
Mizt3r X: raises $3 to $6
SirRomanov: calls $3
*** FLOP *** [4h Jd Ah]
SirRomanov: checks
Mizt3r X: checks
*** TURN *** [4h Jd Ah] [6h]
SirRomanov: bets $6
Mizt3r X: folds
Uncalled bet ($6) returned to SirRomanov
SirRomanov collected $11.76 from pot
SirRomanov: doesn't show hand
*** SUMMARY ***
Total pot $12 | Rake $0.24
Board [4h Jd Ah 6h]
Seat 5: Mizt3r X (button) (small blind) folded on the Turn
Seat 6: SirRomanov (big blind) collected ($11.76)


PokerStars Hand #152314329854:  Hold'em Limit ($3/$6 USD) - 2016/04/23 3:05:59 ET
Table 'Montana II' 10-max Seat #5 is the button
Seat 5: Mizt3r X ($18.50 in chips)
Seat 6: SirRomanov ($194.32 in chips)
Mizt3r X: posts small blind $1
SirRomanov: posts big blind $3
*** HOLE CARDS ***
Mizt3r X: raises $3 to $6
SirRomanov: folds
Uncalled bet ($3) returned to Mizt3r X
Mizt3r X collected $6 from pot
*** SUMMARY ***
Total pot $6 | Rake $0
Seat 5: Mizt3r X (button) (small blind) collected ($6)
Seat 6: SirRomanov (big blind) folded before Flop


PokerStars Hand #152314310855:  Hold'em Limit ($3/$6 USD) - 2016/04/23 3:04:57 ET
Table 'Montana II' 10-max Seat #6 is the button
Seat 5: Mizt3r X ($14.50 in chips)
Seat 6: SirRomanov ($199.30 in chips)
SirRomanov: posts small blind $1
Mizt3r X: posts big blind $3
*** HOLE CARDS ***
SirRomanov: raises $3 to $6
Mizt3r X: raises $3 to $9
SirRomanov: calls $3
*** FLOP *** [3d Tc 9s]
Mizt3r X: bets $3
SirRomanov: calls $3
*** TURN *** [3d Tc 9s] [5c]
Mizt3r X: bets $2.50 and is all-in
SirRomanov: calls $2.50
*** RIVER *** [3d Tc 9s 5c] [Qs]
*** SHOW DOWN ***
Mizt3r X: shows [Qc Qd] (three of a kind, Queens)
SirRomanov: shows [5d 9d] (two pair, Nines and Fives)
Mizt3r X collected $28.50 from pot
*** SUMMARY ***
Total pot $29 | Rake $0.50
Board [3d Tc 9s 5c Qs]
Seat 5: Mizt3r X (big blind) showed [Qc Qd] and won ($28.50) with three of a kind, Queens
Seat 6: SirRomanov (button) (small blind) showed [5d 9d] and lost with two pair, Nines and Fives


PokerStars Hand #152314331741:  Hold'em Limit ($3/$6 USD) - 2016/04/23 3:06:05 ET
Table 'Montana II' 10-max Seat #6 is the button
Seat 5: Mizt3r X ($21.50 in chips)
Seat 6: SirRomanov ($191.32 in chips)
SirRomanov: posts small blind $1
Mizt3r X: posts big blind $3
*** HOLE CARDS ***
SirRomanov: raises $3 to $6
Mizt3r X: raises $3 to $9
SirRomanov: calls $3
*** FLOP *** [9d 6d 7d]
Mizt3r X: checks
SirRomanov: bets $3
Mizt3r X: folds
Uncalled bet ($3) returned to SirRomanov
SirRomanov collected $17.64 from pot
SirRomanov: doesn't show hand
*** SUMMARY ***
Total pot $18 | Rake $0.36
Board [9d 6d 7d]
Seat 5: Mizt3r X (big blind) folded on the Flop
Seat 6: SirRomanov (button) (small blind) collected ($17.64)


PokerStars Hand #152314338303:  Hold'em Limit ($3/$6 USD) - 2016/04/23 3:06:26 ET
Table 'Montana II' 10-max Seat #5 is the button
Seat 5: Mizt3r X ($12.50 in chips)
Seat 6: SirRomanov ($199.96 in chips)
Mizt3r X: posts small blind $1
SirRomanov: posts big blind $3
*** HOLE CARDS ***
Mizt3r X: raises $3 to $6
SirRomanov: calls $3
*** FLOP *** [3c Jh 5s]
SirRomanov: checks
Mizt3r X: checks
*** TURN *** [3c Jh 5s] [8c]
SirRomanov: bets $6
Mizt3r X: raises $0.50 to $6.50 and is all-in
SirRomanov: calls $0.50
*** RIVER *** [3c Jh 5s 8c] [9d]
*** SHOW DOWN ***
SirRomanov: shows [Js 6s] (a pair of Jacks)
Mizt3r X: shows [8h Tc] (a pair of Eights)
SirRomanov collected $24.50 from pot
*** SUMMARY ***
Total pot $25 | Rake $0.50
Board [3c Jh 5s 8c 9d]
Seat 5: Mizt3r X (button) (small blind) showed [8h Tc] and lost with a pair of Eights
Seat 6: SirRomanov (big blind) showed [Js 6s] and won ($24.50) with a pair of Jacks


