PokerStars Hand #156840542251:  Hold'em Limit ($3/$6 USD) - 2016/08/04 1:14:12 ET
Table 'Montefiore' 6-max Seat #1 is the button
Seat 1: LifeisagameX ($84 in chips)
Seat 2: ukmevolution ($78 in chips)
LifeisagameX: posts small blind $1
ukmevolution: posts big blind $3
*** HOLE CARDS ***
LifeisagameX: raises $3 to $6
ukmevolution: calls $3
*** FLOP *** [4h 9d 3c]
ukmevolution: checks
LifeisagameX: checks
*** TURN *** [4h 9d 3c] [Qc]
ukmevolution: checks
LifeisagameX: bets $6
ukmevolution: folds
Uncalled bet ($6) returned to LifeisagameX
LifeisagameX collected $11.76 from pot
LifeisagameX: doesn't show hand
*** SUMMARY ***
Total pot $12 | Rake $0.24
Board [4h 9d 3c Qc]
Seat 1: LifeisagameX (button) (small blind) collected ($11.76)
Seat 2: ukmevolution (big blind) folded on the Turn


PokerStars Hand #156840556646:  Hold'em Limit ($3/$6 USD) - 2016/08/04 1:15:12 ET
Table 'Montefiore' 6-max Seat #2 is the button
Seat 1: LifeisagameX ($84 in chips)
Seat 2: ukmevolution ($83.52 in chips)
ukmevolution: posts small blind $1
LifeisagameX: posts big blind $3
*** HOLE CARDS ***
ukmevolution: folds
Uncalled bet ($2) returned to LifeisagameX
LifeisagameX collected $2 from pot
LifeisagameX: doesn't show hand
*** SUMMARY ***
Total pot $2 | Rake $0
Seat 1: LifeisagameX (big blind) collected ($2)
Seat 2: ukmevolution (button) (small blind) folded before Flop


PokerStars Hand #156840553388:  Hold'em Limit ($3/$6 USD) - 2016/08/04 1:14:58 ET
Table 'Montefiore' 6-max Seat #1 is the button
Seat 1: LifeisagameX ($84 in chips)
Seat 2: ukmevolution ($77.76 in chips)
LifeisagameX: posts small blind $1
ukmevolution: posts big blind $3
*** HOLE CARDS ***
LifeisagameX: raises $3 to $6
ukmevolution: calls $3
*** FLOP *** [Qc 6d Jc]
ukmevolution: bets $3
LifeisagameX: folds
Uncalled bet ($3) returned to ukmevolution
ukmevolution collected $11.76 from pot
ukmevolution: doesn't show hand
*** SUMMARY ***
Total pot $12 | Rake $0.24
Board [Qc 6d Jc]
Seat 1: LifeisagameX (button) (small blind) folded on the Flop
Seat 2: ukmevolution (big blind) collected ($11.76)


PokerStars Hand #156840548294:  Hold'em Limit ($3/$6 USD) - 2016/08/04 1:14:37 ET
Table 'Montefiore' 6-max Seat #2 is the button
Seat 1: LifeisagameX ($89.76 in chips)
Seat 2: ukmevolution ($72 in chips)
ukmevolution: posts small blind $1
LifeisagameX: posts big blind $3
*** HOLE CARDS ***
ukmevolution: raises $3 to $6
LifeisagameX: calls $3
*** FLOP *** [9c 2h Jh]
LifeisagameX: checks
ukmevolution: bets $3
LifeisagameX: folds
Uncalled bet ($3) returned to ukmevolution
ukmevolution collected $11.76 from pot
ukmevolution: doesn't show hand
*** SUMMARY ***
Total pot $12 | Rake $0.24
Board [9c 2h Jh]
Seat 1: LifeisagameX (big blind) folded on the Flop
Seat 2: ukmevolution (button) (small blind) collected ($11.76)


PokerStars Hand #156840558057:  Hold'em Limit ($3/$6 USD) - 2016/08/04 1:15:18 ET
Table 'Montefiore' 6-max Seat #1 is the button
Seat 1: LifeisagameX ($85 in chips)
Seat 2: ukmevolution ($82.52 in chips)
LifeisagameX: posts small blind $1
ukmevolution: posts big blind $3
*** HOLE CARDS ***
LifeisagameX: raises $3 to $6
ukmevolution: calls $3
*** FLOP *** [9d 3s Jd]
ukmevolution: bets $3
LifeisagameX: calls $3
*** TURN *** [9d 3s Jd] [6d]
ukmevolution: checks
LifeisagameX: bets $6
ukmevolution: raises $6 to $12
LifeisagameX: calls $6
*** RIVER *** [9d 3s Jd 6d] [2s]
ukmevolution: bets $6
LifeisagameX: folds
Uncalled bet ($6) returned to ukmevolution
ukmevolution collected $41.50 from pot
ukmevolution: doesn't show hand
*** SUMMARY ***
Total pot $42 | Rake $0.50
Board [9d 3s Jd 6d 2s]
Seat 1: LifeisagameX (button) (small blind) folded on the River
Seat 2: ukmevolution (big blind) collected ($41.50)


PokerStars Hand #156840566966:  Hold'em Limit ($3/$6 USD) - 2016/08/04 1:15:55 ET
Table 'Montefiore' 6-max Seat #1 is the button
Seat 1: LifeisagameX ($85 in chips)
Seat 2: ukmevolution ($102.02 in chips)
LifeisagameX: posts small blind $1
ukmevolution: posts big blind $3
*** HOLE CARDS ***
hairy1961 joins the table at seat #6
LifeisagameX: raises $3 to $6
ukmevolution: calls $3
*** FLOP *** [Ah 5s Ts]
ukmevolution: checks
LifeisagameX: bets $3
ukmevolution: folds
Uncalled bet ($3) returned to LifeisagameX
LifeisagameX collected $11.76 from pot
LifeisagameX: doesn't show hand
*** SUMMARY ***
Total pot $12 | Rake $0.24
Board [Ah 5s Ts]
Seat 1: LifeisagameX (button) (small blind) collected ($11.76)
Seat 2: ukmevolution (big blind) folded on the Flop


PokerStars Hand #156840565559:  Hold'em Limit ($3/$6 USD) - 2016/08/04 1:15:49 ET
Table 'Montefiore' 6-max Seat #2 is the button
Seat 1: LifeisagameX ($84 in chips)
Seat 2: ukmevolution ($103.02 in chips)
ukmevolution: posts small blind $1
LifeisagameX: posts big blind $3
*** HOLE CARDS ***
ukmevolution: folds
Uncalled bet ($2) returned to LifeisagameX
LifeisagameX collected $2 from pot
LifeisagameX: doesn't show hand
*** SUMMARY ***
Total pot $2 | Rake $0
Seat 1: LifeisagameX (big blind) collected ($2)
Seat 2: ukmevolution (button) (small blind) folded before Flop


PokerStars Hand #156840591009:  Hold'em Limit ($3/$6 USD) - 2016/08/04 1:17:35 ET
Table 'Montefiore' 6-max Seat #2 is the button
Seat 2: ukmevolution ($81.02 in chips)
Seat 6: hairy1961 ($88.38 in chips)
ukmevolution: posts small blind $1
hairy1961: posts big blind $3
*** HOLE CARDS ***
ukmevolution: folds
Uncalled bet ($2) returned to hairy1961
LifeisagameX leaves the table
hairy1961 collected $2 from pot
hairy1961: doesn't show hand
*** SUMMARY ***
Total pot $2 | Rake $0
Seat 2: ukmevolution (button) (small blind) folded before Flop
Seat 6: hairy1961 (big blind) collected ($2)


PokerStars Hand #156840592321:  Hold'em Limit ($3/$6 USD) - 2016/08/04 1:17:41 ET
Table 'Montefiore' 6-max Seat #6 is the button
Seat 2: ukmevolution ($80.02 in chips)
Seat 6: hairy1961 ($89.38 in chips)
hairy1961: posts small blind $1
ukmevolution: posts big blind $3
*** HOLE CARDS ***
hairy1961: raises $3 to $6
ukmevolution: raises $3 to $9
hairy1961: calls $3
*** FLOP *** [Th 3s Kd]
ukmevolution: bets $3
hairy1961: calls $3
*** TURN *** [Th 3s Kd] [Jh]
ukmevolution: bets $6
hairy1961: calls $6
*** RIVER *** [Th 3s Kd Jh] [Ts]
ukmevolution: bets $6
hairy1961: calls $6
*** SHOW DOWN ***
ukmevolution: shows [Js Jd] (a full house, Jacks full of Tens)
hairy1961: mucks hand
ukmevolution collected $47.50 from pot
*** SUMMARY ***
Total pot $48 | Rake $0.50
Board [Th 3s Kd Jh Ts]
Seat 2: ukmevolution (big blind) showed [Js Jd] and won ($47.50) with a full house, Jacks full of Tens
Seat 6: hairy1961 (button) (small blind) mucked


PokerStars Hand #156840608123:  Hold'em Limit ($3/$6 USD) - 2016/08/04 1:18:47 ET
Table 'Montefiore' 6-max Seat #2 is the button
Seat 2: ukmevolution ($127.90 in chips)
Seat 6: hairy1961 ($40.38 in chips)
ukmevolution: posts small blind $1
hairy1961: posts big blind $3
*** HOLE CARDS ***
ukmevolution: calls $2
hairy1961: raises $3 to $6
ukmevolution: calls $3
*** FLOP *** [Jd Qs Ks]
hairy1961: bets $3
ukmevolution: calls $3
*** TURN *** [Jd Qs Ks] [Kh]
hairy1961: bets $6
ukmevolution: calls $6
*** RIVER *** [Jd Qs Ks Kh] [Kc]
hairy1961: bets $6
ukmevolution: calls $6
*** SHOW DOWN ***
hairy1961: shows [As 2s] (three of a kind, Kings)
ukmevolution: shows [Ts Jh] (a full house, Kings full of Jacks)
ukmevolution collected $41.50 from pot
*** SUMMARY ***
Total pot $42 | Rake $0.50
Board [Jd Qs Ks Kh Kc]
Seat 2: ukmevolution (button) (small blind) showed [Ts Jh] and won ($41.50) with a full house, Kings full of Jacks
Seat 6: hairy1961 (big blind) showed [As 2s] and lost with three of a kind, Kings


PokerStars Hand #156840601971:  Hold'em Limit ($3/$6 USD) - 2016/08/04 1:18:21 ET
Table 'Montefiore' 6-max Seat #6 is the button
Seat 2: ukmevolution ($127.02 in chips)
Seat 6: hairy1961 ($41.38 in chips)
hairy1961: posts small blind $1
ukmevolution: posts big blind $3
*** HOLE CARDS ***
hairy1961: raises $3 to $6
ukmevolution: folds
Uncalled bet ($3) returned to hairy1961
hairy1961 collected $6 from pot
hairy1961: doesn't show hand
*** SUMMARY ***
Total pot $6 | Rake $0
Seat 2: ukmevolution (big blind) folded before Flop
Seat 6: hairy1961 (button) (small blind) collected ($6)


PokerStars Hand #156840597089:  Hold'em Limit ($3/$6 USD) - 2016/08/04 1:18:01 ET
Table 'Montefiore' 6-max Seat #2 is the button
Seat 2: ukmevolution ($103.52 in chips)
Seat 6: hairy1961 ($65.38 in chips)
ukmevolution: posts small blind $1
hairy1961: posts big blind $3
*** HOLE CARDS ***
ukmevolution: raises $3 to $6
hairy1961: raises $3 to $9
ukmevolution: calls $3
*** FLOP *** [9d Jc 5d]
hairy1961: bets $3
ukmevolution: calls $3
*** TURN *** [9d Jc 5d] [8d]
hairy1961: bets $6
ukmevolution: calls $6
*** RIVER *** [9d Jc 5d 8d] [Td]
hairy1961: checks
ukmevolution: bets $6
hairy1961: calls $6
*** SHOW DOWN ***
ukmevolution: shows [3d Ad] (a flush, Ace high)
hairy1961: mucks hand
ukmevolution collected $47.50 from pot
*** SUMMARY ***
Total pot $48 | Rake $0.50
Board [9d Jc 5d 8d Td]
Seat 2: ukmevolution (button) (small blind) showed [3d Ad] and won ($47.50) with a flush, Ace high
Seat 6: hairy1961 (big blind) mucked


PokerStars Hand #156840606710:  Hold'em Limit ($3/$6 USD) - 2016/08/04 1:18:41 ET
Table 'Montefiore' 6-max Seat #6 is the button
Seat 2: ukmevolution ($126.90 in chips)
Seat 6: hairy1961 ($41.38 in chips)
hairy1961: posts small blind $1
ukmevolution: posts big blind $3
*** HOLE CARDS ***
hairy1961: folds
Uncalled bet ($2) returned to ukmevolution
ukmevolution collected $2 from pot
ukmevolution: doesn't show hand
*** SUMMARY ***
Total pot $2 | Rake $0
Seat 2: ukmevolution (big blind) collected ($2)
Seat 6: hairy1961 (button) (small blind) folded before Flop


PokerStars Hand #156840603414:  Hold'em Limit ($3/$6 USD) - 2016/08/04 1:18:27 ET
Table 'Montefiore' 6-max Seat #2 is the button
Seat 2: ukmevolution ($124.02 in chips)
Seat 6: hairy1961 ($44.38 in chips)
ukmevolution: posts small blind $1
hairy1961: posts big blind $3
*** HOLE CARDS ***
ukmevolution: calls $2
hairy1961: checks
*** FLOP *** [2s 2c Kh]
hairy1961: checks
ukmevolution: bets $3
hairy1961: folds
Uncalled bet ($3) returned to ukmevolution
ukmevolution collected $5.88 from pot
ukmevolution: doesn't show hand
*** SUMMARY ***
Total pot $6 | Rake $0.12
Board [2s 2c Kh]
Seat 2: ukmevolution (button) (small blind) collected ($5.88)
Seat 6: hairy1961 (big blind) folded on the Flop


PokerStars Hand #156840612060:  Hold'em Limit ($3/$6 USD) - 2016/08/04 1:19:03 ET
Table 'Montefiore' 6-max Seat #6 is the button
Seat 2: ukmevolution ($148.40 in chips)
Seat 6: hairy1961 ($19.38 in chips)
hairy1961: posts small blind $1
ukmevolution: posts big blind $3
*** HOLE CARDS ***
hairy1961: calls $2
ukmevolution: checks
*** FLOP *** [Td 9d 3h]
ukmevolution: checks
hairy1961: checks
*** TURN *** [Td 9d 3h] [9h]
ukmevolution: bets $6
hairy1961: calls $6
*** RIVER *** [Td 9d 3h 9h] [Kc]
ukmevolution: bets $6
hairy1961: calls $6
*** SHOW DOWN ***
ukmevolution: shows [6h 6d] (two pair, Nines and Sixes)
hairy1961: mucks hand
ukmevolution collected $29.50 from pot
*** SUMMARY ***
Total pot $30 | Rake $0.50
Board [Td 9d 3h 9h Kc]
Seat 2: ukmevolution (big blind) showed [6h 6d] and won ($29.50) with two pair, Nines and Sixes
Seat 6: hairy1961 (button) (small blind) mucked


PokerStars Hand #156840617221:  Hold'em Limit ($3/$6 USD) - 2016/08/04 1:19:25 ET
Table 'Montefiore' 6-max Seat #2 is the button
Seat 2: ukmevolution ($162.90 in chips)
Seat 6: hairy1961 ($4.38 in chips)
ukmevolution: posts small blind $1
hairy1961: posts big blind $3
*** HOLE CARDS ***
ukmevolution: raises $3 to $6
hairy1961: calls $1.38 and is all-in
Uncalled bet ($1.62) returned to ukmevolution
*** FLOP *** [Jd Qs Kc]
*** TURN *** [Jd Qs Kc] [9c]
*** RIVER *** [Jd Qs Kc 9c] [Qd]
*** SHOW DOWN ***
hairy1961: shows [4s Tc] (a straight, Nine to King)
ukmevolution: shows [Ah 4h] (a pair of Queens)
hairy1961 collected $8.58 from pot
*** SUMMARY ***
Total pot $8.76 | Rake $0.18
Board [Jd Qs Kc 9c Qd]
Seat 2: ukmevolution (button) (small blind) showed [Ah 4h] and lost with a pair of Queens
Seat 6: hairy1961 (big blind) showed [4s Tc] and won ($8.58) with a straight, Nine to King


PokerStars Hand #156840620673:  Hold'em Limit ($3/$6 USD) - 2016/08/04 1:19:39 ET
Table 'Montefiore' 6-max Seat #6 is the button
Seat 2: ukmevolution ($158.52 in chips)
Seat 6: hairy1961 ($8.58 in chips)
hairy1961: posts small blind $1
ukmevolution: posts big blind $3
*** HOLE CARDS ***
hairy1961: folds
Uncalled bet ($2) returned to ukmevolution
ukmevolution collected $2 from pot
ukmevolution: doesn't show hand
*** SUMMARY ***
Total pot $2 | Rake $0
Seat 2: ukmevolution (big blind) collected ($2)
Seat 6: hairy1961 (button) (small blind) folded before Flop


PokerStars Hand #156840622060:  Hold'em Limit ($3/$6 USD) - 2016/08/04 1:19:45 ET
Table 'Montefiore' 6-max Seat #2 is the button
Seat 2: ukmevolution ($159.52 in chips)
Seat 6: hairy1961 ($7.58 in chips)
ukmevolution: posts small blind $1
hairy1961: posts big blind $3
*** HOLE CARDS ***
ukmevolution: folds
Uncalled bet ($2) returned to hairy1961
ukmevolution leaves the table
hairy1961 collected $2 from pot
hairy1961: doesn't show hand
*** SUMMARY ***
Total pot $2 | Rake $0
Seat 2: ukmevolution (button) (small blind) folded before Flop
Seat 6: hairy1961 (big blind) collected ($2)


