PokerStars Hand #149471072080:  Hold'em Limit ($3/$6 USD) - 2016/02/26 19:07:46 ET
Table 'Montezuma' 6-max Seat #5 is the button
Seat 2: floplucky88 ($265.96 in chips)
Seat 5: Chessnok ($93.58 in chips)
Chessnok: posts small blind $1
floplucky88: posts big blind $3
*** HOLE CARDS ***
Chessnok: folds
Uncalled bet ($2) returned to floplucky88
floplucky88 collected $2 from pot
floplucky88: doesn't show hand
*** SUMMARY ***
Total pot $2 | Rake $0
Seat 2: floplucky88 (big blind) collected ($2)
Seat 5: Chessnok (button) (small blind) folded before Flop


PokerStars Hand #149471045645:  Hold'em Limit ($3/$6 USD) - 2016/02/26 19:07:09 ET
Table 'Montezuma' 6-max Seat #2 is the button
Seat 2: floplucky88 ($260.20 in chips)
Seat 5: Chessnok ($99.58 in chips)
floplucky88: posts small blind $1
bugsbubble: is sitting out
Chessnok: posts big blind $3
*** HOLE CARDS ***
floplucky88: raises $3 to $6
Chessnok: calls $3
*** FLOP *** [Ac 9d Jd]
Chessnok: checks
floplucky88: bets $3
Chessnok: folds
Uncalled bet ($3) returned to floplucky88
floplucky88 collected $11.76 from pot
floplucky88: doesn't show hand
*** SUMMARY ***
Total pot $12 | Rake $0.24
Board [Ac 9d Jd]
Seat 2: floplucky88 (button) (small blind) collected ($11.76)
Seat 5: Chessnok (big blind) folded on the Flop


PokerStars Hand #149471061024:  Hold'em Limit ($3/$6 USD) - 2016/02/26 19:07:30 ET
Table 'Montezuma' 6-max Seat #5 is the button
Seat 2: floplucky88 ($265.96 in chips)
Seat 5: Chessnok ($93.58 in chips)
Chessnok: posts small blind $1
floplucky88: posts big blind $3
*** HOLE CARDS ***
Chessnok: folds
Uncalled bet ($2) returned to floplucky88
floplucky88 collected $2 from pot
floplucky88: doesn't show hand
*** SUMMARY ***
Total pot $2 | Rake $0
Seat 2: floplucky88 (big blind) collected ($2)
Seat 5: Chessnok (button) (small blind) folded before Flop


PokerStars Hand #149471067495:  Hold'em Limit ($3/$6 USD) - 2016/02/26 19:07:40 ET
Table 'Montezuma' 6-max Seat #2 is the button
Seat 2: floplucky88 ($266.96 in chips)
Seat 5: Chessnok ($92.58 in chips)
floplucky88: posts small blind $1
Chessnok: posts big blind $3
*** HOLE CARDS ***
floplucky88: folds
Uncalled bet ($2) returned to Chessnok
Chessnok collected $2 from pot
Chessnok: doesn't show hand
*** SUMMARY ***
Total pot $2 | Rake $0
Seat 2: floplucky88 (button) (small blind) folded before Flop
Seat 5: Chessnok (big blind) collected ($2)


PokerStars Hand #149471077378:  Hold'em Limit ($3/$6 USD) - 2016/02/26 19:07:53 ET
Table 'Montezuma' 6-max Seat #2 is the button
Seat 2: floplucky88 ($266.96 in chips)
Seat 5: Chessnok ($92.58 in chips)
floplucky88: posts small blind $1
Chessnok: posts big blind $3
*** HOLE CARDS ***
floplucky88: raises $3 to $6
Chessnok: raises $3 to $9
floplucky88: raises $3 to $12
Betting is capped
Chessnok: calls $3
*** FLOP *** [6s Qs 4h]
Chessnok: checks
floplucky88: bets $3
Chessnok: raises $3 to $6
floplucky88: calls $3
*** TURN *** [6s Qs 4h] [Kd]
Chessnok: bets $6
floplucky88: raises $6 to $12
Chessnok: raises $6 to $18
floplucky88: calls $6
*** RIVER *** [6s Qs 4h Kd] [Qc]
Chessnok: bets $6
floplucky88: calls $6
*** SHOW DOWN ***
Chessnok: shows [Qh 4c] (a full house, Queens full of Fours)
floplucky88: mucks hand
Chessnok collected $83.50 from pot
*** SUMMARY ***
Total pot $84 | Rake $0.50
Board [6s Qs 4h Kd Qc]
Seat 2: floplucky88 (button) (small blind) mucked
Seat 5: Chessnok (big blind) showed [Qh 4c] and won ($83.50) with a full house, Queens full of Fours


PokerStars Hand #149471102152:  Hold'em Limit ($3/$6 USD) - 2016/02/26 19:08:28 ET
Table 'Montezuma' 6-max Seat #5 is the button
Seat 2: floplucky88 ($224.96 in chips)
Seat 5: Chessnok ($134.08 in chips)
Chessnok: posts small blind $1
floplucky88: posts big blind $3
*** HOLE CARDS ***
Chessnok: raises $3 to $6
floplucky88: calls $3
*** FLOP *** [3s 4h Ad]
bugsbubble leaves the table
floplucky88: checks
Chessnok: bets $3
floplucky88: folds
Uncalled bet ($3) returned to Chessnok
Chessnok collected $11.76 from pot
Chessnok: doesn't show hand
*** SUMMARY ***
Total pot $12 | Rake $0.24
Board [3s 4h Ad]
Seat 2: floplucky88 (big blind) folded on the Flop
Seat 5: Chessnok (button) (small blind) collected ($11.76)


