PokerStars Hand #162122300287:  Hold'em Limit ($3/$6 USD) - 2016/11/28 22:16:55 ET
Table 'Montague' 6-max Seat #2 is the button
Seat 2: Zooshark ($210.54 in chips)
Seat 5: beautyrules ($109.53 in chips)
Zooshark: posts small blind $1
beautyrules: posts big blind $3
*** HOLE CARDS ***
Zooshark: raises $3 to $6
Brama Br leaves the table
beautyrules: calls $3
*** FLOP *** [Qc Ts 9d]
beautyrules: checks
Zooshark: bets $3
beautyrules: calls $3
*** TURN *** [Qc Ts 9d] [9c]
beautyrules: checks
Zooshark: bets $6
beautyrules: folds
Uncalled bet ($6) returned to Zooshark
Zooshark collected $17.64 from pot
Zooshark: doesn't show hand
*** SUMMARY ***
Total pot $18 | Rake $0.36
Board [Qc Ts 9d 9c]
Seat 2: Zooshark (button) (small blind) collected ($17.64)
Seat 5: beautyrules (big blind) folded on the Turn


PokerStars Hand #162122307301:  Hold'em Limit ($3/$6 USD) - 2016/11/28 22:17:14 ET
Table 'Montague' 6-max Seat #5 is the button
Seat 2: Zooshark ($219.18 in chips)
Seat 5: beautyrules ($100.53 in chips)
beautyrules: posts small blind $1
Zooshark: posts big blind $3
*** HOLE CARDS ***
beautyrules: calls $2
Zooshark: checks
*** FLOP *** [7s 3c Ts]
Zooshark: checks
beautyrules: checks
*** TURN *** [7s 3c Ts] [3d]
Zooshark: bets $6
beautyrules: folds
Uncalled bet ($6) returned to Zooshark
Zooshark collected $5.88 from pot
Zooshark: doesn't show hand
*** SUMMARY ***
Total pot $6 | Rake $0.12
Board [7s 3c Ts 3d]
Seat 2: Zooshark (big blind) collected ($5.88)
Seat 5: beautyrules (button) (small blind) folded on the Turn


PokerStars Hand #162122313477:  Hold'em Limit ($3/$6 USD) - 2016/11/28 22:17:31 ET
Table 'Montague' 6-max Seat #2 is the button
Seat 2: Zooshark ($222.06 in chips)
Seat 5: beautyrules ($97.53 in chips)
Zooshark: posts small blind $1
beautyrules: posts big blind $3
*** HOLE CARDS ***
Zooshark: raises $3 to $6
beautyrules: calls $3
*** FLOP *** [Kd 4s 8d]
beautyrules: bets $3
Zooshark: calls $3
*** TURN *** [Kd 4s 8d] [8c]
barranqueiro joins the table at seat #6
beautyrules: checks
Zooshark: checks
*** RIVER *** [Kd 4s 8d 8c] [9s]
beautyrules: checks
Zooshark: checks
*** SHOW DOWN ***
beautyrules: shows [Qc 5s] (a pair of Eights)
Zooshark: shows [Jh Ad] (a pair of Eights - Ace kicker)
Zooshark collected $17.64 from pot
*** SUMMARY ***
Total pot $18 | Rake $0.36
Board [Kd 4s 8d 8c 9s]
Seat 2: Zooshark (button) (small blind) showed [Jh Ad] and won ($17.64) with a pair of Eights
Seat 5: beautyrules (big blind) showed [Qc 5s] and lost with a pair of Eights


PokerStars Hand #162125992281:  Hold'em Limit ($3/$6 USD) - 2016/11/29 1:50:32 ET
Table 'Montague' 6-max Seat #6 is the button
Seat 2: ABATAPP ($67.25 in chips)
Seat 6: CharginWapos ($184.12 in chips)
CharginWapos: posts small blind $1
ABATAPP: posts big blind $3
*** HOLE CARDS ***
CharginWapos: calls $2
ABATAPP: checks
*** FLOP *** [7h 6d As]
ABATAPP: bets $3
CharginWapos: calls $3
*** TURN *** [7h 6d As] [9d]
ABATAPP: checks
CharginWapos: bets $6
ABATAPP: calls $6
*** RIVER *** [7h 6d As 9d] [7d]
ABATAPP: bets $6
CharginWapos: calls $6
*** SHOW DOWN ***
ABATAPP: shows [4d Td] (a flush, Ten high)
CharginWapos: mucks hand
ABATAPP collected $35.50 from pot
*** SUMMARY ***
Total pot $36 | Rake $0.50
Board [7h 6d As 9d 7d]
Seat 2: ABATAPP (big blind) showed [4d Td] and won ($35.50) with a flush, Ten high
Seat 6: CharginWapos (button) (small blind) mucked


PokerStars Hand #162125990290:  Hold'em Limit ($3/$6 USD) - 2016/11/29 1:50:25 ET
Table 'Montague' 6-max Seat #2 is the button
Seat 2: ABATAPP ($64.25 in chips)
Seat 6: CharginWapos ($187.12 in chips)
ABATAPP: posts small blind $1
CharginWapos: posts big blind $3
*** HOLE CARDS ***
ABATAPP: raises $3 to $6
CharginWapos: folds
Uncalled bet ($3) returned to ABATAPP
ABATAPP collected $6 from pot
ABATAPP: doesn't show hand
*** SUMMARY ***
Total pot $6 | Rake $0
Seat 2: ABATAPP (button) (small blind) collected ($6)
Seat 6: CharginWapos (big blind) folded before Flop


PokerStars Hand #162125988777:  Hold'em Limit ($3/$6 USD) - 2016/11/29 1:50:19 ET
Table 'Montague' 6-max Seat #6 is the button
Seat 2: ABATAPP ($67.25 in chips)
Seat 6: CharginWapos ($184.12 in chips)
CharginWapos: posts small blind $1
ABATAPP: posts big blind $3
*** HOLE CARDS ***
CharginWapos: raises $3 to $6
ABATAPP: folds
Uncalled bet ($3) returned to CharginWapos
CharginWapos collected $6 from pot
CharginWapos: doesn't show hand
*** SUMMARY ***
Total pot $6 | Rake $0
Seat 2: ABATAPP (big blind) folded before Flop
Seat 6: CharginWapos (button) (small blind) collected ($6)


PokerStars Hand #162125979238:  Hold'em Limit ($3/$6 USD) - 2016/11/29 1:49:42 ET
Table 'Montague' 6-max Seat #2 is the button
Seat 2: ABATAPP ($82.25 in chips)
Seat 6: CharginWapos ($169.62 in chips)
ABATAPP: posts small blind $1
CharginWapos: posts big blind $3
*** HOLE CARDS ***
ABATAPP: raises $3 to $6
CharginWapos: calls $3
*** FLOP *** [Ts 9c 4h]
CharginWapos: checks
ABATAPP: bets $3
CharginWapos: calls $3
*** TURN *** [Ts 9c 4h] [8h]
CharginWapos: checks
ABATAPP: checks
*** RIVER *** [Ts 9c 4h 8h] [Jh]
CharginWapos: checks
ABATAPP: bets $6
CharginWapos: calls $6
*** SHOW DOWN ***
ABATAPP: shows [2s Ad] (high card Ace)
CharginWapos: shows [Tc 6c] (a pair of Tens)
CharginWapos collected $29.50 from pot
*** SUMMARY ***
Total pot $30 | Rake $0.50
Board [Ts 9c 4h 8h Jh]
Seat 2: ABATAPP (button) (small blind) showed [2s Ad] and lost with high card Ace
Seat 6: CharginWapos (big blind) showed [Tc 6c] and won ($29.50) with a pair of Tens


PokerStars Hand #162126098988:  Hold'em Limit ($3/$6 USD) - 2016/11/29 1:57:38 ET
Table 'Montague' 6-max Seat #6 is the button
Seat 2: ABATAPP ($111.85 in chips)
Seat 6: CharginWapos ($181.39 in chips)
CharginWapos: posts small blind $1
ABATAPP: posts big blind $3
*** HOLE CARDS ***
CharginWapos: folds
Uncalled bet ($2) returned to ABATAPP
ABATAPP collected $2 from pot
ABATAPP: doesn't show hand
*** SUMMARY ***
Total pot $2 | Rake $0
Seat 2: ABATAPP (big blind) collected ($2)
Seat 6: CharginWapos (button) (small blind) folded before Flop


PokerStars Hand #162126112733:  Hold'em Limit ($3/$6 USD) - 2016/11/29 1:58:37 ET
Table 'Montague' 6-max Seat #2 is the button
Seat 2: ABATAPP ($79.85 in chips)
Seat 6: CharginWapos ($212.53 in chips)
ABATAPP: posts small blind $1
CharginWapos: posts big blind $3
*** HOLE CARDS ***
ABATAPP: raises $3 to $6
CharginWapos: folds
Uncalled bet ($3) returned to ABATAPP
ABATAPP collected $6 from pot
ABATAPP: doesn't show hand
*** SUMMARY ***
Total pot $6 | Rake $0
Seat 2: ABATAPP (button) (small blind) collected ($6)
Seat 6: CharginWapos (big blind) folded before Flop


PokerStars Hand #162126111463:  Hold'em Limit ($3/$6 USD) - 2016/11/29 1:58:32 ET
Table 'Montague' 6-max Seat #6 is the button
Seat 2: ABATAPP ($78.85 in chips)
Seat 6: CharginWapos ($213.53 in chips)
CharginWapos: posts small blind $1
ABATAPP: posts big blind $3
*** HOLE CARDS ***
CharginWapos: folds
Uncalled bet ($2) returned to ABATAPP
ABATAPP collected $2 from pot
ABATAPP: doesn't show hand
*** SUMMARY ***
Total pot $2 | Rake $0
Seat 2: ABATAPP (big blind) collected ($2)
Seat 6: CharginWapos (button) (small blind) folded before Flop


PokerStars Hand #162126110327:  Hold'em Limit ($3/$6 USD) - 2016/11/29 1:58:27 ET
Table 'Montague' 6-max Seat #2 is the button
Seat 2: ABATAPP ($79.85 in chips)
Seat 6: CharginWapos ($212.53 in chips)
ABATAPP: posts small blind $1
CharginWapos: posts big blind $3
*** HOLE CARDS ***
ABATAPP: folds
Uncalled bet ($2) returned to CharginWapos
CharginWapos collected $2 from pot
CharginWapos: doesn't show hand
*** SUMMARY ***
Total pot $2 | Rake $0
Seat 2: ABATAPP (button) (small blind) folded before Flop
Seat 6: CharginWapos (big blind) collected ($2)


PokerStars Hand #162126100176:  Hold'em Limit ($3/$6 USD) - 2016/11/29 1:57:43 ET
Table 'Montague' 6-max Seat #2 is the button
Seat 2: ABATAPP ($112.85 in chips)
Seat 6: CharginWapos ($180.39 in chips)
ABATAPP: posts small blind $1
CharginWapos: posts big blind $3
*** HOLE CARDS ***
ABATAPP: raises $3 to $6
CharginWapos: raises $3 to $9
ABATAPP: calls $3
*** FLOP *** [Kc Th 5c]
CharginWapos: bets $3
ABATAPP: calls $3
*** TURN *** [Kc Th 5c] [Kh]
CharginWapos: bets $6
ABATAPP: calls $6
*** RIVER *** [Kc Th 5c Kh] [6h]
CharginWapos: bets $6
ABATAPP: calls $6
*** SHOW DOWN ***
CharginWapos: shows [6c 6d] (a full house, Sixes full of Kings)
ABATAPP: mucks hand
CharginWapos collected $47.50 from pot
*** SUMMARY ***
Total pot $48 | Rake $0.50
Board [Kc Th 5c Kh 6h]
Seat 2: ABATAPP (button) (small blind) mucked
Seat 6: CharginWapos (big blind) showed [6c 6d] and won ($47.50) with a full house, Sixes full of Kings


PokerStars Hand #162126105702:  Hold'em Limit ($3/$6 USD) - 2016/11/29 1:58:07 ET
Table 'Montague' 6-max Seat #6 is the button
Seat 2: ABATAPP ($88.85 in chips)
Seat 6: CharginWapos ($203.89 in chips)
CharginWapos: posts small blind $1
ABATAPP: posts big blind $3
*** HOLE CARDS ***
CharginWapos: calls $2
ABATAPP: checks
*** FLOP *** [Jd 9c 5s]
ABATAPP: bets $3
CharginWapos: raises $3 to $6
ABATAPP: calls $3
*** TURN *** [Jd 9c 5s] [3h]
ABATAPP: checks
CharginWapos: bets $6
ABATAPP: folds
Uncalled bet ($6) returned to CharginWapos
CharginWapos collected $17.64 from pot
CharginWapos: doesn't show hand
*** SUMMARY ***
Total pot $18 | Rake $0.36
Board [Jd 9c 5s 3h]
Seat 2: ABATAPP (big blind) folded on the Turn
Seat 6: CharginWapos (button) (small blind) collected ($17.64)


PokerStars Hand #162126119927:  Hold'em Limit ($3/$6 USD) - 2016/11/29 1:59:08 ET
Table 'Montague' 6-max Seat #2 is the button
Seat 2: ABATAPP ($67.85 in chips)
Seat 6: CharginWapos ($224.03 in chips)
ABATAPP: posts small blind $1
CharginWapos: posts big blind $3
*** HOLE CARDS ***
ABATAPP: raises $3 to $6
CharginWapos: folds
Uncalled bet ($3) returned to ABATAPP
ABATAPP collected $6 from pot
ABATAPP: doesn't show hand
*** SUMMARY ***
Total pot $6 | Rake $0
Seat 2: ABATAPP (button) (small blind) collected ($6)
Seat 6: CharginWapos (big blind) folded before Flop


PokerStars Hand #162126124029:  Hold'em Limit ($3/$6 USD) - 2016/11/29 1:59:25 ET
Table 'Montague' 6-max Seat #2 is the button
Seat 2: ABATAPP ($73.73 in chips)
Seat 6: CharginWapos ($218.03 in chips)
ABATAPP: posts small blind $1
CharginWapos: posts big blind $3
*** HOLE CARDS ***
ABATAPP: folds
Uncalled bet ($2) returned to CharginWapos
CharginWapos collected $2 from pot
CharginWapos: doesn't show hand
*** SUMMARY ***
Total pot $2 | Rake $0
Seat 2: ABATAPP (button) (small blind) folded before Flop
Seat 6: CharginWapos (big blind) collected ($2)


PokerStars Hand #162126121327:  Hold'em Limit ($3/$6 USD) - 2016/11/29 1:59:14 ET
Table 'Montague' 6-max Seat #6 is the button
Seat 2: ABATAPP ($70.85 in chips)
Seat 6: CharginWapos ($221.03 in chips)
CharginWapos: posts small blind $1
ABATAPP: posts big blind $3
*** HOLE CARDS ***
CharginWapos: calls $2
ABATAPP: checks
*** FLOP *** [5s 5c 3h]
ABATAPP: checks
CharginWapos: checks
*** TURN *** [5s 5c 3h] [Ad]
ABATAPP: bets $6
CharginWapos: folds
Uncalled bet ($6) returned to ABATAPP
ABATAPP collected $5.88 from pot
ABATAPP: doesn't show hand
*** SUMMARY ***
Total pot $6 | Rake $0.12
Board [5s 5c 3h Ad]
Seat 2: ABATAPP (big blind) collected ($5.88)
Seat 6: CharginWapos (button) (small blind) folded on the Turn


PokerStars Hand #162126126851:  Hold'em Limit ($3/$6 USD) - 2016/11/29 1:59:37 ET
Table 'Montague' 6-max Seat #2 is the button
Seat 2: ABATAPP ($69.73 in chips)
Seat 6: CharginWapos ($222.03 in chips)
ABATAPP: posts small blind $1
CharginWapos: posts big blind $3
*** HOLE CARDS ***
ABATAPP: raises $3 to $6
CharginWapos: calls $3
*** FLOP *** [Tc Qc Kd]
CharginWapos: checks
ABATAPP: checks
*** TURN *** [Tc Qc Kd] [Jc]
CharginWapos: checks
ABATAPP: checks
*** RIVER *** [Tc Qc Kd Jc] [Jh]
CharginWapos: checks
ABATAPP: bets $6
CharginWapos: calls $6
*** SHOW DOWN ***
ABATAPP: shows [9d 8d] (a straight, Nine to King)
CharginWapos: mucks hand
ABATAPP collected $23.52 from pot
*** SUMMARY ***
Total pot $24 | Rake $0.48
Board [Tc Qc Kd Jc Jh]
Seat 2: ABATAPP (button) (small blind) showed [9d 8d] and won ($23.52) with a straight, Nine to King
Seat 6: CharginWapos (big blind) mucked


PokerStars Hand #162126125222:  Hold'em Limit ($3/$6 USD) - 2016/11/29 1:59:30 ET
Table 'Montague' 6-max Seat #6 is the button
Seat 2: ABATAPP ($72.73 in chips)
Seat 6: CharginWapos ($219.03 in chips)
CharginWapos: posts small blind $1
ABATAPP: posts big blind $3
*** HOLE CARDS ***
CharginWapos: raises $3 to $6
ABATAPP: folds
Uncalled bet ($3) returned to CharginWapos
CharginWapos collected $6 from pot
CharginWapos: doesn't show hand
*** SUMMARY ***
Total pot $6 | Rake $0
Seat 2: ABATAPP (big blind) folded before Flop
Seat 6: CharginWapos (button) (small blind) collected ($6)


PokerStars Hand #162126114272:  Hold'em Limit ($3/$6 USD) - 2016/11/29 1:58:44 ET
Table 'Montague' 6-max Seat #6 is the button
Seat 2: ABATAPP ($82.85 in chips)
Seat 6: CharginWapos ($209.53 in chips)
CharginWapos: posts small blind $1
ABATAPP: posts big blind $3
*** HOLE CARDS ***
CharginWapos: raises $3 to $6
ABATAPP: calls $3
*** FLOP *** [9h 9s 6c]
ABATAPP: checks
CharginWapos: bets $3
ABATAPP: calls $3
*** TURN *** [9h 9s 6c] [Js]
ABATAPP: checks
CharginWapos: checks
*** RIVER *** [9h 9s 6c Js] [2h]
ABATAPP: checks
CharginWapos: bets $6
ABATAPP: calls $6
*** SHOW DOWN ***
CharginWapos: shows [Tc Ts] (two pair, Tens and Nines)
ABATAPP: mucks hand
CharginWapos collected $29.50 from pot
*** SUMMARY ***
Total pot $30 | Rake $0.50
Board [9h 9s 6c Js 2h]
Seat 2: ABATAPP (big blind) mucked
Seat 6: CharginWapos (button) (small blind) showed [Tc Ts] and won ($29.50) with two pair, Tens and Nines


PokerStars Hand #162126131683:  Hold'em Limit ($3/$6 USD) - 2016/11/29 1:59:57 ET
Table 'Montague' 6-max Seat #6 is the button
Seat 2: ABATAPP ($81.25 in chips)
Seat 6: CharginWapos ($210.03 in chips)
CharginWapos: posts small blind $1
ABATAPP: posts big blind $3
*** HOLE CARDS ***
CharginWapos: folds
Uncalled bet ($2) returned to ABATAPP
ABATAPP collected $2 from pot
ABATAPP: doesn't show hand
*** SUMMARY ***
Total pot $2 | Rake $0
Seat 2: ABATAPP (big blind) collected ($2)
Seat 6: CharginWapos (button) (small blind) folded before Flop


