PokerStars Hand #157179490918:  Hold'em Limit ($3/$6 USD) - 2016/08/12 8:35:40 ET
Table 'Montefiore' 6-max Seat #3 is the button
Seat 3: simper11 ($120 in chips)
Seat 5: jestanie ($99.26 in chips)
simper11: posts small blind $1
jestanie: posts big blind $3
*** HOLE CARDS ***
simper11: raises $3 to $6
jestanie: folds
Uncalled bet ($3) returned to simper11
simper11 collected $6 from pot
simper11: doesn't show hand
*** SUMMARY ***
Total pot $6 | Rake $0
Seat 3: simper11 (button) (small blind) collected ($6)
Seat 5: jestanie (big blind) folded before Flop


PokerStars Hand #157179487890:  Hold'em Limit ($3/$6 USD) - 2016/08/12 8:35:34 ET
Table 'Montefiore' 6-max Seat #5 is the button
Seat 3: simper11 ($120 in chips)
Seat 5: jestanie ($96.26 in chips)
jestanie: posts small blind $1
simper11: posts big blind $3
*** HOLE CARDS ***
jestanie: raises $3 to $6
simper11: folds
Uncalled bet ($3) returned to jestanie
jestanie collected $6 from pot
jestanie: doesn't show hand
*** SUMMARY ***
Total pot $6 | Rake $0
Seat 3: simper11 (big blind) folded before Flop
Seat 5: jestanie (button) (small blind) collected ($6)


PokerStars Hand #157179485434:  Hold'em Limit ($3/$6 USD) - 2016/08/12 8:35:29 ET
Table 'Montefiore' 6-max Seat #3 is the button
Seat 3: simper11 ($120 in chips)
Seat 5: jestanie ($95.26 in chips)
simper11: posts small blind $1
jestanie: posts big blind $3
*** HOLE CARDS ***
simper11: folds
Uncalled bet ($2) returned to jestanie
jestanie collected $2 from pot
*** SUMMARY ***
Total pot $2 | Rake $0
Seat 3: simper11 (button) (small blind) folded before Flop
Seat 5: jestanie (big blind) collected ($2)


PokerStars Hand #157179478866:  Hold'em Limit ($3/$6 USD) - 2016/08/12 8:35:15 ET
Table 'Montefiore' 6-max Seat #5 is the button
Seat 3: simper11 ($120 in chips)
Seat 5: jestanie ($71.76 in chips)
jestanie: posts small blind $1
simper11: posts big blind $3
*** HOLE CARDS ***
jestanie: raises $3 to $6
simper11: calls $3
*** FLOP *** [Kh Th 4d]
simper11: checks
jestanie: checks
*** TURN *** [Kh Th 4d] [Td]
simper11: bets $6
jestanie: raises $6 to $12
simper11: calls $6
*** RIVER *** [Kh Th 4d Td] [7c]
simper11: checks
jestanie: bets $6
simper11: calls $6
*** SHOW DOWN ***
jestanie: shows [5s Ts] (three of a kind, Tens)
simper11: mucks hand
jestanie collected $47.50 from pot
*** SUMMARY ***
Total pot $48 | Rake $0.50
Board [Kh Th 4d Td 7c]
Seat 3: simper11 (big blind) mucked
Seat 5: jestanie (button) (small blind) showed [5s Ts] and won ($47.50) with three of a kind, Tens


PokerStars Hand #157179467871:  Hold'em Limit ($3/$6 USD) - 2016/08/12 8:34:51 ET
Table 'Montefiore' 6-max Seat #3 is the button
Seat 3: simper11 ($120 in chips)
Seat 5: jestanie ($66 in chips)
simper11: posts small blind $1
jestanie: posts big blind $3
*** HOLE CARDS ***
simper11: raises $3 to $6
jestanie: calls $3
*** FLOP *** [9h 7h 5s]
jestanie: bets $3
simper11: folds
Uncalled bet ($3) returned to jestanie
jestanie collected $11.76 from pot
jestanie: doesn't show hand
*** SUMMARY ***
Total pot $12 | Rake $0.24
Board [9h 7h 5s]
Seat 3: simper11 (button) (small blind) folded on the Flop
Seat 5: jestanie (big blind) collected ($11.76)


PokerStars Hand #157179495356:  Hold'em Limit ($3/$6 USD) - 2016/08/12 8:35:50 ET
Table 'Montefiore' 6-max Seat #3 is the button
Seat 3: simper11 ($124 in chips)
Seat 5: jestanie ($95.26 in chips)
simper11: posts small blind $1
jestanie: posts big blind $3
*** HOLE CARDS ***
simper11: raises $3 to $6
jestanie: calls $3
*** FLOP *** [Qc 3d Ah]
jestanie: checks
simper11: bets $3
jestanie: folds
Uncalled bet ($3) returned to simper11
simper11 collected $11.76 from pot
simper11: doesn't show hand
*** SUMMARY ***
Total pot $12 | Rake $0.24
Board [Qc 3d Ah]
Seat 3: simper11 (button) (small blind) collected ($11.76)
Seat 5: jestanie (big blind) folded on the Flop


PokerStars Hand #157179493074:  Hold'em Limit ($3/$6 USD) - 2016/08/12 8:35:45 ET
Table 'Montefiore' 6-max Seat #5 is the button
Seat 3: simper11 ($123 in chips)
Seat 5: jestanie ($96.26 in chips)
jestanie: posts small blind $1
simper11: posts big blind $3
*** HOLE CARDS ***
jestanie: folds
Uncalled bet ($2) returned to simper11
simper11 collected $2 from pot
simper11: doesn't show hand
*** SUMMARY ***
Total pot $2 | Rake $0
Seat 3: simper11 (big blind) collected ($2)
Seat 5: jestanie (button) (small blind) folded before Flop


PokerStars Hand #157179523585:  Hold'em Limit ($3/$6 USD) - 2016/08/12 8:36:49 ET
Table 'Montefiore' 6-max Seat #3 is the button
Seat 3: simper11 ($120 in chips)
Seat 5: jestanie ($109.52 in chips)
simper11: posts small blind $1
jestanie: posts big blind $3
*** HOLE CARDS ***
simper11: raises $3 to $6
jestanie: calls $3
*** FLOP *** [5s 7c Jc]
jestanie: checks
simper11: bets $3
jestanie: raises $3 to $6
simper11: calls $3
*** TURN *** [5s 7c Jc] [Ac]
jestanie: checks
simper11: bets $6
jestanie: raises $6 to $12
simper11: raises $6 to $18
jestanie: folds
Uncalled bet ($6) returned to simper11
simper11 collected $47.50 from pot
simper11: doesn't show hand
*** SUMMARY ***
Total pot $48 | Rake $0.50
Board [5s 7c Jc Ac]
Seat 3: simper11 (button) (small blind) collected ($47.50)
Seat 5: jestanie (big blind) folded on the Turn


PokerStars Hand #157179510651:  Hold'em Limit ($3/$6 USD) - 2016/08/12 8:36:22 ET
Table 'Montefiore' 6-max Seat #3 is the button
Seat 3: simper11 ($120 in chips)
Seat 5: jestanie ($106.76 in chips)
simper11: posts small blind $1
jestanie: posts big blind $3
*** HOLE CARDS ***
simper11: raises $3 to $6
jestanie: folds
Uncalled bet ($3) returned to simper11
simper11 collected $6 from pot
simper11: doesn't show hand
*** SUMMARY ***
Total pot $6 | Rake $0
Seat 3: simper11 (button) (small blind) collected ($6)
Seat 5: jestanie (big blind) folded before Flop


PokerStars Hand #157179502934:  Hold'em Limit ($3/$6 USD) - 2016/08/12 8:36:06 ET
Table 'Montefiore' 6-max Seat #5 is the button
Seat 3: simper11 ($129.76 in chips)
Seat 5: jestanie ($89.26 in chips)
jestanie: posts small blind $1
simper11: posts big blind $3
*** HOLE CARDS ***
jestanie: raises $3 to $6
simper11: calls $3
*** FLOP *** [6h Ac 4h]
simper11: checks
jestanie: bets $3
simper11: raises $3 to $6
jestanie: calls $3
*** TURN *** [6h Ac 4h] [7h]
simper11: bets $6
jestanie: raises $6 to $12
simper11: folds
Uncalled bet ($6) returned to jestanie
jestanie collected $35.50 from pot
jestanie: doesn't show hand
*** SUMMARY ***
Total pot $36 | Rake $0.50
Board [6h Ac 4h 7h]
Seat 3: simper11 (big blind) folded on the Turn
Seat 5: jestanie (button) (small blind) collected ($35.50)


PokerStars Hand #157179514248:  Hold'em Limit ($3/$6 USD) - 2016/08/12 8:36:30 ET
Table 'Montefiore' 6-max Seat #5 is the button
Seat 3: simper11 ($123 in chips)
Seat 5: jestanie ($103.76 in chips)
jestanie: posts small blind $1
simper11: posts big blind $3
*** HOLE CARDS ***
jestanie: raises $3 to $6
simper11: calls $3
*** FLOP *** [2h 5d Ts]
simper11: checks
jestanie: checks
*** TURN *** [2h 5d Ts] [Th]
simper11: checks
jestanie: bets $6
simper11: folds
Uncalled bet ($6) returned to jestanie
jestanie collected $11.76 from pot
jestanie: doesn't show hand
*** SUMMARY ***
Total pot $12 | Rake $0.24
Board [2h 5d Ts Th]
Seat 3: simper11 (big blind) folded on the Turn
Seat 5: jestanie (button) (small blind) collected ($11.76)


PokerStars Hand #157179532681:  Hold'em Limit ($3/$6 USD) - 2016/08/12 8:37:09 ET
Table 'Montefiore' 6-max Seat #5 is the button
Seat 3: simper11 ($143.50 in chips)
Seat 5: jestanie ($85.52 in chips)
jestanie: posts small blind $1
simper11: posts big blind $3
*** HOLE CARDS ***
jestanie: folds
Uncalled bet ($2) returned to simper11
simper11 collected $2 from pot
simper11: doesn't show hand
*** SUMMARY ***
Total pot $2 | Rake $0
Seat 3: simper11 (big blind) collected ($2)
Seat 5: jestanie (button) (small blind) folded before Flop


PokerStars Hand #157179547212:  Hold'em Limit ($3/$6 USD) - 2016/08/12 8:37:39 ET
Table 'Montefiore' 6-max Seat #3 is the button
Seat 3: simper11 ($161 in chips)
Seat 5: jestanie ($67.52 in chips)
simper11: posts small blind $1
jestanie: posts big blind $3
*** HOLE CARDS ***
simper11: raises $3 to $6
jestanie: folds
Uncalled bet ($3) returned to simper11
simper11 collected $6 from pot
simper11: doesn't show hand
*** SUMMARY ***
Total pot $6 | Rake $0
Seat 3: simper11 (button) (small blind) collected ($6)
Seat 5: jestanie (big blind) folded before Flop


PokerStars Hand #157179538485:  Hold'em Limit ($3/$6 USD) - 2016/08/12 8:37:21 ET
Table 'Montefiore' 6-max Seat #5 is the button
Seat 3: simper11 ($143.50 in chips)
Seat 5: jestanie ($85.52 in chips)
jestanie: posts small blind $1
simper11: posts big blind $3
*** HOLE CARDS ***
jestanie: raises $3 to $6
simper11: calls $3
*** FLOP *** [Td Jh 3h]
simper11: checks
jestanie: checks
*** TURN *** [Td Jh 3h] [Ks]
simper11: bets $6
jestanie: calls $6
*** RIVER *** [Td Jh 3h Ks] [Qc]
simper11: bets $6
jestanie: calls $6
*** SHOW DOWN ***
simper11: shows [9c Qh] (a straight, Nine to King)
jestanie: mucks hand
simper11 collected $35.50 from pot
*** SUMMARY ***
Total pot $36 | Rake $0.50
Board [Td Jh 3h Ks Qc]
Seat 3: simper11 (big blind) showed [9c Qh] and won ($35.50) with a straight, Nine to King
Seat 5: jestanie (button) (small blind) mucked


PokerStars Hand #157179536364:  Hold'em Limit ($3/$6 USD) - 2016/08/12 8:37:16 ET
Table 'Montefiore' 6-max Seat #3 is the button
Seat 3: simper11 ($144.50 in chips)
Seat 5: jestanie ($84.52 in chips)
simper11: posts small blind $1
jestanie: posts big blind $3
*** HOLE CARDS ***
simper11: folds
Uncalled bet ($2) returned to jestanie
jestanie collected $2 from pot
jestanie: doesn't show hand
*** SUMMARY ***
Total pot $2 | Rake $0
Seat 3: simper11 (button) (small blind) folded before Flop
Seat 5: jestanie (big blind) collected ($2)


PokerStars Hand #157179559367:  Hold'em Limit ($3/$6 USD) - 2016/08/12 8:38:04 ET
Table 'Montefiore' 6-max Seat #3 is the button
Seat 3: simper11 ($158 in chips)
Seat 5: jestanie ($70.28 in chips)
simper11: posts small blind $1
jestanie: posts big blind $3
*** HOLE CARDS ***
simper11: folds
Uncalled bet ($2) returned to jestanie
jestanie collected $2 from pot
jestanie: doesn't show hand
*** SUMMARY ***
Total pot $2 | Rake $0
Seat 3: simper11 (button) (small blind) folded before Flop
Seat 5: jestanie (big blind) collected ($2)


PokerStars Hand #157179549497:  Hold'em Limit ($3/$6 USD) - 2016/08/12 8:37:44 ET
Table 'Montefiore' 6-max Seat #5 is the button
Seat 3: simper11 ($164 in chips)
Seat 5: jestanie ($64.52 in chips)
jestanie: posts small blind $1
simper11: posts big blind $3
*** HOLE CARDS ***
jestanie: raises $3 to $6
simper11: calls $3
*** FLOP *** [8d Ah 4s]
simper11: checks
jestanie: checks
*** TURN *** [8d Ah 4s] [As]
simper11: checks
jestanie: bets $6
simper11: folds
Uncalled bet ($6) returned to jestanie
jestanie collected $11.76 from pot
jestanie: doesn't show hand
*** SUMMARY ***
Total pot $12 | Rake $0.24
Board [8d Ah 4s As]
Seat 3: simper11 (big blind) folded on the Turn
Seat 5: jestanie (button) (small blind) collected ($11.76)


PokerStars Hand #157179561364:  Hold'em Limit ($3/$6 USD) - 2016/08/12 8:38:09 ET
Table 'Montefiore' 6-max Seat #5 is the button
Seat 3: simper11 ($157 in chips)
Seat 5: jestanie ($71.28 in chips)
jestanie: posts small blind $1
simper11: posts big blind $3
*** HOLE CARDS ***
jestanie: raises $3 to $6
simper11: calls $3
*** FLOP *** [3d 4d 6c]
simper11: checks
jestanie: bets $3
simper11: calls $3
*** TURN *** [3d 4d 6c] [8d]
simper11: checks
jestanie: checks
*** RIVER *** [3d 4d 6c 8d] [5h]
simper11: bets $6
jestanie: folds
Uncalled bet ($6) returned to simper11
simper11 collected $17.64 from pot
simper11: doesn't show hand
*** SUMMARY ***
Total pot $18 | Rake $0.36
Board [3d 4d 6c 8d 5h]
Seat 3: simper11 (big blind) collected ($17.64)
Seat 5: jestanie (button) (small blind) folded on the River


PokerStars Hand #157179568049:  Hold'em Limit ($3/$6 USD) - 2016/08/12 8:38:23 ET
Table 'Montefiore' 6-max Seat #3 is the button
Seat 3: simper11 ($165.64 in chips)
Seat 5: jestanie ($62.28 in chips)
simper11: posts small blind $1
jestanie: posts big blind $3
*** HOLE CARDS ***
simper11: raises $3 to $6
jestanie: folds
Uncalled bet ($3) returned to simper11
simper11 collected $6 from pot
simper11: doesn't show hand
*** SUMMARY ***
Total pot $6 | Rake $0
Seat 3: simper11 (button) (small blind) collected ($6)
Seat 5: jestanie (big blind) folded before Flop


PokerStars Hand #157179582295:  Hold'em Limit ($3/$6 USD) - 2016/08/12 8:38:53 ET
Table 'Montefiore' 6-max Seat #3 is the button
Seat 3: simper11 ($169.64 in chips)
Seat 5: jestanie ($58.28 in chips)
simper11: posts small blind $1
jestanie: posts big blind $3
*** HOLE CARDS ***
simper11: folds
Uncalled bet ($2) returned to jestanie
jestanie collected $2 from pot
jestanie: doesn't show hand
*** SUMMARY ***
Total pot $2 | Rake $0
Seat 3: simper11 (button) (small blind) folded before Flop
Seat 5: jestanie (big blind) collected ($2)


PokerStars Hand #157179579453:  Hold'em Limit ($3/$6 USD) - 2016/08/12 8:38:47 ET
Table 'Montefiore' 6-max Seat #5 is the button
Seat 3: simper11 ($168.64 in chips)
Seat 5: jestanie ($59.28 in chips)
jestanie: posts small blind $1
simper11: posts big blind $3
*** HOLE CARDS ***
jestanie: folds
Uncalled bet ($2) returned to simper11
simper11 collected $2 from pot
simper11: doesn't show hand
*** SUMMARY ***
Total pot $2 | Rake $0
Seat 3: simper11 (big blind) collected ($2)
Seat 5: jestanie (button) (small blind) folded before Flop


PokerStars Hand #157179577183:  Hold'em Limit ($3/$6 USD) - 2016/08/12 8:38:42 ET
Table 'Montefiore' 6-max Seat #3 is the button
Seat 3: simper11 ($169.64 in chips)
Seat 5: jestanie ($58.28 in chips)
simper11: posts small blind $1
jestanie: posts big blind $3
*** HOLE CARDS ***
simper11: folds
Uncalled bet ($2) returned to jestanie
jestanie collected $2 from pot
jestanie: doesn't show hand
*** SUMMARY ***
Total pot $2 | Rake $0
Seat 3: simper11 (button) (small blind) folded before Flop
Seat 5: jestanie (big blind) collected ($2)


PokerStars Hand #157179571492:  Hold'em Limit ($3/$6 USD) - 2016/08/12 8:38:30 ET
Table 'Montefiore' 6-max Seat #5 is the button
Seat 3: simper11 ($168.64 in chips)
Seat 5: jestanie ($59.28 in chips)
jestanie: posts small blind $1
simper11: posts big blind $3
*** HOLE CARDS ***
jestanie: folds
Uncalled bet ($2) returned to simper11
simper11 collected $2 from pot
simper11: doesn't show hand
*** SUMMARY ***
Total pot $2 | Rake $0
Seat 3: simper11 (big blind) collected ($2)
Seat 5: jestanie (button) (small blind) folded before Flop


PokerStars Hand #157179594062:  Hold'em Limit ($3/$6 USD) - 2016/08/12 8:39:18 ET
Table 'Montefiore' 6-max Seat #5 is the button
Seat 3: simper11 ($168.64 in chips)
Seat 5: jestanie ($59.28 in chips)
jestanie: posts small blind $1
simper11: posts big blind $3
*** HOLE CARDS ***
jestanie: folds
Uncalled bet ($2) returned to simper11
simper11 collected $2 from pot
simper11: doesn't show hand
*** SUMMARY ***
Total pot $2 | Rake $0
Seat 3: simper11 (big blind) collected ($2)
Seat 5: jestanie (button) (small blind) folded before Flop


PokerStars Hand #157179596379:  Hold'em Limit ($3/$6 USD) - 2016/08/12 8:39:22 ET
Table 'Montefiore' 6-max Seat #3 is the button
Seat 3: simper11 ($169.64 in chips)
Seat 5: jestanie ($58.28 in chips)
simper11: posts small blind $1
jestanie: posts big blind $3
*** HOLE CARDS ***
simper11: raises $3 to $6
jestanie: calls $3
*** FLOP *** [5h Tc 8d]
jestanie: checks
simper11: bets $3
jestanie: calls $3
*** TURN *** [5h Tc 8d] [2h]
jestanie: checks
simper11: checks
*** RIVER *** [5h Tc 8d 2h] [Th]
jestanie: bets $6
simper11: calls $6
*** SHOW DOWN ***
jestanie: shows [6c Jd] (a pair of Tens)
simper11: shows [9d 5s] (two pair, Tens and Fives)
simper11 collected $29.50 from pot
*** SUMMARY ***
Total pot $30 | Rake $0.50
Board [5h Tc 8d 2h Th]
Seat 3: simper11 (button) (small blind) showed [9d 5s] and won ($29.50) with two pair, Tens and Fives
Seat 5: jestanie (big blind) showed [6c Jd] and lost with a pair of Tens


PokerStars Hand #157179603673:  Hold'em Limit ($3/$6 USD) - 2016/08/12 8:39:38 ET
Table 'Montefiore' 6-max Seat #5 is the button
Seat 3: simper11 ($184.14 in chips)
Seat 5: jestanie ($43.28 in chips)
jestanie: posts small blind $1
simper11: posts big blind $3
*** HOLE CARDS ***
jestanie: folds
Uncalled bet ($2) returned to simper11
simper11 collected $2 from pot
simper11: doesn't show hand
*** SUMMARY ***
Total pot $2 | Rake $0
Seat 3: simper11 (big blind) collected ($2)
Seat 5: jestanie (button) (small blind) folded before Flop


PokerStars Hand #157179605888:  Hold'em Limit ($3/$6 USD) - 2016/08/12 8:39:42 ET
Table 'Montefiore' 6-max Seat #3 is the button
Seat 3: simper11 ($185.14 in chips)
Seat 5: jestanie ($42.28 in chips)
simper11: posts small blind $1
jestanie: posts big blind $3
*** HOLE CARDS ***
simper11: raises $3 to $6
jestanie: calls $3
*** FLOP *** [2h 6s 8h]
jestanie: checks
simper11: checks
*** TURN *** [2h 6s 8h] [7h]
jestanie: bets $6
simper11: calls $6
*** RIVER *** [2h 6s 8h 7h] [4c]
jestanie: checks
simper11: bets $6
jestanie: folds
Uncalled bet ($6) returned to simper11
simper11 collected $23.52 from pot
simper11: doesn't show hand
*** SUMMARY ***
Total pot $24 | Rake $0.48
Board [2h 6s 8h 7h 4c]
Seat 3: simper11 (button) (small blind) collected ($23.52)
Seat 5: jestanie (big blind) folded on the River


PokerStars Hand #157179591072:  Hold'em Limit ($3/$6 USD) - 2016/08/12 8:39:11 ET
Table 'Montefiore' 6-max Seat #3 is the button
Seat 3: simper11 ($165.64 in chips)
Seat 5: jestanie ($62.28 in chips)
simper11: posts small blind $1
jestanie: posts big blind $3
*** HOLE CARDS ***
simper11: raises $3 to $6
jestanie: folds
Uncalled bet ($3) returned to simper11
simper11 collected $6 from pot
simper11: doesn't show hand
*** SUMMARY ***
Total pot $6 | Rake $0
Seat 3: simper11 (button) (small blind) collected ($6)
Seat 5: jestanie (big blind) folded before Flop


PokerStars Hand #157179584461:  Hold'em Limit ($3/$6 USD) - 2016/08/12 8:38:57 ET
Table 'Montefiore' 6-max Seat #5 is the button
Seat 3: simper11 ($168.64 in chips)
Seat 5: jestanie ($59.28 in chips)
jestanie: posts small blind $1
simper11: posts big blind $3
*** HOLE CARDS ***
jestanie: raises $3 to $6
simper11: folds
Uncalled bet ($3) returned to jestanie
jestanie collected $6 from pot
jestanie: doesn't show hand
*** SUMMARY ***
Total pot $6 | Rake $0
Seat 3: simper11 (big blind) folded before Flop
Seat 5: jestanie (button) (small blind) collected ($6)


PokerStars Hand #157179613562:  Hold'em Limit ($3/$6 USD) - 2016/08/12 8:39:58 ET
Table 'Montefiore' 6-max Seat #5 is the button
Seat 3: simper11 ($196.66 in chips)
Seat 5: jestanie ($30.28 in chips)
jestanie: posts small blind $1
simper11: posts big blind $3
*** HOLE CARDS ***
jestanie: folds
Uncalled bet ($2) returned to simper11
simper11 collected $2 from pot
simper11: doesn't show hand
*** SUMMARY ***
Total pot $2 | Rake $0
Seat 3: simper11 (big blind) collected ($2)
Seat 5: jestanie (button) (small blind) folded before Flop


PokerStars Hand #157179632204:  Hold'em Limit ($3/$6 USD) - 2016/08/12 8:40:37 ET
Table 'Montefiore' 6-max Seat #5 is the button
Seat 3: simper11 ($226.44 in chips)
Seat 5: jestanie ($120 in chips)
jestanie: posts small blind $1
simper11: posts big blind $3
*** HOLE CARDS ***
jestanie: raises $3 to $6
simper11: calls $3
*** FLOP *** [7h 5s As]
simper11: checks
jestanie: checks
*** TURN *** [7h 5s As] [3c]
simper11: checks
jestanie: bets $6
simper11: raises $6 to $12
jestanie: raises $6 to $18
simper11: calls $6
*** RIVER *** [7h 5s As 3c] [5d]
simper11: checks
jestanie: bets $6
simper11: folds
Uncalled bet ($6) returned to jestanie
jestanie collected $47.50 from pot
jestanie: doesn't show hand
*** SUMMARY ***
Total pot $48 | Rake $0.50
Board [7h 5s As 3c 5d]
Seat 3: simper11 (big blind) folded on the River
Seat 5: jestanie (button) (small blind) collected ($47.50)


PokerStars Hand #157179640184:  Hold'em Limit ($3/$6 USD) - 2016/08/12 8:40:54 ET
Table 'Montefiore' 6-max Seat #3 is the button
Seat 3: simper11 ($202.44 in chips)
Seat 5: jestanie ($143.50 in chips)
simper11: posts small blind $1
jestanie: posts big blind $3
*** HOLE CARDS ***
simper11: raises $3 to $6
jestanie: calls $3
*** FLOP *** [4c Ks 5c]
jestanie: checks
simper11: bets $3
jestanie: calls $3
*** TURN *** [4c Ks 5c] [Qc]
jestanie: checks
simper11: checks
*** RIVER *** [4c Ks 5c Qc] [2h]
jestanie: bets $6
simper11: folds
Uncalled bet ($6) returned to jestanie
jestanie collected $17.64 from pot
jestanie: doesn't show hand
*** SUMMARY ***
Total pot $18 | Rake $0.36
Board [4c Ks 5c Qc 2h]
Seat 3: simper11 (button) (small blind) folded on the River
Seat 5: jestanie (big blind) collected ($17.64)


PokerStars Hand #157179616173:  Hold'em Limit ($3/$6 USD) - 2016/08/12 8:40:04 ET
Table 'Montefiore' 6-max Seat #3 is the button
Seat 3: simper11 ($197.66 in chips)
Seat 5: jestanie ($29.28 in chips)
simper11: posts small blind $1
jestanie: posts big blind $3
*** HOLE CARDS ***
simper11: raises $3 to $6
jestanie: calls $3
*** FLOP *** [Tc 7d 7c]
jestanie: checks
simper11: bets $3
jestanie: calls $3
*** TURN *** [Tc 7d 7c] [Js]
jestanie: checks
simper11: bets $6
jestanie: calls $6
*** RIVER *** [Tc 7d 7c Js] [9d]
jestanie: bets $6
simper11: raises $6 to $12
jestanie: raises $2.28 to $14.28 and is all-in
simper11: calls $2.28
*** SHOW DOWN ***
jestanie: shows [Qd Ks] (a straight, Nine to King)
simper11: shows [Jd 7h] (a full house, Sevens full of Jacks)
simper11 collected $58.06 from pot
*** SUMMARY ***
Total pot $58.56 | Rake $0.50
Board [Tc 7d 7c Js 9d]
Seat 3: simper11 (button) (small blind) showed [Jd 7h] and won ($58.06) with a full house, Sevens full of Jacks
Seat 5: jestanie (big blind) showed [Qd Ks] and lost with a straight, Nine to King


PokerStars Hand #157179667646:  Hold'em Limit ($3/$6 USD) - 2016/08/12 8:41:52 ET
Table 'Montefiore' 6-max Seat #5 is the button
Seat 3: simper11 ($193.08 in chips)
Seat 5: jestanie ($151.78 in chips)
jestanie: posts small blind $1
simper11: posts big blind $3
*** HOLE CARDS ***
jestanie: folds
Uncalled bet ($2) returned to simper11
simper11 collected $2 from pot
simper11: doesn't show hand
*** SUMMARY ***
Total pot $2 | Rake $0
Seat 3: simper11 (big blind) collected ($2)
Seat 5: jestanie (button) (small blind) folded before Flop


PokerStars Hand #157179665502:  Hold'em Limit ($3/$6 USD) - 2016/08/12 8:41:47 ET
Table 'Montefiore' 6-max Seat #3 is the button
Seat 3: simper11 ($194.08 in chips)
Seat 5: jestanie ($150.78 in chips)
simper11: posts small blind $1
jestanie: posts big blind $3
*** HOLE CARDS ***
simper11: folds
Uncalled bet ($2) returned to jestanie
jestanie collected $2 from pot
jestanie: doesn't show hand
*** SUMMARY ***
Total pot $2 | Rake $0
Seat 3: simper11 (button) (small blind) folded before Flop
Seat 5: jestanie (big blind) collected ($2)


PokerStars Hand #157179663206:  Hold'em Limit ($3/$6 USD) - 2016/08/12 8:41:42 ET
Table 'Montefiore' 6-max Seat #5 is the button
Seat 3: simper11 ($193.08 in chips)
Seat 5: jestanie ($151.78 in chips)
jestanie: posts small blind $1
simper11: posts big blind $3
*** HOLE CARDS ***
jestanie: folds
Uncalled bet ($2) returned to simper11
simper11 collected $2 from pot
simper11: doesn't show hand
*** SUMMARY ***
Total pot $2 | Rake $0
Seat 3: simper11 (big blind) collected ($2)
Seat 5: jestanie (button) (small blind) folded before Flop


PokerStars Hand #157179660697:  Hold'em Limit ($3/$6 USD) - 2016/08/12 8:41:37 ET
Table 'Montefiore' 6-max Seat #3 is the button
Seat 3: simper11 ($190.08 in chips)
Seat 5: jestanie ($154.78 in chips)
simper11: posts small blind $1
jestanie: posts big blind $3
*** HOLE CARDS ***
simper11: raises $3 to $6
jestanie: folds
Uncalled bet ($3) returned to simper11
simper11 collected $6 from pot
simper11: doesn't show hand
*** SUMMARY ***
Total pot $6 | Rake $0
Seat 3: simper11 (button) (small blind) collected ($6)
Seat 5: jestanie (big blind) folded before Flop


PokerStars Hand #157179646802:  Hold'em Limit ($3/$6 USD) - 2016/08/12 8:41:08 ET
Table 'Montefiore' 6-max Seat #5 is the button
Seat 3: simper11 ($193.44 in chips)
Seat 5: jestanie ($152.14 in chips)
jestanie: posts small blind $1
simper11: posts big blind $3
*** HOLE CARDS ***
jestanie: raises $3 to $6
simper11: folds
Uncalled bet ($3) returned to jestanie
jestanie collected $6 from pot
jestanie: doesn't show hand
*** SUMMARY ***
Total pot $6 | Rake $0
Seat 3: simper11 (big blind) folded before Flop
Seat 5: jestanie (button) (small blind) collected ($6)


PokerStars Hand #157179656180:  Hold'em Limit ($3/$6 USD) - 2016/08/12 8:41:28 ET
Table 'Montefiore' 6-max Seat #5 is the button
Seat 3: simper11 ($181.44 in chips)
Seat 5: jestanie ($163.78 in chips)
jestanie: posts small blind $1
simper11: posts big blind $3
*** HOLE CARDS ***
jestanie: raises $3 to $6
simper11: raises $3 to $9
jestanie: calls $3
*** FLOP *** [Ad 3c Ks]
simper11: bets $3
jestanie: folds
Uncalled bet ($3) returned to simper11
simper11 collected $17.64 from pot
simper11: doesn't show hand
*** SUMMARY ***
Total pot $18 | Rake $0.36
Board [Ad 3c Ks]
Seat 3: simper11 (big blind) collected ($17.64)
Seat 5: jestanie (button) (small blind) folded on the Flop


PokerStars Hand #157179649318:  Hold'em Limit ($3/$6 USD) - 2016/08/12 8:41:13 ET
Table 'Montefiore' 6-max Seat #3 is the button
Seat 3: simper11 ($190.44 in chips)
Seat 5: jestanie ($155.14 in chips)
simper11: posts small blind $1
jestanie: posts big blind $3
*** HOLE CARDS ***
simper11: raises $3 to $6
jestanie: calls $3
*** FLOP *** [4s 4c 3h]
jestanie: bets $3
simper11: calls $3
*** TURN *** [4s 4c 3h] [8s]
jestanie: bets $6
simper11: folds
Uncalled bet ($6) returned to jestanie
jestanie collected $17.64 from pot
jestanie: doesn't show hand
*** SUMMARY ***
Total pot $18 | Rake $0.36
Board [4s 4c 3h 8s]
Seat 3: simper11 (button) (small blind) folded on the Turn
Seat 5: jestanie (big blind) collected ($17.64)


PokerStars Hand #157179689320:  Hold'em Limit ($3/$6 USD) - 2016/08/12 8:42:37 ET
Table 'Montefiore' 6-max Seat #5 is the button
Seat 3: simper11 ($158.08 in chips)
Seat 5: jestanie ($185.56 in chips)
jestanie: posts small blind $1
simper11: posts big blind $3
*** HOLE CARDS ***
jestanie: raises $3 to $6
simper11: calls $3
*** FLOP *** [2h 7d 3c]
simper11: checks
jestanie: bets $3
simper11: calls $3
*** TURN *** [2h 7d 3c] [3d]
simper11: checks
jestanie: bets $6
simper11: calls $6
*** RIVER *** [2h 7d 3c 3d] [6h]
simper11: checks
jestanie: checks
*** SHOW DOWN ***
simper11: shows [6d 4h] (two pair, Sixes and Threes)
jestanie: mucks hand
simper11 collected $29.50 from pot
*** SUMMARY ***
Total pot $30 | Rake $0.50
Board [2h 7d 3c 3d 6h]
Seat 3: simper11 (big blind) showed [6d 4h] and won ($29.50) with two pair, Sixes and Threes
Seat 5: jestanie (button) (small blind) mucked


PokerStars Hand #157179669827:  Hold'em Limit ($3/$6 USD) - 2016/08/12 8:41:56 ET
Table 'Montefiore' 6-max Seat #3 is the button
Seat 3: simper11 ($194.08 in chips)
Seat 5: jestanie ($150.78 in chips)
simper11: posts small blind $1
jestanie: posts big blind $3
*** HOLE CARDS ***
simper11: raises $3 to $6
jestanie: calls $3
*** FLOP *** [4d 6c 7d]
jestanie: checks
simper11: checks
*** TURN *** [4d 6c 7d] [7s]
jestanie: bets $6
simper11: calls $6
*** RIVER *** [4d 6c 7d 7s] [4s]
jestanie: bets $6
simper11: calls $6
*** SHOW DOWN ***
jestanie: shows [Kd 9s] (two pair, Sevens and Fours)
simper11: mucks hand
jestanie collected $35.50 from pot
*** SUMMARY ***
Total pot $36 | Rake $0.50
Board [4d 6c 7d 7s 4s]
Seat 3: simper11 (button) (small blind) mucked
Seat 5: jestanie (big blind) showed [Kd 9s] and won ($35.50) with two pair, Sevens and Fours


PokerStars Hand #157179683419:  Hold'em Limit ($3/$6 USD) - 2016/08/12 8:42:25 ET
Table 'Montefiore' 6-max Seat #3 is the button
Seat 3: simper11 ($167.08 in chips)
Seat 5: jestanie ($176.92 in chips)
simper11: posts small blind $1
jestanie: posts big blind $3
*** HOLE CARDS ***
simper11: raises $3 to $6
jestanie: calls $3
*** FLOP *** [9c Ks 9s]
jestanie: checks
simper11: bets $3
jestanie: raises $3 to $6
simper11: folds
Uncalled bet ($3) returned to jestanie
jestanie collected $17.64 from pot
jestanie: doesn't show hand
*** SUMMARY ***
Total pot $18 | Rake $0.36
Board [9c Ks 9s]
Seat 3: simper11 (button) (small blind) folded on the Flop
Seat 5: jestanie (big blind) collected ($17.64)


PokerStars Hand #157179676695:  Hold'em Limit ($3/$6 USD) - 2016/08/12 8:42:11 ET
Table 'Montefiore' 6-max Seat #5 is the button
Seat 3: simper11 ($176.08 in chips)
Seat 5: jestanie ($168.28 in chips)
jestanie: posts small blind $1
simper11: posts big blind $3
*** HOLE CARDS ***
jestanie: raises $3 to $6
simper11: calls $3
*** FLOP *** [3s 2h Jd]
simper11: checks
jestanie: bets $3
simper11: calls $3
*** TURN *** [3s 2h Jd] [8c]
simper11: checks
jestanie: checks
*** RIVER *** [3s 2h Jd 8c] [3c]
simper11: checks
jestanie: checks
*** SHOW DOWN ***
simper11: shows [Kd Tc] (a pair of Threes)
jestanie: shows [Qh Kc] (a pair of Threes - King+Queen kicker)
jestanie collected $17.64 from pot
*** SUMMARY ***
Total pot $18 | Rake $0.36
Board [3s 2h Jd 8c 3c]
Seat 3: simper11 (big blind) showed [Kd Tc] and lost with a pair of Threes
Seat 5: jestanie (button) (small blind) showed [Qh Kc] and won ($17.64) with a pair of Threes


PokerStars Hand #157179727762:  Hold'em Limit ($3/$6 USD) - 2016/08/12 8:43:57 ET
Table 'Montefiore' 6-max Seat #5 is the button
Seat 3: simper11 ($197.62 in chips)
Seat 5: jestanie ($144.56 in chips)
jestanie: posts small blind $1
simper11: posts big blind $3
*** HOLE CARDS ***
jestanie: folds
Uncalled bet ($2) returned to simper11
simper11 collected $2 from pot
simper11: doesn't show hand
*** SUMMARY ***
Total pot $2 | Rake $0
Seat 3: simper11 (big blind) collected ($2)
Seat 5: jestanie (button) (small blind) folded before Flop


PokerStars Hand #157179705266:  Hold'em Limit ($3/$6 USD) - 2016/08/12 8:43:10 ET
Table 'Montefiore' 6-max Seat #5 is the button
Seat 3: simper11 ($181.22 in chips)
Seat 5: jestanie ($161.56 in chips)
jestanie: posts small blind $1
simper11: posts big blind $3
*** HOLE CARDS ***
jestanie: raises $3 to $6
simper11: raises $3 to $9
jestanie: calls $3
*** FLOP *** [Jd 4c Ad]
simper11: bets $3
jestanie: folds
Uncalled bet ($3) returned to simper11
simper11 collected $17.64 from pot
simper11: doesn't show hand
*** SUMMARY ***
Total pot $18 | Rake $0.36
Board [Jd 4c Ad]
Seat 3: simper11 (big blind) collected ($17.64)
Seat 5: jestanie (button) (small blind) folded on the Flop


PokerStars Hand #157179695956:  Hold'em Limit ($3/$6 USD) - 2016/08/12 8:42:51 ET
Table 'Montefiore' 6-max Seat #3 is the button
Seat 3: simper11 ($172.58 in chips)
Seat 5: jestanie ($170.56 in chips)
simper11: posts small blind $1
jestanie: posts big blind $3
*** HOLE CARDS ***
simper11: raises $3 to $6
jestanie: calls $3
*** FLOP *** [Kd 3h 2s]
jestanie: checks
simper11: bets $3
jestanie: calls $3
*** TURN *** [Kd 3h 2s] [4s]
jestanie: checks
simper11: checks
*** RIVER *** [Kd 3h 2s 4s] [9s]
jestanie: checks
simper11: bets $6
jestanie: folds
Uncalled bet ($6) returned to simper11
simper11 collected $17.64 from pot
simper11: doesn't show hand
*** SUMMARY ***
Total pot $18 | Rake $0.36
Board [Kd 3h 2s 4s 9s]
Seat 3: simper11 (button) (small blind) collected ($17.64)
Seat 5: jestanie (big blind) folded on the River


PokerStars Hand #157179725630:  Hold'em Limit ($3/$6 USD) - 2016/08/12 8:43:52 ET
Table 'Montefiore' 6-max Seat #3 is the button
Seat 3: simper11 ($198.62 in chips)
Seat 5: jestanie ($143.56 in chips)
simper11: posts small blind $1
jestanie: posts big blind $3
*** HOLE CARDS ***
simper11: folds
Uncalled bet ($2) returned to jestanie
jestanie collected $2 from pot
jestanie: doesn't show hand
*** SUMMARY ***
Total pot $2 | Rake $0
Seat 3: simper11 (button) (small blind) folded before Flop
Seat 5: jestanie (big blind) collected ($2)


PokerStars Hand #157179711818:  Hold'em Limit ($3/$6 USD) - 2016/08/12 8:43:24 ET
Table 'Montefiore' 6-max Seat #5 is the button
Seat 3: simper11 ($192.86 in chips)
Seat 5: jestanie ($149.56 in chips)
jestanie: posts small blind $1
simper11: posts big blind $3
*** HOLE CARDS ***
jestanie: raises $3 to $6
simper11: calls $3
*** FLOP *** [5s 3c Ah]
simper11: checks
jestanie: checks
*** TURN *** [5s 3c Ah] [9d]
simper11: checks
jestanie: checks
*** RIVER *** [5s 3c Ah 9d] [Jd]
simper11: bets $6
jestanie: folds
Uncalled bet ($6) returned to simper11
simper11 collected $11.76 from pot
simper11: doesn't show hand
*** SUMMARY ***
Total pot $12 | Rake $0.24
Board [5s 3c Ah 9d Jd]
Seat 3: simper11 (big blind) collected ($11.76)
Seat 5: jestanie (button) (small blind) folded on the River


PokerStars Hand #157179709795:  Hold'em Limit ($3/$6 USD) - 2016/08/12 8:43:19 ET
Table 'Montefiore' 6-max Seat #3 is the button
Seat 3: simper11 ($189.86 in chips)
Seat 5: jestanie ($152.56 in chips)
simper11: posts small blind $1
jestanie: posts big blind $3
*** HOLE CARDS ***
simper11: raises $3 to $6
jestanie: folds
Uncalled bet ($3) returned to simper11
simper11 collected $6 from pot
simper11: doesn't show hand
*** SUMMARY ***
Total pot $6 | Rake $0
Seat 3: simper11 (button) (small blind) collected ($6)
Seat 5: jestanie (big blind) folded before Flop


PokerStars Hand #157179730283:  Hold'em Limit ($3/$6 USD) - 2016/08/12 8:44:02 ET
Table 'Montefiore' 6-max Seat #3 is the button
Seat 3: simper11 ($198.62 in chips)
Seat 5: jestanie ($143.56 in chips)
simper11: posts small blind $1
jestanie: posts big blind $3
*** HOLE CARDS ***
simper11: raises $3 to $6
jestanie: calls $3
*** FLOP *** [Ad 6h 3h]
jestanie: checks
simper11: bets $3
jestanie: calls $3
*** TURN *** [Ad 6h 3h] [8s]
jestanie: checks
simper11: bets $6
jestanie: raises $6 to $12
simper11: folds
Uncalled bet ($6) returned to jestanie
jestanie collected $29.50 from pot
jestanie: doesn't show hand
*** SUMMARY ***
Total pot $30 | Rake $0.50
Board [Ad 6h 3h 8s]
Seat 3: simper11 (button) (small blind) folded on the Turn
Seat 5: jestanie (big blind) collected ($29.50)


PokerStars Hand #157179755301:  Hold'em Limit ($3/$6 USD) - 2016/08/12 8:44:54 ET
Table 'Montefiore' 6-max Seat #5 is the button
Seat 3: simper11 ($204.90 in chips)
Seat 5: jestanie ($136.06 in chips)
jestanie: posts small blind $1
simper11: posts big blind $3
*** HOLE CARDS ***
jestanie: folds
Uncalled bet ($2) returned to simper11
simper11 collected $2 from pot
simper11: doesn't show hand
*** SUMMARY ***
Total pot $2 | Rake $0
Seat 3: simper11 (big blind) collected ($2)
Seat 5: jestanie (button) (small blind) folded before Flop


PokerStars Hand #157179751293:  Hold'em Limit ($3/$6 USD) - 2016/08/12 8:44:46 ET
Table 'Montefiore' 6-max Seat #3 is the button
Seat 3: simper11 ($201.90 in chips)
Seat 5: jestanie ($139.06 in chips)
simper11: posts small blind $1
jestanie: posts big blind $3
*** HOLE CARDS ***
simper11: raises $3 to $6
jestanie: folds
Uncalled bet ($3) returned to simper11
simper11 collected $6 from pot
simper11: doesn't show hand
*** SUMMARY ***
Total pot $6 | Rake $0
Seat 3: simper11 (button) (small blind) collected ($6)
Seat 5: jestanie (big blind) folded before Flop


PokerStars Hand #157179748850:  Hold'em Limit ($3/$6 USD) - 2016/08/12 8:44:41 ET
Table 'Montefiore' 6-max Seat #5 is the button
Seat 3: simper11 ($200.90 in chips)
Seat 5: jestanie ($140.06 in chips)
jestanie: posts small blind $1
simper11: posts big blind $3
*** HOLE CARDS ***
jestanie: folds
Uncalled bet ($2) returned to simper11
simper11 collected $2 from pot
simper11: doesn't show hand
*** SUMMARY ***
Total pot $2 | Rake $0
Seat 3: simper11 (big blind) collected ($2)
Seat 5: jestanie (button) (small blind) folded before Flop


PokerStars Hand #157179743851:  Hold'em Limit ($3/$6 USD) - 2016/08/12 8:44:30 ET
Table 'Montefiore' 6-max Seat #3 is the button
Seat 3: simper11 ($195.14 in chips)
Seat 5: jestanie ($146.06 in chips)
simper11: posts small blind $1
jestanie: posts big blind $3
*** HOLE CARDS ***
simper11: raises $3 to $6
jestanie: calls $3
*** FLOP *** [Kd Qc 5d]
jestanie: checks
simper11: bets $3
jestanie: folds
Uncalled bet ($3) returned to simper11
simper11 collected $11.76 from pot
simper11: doesn't show hand
*** SUMMARY ***
Total pot $12 | Rake $0.24
Board [Kd Qc 5d]
Seat 3: simper11 (button) (small blind) collected ($11.76)
Seat 5: jestanie (big blind) folded on the Flop


PokerStars Hand #157179737966:  Hold'em Limit ($3/$6 USD) - 2016/08/12 8:44:18 ET
Table 'Montefiore' 6-max Seat #5 is the button
Seat 3: simper11 ($183.62 in chips)
Seat 5: jestanie ($158.06 in chips)
jestanie: posts small blind $1
simper11: posts big blind $3
*** HOLE CARDS ***
jestanie: raises $3 to $6
simper11: raises $3 to $9
jestanie: calls $3
*** FLOP *** [Ad Js 6h]
simper11: bets $3
jestanie: calls $3
*** TURN *** [Ad Js 6h] [4d]
simper11: bets $6
jestanie: folds
Uncalled bet ($6) returned to simper11
simper11 collected $23.52 from pot
simper11: doesn't show hand
*** SUMMARY ***
Total pot $24 | Rake $0.48
Board [Ad Js 6h 4d]
Seat 3: simper11 (big blind) collected ($23.52)
Seat 5: jestanie (button) (small blind) folded on the Turn


PokerStars Hand #157179787958:  Hold'em Limit ($3/$6 USD) - 2016/08/12 8:46:02 ET
Table 'Montefiore' 6-max Seat #5 is the button
Seat 3: simper11 ($238.90 in chips)
Seat 5: jestanie ($100.70 in chips)
jestanie: posts small blind $1
simper11: posts big blind $3
*** HOLE CARDS ***
jestanie: raises $3 to $6
simper11: folds
Uncalled bet ($3) returned to jestanie
jestanie collected $6 from pot
jestanie: doesn't show hand
*** SUMMARY ***
Total pot $6 | Rake $0
Seat 3: simper11 (big blind) folded before Flop
Seat 5: jestanie (button) (small blind) collected ($6)


PokerStars Hand #157179785352:  Hold'em Limit ($3/$6 USD) - 2016/08/12 8:45:57 ET
Table 'Montefiore' 6-max Seat #3 is the button
Seat 3: simper11 ($235.90 in chips)
Seat 5: jestanie ($103.70 in chips)
simper11: posts small blind $1
jestanie: posts big blind $3
*** HOLE CARDS ***
simper11: raises $3 to $6
jestanie: folds
Uncalled bet ($3) returned to simper11
simper11 collected $6 from pot
simper11: doesn't show hand
*** SUMMARY ***
Total pot $6 | Rake $0
Seat 3: simper11 (button) (small blind) collected ($6)
Seat 5: jestanie (big blind) folded before Flop


PokerStars Hand #157179777134:  Hold'em Limit ($3/$6 USD) - 2016/08/12 8:45:40 ET
Table 'Montefiore' 6-max Seat #5 is the button
Seat 3: simper11 ($212.40 in chips)
Seat 5: jestanie ($127.70 in chips)
jestanie: posts small blind $1
simper11: posts big blind $3
*** HOLE CARDS ***
jestanie: raises $3 to $6
simper11: raises $3 to $9
jestanie: calls $3
*** FLOP *** [2s Ac Jd]
simper11: bets $3
jestanie: calls $3
*** TURN *** [2s Ac Jd] [4h]
simper11: bets $6
jestanie: raises $6 to $12
simper11: calls $6
*** RIVER *** [2s Ac Jd 4h] [6h]
simper11: checks
jestanie: checks
*** SHOW DOWN ***
simper11: shows [Js Qh] (a pair of Jacks)
jestanie: mucks hand
simper11 collected $47.50 from pot
*** SUMMARY ***
Total pot $48 | Rake $0.50
Board [2s Ac Jd 4h 6h]
Seat 3: simper11 (big blind) showed [Js Qh] and won ($47.50) with a pair of Jacks
Seat 5: jestanie (button) (small blind) mucked


PokerStars Hand #157179767222:  Hold'em Limit ($3/$6 USD) - 2016/08/12 8:45:19 ET
Table 'Montefiore' 6-max Seat #5 is the button
Seat 3: simper11 ($196.90 in chips)
Seat 5: jestanie ($143.70 in chips)
jestanie: posts small blind $1
simper11: posts big blind $3
*** HOLE CARDS ***
jestanie: folds
Uncalled bet ($2) returned to simper11
simper11 collected $2 from pot
simper11: doesn't show hand
*** SUMMARY ***
Total pot $2 | Rake $0
Seat 3: simper11 (big blind) collected ($2)
Seat 5: jestanie (button) (small blind) folded before Flop


PokerStars Hand #157179769502:  Hold'em Limit ($3/$6 USD) - 2016/08/12 8:45:24 ET
Table 'Montefiore' 6-max Seat #3 is the button
Seat 3: simper11 ($197.90 in chips)
Seat 5: jestanie ($142.70 in chips)
simper11: posts small blind $1
jestanie: posts big blind $3
*** HOLE CARDS ***
simper11: raises $3 to $6
jestanie: calls $3
*** FLOP *** [5s 3c 3s]
jestanie: checks
simper11: bets $3
jestanie: calls $3
*** TURN *** [5s 3c 3s] [Ts]
jestanie: checks
simper11: checks
*** RIVER *** [5s 3c 3s Ts] [9d]
jestanie: bets $6
simper11: calls $6
*** SHOW DOWN ***
jestanie: shows [9c Qd] (two pair, Nines and Threes)
simper11: shows [Td Jc] (two pair, Tens and Threes)
simper11 collected $29.50 from pot
*** SUMMARY ***
Total pot $30 | Rake $0.50
Board [5s 3c 3s Ts 9d]
Seat 3: simper11 (button) (small blind) showed [Td Jc] and won ($29.50) with two pair, Tens and Threes
Seat 5: jestanie (big blind) showed [9c Qd] and lost with two pair, Nines and Threes


PokerStars Hand #157179757770:  Hold'em Limit ($3/$6 USD) - 2016/08/12 8:44:59 ET
Table 'Montefiore' 6-max Seat #3 is the button
Seat 3: simper11 ($205.90 in chips)
Seat 5: jestanie ($135.06 in chips)
simper11: posts small blind $1
jestanie: posts big blind $3
*** HOLE CARDS ***
simper11: raises $3 to $6
jestanie: calls $3
*** FLOP *** [3c 2d Jd]
jestanie: bets $3
simper11: calls $3
*** TURN *** [3c 2d Jd] [8h]
jestanie: bets $6
simper11: folds
Uncalled bet ($6) returned to jestanie
jestanie collected $17.64 from pot
jestanie: doesn't show hand
*** SUMMARY ***
Total pot $18 | Rake $0.36
Board [3c 2d Jd 8h]
Seat 3: simper11 (button) (small blind) folded on the Turn
Seat 5: jestanie (big blind) collected ($17.64)


PokerStars Hand #157179808577:  Hold'em Limit ($3/$6 USD) - 2016/08/12 8:46:45 ET
Table 'Montefiore' 6-max Seat #5 is the button
Seat 3: simper11 ($221.90 in chips)
Seat 5: jestanie ($116.96 in chips)
jestanie: posts small blind $1
simper11: posts big blind $3
*** HOLE CARDS ***
jestanie: raises $3 to $6
simper11: calls $3
*** FLOP *** [Ks 4d 9c]
simper11: checks
jestanie: bets $3
simper11: calls $3
*** TURN *** [Ks 4d 9c] [6d]
simper11: checks
jestanie: bets $6
simper11: calls $6
*** RIVER *** [Ks 4d 9c 6d] [3c]
simper11: checks
jestanie: bets $6
simper11: calls $6
*** SHOW DOWN ***
jestanie: shows [9h Kd] (two pair, Kings and Nines)
simper11: mucks hand
Agrotait leaves the table
jestanie collected $41.50 from pot
*** SUMMARY ***
Total pot $42 | Rake $0.50
Board [Ks 4d 9c 6d 3c]
Seat 3: simper11 (big blind) mucked
Seat 5: jestanie (button) (small blind) showed [9h Kd] and won ($41.50) with two pair, Kings and Nines


PokerStars Hand #157179790273:  Hold'em Limit ($3/$6 USD) - 2016/08/12 8:46:07 ET
Table 'Montefiore' 6-max Seat #3 is the button
Seat 3: simper11 ($235.90 in chips)
Seat 5: jestanie ($103.70 in chips)
simper11: posts small blind $1
jestanie: posts big blind $3
*** HOLE CARDS ***
simper11: raises $3 to $6
jestanie: folds
Uncalled bet ($3) returned to simper11
simper11 collected $6 from pot
simper11: doesn't show hand
*** SUMMARY ***
Total pot $6 | Rake $0
Seat 3: simper11 (button) (small blind) collected ($6)
Seat 5: jestanie (big blind) folded before Flop


PokerStars Hand #157179792847:  Hold'em Limit ($3/$6 USD) - 2016/08/12 8:46:12 ET
Table 'Montefiore' 6-max Seat #5 is the button
Seat 3: simper11 ($238.90 in chips)
Seat 5: jestanie ($100.70 in chips)
jestanie: posts small blind $1
simper11: posts big blind $3
*** HOLE CARDS ***
jestanie: raises $3 to $6
simper11: calls $3
*** FLOP *** [Ad 8d 7h]
simper11: checks
jestanie: bets $3
simper11: folds
Uncalled bet ($3) returned to jestanie
jestanie collected $11.76 from pot
jestanie: doesn't show hand
*** SUMMARY ***
Total pot $12 | Rake $0.24
Board [Ad 8d 7h]
Seat 3: simper11 (big blind) folded on the Flop
Seat 5: jestanie (button) (small blind) collected ($11.76)


PokerStars Hand #157179803281:  Hold'em Limit ($3/$6 USD) - 2016/08/12 8:46:34 ET
Table 'Montefiore' 6-max Seat #5 is the button
Seat 3: simper11 ($217.90 in chips)
Seat 5: jestanie ($120.96 in chips)
jestanie: posts small blind $1
simper11: posts big blind $3
*** HOLE CARDS ***
jestanie: folds
Uncalled bet ($2) returned to simper11
simper11 collected $2 from pot
simper11: doesn't show hand
*** SUMMARY ***
Total pot $2 | Rake $0
Seat 3: simper11 (big blind) collected ($2)
Seat 5: jestanie (button) (small blind) folded before Flop


PokerStars Hand #157179797035:  Hold'em Limit ($3/$6 USD) - 2016/08/12 8:46:21 ET
Table 'Montefiore' 6-max Seat #3 is the button
Seat 3: simper11 ($232.90 in chips)
Seat 5: jestanie ($106.46 in chips)
simper11: posts small blind $1
jestanie: posts big blind $3
*** HOLE CARDS ***
simper11: raises $3 to $6
jestanie: calls $3
*** FLOP *** [Td 6c 2d]
jestanie: bets $3
simper11: calls $3
*** TURN *** [Td 6c 2d] [8d]
jestanie: bets $6
simper11: calls $6
*** RIVER *** [Td 6c 2d 8d] [7h]
jestanie: checks
simper11: checks
*** SHOW DOWN ***
jestanie: shows [2s Qs] (a pair of Deuces)
simper11: mucks hand
jestanie collected $29.50 from pot
*** SUMMARY ***
Total pot $30 | Rake $0.50
Board [Td 6c 2d 8d 7h]
Seat 3: simper11 (button) (small blind) mucked
Seat 5: jestanie (big blind) showed [2s Qs] and won ($29.50) with a pair of Deuces


PokerStars Hand #157179805541:  Hold'em Limit ($3/$6 USD) - 2016/08/12 8:46:39 ET
Table 'Montefiore' 6-max Seat #3 is the button
Seat 3: simper11 ($218.90 in chips)
Seat 5: jestanie ($119.96 in chips)
simper11: posts small blind $1
jestanie: posts big blind $3
*** HOLE CARDS ***
simper11: raises $3 to $6
jestanie: folds
Uncalled bet ($3) returned to simper11
simper11 collected $6 from pot
simper11: doesn't show hand
*** SUMMARY ***
Total pot $6 | Rake $0
Seat 3: simper11 (button) (small blind) collected ($6)
Seat 5: jestanie (big blind) folded before Flop


PokerStars Hand #157179815302:  Hold'em Limit ($3/$6 USD) - 2016/08/12 8:46:59 ET
Table 'Montefiore' 6-max Seat #3 is the button
Seat 3: simper11 ($200.90 in chips)
Seat 5: jestanie ($137.46 in chips)
simper11: posts small blind $1
jestanie: posts big blind $3
*** HOLE CARDS ***
simper11: raises $3 to $6
jestanie: calls $3
*** FLOP *** [Td 5s Ks]
jestanie: checks
simper11: bets $3
jestanie: folds
Uncalled bet ($3) returned to simper11
simper11 collected $11.76 from pot
simper11: doesn't show hand
*** SUMMARY ***
Total pot $12 | Rake $0.24
Board [Td 5s Ks]
Seat 3: simper11 (button) (small blind) collected ($11.76)
Seat 5: jestanie (big blind) folded on the Flop


PokerStars Hand #157179826423:  Hold'em Limit ($3/$6 USD) - 2016/08/12 8:47:23 ET
Table 'Montefiore' 6-max Seat #3 is the button
Seat 3: simper11 ($188.66 in chips)
Seat 5: jestanie ($148.96 in chips)
simper11: posts small blind $1
jestanie: posts big blind $3
*** HOLE CARDS ***
simper11: raises $3 to $6
jestanie: folds
Uncalled bet ($3) returned to simper11
simper11 collected $6 from pot
simper11: doesn't show hand
*** SUMMARY ***
Total pot $6 | Rake $0
Seat 3: simper11 (button) (small blind) collected ($6)
Seat 5: jestanie (big blind) folded before Flop


PokerStars Hand #157179820440:  Hold'em Limit ($3/$6 USD) - 2016/08/12 8:47:10 ET
Table 'Montefiore' 6-max Seat #5 is the button
Seat 3: simper11 ($206.66 in chips)
Seat 5: jestanie ($131.46 in chips)
jestanie: posts small blind $1
simper11: posts big blind $3
*** HOLE CARDS ***
jestanie: raises $3 to $6
simper11: raises $3 to $9
jestanie: calls $3
*** FLOP *** [8h Ah 8c]
simper11: bets $3
jestanie: calls $3
*** TURN *** [8h Ah 8c] [7h]
simper11: bets $6
jestanie: raises $6 to $12
simper11: folds
Uncalled bet ($6) returned to jestanie
jestanie collected $35.50 from pot
jestanie: doesn't show hand
*** SUMMARY ***
Total pot $36 | Rake $0.50
Board [8h Ah 8c 7h]
Seat 3: simper11 (big blind) folded on the Turn
Seat 5: jestanie (button) (small blind) collected ($35.50)


PokerStars Hand #157179829112:  Hold'em Limit ($3/$6 USD) - 2016/08/12 8:47:28 ET
Table 'Montefiore' 6-max Seat #5 is the button
Seat 3: simper11 ($191.66 in chips)
Seat 5: jestanie ($145.96 in chips)
jestanie: posts small blind $1
simper11: posts big blind $3
*** HOLE CARDS ***
jestanie: folds
Uncalled bet ($2) returned to simper11
simper11 collected $2 from pot
simper11: doesn't show hand
*** SUMMARY ***
Total pot $2 | Rake $0
Seat 3: simper11 (big blind) collected ($2)
Seat 5: jestanie (button) (small blind) folded before Flop


PokerStars Hand #157179831238:  Hold'em Limit ($3/$6 USD) - 2016/08/12 8:47:33 ET
Table 'Montefiore' 6-max Seat #3 is the button
Seat 3: simper11 ($192.66 in chips)
Seat 5: jestanie ($144.96 in chips)
simper11: posts small blind $1
jestanie: posts big blind $3
*** HOLE CARDS ***
simper11: raises $3 to $6
jestanie: calls $3
*** FLOP *** [Tc 9s 4h]
jestanie: bets $3
simper11: raises $3 to $6
jestanie: calls $3
*** TURN *** [Tc 9s 4h] [Ts]
jestanie: bets $6
simper11: calls $6
*** RIVER *** [Tc 9s 4h Ts] [9d]
jestanie: bets $6
simper11: calls $6
*** SHOW DOWN ***
jestanie: shows [Kc 4s] (two pair, Tens and Nines)
simper11: mucks hand
jestanie collected $47.50 from pot
*** SUMMARY ***
Total pot $48 | Rake $0.50
Board [Tc 9s 4h Ts 9d]
Seat 3: simper11 (button) (small blind) mucked
Seat 5: jestanie (big blind) showed [Kc 4s] and won ($47.50) with two pair, Tens and Nines


PokerStars Hand #157179839812:  Hold'em Limit ($3/$6 USD) - 2016/08/12 8:47:50 ET
Table 'Montefiore' 6-max Seat #5 is the button
Seat 3: simper11 ($168.66 in chips)
Seat 5: jestanie ($168.46 in chips)
jestanie: posts small blind $1
simper11: posts big blind $3
*** HOLE CARDS ***
jestanie: raises $3 to $6
simper11: calls $3
*** FLOP *** [3h 9h Jd]
simper11: checks
jestanie: bets $3
simper11: folds
Uncalled bet ($3) returned to jestanie
jestanie collected $11.76 from pot
jestanie: doesn't show hand
*** SUMMARY ***
Total pot $12 | Rake $0.24
Board [3h 9h Jd]
Seat 3: simper11 (big blind) folded on the Flop
Seat 5: jestanie (button) (small blind) collected ($11.76)


PokerStars Hand #157179871991:  Hold'em Limit ($3/$6 USD) - 2016/08/12 8:48:58 ET
Table 'Montefiore' 6-max Seat #5 is the button
Seat 3: simper11 ($179.92 in chips)
Seat 5: jestanie ($155.48 in chips)
jestanie: posts small blind $1
simper11: posts big blind $3
*** HOLE CARDS ***
jestanie: raises $3 to $6
simper11: calls $3
*** FLOP *** [2s 4d 4h]
simper11: checks
jestanie: bets $3
simper11: folds
Uncalled bet ($3) returned to jestanie
jestanie collected $11.76 from pot
jestanie: doesn't show hand
*** SUMMARY ***
Total pot $12 | Rake $0.24
Board [2s 4d 4h]
Seat 3: simper11 (big blind) folded on the Flop
Seat 5: jestanie (button) (small blind) collected ($11.76)


PokerStars Hand #157179849769:  Hold'em Limit ($3/$6 USD) - 2016/08/12 8:48:11 ET
Table 'Montefiore' 6-max Seat #5 is the button
Seat 3: simper11 ($168.42 in chips)
Seat 5: jestanie ($168.22 in chips)
jestanie: posts small blind $1
simper11: posts big blind $3
*** HOLE CARDS ***
jestanie: raises $3 to $6
simper11: calls $3
*** FLOP *** [3d 7s Tc]
simper11: checks
jestanie: checks
*** TURN *** [3d 7s Tc] [9s]
simper11: bets $6
jestanie: calls $6
*** RIVER *** [3d 7s Tc 9s] [3h]
simper11: bets $6
jestanie: raises $6 to $12
simper11: raises $6 to $18
jestanie: calls $6
*** SHOW DOWN ***
simper11: shows [6c 8h] (a straight, Six to Ten)
jestanie: mucks hand
simper11 collected $59.50 from pot
*** SUMMARY ***
Total pot $60 | Rake $0.50
Board [3d 7s Tc 9s 3h]
Seat 3: simper11 (big blind) showed [6c 8h] and won ($59.50) with a straight, Six to Ten
Seat 5: jestanie (button) (small blind) mucked


PokerStars Hand #157179856535:  Hold'em Limit ($3/$6 USD) - 2016/08/12 8:48:25 ET
Table 'Montefiore' 6-max Seat #3 is the button
Seat 3: simper11 ($197.92 in chips)
Seat 5: jestanie ($138.22 in chips)
simper11: posts small blind $1
jestanie: posts big blind $3
*** HOLE CARDS ***
simper11: raises $3 to $6
jestanie: calls $3
*** FLOP *** [8d 7c 4d]
jestanie: checks
simper11: checks
*** TURN *** [8d 7c 4d] [6d]
jestanie: bets $6
simper11: folds
Uncalled bet ($6) returned to jestanie
jestanie collected $11.76 from pot
jestanie: doesn't show hand
*** SUMMARY ***
Total pot $12 | Rake $0.24
Board [8d 7c 4d 6d]
Seat 3: simper11 (button) (small blind) folded on the Turn
Seat 5: jestanie (big blind) collected ($11.76)


PokerStars Hand #157179869519:  Hold'em Limit ($3/$6 USD) - 2016/08/12 8:48:52 ET
Table 'Montefiore' 6-max Seat #3 is the button
Seat 3: simper11 ($176.92 in chips)
Seat 5: jestanie ($158.48 in chips)
simper11: posts small blind $1
jestanie: posts big blind $3
*** HOLE CARDS ***
simper11: raises $3 to $6
jestanie: folds
Uncalled bet ($3) returned to simper11
simper11 collected $6 from pot
simper11: doesn't show hand
*** SUMMARY ***
Total pot $6 | Rake $0
Seat 3: simper11 (button) (small blind) collected ($6)
Seat 5: jestanie (big blind) folded before Flop


PokerStars Hand #157179861950:  Hold'em Limit ($3/$6 USD) - 2016/08/12 8:48:36 ET
Table 'Montefiore' 6-max Seat #5 is the button
Seat 3: simper11 ($191.92 in chips)
Seat 5: jestanie ($143.98 in chips)
jestanie: posts small blind $1
simper11: posts big blind $3
*** HOLE CARDS ***
jestanie: raises $3 to $6
simper11: calls $3
*** FLOP *** [8s 2c 6s]
simper11: checks
jestanie: bets $3
simper11: calls $3
*** TURN *** [8s 2c 6s] [Qd]
simper11: checks
jestanie: checks
*** RIVER *** [8s 2c 6s Qd] [Kh]
simper11: checks
jestanie: bets $6
simper11: calls $6
*** SHOW DOWN ***
jestanie: shows [9d Ks] (a pair of Kings)
simper11: mucks hand
jestanie collected $29.50 from pot
*** SUMMARY ***
Total pot $30 | Rake $0.50
Board [8s 2c 6s Qd Kh]
Seat 3: simper11 (big blind) mucked
Seat 5: jestanie (button) (small blind) showed [9d Ks] and won ($29.50) with a pair of Kings


PokerStars Hand #157179844791:  Hold'em Limit ($3/$6 USD) - 2016/08/12 8:48:01 ET
Table 'Montefiore' 6-max Seat #3 is the button
Seat 3: simper11 ($162.66 in chips)
Seat 5: jestanie ($174.22 in chips)
simper11: posts small blind $1
jestanie: posts big blind $3
*** HOLE CARDS ***
simper11: raises $3 to $6
jestanie: calls $3
*** FLOP *** [Jc Ac 4h]
jestanie: checks
simper11: bets $3
jestanie: folds
Uncalled bet ($3) returned to simper11
simper11 collected $11.76 from pot
simper11: doesn't show hand
*** SUMMARY ***
Total pot $12 | Rake $0.24
Board [Jc Ac 4h]
Seat 3: simper11 (button) (small blind) collected ($11.76)
Seat 5: jestanie (big blind) folded on the Flop


PokerStars Hand #157179892751:  Hold'em Limit ($3/$6 USD) - 2016/08/12 8:49:41 ET
Table 'Montefiore' 6-max Seat #3 is the button
Seat 3: simper11 ($163.92 in chips)
Seat 5: jestanie ($170.88 in chips)
simper11: posts small blind $1
jestanie: posts big blind $3
*** HOLE CARDS ***
simper11: raises $3 to $6
jestanie: folds
Uncalled bet ($3) returned to simper11
simper11 collected $6 from pot
simper11: doesn't show hand
*** SUMMARY ***
Total pot $6 | Rake $0
Seat 3: simper11 (button) (small blind) collected ($6)
Seat 5: jestanie (big blind) folded before Flop


PokerStars Hand #157179897897:  Hold'em Limit ($3/$6 USD) - 2016/08/12 8:49:52 ET
Table 'Montefiore' 6-max Seat #3 is the button
Seat 3: simper11 ($167.92 in chips)
Seat 5: jestanie ($166.88 in chips)
simper11: posts small blind $1
jestanie: posts big blind $3
*** HOLE CARDS ***
simper11: raises $3 to $6
jestanie: folds
Uncalled bet ($3) returned to simper11
simper11 collected $6 from pot
simper11: doesn't show hand
*** SUMMARY ***
Total pot $6 | Rake $0
Seat 3: simper11 (button) (small blind) collected ($6)
Seat 5: jestanie (big blind) folded before Flop


PokerStars Hand #157179895708:  Hold'em Limit ($3/$6 USD) - 2016/08/12 8:49:47 ET
Table 'Montefiore' 6-max Seat #5 is the button
Seat 3: simper11 ($166.92 in chips)
Seat 5: jestanie ($167.88 in chips)
jestanie: posts small blind $1
simper11: posts big blind $3
*** HOLE CARDS ***
jestanie: folds
Uncalled bet ($2) returned to simper11
simper11 collected $2 from pot
simper11: doesn't show hand
*** SUMMARY ***
Total pot $2 | Rake $0
Seat 3: simper11 (big blind) collected ($2)
Seat 5: jestanie (button) (small blind) folded before Flop


PokerStars Hand #157179890408:  Hold'em Limit ($3/$6 USD) - 2016/08/12 8:49:36 ET
Table 'Montefiore' 6-max Seat #5 is the button
Seat 3: simper11 ($162.92 in chips)
Seat 5: jestanie ($171.88 in chips)
jestanie: posts small blind $1
simper11: posts big blind $3
*** HOLE CARDS ***
jestanie: folds
Uncalled bet ($2) returned to simper11
simper11 collected $2 from pot
simper11: doesn't show hand
*** SUMMARY ***
Total pot $2 | Rake $0
Seat 3: simper11 (big blind) collected ($2)
Seat 5: jestanie (button) (small blind) folded before Flop


PokerStars Hand #157179888214:  Hold'em Limit ($3/$6 USD) - 2016/08/12 8:49:32 ET
Table 'Montefiore' 6-max Seat #3 is the button
Seat 3: simper11 ($163.92 in chips)
Seat 5: jestanie ($170.88 in chips)
simper11: posts small blind $1
jestanie: posts big blind $3
*** HOLE CARDS ***
simper11: folds
Uncalled bet ($2) returned to jestanie
jestanie collected $2 from pot
jestanie: doesn't show hand
*** SUMMARY ***
Total pot $2 | Rake $0
Seat 3: simper11 (button) (small blind) folded before Flop
Seat 5: jestanie (big blind) collected ($2)


PokerStars Hand #157179883096:  Hold'em Limit ($3/$6 USD) - 2016/08/12 8:49:21 ET
Table 'Montefiore' 6-max Seat #5 is the button
Seat 3: simper11 ($172.92 in chips)
Seat 5: jestanie ($162.24 in chips)
jestanie: posts small blind $1
simper11: posts big blind $3
*** HOLE CARDS ***
jestanie: raises $3 to $6
simper11: calls $3
*** FLOP *** [3c 5s 7c]
simper11: checks
jestanie: bets $3
simper11: calls $3
*** TURN *** [3c 5s 7c] [5c]
simper11: checks
jestanie: bets $6
simper11: folds
Uncalled bet ($6) returned to jestanie
jestanie collected $17.64 from pot
jestanie: doesn't show hand
*** SUMMARY ***
Total pot $18 | Rake $0.36
Board [3c 5s 7c 5c]
Seat 3: simper11 (big blind) folded on the Turn
Seat 5: jestanie (button) (small blind) collected ($17.64)


PokerStars Hand #157179880857:  Hold'em Limit ($3/$6 USD) - 2016/08/12 8:49:16 ET
Table 'Montefiore' 6-max Seat #3 is the button
Seat 3: simper11 ($173.92 in chips)
Seat 5: jestanie ($161.24 in chips)
simper11: posts small blind $1
jestanie: posts big blind $3
*** HOLE CARDS ***
simper11: folds
Uncalled bet ($2) returned to jestanie
jestanie collected $2 from pot
jestanie: doesn't show hand
*** SUMMARY ***
Total pot $2 | Rake $0
Seat 3: simper11 (button) (small blind) folded before Flop
Seat 5: jestanie (big blind) collected ($2)


PokerStars Hand #157179878552:  Hold'em Limit ($3/$6 USD) - 2016/08/12 8:49:11 ET
Table 'Montefiore' 6-max Seat #5 is the button
Seat 3: simper11 ($176.92 in chips)
Seat 5: jestanie ($158.24 in chips)
jestanie: posts small blind $1
simper11: posts big blind $3
*** HOLE CARDS ***
jestanie: raises $3 to $6
simper11: folds
Uncalled bet ($3) returned to jestanie
jestanie collected $6 from pot
jestanie: doesn't show hand
*** SUMMARY ***
Total pot $6 | Rake $0
Seat 3: simper11 (big blind) folded before Flop
Seat 5: jestanie (button) (small blind) collected ($6)


PokerStars Hand #157179876331:  Hold'em Limit ($3/$6 USD) - 2016/08/12 8:49:07 ET
Table 'Montefiore' 6-max Seat #3 is the button
Seat 3: simper11 ($173.92 in chips)
Seat 5: jestanie ($161.24 in chips)
simper11: posts small blind $1
jestanie: posts big blind $3
*** HOLE CARDS ***
simper11: raises $3 to $6
jestanie: folds
Uncalled bet ($3) returned to simper11
simper11 collected $6 from pot
simper11: doesn't show hand
*** SUMMARY ***
Total pot $6 | Rake $0
Seat 3: simper11 (button) (small blind) collected ($6)
Seat 5: jestanie (big blind) folded before Flop


PokerStars Hand #157179918755:  Hold'em Limit ($3/$6 USD) - 2016/08/12 8:50:35 ET
Table 'Montefiore' 6-max Seat #5 is the button
Seat 3: simper11 ($204.18 in chips)
Seat 5: jestanie ($129.88 in chips)
jestanie: posts small blind $1
simper11: posts big blind $3
*** HOLE CARDS ***
jestanie: raises $3 to $6
simper11: folds
Uncalled bet ($3) returned to jestanie
jestanie collected $6 from pot
jestanie: doesn't show hand
*** SUMMARY ***
Total pot $6 | Rake $0
Seat 3: simper11 (big blind) folded before Flop
Seat 5: jestanie (button) (small blind) collected ($6)


PokerStars Hand #157179913875:  Hold'em Limit ($3/$6 USD) - 2016/08/12 8:50:25 ET
Table 'Montefiore' 6-max Seat #3 is the button
Seat 3: simper11 ($198.42 in chips)
Seat 5: jestanie ($135.88 in chips)
simper11: posts small blind $1
jestanie: posts big blind $3
*** HOLE CARDS ***
simper11: raises $3 to $6
jestanie: calls $3
*** FLOP *** [Ts Ac Ad]
jestanie: checks
simper11: bets $3
jestanie: folds
Uncalled bet ($3) returned to simper11
simper11 collected $11.76 from pot
simper11: doesn't show hand
*** SUMMARY ***
Total pot $12 | Rake $0.24
Board [Ts Ac Ad]
Seat 3: simper11 (button) (small blind) collected ($11.76)
Seat 5: jestanie (big blind) folded on the Flop


PokerStars Hand #157179921315:  Hold'em Limit ($3/$6 USD) - 2016/08/12 8:50:40 ET
Table 'Montefiore' 6-max Seat #3 is the button
Seat 3: simper11 ($201.18 in chips)
Seat 5: jestanie ($132.88 in chips)
simper11: posts small blind $1
jestanie: posts big blind $3
*** HOLE CARDS ***
simper11: raises $3 to $6
jestanie: calls $3
*** FLOP *** [Ts 6s 5c]
jestanie: checks
simper11: bets $3
jestanie: calls $3
*** TURN *** [Ts 6s 5c] [7d]
jestanie: checks
simper11: checks
*** RIVER *** [Ts 6s 5c 7d] [6h]
jestanie: bets $6
simper11: raises $6 to $12
jestanie: raises $6 to $18
simper11: calls $6
*** SHOW DOWN ***
jestanie: shows [6c 7c] (a full house, Sixes full of Sevens)
simper11: mucks hand
jestanie collected $53.50 from pot
*** SUMMARY ***
Total pot $54 | Rake $0.50
Board [Ts 6s 5c 7d 6h]
Seat 3: simper11 (button) (small blind) mucked
Seat 5: jestanie (big blind) showed [6c 7c] and won ($53.50) with a full house, Sixes full of Sevens


PokerStars Hand #157179932486:  Hold'em Limit ($3/$6 USD) - 2016/08/12 8:51:03 ET
Table 'Montefiore' 6-max Seat #3 is the button
Seat 3: simper11 ($165.18 in chips)
Seat 5: jestanie ($168.02 in chips)
simper11: posts small blind $1
jestanie: posts big blind $3
*** HOLE CARDS ***
simper11: folds
Uncalled bet ($2) returned to jestanie
jestanie collected $2 from pot
jestanie: doesn't show hand
*** SUMMARY ***
Total pot $2 | Rake $0
Seat 3: simper11 (button) (small blind) folded before Flop
Seat 5: jestanie (big blind) collected ($2)


PokerStars Hand #157179928052:  Hold'em Limit ($3/$6 USD) - 2016/08/12 8:50:54 ET
Table 'Montefiore' 6-max Seat #5 is the button
Seat 3: simper11 ($174.18 in chips)
Seat 5: jestanie ($159.38 in chips)
jestanie: posts small blind $1
simper11: posts big blind $3
*** HOLE CARDS ***
jestanie: raises $3 to $6
simper11: calls $3
*** FLOP *** [Jc 4d 4c]
simper11: checks
jestanie: bets $3
simper11: calls $3
*** TURN *** [Jc 4d 4c] [6d]
simper11: checks
jestanie: bets $6
simper11: folds
Uncalled bet ($6) returned to jestanie
jestanie collected $17.64 from pot
jestanie: doesn't show hand
*** SUMMARY ***
Total pot $18 | Rake $0.36
Board [Jc 4d 4c 6d]
Seat 3: simper11 (big blind) folded on the Turn
Seat 5: jestanie (button) (small blind) collected ($17.64)


PokerStars Hand #157179908460:  Hold'em Limit ($3/$6 USD) - 2016/08/12 8:50:13 ET
Table 'Montefiore' 6-max Seat #3 is the button
Seat 3: simper11 ($194.42 in chips)
Seat 5: jestanie ($139.88 in chips)
simper11: posts small blind $1
jestanie: posts big blind $3
*** HOLE CARDS ***
simper11: raises $3 to $6
jestanie: folds
Uncalled bet ($3) returned to simper11
simper11 collected $6 from pot
simper11: doesn't show hand
*** SUMMARY ***
Total pot $6 | Rake $0
Seat 3: simper11 (button) (small blind) collected ($6)
Seat 5: jestanie (big blind) folded before Flop


PokerStars Hand #157179900588:  Hold'em Limit ($3/$6 USD) - 2016/08/12 8:49:57 ET
Table 'Montefiore' 6-max Seat #5 is the button
Seat 3: simper11 ($170.92 in chips)
Seat 5: jestanie ($163.88 in chips)
jestanie: posts small blind $1
simper11: posts big blind $3
*** HOLE CARDS ***
jestanie: raises $3 to $6
simper11: raises $3 to $9
jestanie: calls $3
*** FLOP *** [5s 3c 9h]
simper11: bets $3
jestanie: calls $3
*** TURN *** [5s 3c 9h] [Js]
simper11: bets $6
jestanie: calls $6
*** RIVER *** [5s 3c 9h Js] [2d]
simper11: bets $6
jestanie: calls $6
*** SHOW DOWN ***
simper11: shows [Jc Kd] (a pair of Jacks)
jestanie: mucks hand
simper11 collected $47.50 from pot
*** SUMMARY ***
Total pot $48 | Rake $0.50
Board [5s 3c 9h Js 2d]
Seat 3: simper11 (big blind) showed [Jc Kd] and won ($47.50) with a pair of Jacks
Seat 5: jestanie (button) (small blind) mucked


PokerStars Hand #157179911714:  Hold'em Limit ($3/$6 USD) - 2016/08/12 8:50:20 ET
Table 'Montefiore' 6-max Seat #5 is the button
Seat 3: simper11 ($197.42 in chips)
Seat 5: jestanie ($136.88 in chips)
jestanie: posts small blind $1
simper11: posts big blind $3
*** HOLE CARDS ***
jestanie: folds
Uncalled bet ($2) returned to simper11
simper11 collected $2 from pot
simper11: doesn't show hand
*** SUMMARY ***
Total pot $2 | Rake $0
Seat 3: simper11 (big blind) collected ($2)
Seat 5: jestanie (button) (small blind) folded before Flop


PokerStars Hand #157179937046:  Hold'em Limit ($3/$6 USD) - 2016/08/12 8:51:13 ET
Table 'Montefiore' 6-max Seat #3 is the button
Seat 3: simper11 ($165.18 in chips)
Seat 5: jestanie ($168.02 in chips)
simper11: posts small blind $1
jestanie: posts big blind $3
*** HOLE CARDS ***
simper11: raises $3 to $6
jestanie: folds
Uncalled bet ($3) returned to simper11
simper11 collected $6 from pot
simper11: doesn't show hand
*** SUMMARY ***
Total pot $6 | Rake $0
Seat 3: simper11 (button) (small blind) collected ($6)
Seat 5: jestanie (big blind) folded before Flop


PokerStars Hand #157179934656:  Hold'em Limit ($3/$6 USD) - 2016/08/12 8:51:08 ET
Table 'Montefiore' 6-max Seat #5 is the button
Seat 3: simper11 ($164.18 in chips)
Seat 5: jestanie ($169.02 in chips)
jestanie: posts small blind $1
simper11: posts big blind $3
*** HOLE CARDS ***
jestanie: folds
Uncalled bet ($2) returned to simper11
simper11 collected $2 from pot
simper11: doesn't show hand
*** SUMMARY ***
Total pot $2 | Rake $0
Seat 3: simper11 (big blind) collected ($2)
Seat 5: jestanie (button) (small blind) folded before Flop


PokerStars Hand #157179957045:  Hold'em Limit ($3/$6 USD) - 2016/08/12 8:51:54 ET
Table 'Montefiore' 6-max Seat #3 is the button
Seat 3: simper11 ($134.94 in chips)
Seat 5: jestanie ($197.16 in chips)
simper11: posts small blind $1
jestanie: posts big blind $3
*** HOLE CARDS ***
simper11: raises $3 to $6
jestanie: raises $3 to $9
simper11: calls $3
*** FLOP *** [3h 4h Qc]
jestanie: bets $3
simper11: calls $3
*** TURN *** [3h 4h Qc] [Ah]
jestanie: bets $6
simper11: calls $6
*** RIVER *** [3h 4h Qc Ah] [Qd]
jestanie: checks
simper11: bets $6
jestanie: calls $6
*** SHOW DOWN ***
simper11: shows [2c Ac] (two pair, Aces and Queens)
jestanie: mucks hand
simper11 collected $47.50 from pot
*** SUMMARY ***
Total pot $48 | Rake $0.50
Board [3h 4h Qc Ah Qd]
Seat 3: simper11 (button) (small blind) showed [2c Ac] and won ($47.50) with two pair, Aces and Queens
Seat 5: jestanie (big blind) mucked


PokerStars Hand #157179946018:  Hold'em Limit ($3/$6 USD) - 2016/08/12 8:51:31 ET
Table 'Montefiore' 6-max Seat #3 is the button
Seat 3: simper11 ($173.94 in chips)
Seat 5: jestanie ($159.02 in chips)
simper11: posts small blind $1
jestanie: posts big blind $3
*** HOLE CARDS ***
simper11: raises $3 to $6
jestanie: calls $3
*** FLOP *** [8c As Kd]
jestanie: checks
simper11: bets $3
jestanie: raises $3 to $6
simper11: folds
Uncalled bet ($3) returned to jestanie
jestanie collected $17.64 from pot
jestanie: doesn't show hand
*** SUMMARY ***
Total pot $18 | Rake $0.36
Board [8c As Kd]
Seat 3: simper11 (button) (small blind) folded on the Flop
Seat 5: jestanie (big blind) collected ($17.64)


PokerStars Hand #157179950470:  Hold'em Limit ($3/$6 USD) - 2016/08/12 8:51:41 ET
Table 'Montefiore' 6-max Seat #5 is the button
Seat 3: simper11 ($164.94 in chips)
Seat 5: jestanie ($167.66 in chips)
jestanie: posts small blind $1
simper11: posts big blind $3
*** HOLE CARDS ***
jestanie: raises $3 to $6
simper11: calls $3
*** FLOP *** [Jc Qc 8h]
simper11: checks
jestanie: bets $3
simper11: raises $3 to $6
jestanie: calls $3
*** TURN *** [Jc Qc 8h] [9d]
simper11: bets $6
jestanie: calls $6
*** RIVER *** [Jc Qc 8h 9d] [Td]
dirk 0001 joins the table at seat #6
simper11: bets $6
jestanie: raises $6 to $12
simper11: calls $6
*** SHOW DOWN ***
jestanie: shows [Kc Ks] (a straight, Nine to King)
simper11: mucks hand
jestanie collected $59.50 from pot
*** SUMMARY ***
Total pot $60 | Rake $0.50
Board [Jc Qc 8h 9d Td]
Seat 3: simper11 (big blind) mucked
Seat 5: jestanie (button) (small blind) showed [Kc Ks] and won ($59.50) with a straight, Nine to King


PokerStars Hand #157179939830:  Hold'em Limit ($3/$6 USD) - 2016/08/12 8:51:18 ET
Table 'Montefiore' 6-max Seat #5 is the button
Seat 3: simper11 ($168.18 in chips)
Seat 5: jestanie ($165.02 in chips)
jestanie: posts small blind $1
simper11: posts big blind $3
*** HOLE CARDS ***
jestanie: raises $3 to $6
simper11: calls $3
*** FLOP *** [Qh Qd 3d]
simper11: checks
jestanie: checks
*** TURN *** [Qh Qd 3d] [9d]
simper11: checks
jestanie: checks
*** RIVER *** [Qh Qd 3d 9d] [Th]
simper11: bets $6
jestanie: folds
Uncalled bet ($6) returned to simper11
simper11 collected $11.76 from pot
simper11: doesn't show hand
*** SUMMARY ***
Total pot $12 | Rake $0.24
Board [Qh Qd 3d 9d Th]
Seat 3: simper11 (big blind) collected ($11.76)
Seat 5: jestanie (button) (small blind) folded on the River


PokerStars Hand #157180013459:  Hold'em Limit ($3/$6 USD) - 2016/08/12 8:53:51 ET
Table 'Montefiore' 6-max Seat #5 is the button
Seat 3: simper11 ($161.76 in chips)
Seat 5: jestanie ($178.51 in chips)
jestanie: posts small blind $1
simper11: posts big blind $3
*** HOLE CARDS ***
LWNS joins the table at seat #1
jestanie: raises $3 to $6
simper11: raises $3 to $9
jestanie: calls $3
*** FLOP *** [Ks 2d 8h]
simper11: bets $3
jestanie: folds
Uncalled bet ($3) returned to simper11
simper11 collected $17.64 from pot
simper11: doesn't show hand
*** SUMMARY ***
Total pot $18 | Rake $0.36
Board [Ks 2d 8h]
Seat 3: simper11 (big blind) collected ($17.64)
Seat 5: jestanie (button) (small blind) folded on the Flop


PokerStars Hand #157180017618:  Hold'em Limit ($3/$6 USD) - 2016/08/12 8:54:00 ET
Table 'Montefiore' 6-max Seat #3 is the button
Seat 3: simper11 ($170.40 in chips)
Seat 5: jestanie ($169.51 in chips)
simper11: posts small blind $1
jestanie: posts big blind $3
*** HOLE CARDS ***
simper11: raises $3 to $6
jestanie: calls $3
*** FLOP *** [4d Ah As]
jestanie: checks
simper11: bets $3
jestanie: folds
Uncalled bet ($3) returned to simper11
simper11 collected $11.76 from pot
simper11: doesn't show hand
*** SUMMARY ***
Total pot $12 | Rake $0.24
Board [4d Ah As]
Seat 3: simper11 (button) (small blind) collected ($11.76)
Seat 5: jestanie (big blind) folded on the Flop


PokerStars Hand #157180011386:  Hold'em Limit ($3/$6 USD) - 2016/08/12 8:53:47 ET
Table 'Montefiore' 6-max Seat #3 is the button
Seat 3: simper11 ($162.76 in chips)
Seat 5: jestanie ($177.51 in chips)
simper11: posts small blind $1
jestanie: posts big blind $3
*** HOLE CARDS ***
simper11: folds
Uncalled bet ($2) returned to jestanie
jestanie collected $2 from pot
jestanie: doesn't show hand
*** SUMMARY ***
Total pot $2 | Rake $0
Seat 3: simper11 (button) (small blind) folded before Flop
Seat 5: jestanie (big blind) collected ($2)


PokerStars Hand #157180094903:  Hold'em Limit ($3/$6 USD) - 2016/08/12 8:56:55 ET
Table 'Montefiore' 6-max Seat #5 is the button
Seat 3: simper11 ($224.99 in chips)
Seat 5: jestanie ($141.75 in chips)
jestanie: posts small blind $1
LWNS: is sitting out
simper11: posts big blind $3
*** HOLE CARDS ***
LWNS leaves the table
jestanie: raises $3 to $6
simper11: calls $3
*** FLOP *** [Th 6h 9c]
simper11: checks
jestanie: checks
*** TURN *** [Th 6h 9c] [7h]
simper11: checks
jestanie: checks
*** RIVER *** [Th 6h 9c 7h] [4d]
simper11: checks
jestanie: checks
*** SHOW DOWN ***
simper11: shows [Qd 5s] (high card Queen)
jestanie: shows [3d Kh] (high card King)
jestanie collected $11.76 from pot
*** SUMMARY ***
Total pot $12 | Rake $0.24
Board [Th 6h 9c 7h 4d]
Seat 3: simper11 (big blind) showed [Qd 5s] and lost with high card Queen
Seat 5: jestanie (button) (small blind) showed [3d Kh] and won ($11.76) with high card King


PokerStars Hand #157180101372:  Hold'em Limit ($3/$6 USD) - 2016/08/12 8:57:11 ET
Table 'Montefiore' 6-max Seat #3 is the button
Seat 3: simper11 ($218.99 in chips)
Seat 5: jestanie ($147.51 in chips)
simper11: posts small blind $1
jestanie: posts big blind $3
*** HOLE CARDS ***
simper11: raises $3 to $6
jestanie: folds
Uncalled bet ($3) returned to simper11
simper11 collected $6 from pot
simper11: doesn't show hand
*** SUMMARY ***
Total pot $6 | Rake $0
Seat 3: simper11 (button) (small blind) collected ($6)
Seat 5: jestanie (big blind) folded before Flop


PokerStars Hand #157180108072:  Hold'em Limit ($3/$6 USD) - 2016/08/12 8:57:26 ET
Table 'Montefiore' 6-max Seat #3 is the button
Seat 3: simper11 ($215.99 in chips)
Seat 5: jestanie ($150.27 in chips)
simper11: posts small blind $1
jestanie: posts big blind $3
*** HOLE CARDS ***
simper11: raises $3 to $6
jestanie: folds
Uncalled bet ($3) returned to simper11
simper11 collected $6 from pot
simper11: doesn't show hand
*** SUMMARY ***
Total pot $6 | Rake $0
Seat 3: simper11 (button) (small blind) collected ($6)
Seat 5: jestanie (big blind) folded before Flop


PokerStars Hand #157180104404:  Hold'em Limit ($3/$6 USD) - 2016/08/12 8:57:18 ET
Table 'Montefiore' 6-max Seat #5 is the button
Seat 3: simper11 ($221.99 in chips)
Seat 5: jestanie ($144.51 in chips)
jestanie: posts small blind $1
simper11: posts big blind $3
*** HOLE CARDS ***
jestanie: raises $3 to $6
simper11: calls $3
*** FLOP *** [6s Jc 6d]
simper11: checks
jestanie: bets $3
simper11: folds
Uncalled bet ($3) returned to jestanie
jestanie collected $11.76 from pot
jestanie: doesn't show hand
*** SUMMARY ***
Total pot $12 | Rake $0.24
Board [6s Jc 6d]
Seat 3: simper11 (big blind) folded on the Flop
Seat 5: jestanie (button) (small blind) collected ($11.76)


PokerStars Hand #157180124742:  Hold'em Limit ($3/$6 USD) - 2016/08/12 8:58:06 ET
Table 'Montefiore' 6-max Seat #5 is the button
Seat 3: simper11 ($204.75 in chips)
Seat 5: jestanie ($160.77 in chips)
jestanie: posts small blind $1
simper11: posts big blind $3
*** HOLE CARDS ***
jestanie: folds
Uncalled bet ($2) returned to simper11
simper11 collected $2 from pot
simper11: doesn't show hand
*** SUMMARY ***
Total pot $2 | Rake $0
Seat 3: simper11 (big blind) collected ($2)
Seat 5: jestanie (button) (small blind) folded before Flop


PokerStars Hand #157180120120:  Hold'em Limit ($3/$6 USD) - 2016/08/12 8:57:55 ET
Table 'Montefiore' 6-max Seat #3 is the button
Seat 3: simper11 ($198.99 in chips)
Seat 5: jestanie ($166.77 in chips)
simper11: posts small blind $1
jestanie: posts big blind $3
*** HOLE CARDS ***
simper11: raises $3 to $6
jestanie: calls $3
*** FLOP *** [Kc 6c 9c]
jestanie: checks
simper11: bets $3
jestanie: folds
Uncalled bet ($3) returned to simper11
simper11 collected $11.76 from pot
simper11: doesn't show hand
*** SUMMARY ***
Total pot $12 | Rake $0.24
Board [Kc 6c 9c]
Seat 3: simper11 (button) (small blind) collected ($11.76)
Seat 5: jestanie (big blind) folded on the Flop


PokerStars Hand #157180109875:  Hold'em Limit ($3/$6 USD) - 2016/08/12 8:57:31 ET
Table 'Montefiore' 6-max Seat #5 is the button
Seat 3: simper11 ($218.99 in chips)
Seat 5: jestanie ($147.27 in chips)
jestanie: posts small blind $1
simper11: posts big blind $3
*** HOLE CARDS ***
jestanie: folds
Uncalled bet ($2) returned to simper11
simper11 collected $2 from pot
simper11: doesn't show hand
*** SUMMARY ***
Total pot $2 | Rake $0
Seat 3: simper11 (big blind) collected ($2)
Seat 5: jestanie (button) (small blind) folded before Flop


PokerStars Hand #157180112328:  Hold'em Limit ($3/$6 USD) - 2016/08/12 8:57:37 ET
Table 'Montefiore' 6-max Seat #3 is the button
Seat 3: simper11 ($219.99 in chips)
Seat 5: jestanie ($146.27 in chips)
simper11: posts small blind $1
jestanie: posts big blind $3
*** HOLE CARDS ***
simper11: raises $3 to $6
jestanie: raises $3 to $9
simper11: calls $3
*** FLOP *** [Ks 5s 8d]
jestanie: bets $3
simper11: calls $3
*** TURN *** [Ks 5s 8d] [Tc]
jestanie: bets $6
simper11: calls $6
*** RIVER *** [Ks 5s 8d Tc] [Ad]
jestanie: checks
simper11: checks
*** SHOW DOWN ***
jestanie: shows [Ts 9s] (a pair of Tens)
simper11: mucks hand
jestanie collected $35.50 from pot
*** SUMMARY ***
Total pot $36 | Rake $0.50
Board [Ks 5s 8d Tc Ad]
Seat 3: simper11 (button) (small blind) mucked
Seat 5: jestanie (big blind) showed [Ts 9s] and won ($35.50) with a pair of Tens


PokerStars Hand #157180118103:  Hold'em Limit ($3/$6 USD) - 2016/08/12 8:57:50 ET
Table 'Montefiore' 6-max Seat #5 is the button
Seat 3: simper11 ($201.99 in chips)
Seat 5: jestanie ($163.77 in chips)
jestanie: posts small blind $1
simper11: posts big blind $3
*** HOLE CARDS ***
jestanie: raises $3 to $6
simper11: folds
Uncalled bet ($3) returned to jestanie
jestanie collected $6 from pot
jestanie: doesn't show hand
*** SUMMARY ***
Total pot $6 | Rake $0
Seat 3: simper11 (big blind) folded before Flop
Seat 5: jestanie (button) (small blind) collected ($6)


PokerStars Hand #157180126784:  Hold'em Limit ($3/$6 USD) - 2016/08/12 8:58:11 ET
Table 'Montefiore' 6-max Seat #3 is the button
Seat 3: simper11 ($205.75 in chips)
Seat 5: jestanie ($159.77 in chips)
simper11: posts small blind $1
jestanie: posts big blind $3
*** HOLE CARDS ***
simper11: raises $3 to $6
jestanie: folds
Uncalled bet ($3) returned to simper11
simper11 collected $6 from pot
simper11: doesn't show hand
*** SUMMARY ***
Total pot $6 | Rake $0
Seat 3: simper11 (button) (small blind) collected ($6)
Seat 5: jestanie (big blind) folded before Flop


PokerStars Hand #157180144286:  Hold'em Limit ($3/$6 USD) - 2016/08/12 8:58:52 ET
Table 'Montefiore' 6-max Seat #3 is the button
Seat 3: simper11 ($237.77 in chips)
Seat 5: jestanie ($126.53 in chips)
simper11: posts small blind $1
jestanie: posts big blind $3
*** HOLE CARDS ***
simper11: raises $3 to $6
jestanie: calls $3
*** FLOP *** [Js Qc 6c]
jestanie: checks
simper11: bets $3
jestanie: calls $3
*** TURN *** [Js Qc 6c] [Kh]
jestanie: checks
simper11: checks
*** RIVER *** [Js Qc 6c Kh] [4d]
jestanie: bets $6
simper11: folds
Uncalled bet ($6) returned to jestanie
jestanie collected $17.64 from pot
jestanie: doesn't show hand
$polu4atel*$ joins the table at seat #1
*** SUMMARY ***
Total pot $18 | Rake $0.36
Board [Js Qc 6c Kh 4d]
Seat 3: simper11 (button) (small blind) folded on the River
Seat 5: jestanie (big blind) collected ($17.64)


PokerStars Hand #157180129303:  Hold'em Limit ($3/$6 USD) - 2016/08/12 8:58:17 ET
Table 'Montefiore' 6-max Seat #5 is the button
Seat 3: simper11 ($208.75 in chips)
Seat 5: jestanie ($156.77 in chips)
jestanie: posts small blind $1
simper11: posts big blind $3
*** HOLE CARDS ***
jestanie: raises $3 to $6
simper11: calls $3
*** FLOP *** [7s Qh 7h]
simper11: checks
jestanie: bets $3
simper11: folds
Uncalled bet ($3) returned to jestanie
jestanie collected $11.76 from pot
jestanie: doesn't show hand
*** SUMMARY ***
Total pot $12 | Rake $0.24
Board [7s Qh 7h]
Seat 3: simper11 (big blind) folded on the Flop
Seat 5: jestanie (button) (small blind) collected ($11.76)


PokerStars Hand #157180132523:  Hold'em Limit ($3/$6 USD) - 2016/08/12 8:58:24 ET
Table 'Montefiore' 6-max Seat #3 is the button
Seat 3: simper11 ($202.75 in chips)
Seat 5: jestanie ($162.53 in chips)
simper11: posts small blind $1
jestanie: posts big blind $3
*** HOLE CARDS ***
simper11: raises $3 to $6
jestanie: calls $3
*** FLOP *** [5d 7d Ts]
jestanie: bets $3
simper11: raises $3 to $6
jestanie: calls $3
*** TURN *** [5d 7d Ts] [5c]
jestanie: bets $6
simper11: calls $6
*** RIVER *** [5d 7d Ts 5c] [6c]
jestanie: bets $6
simper11: calls $6
*** SHOW DOWN ***
jestanie: shows [7h 8h] (two pair, Sevens and Fives)
simper11: shows [Kd 7s] (two pair, Sevens and Fives - King kicker)
simper11 collected $47.50 from pot
*** SUMMARY ***
Total pot $48 | Rake $0.50
Board [5d 7d Ts 5c 6c]
Seat 3: simper11 (button) (small blind) showed [Kd 7s] and won ($47.50) with two pair, Sevens and Fives
Seat 5: jestanie (big blind) showed [7h 8h] and lost with two pair, Sevens and Fives


PokerStars Hand #157180138687:  Hold'em Limit ($3/$6 USD) - 2016/08/12 8:58:39 ET
Table 'Montefiore' 6-max Seat #5 is the button
Seat 3: simper11 ($226.25 in chips)
Seat 5: jestanie ($138.53 in chips)
jestanie: posts small blind $1
simper11: posts big blind $3
*** HOLE CARDS ***
jestanie: raises $3 to $6
simper11: calls $3
*** FLOP *** [9c Js 5d]
simper11: checks
jestanie: checks
*** TURN *** [9c Js 5d] [2h]
simper11: checks
jestanie: bets $6
simper11: calls $6
*** RIVER *** [9c Js 5d 2h] [8d]
simper11: checks
jestanie: checks
*** SHOW DOWN ***
simper11: shows [Qc 8s] (a pair of Eights)
jestanie: mucks hand
simper11 collected $23.52 from pot
*** SUMMARY ***
Total pot $24 | Rake $0.48
Board [9c Js 5d 2h 8d]
Seat 3: simper11 (big blind) showed [Qc 8s] and won ($23.52) with a pair of Eights
Seat 5: jestanie (button) (small blind) mucked


PokerStars Hand #157180635099:  Hold'em Limit ($3/$6 USD) - 2016/08/12 9:15:39 ET
Table 'Montefiore' 6-max Seat #6 is the button
Seat 3: simper11 ($120 in chips)
Seat 6: CrongCrong ($113.34 in chips)
CrongCrong: posts small blind $1
simper11: posts big blind $3
*** HOLE CARDS ***
CrongCrong: raises $3 to $6
simper11: calls $3
*** FLOP *** [Ac 8d 3s]
simper11: checks
CrongCrong: bets $3
simper11: raises $3 to $6
SilaSoNi joins the table at seat #4
CrongCrong: folds
Uncalled bet ($3) returned to simper11
simper11 collected $17.64 from pot
simper11: doesn't show hand
*** SUMMARY ***
Total pot $18 | Rake $0.36
Board [Ac 8d 3s]
Seat 3: simper11 (big blind) collected ($17.64)
Seat 6: CrongCrong (button) (small blind) folded on the Flop


PokerStars Hand #157180627673:  Hold'em Limit ($3/$6 USD) - 2016/08/12 9:15:24 ET
Table 'Montefiore' 6-max Seat #6 is the button
Seat 3: simper11 ($127.79 in chips)
Seat 6: CrongCrong ($105.70 in chips)
CrongCrong: posts small blind $1
simper11: posts big blind $3
*** HOLE CARDS ***
CrongCrong: folds
Uncalled bet ($2) returned to simper11
simper11 collected $2 from pot
simper11: doesn't show hand
*** SUMMARY ***
Total pot $2 | Rake $0
Seat 3: simper11 (big blind) collected ($2)
Seat 6: CrongCrong (button) (small blind) folded before Flop


PokerStars Hand #157180629938:  Hold'em Limit ($3/$6 USD) - 2016/08/12 9:15:28 ET
Table 'Montefiore' 6-max Seat #3 is the button
Seat 3: simper11 ($128.79 in chips)
Seat 6: CrongCrong ($104.70 in chips)
simper11: posts small blind $1
CrongCrong: posts big blind $3
*** HOLE CARDS ***
simper11 said, "lol"
simper11: raises $3 to $6
CrongCrong: raises $3 to $9
simper11 said, "clown"
simper11: calls $3
*** FLOP *** [Jc Js 5h]
CrongCrong: bets $3
simper11: folds
Uncalled bet ($3) returned to CrongCrong
CrongCrong collected $17.64 from pot
CrongCrong: doesn't show hand
*** SUMMARY ***
Total pot $18 | Rake $0.36
Board [Jc Js 5h]
Seat 3: simper11 (button) (small blind) folded on the Flop
Seat 6: CrongCrong (big blind) collected ($17.64)


PokerStars Hand #157180715071:  Hold'em Limit ($3/$6 USD) - 2016/08/12 9:18:17 ET
Table 'Montefiore' 6-max Seat #3 is the button
Seat 3: simper11 ($151.29 in chips)
Seat 6: CrongCrong ($161.35 in chips)
jestanie will be allowed to play after the button
simper11: posts small blind $1
SilaSoNi leaves the table
CrongCrong: posts big blind $3
*** HOLE CARDS ***
simper11: folds
Uncalled bet ($2) returned to CrongCrong
CrongCrong collected $2 from pot
CrongCrong: doesn't show hand
*** SUMMARY ***
Total pot $2 | Rake $0
Seat 3: simper11 (button) (small blind) folded before Flop
Seat 6: CrongCrong (big blind) collected ($2)


PokerStars Hand #157184831268:  Hold'em Limit ($3/$6 USD) - 2016/08/12 11:25:49 ET
Table 'Montefiore' 6-max Seat #5 is the button
Seat 4: CrongCrong ($83.43 in chips)
Seat 5: Murrrr_@T ($171.56 in chips)
Murrrr_@T: posts small blind $1
7ardis: is sitting out
CrongCrong: posts big blind $3
*** HOLE CARDS ***
Murrrr_@T: raises $3 to $6
CrongCrong: folds
Uncalled bet ($3) returned to Murrrr_@T
Murrrr_@T collected $6 from pot
Murrrr_@T: doesn't show hand
*** SUMMARY ***
Total pot $6 | Rake $0
Seat 4: CrongCrong (big blind) folded before Flop
Seat 5: Murrrr_@T (button) (small blind) collected ($6)


