PokerStars Hand #173407205668:  Hold'em Limit ($3/$6 USD) - 2017/07/23 12:30:07 ET
Table 'Montana' 6-max Seat #1 is the button
Seat 1: nedo1414 ($120 in chips)
Seat 3: simper11 ($120 in chips)
nedo1414: posts small blind $1
simper11: posts big blind $3
*** HOLE CARDS ***
nedo1414: raises $3 to $6
simper11: calls $3
*** FLOP *** [2c 8s Jh]
simper11: checks
nedo1414: bets $3
simper11: calls $3
*** TURN *** [2c 8s Jh] [As]
simper11: checks
nedo1414: checks
*** RIVER *** [2c 8s Jh As] [2h]
simper11: bets $6
nedo1414: calls $6
*** SHOW DOWN ***
simper11: shows [3d 3s] (two pair, Threes and Deuces)
nedo1414: mucks hand
simper11 collected $29.50 from pot
*** SUMMARY ***
Total pot $30 | Rake $0.50
Board [2c 8s Jh As 2h]
Seat 1: nedo1414 (button) (small blind) mucked
Seat 3: simper11 (big blind) showed [3d 3s] and won ($29.50) with two pair, Threes and Deuces


PokerStars Hand #173407231919:  Hold'em Limit ($3/$6 USD) - 2017/07/23 12:30:42 ET
Table 'Montana' 6-max Seat #3 is the button
Seat 1: nedo1414 ($97 in chips)
Seat 3: simper11 ($142.14 in chips)
simper11: posts small blind $1
nedo1414: posts big blind $3
*** HOLE CARDS ***
simper11: folds
Uncalled bet ($2) returned to nedo1414
nedo1414 collected $2 from pot
nedo1414: doesn't show hand
*** SUMMARY ***
Total pot $2 | Rake $0
Seat 1: nedo1414 (big blind) collected ($2)
Seat 3: simper11 (button) (small blind) folded before Flop


PokerStars Hand #173407221394:  Hold'em Limit ($3/$6 USD) - 2017/07/23 12:30:28 ET
Table 'Montana' 6-max Seat #1 is the button
Seat 1: nedo1414 ($106 in chips)
Seat 3: simper11 ($133.50 in chips)
nedo1414: posts small blind $1
simper11: posts big blind $3
*** HOLE CARDS ***
nedo1414: raises $3 to $6
simper11: raises $3 to $9
nedo1414: calls $3
*** FLOP *** [Tc Kd 5s]
simper11: bets $3
Chessnok joins the table at seat #2
nedo1414: folds
Uncalled bet ($3) returned to simper11
simper11 collected $17.64 from pot
simper11: doesn't show hand
*** SUMMARY ***
Total pot $18 | Rake $0.36
Board [Tc Kd 5s]
Seat 1: nedo1414 (button) (small blind) folded on the Flop
Seat 3: simper11 (big blind) collected ($17.64)


PokerStars Hand #173407216711:  Hold'em Limit ($3/$6 USD) - 2017/07/23 12:30:21 ET
Table 'Montana' 6-max Seat #3 is the button
Seat 1: nedo1414 ($105 in chips)
Seat 3: simper11 ($134.50 in chips)
simper11: posts small blind $1
nedo1414: posts big blind $3
*** HOLE CARDS ***
simper11: folds
Uncalled bet ($2) returned to nedo1414
rascal_319 joins the table at seat #4
nedo1414 collected $2 from pot
nedo1414: doesn't show hand
*** SUMMARY ***
Total pot $2 | Rake $0
Seat 1: nedo1414 (big blind) collected ($2)
Seat 3: simper11 (button) (small blind) folded before Flop


PokerStars Hand #173407282440:  Hold'em Limit ($3/$6 USD) - 2017/07/23 12:31:50 ET
Table 'Montana' 6-max Seat #2 is the button
Seat 1: nedo1414 ($126.26 in chips)
Seat 2: Chessnok ($87 in chips)
Chessnok: posts small blind $1
nedo1414: posts big blind $3
*** HOLE CARDS ***
Chessnok: raises $3 to $6
nedo1414: calls $3
*** FLOP *** [Tc Ts 7d]
nedo1414: checks
Chessnok: bets $3
nedo1414: calls $3
*** TURN *** [Tc Ts 7d] [4d]
nedo1414: checks
Chessnok: checks
*** RIVER *** [Tc Ts 7d 4d] [Td]
nedo1414: checks
Chessnok: checks
*** SHOW DOWN ***
nedo1414: shows [8h Qd] (three of a kind, Tens)
Chessnok: shows [Kc 2d] (three of a kind, Tens - King kicker)
Chessnok collected $17.64 from pot
*** SUMMARY ***
Total pot $18 | Rake $0.36
Board [Tc Ts 7d 4d Td]
Seat 1: nedo1414 (big blind) showed [8h Qd] and lost with three of a kind, Tens
Seat 2: Chessnok (button) (small blind) showed [Kc 2d] and won ($17.64) with three of a kind, Tens


PokerStars Hand #173407273503:  Hold'em Limit ($3/$6 USD) - 2017/07/23 12:31:38 ET
Table 'Montana' 6-max Seat #1 is the button
Seat 1: nedo1414 ($120.50 in chips)
Seat 2: Chessnok ($93 in chips)
nedo1414: posts small blind $1
Chessnok: posts big blind $3
*** HOLE CARDS ***
nedo1414: raises $3 to $6
Chessnok: calls $3
*** FLOP *** [8h 8s 3h]
Chessnok: checks
nedo1414: bets $3
Chessnok: folds
Uncalled bet ($3) returned to nedo1414
nedo1414 collected $11.76 from pot
nedo1414: doesn't show hand
*** SUMMARY ***
Total pot $12 | Rake $0.24
Board [8h 8s 3h]
Seat 1: nedo1414 (button) (small blind) collected ($11.76)
Seat 2: Chessnok (big blind) folded on the Flop


PokerStars Hand #173407248692:  Hold'em Limit ($3/$6 USD) - 2017/07/23 12:31:04 ET
Table 'Montana' 6-max Seat #2 is the button
Seat 1: nedo1414 ($97 in chips)
Seat 2: Chessnok ($117 in chips)
Chessnok: posts small blind $1
simper11: is sitting out
nedo1414: posts big blind $3
*** HOLE CARDS ***
Chessnok: raises $3 to $6
simper11 leaves the table
nedo1414: raises $3 to $9
Chessnok: calls $3
*** FLOP *** [4s 8h 7h]
nedo1414: bets $3
Chessnok: calls $3
*** TURN *** [4s 8h 7h] [4h]
nedo1414: bets $6
Chessnok: calls $6
*** RIVER *** [4s 8h 7h 4h] [Ah]
nedo1414: bets $6
Chessnok: calls $6
*** SHOW DOWN ***
nedo1414: shows [As Ad] (a full house, Aces full of Fours)
Chessnok: mucks hand
nedo1414 collected $47.50 from pot
*** SUMMARY ***
Total pot $48 | Rake $0.50
Board [4s 8h 7h 4h Ah]
Seat 1: nedo1414 (big blind) showed [As Ad] and won ($47.50) with a full house, Aces full of Fours
Seat 2: Chessnok (button) (small blind) mucked


PokerStars Hand #173407327684:  Hold'em Limit ($3/$6 USD) - 2017/07/23 12:32:51 ET
Table 'Montana' 6-max Seat #1 is the button
Seat 1: nedo1414 ($130.76 in chips)
Seat 2: Chessnok ($81.64 in chips)
nedo1414: posts small blind $1
Chessnok: posts big blind $3
*** HOLE CARDS ***
nedo1414: raises $3 to $6
Chessnok: calls $3
*** FLOP *** [7h Tc Jc]
Chessnok: bets $3
nedo1414: calls $3
*** TURN *** [7h Tc Jc] [7d]
Chessnok: bets $6
nedo1414: calls $6
*** RIVER *** [7h Tc Jc 7d] [2h]
Chessnok: bets $6
nedo1414: calls $6
*** SHOW DOWN ***
Chessnok: shows [5h Jd] (two pair, Jacks and Sevens)
nedo1414: shows [Js 3c] (two pair, Jacks and Sevens)
Chessnok collected $20.75 from pot
nedo1414 collected $20.75 from pot
*** SUMMARY ***
Total pot $42 | Rake $0.50
Board [7h Tc Jc 7d 2h]
Seat 1: nedo1414 (button) (small blind) showed [Js 3c] and won ($20.75) with two pair, Jacks and Sevens
Seat 2: Chessnok (big blind) showed [5h Jd] and won ($20.75) with two pair, Jacks and Sevens


PokerStars Hand #173407307976:  Hold'em Limit ($3/$6 USD) - 2017/07/23 12:32:25 ET
Table 'Montana' 6-max Seat #2 is the button
Seat 1: nedo1414 ($116.26 in chips)
Seat 2: Chessnok ($96.64 in chips)
Chessnok: posts small blind $1
nedo1414: posts big blind $3
*** HOLE CARDS ***
Chessnok: raises $3 to $6
nedo1414: calls $3
*** FLOP *** [6c 4d 8h]
nedo1414: checks
Chessnok: bets $3
nedo1414: calls $3
*** TURN *** [6c 4d 8h] [7c]
nedo1414: checks
luckyzb joins the table at seat #6
Chessnok: bets $6
nedo1414: calls $6
*** RIVER *** [6c 4d 8h 7c] [Js]
nedo1414: checks
Chessnok: checks
*** SHOW DOWN ***
nedo1414: shows [7d 6s] (two pair, Sevens and Sixes)
Chessnok: mucks hand
nedo1414 collected $29.50 from pot
*** SUMMARY ***
Total pot $30 | Rake $0.50
Board [6c 4d 8h 7c Js]
Seat 1: nedo1414 (big blind) showed [7d 6s] and won ($29.50) with two pair, Sevens and Sixes
Seat 2: Chessnok (button) (small blind) mucked


PokerStars Hand #173407302717:  Hold'em Limit ($3/$6 USD) - 2017/07/23 12:32:18 ET
Table 'Montana' 6-max Seat #1 is the button
Seat 1: nedo1414 ($117.26 in chips)
Seat 2: Chessnok ($95.64 in chips)
nedo1414: posts small blind $1
Chessnok: posts big blind $3
*** HOLE CARDS ***
nedo1414: folds
Uncalled bet ($2) returned to Chessnok
Chessnok collected $2 from pot
Chessnok: doesn't show hand
*** SUMMARY ***
Total pot $2 | Rake $0
Seat 1: nedo1414 (button) (small blind) folded before Flop
Seat 2: Chessnok (big blind) collected ($2)


PokerStars Hand #173408703159:  Hold'em Limit ($3/$6 USD) - 2017/07/23 13:04:39 ET
Table 'Montana' 6-max Seat #3 is the button
Seat 3: Mr_steals ($78.85 in chips)
Seat 5: AzureCaper ($87.37 in chips)
Mr_steals: posts small blind $1
rascal_319: is sitting out
AzureCaper: posts big blind $3
*** HOLE CARDS ***
Mr_steals: raises $3 to $6
AzureCaper: calls $3
*** FLOP *** [2s 3c Jh]
AzureCaper: checks
Mr_steals: bets $3
AzureCaper: folds
Uncalled bet ($3) returned to Mr_steals
Mr_steals collected $11.76 from pot
Mr_steals: doesn't show hand
*** SUMMARY ***
Total pot $12 | Rake $0.24
Board [2s 3c Jh]
Seat 3: Mr_steals (button) (small blind) collected ($11.76)
Seat 5: AzureCaper (big blind) folded on the Flop


PokerStars Hand #173410431592:  Hold'em Limit ($3/$6 USD) - 2017/07/23 13:39:39 ET
Table 'Montana' 6-max Seat #5 is the button
Seat 3: RaniaFox ($78 in chips)
Seat 5: AzureCaper ($72 in chips)
AzureCaper: posts small blind $1
RaniaFox: posts big blind $3
*** HOLE CARDS ***
AzureCaper: raises $3 to $6
RaniaFox: raises $3 to $9
AzureCaper: calls $3
*** FLOP *** [Th 6s Ac]
RaniaFox: checks
AzureCaper: checks
*** TURN *** [Th 6s Ac] [8s]
RaniaFox: checks
AzureCaper: checks
*** RIVER *** [Th 6s Ac 8s] [7d]
RaniaFox: bets $6
40 ft cliff joins the table at seat #6
AzureCaper: raises $6 to $12
RaniaFox: raises $6 to $18
AzureCaper: calls $6
*** SHOW DOWN ***
RaniaFox: shows [9c Qc] (a straight, Six to Ten)
AzureCaper: shows [4d 9d] (a straight, Six to Ten)
RaniaFox collected $26.75 from pot
AzureCaper collected $26.75 from pot
*** SUMMARY ***
Total pot $54 | Rake $0.50
Board [Th 6s Ac 8s 7d]
Seat 3: RaniaFox (big blind) showed [9c Qc] and won ($26.75) with a straight, Six to Ten
Seat 5: AzureCaper (button) (small blind) showed [4d 9d] and won ($26.75) with a straight, Six to Ten


PokerStars Hand #173410458354:  Hold'em Limit ($3/$6 USD) - 2017/07/23 13:40:11 ET
Table 'Montana' 6-max Seat #3 is the button
Seat 3: RaniaFox ($77.75 in chips)
Seat 5: AzureCaper ($72 in chips)
RaniaFox: posts small blind $1
AzureCaper: posts big blind $3
*** HOLE CARDS ***
RaniaFox: raises $3 to $6
AzureCaper: calls $3
*** FLOP *** [8s 7h 6d]
AzureCaper: checks
RaniaFox: bets $3
AzureCaper: calls $3
*** TURN *** [8s 7h 6d] [Jh]
AzureCaper: checks
RaniaFox: bets $6
AzureCaper: calls $6
*** RIVER *** [8s 7h 6d Jh] [Jc]
AzureCaper: checks
RaniaFox: bets $6
AzureCaper: folds
Uncalled bet ($6) returned to RaniaFox
RaniaFox collected $29.50 from pot
RaniaFox: doesn't show hand
*** SUMMARY ***
Total pot $30 | Rake $0.50
Board [8s 7h 6d Jh Jc]
Seat 3: RaniaFox (button) (small blind) collected ($29.50)
Seat 5: AzureCaper (big blind) folded on the River


PokerStars Hand #173411296633:  Hold'em Limit ($3/$6 USD) - 2017/07/23 13:57:32 ET
Table 'Montana' 6-max Seat #3 is the button
Seat 3: kusznak ($121 in chips)
Seat 6: 40 ft cliff ($324.26 in chips)
kusznak: posts small blind $1
Psynto: is sitting out
40 ft cliff: posts big blind $3
*** HOLE CARDS ***
Psynto leaves the table
kusznak: raises $3 to $6
40 ft cliff: calls $3
*** FLOP *** [Kd 8s Kh]
40 ft cliff: checks
kusznak: bets $3
40 ft cliff: folds
Uncalled bet ($3) returned to kusznak
kusznak collected $11.76 from pot
kusznak: doesn't show hand
*** SUMMARY ***
Total pot $12 | Rake $0.24
Board [Kd 8s Kh]
Seat 3: kusznak (button) (small blind) collected ($11.76)
Seat 6: 40 ft cliff (big blind) folded on the Flop


PokerStars Hand #173411289370:  Hold'em Limit ($3/$6 USD) - 2017/07/23 13:57:20 ET
Table 'Montana' 6-max Seat #4 is the button
Seat 4: Psynto ($94.34 in chips)
Seat 6: 40 ft cliff ($328.26 in chips)
Psynto: posts small blind $1
masterblstr8: is sitting out
kusznak joins the table at seat #3
40 ft cliff: posts big blind $3
*** HOLE CARDS ***
Psynto: raises $3 to $6
40 ft cliff: folds
Uncalled bet ($3) returned to Psynto
masterblstr8 leaves the table
Psynto collected $6 from pot
Psynto: doesn't show hand
*** SUMMARY ***
Total pot $6 | Rake $0
Seat 4: Psynto (button) (small blind) collected ($6)
Seat 6: 40 ft cliff (big blind) folded before Flop


PokerStars Hand #173411307077:  Hold'em Limit ($3/$6 USD) - 2017/07/23 13:57:50 ET
Table 'Montana' 6-max Seat #6 is the button
Seat 3: kusznak ($126.76 in chips)
Seat 6: 40 ft cliff ($318.26 in chips)
40 ft cliff: posts small blind $1
kusznak: posts big blind $3
*** HOLE CARDS ***
40 ft cliff: raises $3 to $6
kusznak: raises $3 to $9
40 ft cliff: calls $3
*** FLOP *** [Th Qc 5s]
kusznak: bets $3
40 ft cliff: calls $3
*** TURN *** [Th Qc 5s] [2h]
kusznak: bets $6
40 ft cliff: calls $6
*** RIVER *** [Th Qc 5s 2h] [9h]
kusznak: bets $6
40 ft cliff: calls $6
*** SHOW DOWN ***
kusznak: shows [Kc Kh] (a pair of Kings)
40 ft cliff: mucks hand
kusznak collected $47.50 from pot
*** SUMMARY ***
Total pot $48 | Rake $0.50
Board [Th Qc 5s 2h 9h]
Seat 3: kusznak (big blind) showed [Kc Kh] and won ($47.50) with a pair of Kings
Seat 6: 40 ft cliff (button) (small blind) mucked


PokerStars Hand #173411530538:  Hold'em Limit ($3/$6 USD) - 2017/07/23 14:03:05 ET
Table 'Montana' 6-max Seat #3 is the button
Seat 2: 40 ft cliff ($104.14 in chips)
Seat 3: simper11 ($120 in chips)
simper11: posts small blind $1
TbIP-TbIP 88 leaves the table
40 ft cliff: posts big blind $3
*** HOLE CARDS ***
Mr_steals joins the table at seat #5
simper11: raises $3 to $6
40 ft cliff: calls $3
*** FLOP *** [5h Kc 8d]
40 ft cliff: checks
simper11: bets $3
40 ft cliff: calls $3
*** TURN *** [5h Kc 8d] [9h]
40 ft cliff: checks
simper11: bets $6
40 ft cliff: calls $6
*** RIVER *** [5h Kc 8d 9h] [8c]
40 ft cliff: checks
simper11: bets $6
40 ft cliff: calls $6
*** SHOW DOWN ***
simper11: shows [2h Kh] (two pair, Kings and Eights)
40 ft cliff: mucks hand
simper11 collected $41.50 from pot
*** SUMMARY ***
Total pot $42 | Rake $0.50
Board [5h Kc 8d 9h 8c]
Seat 2: 40 ft cliff (big blind) mucked
Seat 3: simper11 (button) (small blind) showed [2h Kh] and won ($41.50) with two pair, Kings and Eights


PokerStars Hand #173411579877:  Hold'em Limit ($3/$6 USD) - 2017/07/23 14:04:01 ET
Table 'Montana' 6-max Seat #2 is the button
Seat 2: 40 ft cliff ($83.14 in chips)
Seat 3: simper11 ($140.50 in chips)
40 ft cliff: posts small blind $1
simper11: posts big blind $3
*** HOLE CARDS ***
40 ft cliff: raises $3 to $6
simper11: calls $3
*** FLOP *** [Td 7s 6s]
Tommy_Ezt joins the table at seat #1
simper11: checks
40 ft cliff: bets $3
simper11: folds
Uncalled bet ($3) returned to 40 ft cliff
40 ft cliff collected $11.76 from pot
40 ft cliff: doesn't show hand
*** SUMMARY ***
Total pot $12 | Rake $0.24
Board [Td 7s 6s]
Seat 2: 40 ft cliff (button) (small blind) collected ($11.76)
Seat 3: simper11 (big blind) folded on the Flop


PokerStars Hand #173413859026:  Hold'em Limit ($3/$6 USD) - 2017/07/23 14:45:54 ET
Table 'Montana' 6-max Seat #6 is the button
Seat 2: DECAlpha ($99.58 in chips)
Seat 6: jack5077999 ($78.87 in chips)
jack5077999: posts small blind $1
ice0034: is sitting out
DECAlpha: posts big blind $3
*** HOLE CARDS ***
jack5077999: folds
Uncalled bet ($2) returned to DECAlpha
DECAlpha collected $2 from pot
DECAlpha: doesn't show hand
jack5077999 leaves the table
*** SUMMARY ***
Total pot $2 | Rake $0
Seat 2: DECAlpha (big blind) collected ($2)
Seat 6: jack5077999 (button) (small blind) folded before Flop


