PokerStars Hand #152759559122:  Hold'em Limit ($3/$6 USD) - 2016/05/02 14:06:06 ET
Table 'Montezuma' 6-max Seat #3 is the button
Seat 3: tangxueke ($139.20 in chips)
Seat 5: LolDnkaments ($72 in chips)
tangxueke: posts small blind $1
LolDnkaments: posts big blind $3
*** HOLE CARDS ***
tangxueke: raises $3 to $6
LolDnkaments: calls $3
*** FLOP *** [3d Js 7c]
LolDnkaments: checks
tangxueke: bets $3
LolDnkaments: calls $3
*** TURN *** [3d Js 7c] [Tc]
LolDnkaments: checks
tangxueke: bets $6
ajmaster333 joins the table at seat #2
LolDnkaments: folds
Uncalled bet ($6) returned to tangxueke
tangxueke collected $17.64 from pot
tangxueke: doesn't show hand
*** SUMMARY ***
Total pot $18 | Rake $0.36
Board [3d Js 7c Tc]
Seat 3: tangxueke (button) (small blind) collected ($17.64)
Seat 5: LolDnkaments (big blind) folded on the Turn


PokerStars Hand #152761705782:  Hold'em Limit ($3/$6 USD) - 2016/05/02 14:47:44 ET
Table 'Montezuma' 6-max Seat #1 is the button
Seat 1: Wurst2000 ($173.34 in chips)
Seat 5: LolDnkaments ($72 in chips)
Wurst2000: posts small blind $1
tangxueke: is sitting out
LolDnkaments: posts big blind $3
*** HOLE CARDS ***
Wurst2000: raises $3 to $6
LolDnkaments: calls $3
*** FLOP *** [4d Jc Js]
LolDnkaments: checks
Wurst2000: bets $3
LolDnkaments: raises $3 to $6
Wurst2000: calls $3
*** TURN *** [4d Jc Js] [4s]
27USTAS joins the table at seat #4
LolDnkaments: bets $6
Wurst2000: calls $6
*** RIVER *** [4d Jc Js 4s] [4c]
LolDnkaments: bets $6
Wurst2000: calls $6
*** SHOW DOWN ***
LolDnkaments: shows [4h 9c] (four of a kind, Fours)
Wurst2000: mucks hand
LolDnkaments collected $47.50 from pot
*** SUMMARY ***
Total pot $48 | Rake $0.50
Board [4d Jc Js 4s 4c]
Seat 1: Wurst2000 (button) (small blind) mucked
Seat 5: LolDnkaments (big blind) showed [4h 9c] and won ($47.50) with four of a kind, Fours


PokerStars Hand #152761734287:  Hold'em Limit ($3/$6 USD) - 2016/05/02 14:48:15 ET
Table 'Montezuma' 6-max Seat #5 is the button
Seat 1: Wurst2000 ($149.34 in chips)
Seat 5: LolDnkaments ($95.50 in chips)
LolDnkaments: posts small blind $1
Wurst2000: posts big blind $3
*** HOLE CARDS ***
LolDnkaments: raises $3 to $6
Wurst2000: raises $3 to $9
LolDnkaments: calls $3
*** FLOP *** [Kc 7s Kh]
Wurst2000: bets $3
LolDnkaments: calls $3
*** TURN *** [Kc 7s Kh] [8c]
Krazy90 joins the table at seat #6
Wurst2000: checks
tangxueke is disconnected
LolDnkaments: bets $6
Wurst2000: calls $6
*** RIVER *** [Kc 7s Kh 8c] [4s]
Wurst2000: checks
LolDnkaments: bets $6
Wurst2000: calls $6
*** SHOW DOWN ***
LolDnkaments: shows [8h Jc] (two pair, Kings and Eights)
Wurst2000: mucks hand
LolDnkaments collected $47.50 from pot
*** SUMMARY ***
Total pot $48 | Rake $0.50
Board [Kc 7s Kh 8c 4s]
Seat 1: Wurst2000 (big blind) mucked
Seat 5: LolDnkaments (button) (small blind) showed [8h Jc] and won ($47.50) with two pair, Kings and Eights


PokerStars Hand #152767751367:  Hold'em Limit ($3/$6 USD) - 2016/05/02 16:38:44 ET
Table 'Montezuma' 6-max Seat #3 is the button
Seat 1: fsreibnitz ($129.71 in chips)
Seat 3: micsveDK ($188.77 in chips)
micsveDK: posts small blind $1
Velbor107: is sitting out
sandy8430: is sitting out
fsreibnitz: posts big blind $3
*** HOLE CARDS ***
sandy8430 leaves the table
Velbor107 leaves the table
micsveDK: folds
Uncalled bet ($2) returned to fsreibnitz
fsreibnitz collected $2 from pot
*** SUMMARY ***
Total pot $2 | Rake $0
Seat 1: fsreibnitz (big blind) collected ($2)
Seat 3: micsveDK (button) (small blind) folded before Flop


