PokerStars Hand #147264468562:  Hold'em Limit ($3/$6 USD) - 2016/01/18 13:43:36 ET
Table 'Mora' 6-max Seat #3 is the button
Seat 2: olavike ($100.29 in chips)
Seat 3: AzureCaper ($219.14 in chips)
AzureCaper: posts small blind $1
SashaYuvelir: is sitting out
Mordnilap: is sitting out
Zubasa07: is sitting out
olavike: posts big blind $3
*** HOLE CARDS ***
AzureCaper: raises $3 to $6
olavike: folds
Uncalled bet ($3) returned to AzureCaper
AzureCaper collected $6 from pot
AzureCaper: doesn't show hand
*** SUMMARY ***
Total pot $6 | Rake $0
Seat 2: olavike (big blind) folded before Flop
Seat 3: AzureCaper (button) (small blind) collected ($6)


PokerStars Hand #147264477890:  Hold'em Limit ($3/$6 USD) - 2016/01/18 13:43:45 ET
Table 'Mora' 6-max Seat #2 is the button
Seat 2: olavike ($97.29 in chips)
Seat 3: AzureCaper ($222.14 in chips)
olavike: posts small blind $1
AzureCaper: posts big blind $3
*** HOLE CARDS ***
olavike: folds
Uncalled bet ($2) returned to AzureCaper
AzureCaper collected $2 from pot
AzureCaper: doesn't show hand
*** SUMMARY ***
Total pot $2 | Rake $0
Seat 2: olavike (button) (small blind) folded before Flop
Seat 3: AzureCaper (big blind) collected ($2)


