PokerStars Hand #150236554301:  Hold'em Limit ($3/$6 USD) - 2016/03/12 10:43:10 ET
Table 'Moreau II' 6-max Seat #3 is the button
Seat 3: Jokerfish777 ($44 in chips)
Seat 4: AzureCaper ($75 in chips)
Jokerfish777: posts small blind $1
AzureCaper: posts big blind $3
*** HOLE CARDS ***
Jokerfish777: raises $3 to $6
5PRUT5 joins the table at seat #2
AzureCaper: folds
Uncalled bet ($3) returned to Jokerfish777
Jokerfish777 collected $6 from pot
*** SUMMARY ***
Total pot $6 | Rake $0
Seat 3: Jokerfish777 (button) (small blind) collected ($6)
Seat 4: AzureCaper (big blind) folded before Flop


PokerStars Hand #150236549245:  Hold'em Limit ($3/$6 USD) - 2016/03/12 10:43:04 ET
Table 'Moreau II' 6-max Seat #4 is the button
Seat 3: Jokerfish777 ($47 in chips)
Seat 4: AzureCaper ($72 in chips)
AzureCaper: posts small blind $1
Jokerfish777: posts big blind $3
*** HOLE CARDS ***
AzureCaper: raises $3 to $6
Jokerfish777: folds
Uncalled bet ($3) returned to AzureCaper
AzureCaper collected $6 from pot
AzureCaper: doesn't show hand
*** SUMMARY ***
Total pot $6 | Rake $0
Seat 3: Jokerfish777 (big blind) folded before Flop
Seat 4: AzureCaper (button) (small blind) collected ($6)


PokerStars Hand #150236544334:  Hold'em Limit ($3/$6 USD) - 2016/03/12 10:42:58 ET
Table 'Moreau II' 6-max Seat #3 is the button
Seat 3: Jokerfish777 ($44 in chips)
Seat 4: AzureCaper ($72 in chips)
Jokerfish777: posts small blind $1
AzureCaper: posts big blind $3
*** HOLE CARDS ***
Jokerfish777: raises $3 to $6
AzureCaper: folds
Uncalled bet ($3) returned to Jokerfish777
Jokerfish777 collected $6 from pot
*** SUMMARY ***
Total pot $6 | Rake $0
Seat 3: Jokerfish777 (button) (small blind) collected ($6)
Seat 4: AzureCaper (big blind) folded before Flop


PokerStars Hand #150239518368:  Hold'em Limit ($3/$6 USD) - 2016/03/12 11:45:19 ET
Table 'Moreau II' 6-max Seat #4 is the button
Seat 4: TbIP-TbIP 88 ($108.05 in chips)
Seat 5: livenuncut ($61.66 in chips)
TbIP-TbIP 88: posts small blind $1
livenuncut: posts big blind $3
*** HOLE CARDS ***
TbIP-TbIP 88: raises $3 to $6
livenuncut: raises $3 to $9
TbIP-TbIP 88: calls $3
*** FLOP *** [7s Tc Kh]
livenuncut: bets $3
TbIP-TbIP 88: folds
Uncalled bet ($3) returned to livenuncut
lanford joins the table at seat #2
livenuncut collected $17.64 from pot
livenuncut: doesn't show hand
*** SUMMARY ***
Total pot $18 | Rake $0.36
Board [7s Tc Kh]
Seat 4: TbIP-TbIP 88 (button) (small blind) folded on the Flop
Seat 5: livenuncut (big blind) collected ($17.64)


PokerStars Hand #150239501162:  Hold'em Limit ($3/$6 USD) - 2016/03/12 11:44:58 ET
Table 'Moreau II' 6-max Seat #5 is the button
Seat 4: TbIP-TbIP 88 ($96.53 in chips)
Seat 5: livenuncut ($73.66 in chips)
livenuncut: posts small blind $1
hairy1961: is sitting out
TbIP-TbIP 88: posts big blind $3
*** HOLE CARDS ***
livenuncut: raises $3 to $6
TbIP-TbIP 88: calls $3
*** FLOP *** [2s Qh 3s]
TbIP-TbIP 88: checks
livenuncut: bets $3
TbIP-TbIP 88: raises $3 to $6
livenuncut: calls $3
*** TURN *** [2s Qh 3s] [8s]
TbIP-TbIP 88: bets $6
livenuncut: folds
Uncalled bet ($6) returned to TbIP-TbIP 88
TbIP-TbIP 88 collected $23.52 from pot
TbIP-TbIP 88: doesn't show hand
*** SUMMARY ***
Total pot $24 | Rake $0.48
Board [2s Qh 3s 8s]
Seat 4: TbIP-TbIP 88 (big blind) collected ($23.52)
Seat 5: livenuncut (button) (small blind) folded on the Turn


PokerStars Hand #150240769907:  Hold'em Limit ($3/$6 USD) - 2016/03/12 12:11:19 ET
Table 'Moreau II' 6-max Seat #5 is the button
Seat 5: livenuncut ($153.63 in chips)
Seat 6: bentinck113 ($71.27 in chips)
livenuncut: posts small blind $1
bentinck113: posts big blind $3
*** HOLE CARDS ***
livenuncut: calls $2
bentinck113: raises $3 to $6
livenuncut: calls $3
*** FLOP *** [4s 8d Jc]
bentinck113: bets $3
livenuncut: raises $3 to $6
bentinck113: calls $3
*** TURN *** [4s 8d Jc] [9c]
bentinck113: checks
livenuncut: checks
*** RIVER *** [4s 8d Jc 9c] [Kh]
bentinck113: checks
livenuncut: checks
*** SHOW DOWN ***
bentinck113: shows [7d 7h] (a pair of Sevens)
livenuncut: shows [7c 8s] (a pair of Eights)
livenuncut collected $23.52 from pot
*** SUMMARY ***
Total pot $24 | Rake $0.48
Board [4s 8d Jc 9c Kh]
Seat 5: livenuncut (button) (small blind) showed [7c 8s] and won ($23.52) with a pair of Eights
Seat 6: bentinck113 (big blind) showed [7d 7h] and lost with a pair of Sevens


PokerStars Hand #150240787326:  Hold'em Limit ($3/$6 USD) - 2016/03/12 12:11:39 ET
Table 'Moreau II' 6-max Seat #6 is the button
Seat 5: livenuncut ($165.15 in chips)
Seat 6: bentinck113 ($59.27 in chips)
bentinck113: posts small blind $1
livenuncut: posts big blind $3
*** HOLE CARDS ***
bentinck113: raises $3 to $6
livenuncut: folds
Uncalled bet ($3) returned to bentinck113
bentinck113 collected $6 from pot
bentinck113: doesn't show hand
*** SUMMARY ***
Total pot $6 | Rake $0
Seat 5: livenuncut (big blind) folded before Flop
Seat 6: bentinck113 (button) (small blind) collected ($6)


PokerStars Hand #150240748789:  Hold'em Limit ($3/$6 USD) - 2016/03/12 12:10:54 ET
Table 'Moreau II' 6-max Seat #6 is the button
Seat 5: livenuncut ($142.11 in chips)
Seat 6: bentinck113 ($83.27 in chips)
bentinck113: posts small blind $1
lanford: is sitting out
livenuncut: posts big blind $3
*** HOLE CARDS ***
lanford leaves the table
bentinck113: raises $3 to $6
livenuncut: raises $3 to $9
bentinck113: calls $3
*** FLOP *** [3h 8s 2c]
livenuncut: bets $3
bentinck113: calls $3
*** TURN *** [3h 8s 2c] [Kc]
livenuncut: bets $6
bentinck113: folds
Uncalled bet ($6) returned to livenuncut
livenuncut collected $23.52 from pot
livenuncut: doesn't show hand
*** SUMMARY ***
Total pot $24 | Rake $0.48
Board [3h 8s 2c Kc]
Seat 5: livenuncut (big blind) collected ($23.52)
Seat 6: bentinck113 (button) (small blind) folded on the Turn


PokerStars Hand #150240798586:  Hold'em Limit ($3/$6 USD) - 2016/03/12 12:11:52 ET
Table 'Moreau II' 6-max Seat #5 is the button
Seat 5: livenuncut ($162.15 in chips)
Seat 6: bentinck113 ($62.27 in chips)
livenuncut: posts small blind $1
bentinck113: posts big blind $3
*** HOLE CARDS ***
igmade joins the table at seat #4
livenuncut: folds
Uncalled bet ($2) returned to bentinck113
bentinck113 collected $2 from pot
bentinck113: doesn't show hand
*** SUMMARY ***
Total pot $2 | Rake $0
Seat 5: livenuncut (button) (small blind) folded before Flop
Seat 6: bentinck113 (big blind) collected ($2)


PokerStars Hand #150241601667:  Hold'em Limit ($3/$6 USD) - 2016/03/12 12:27:30 ET
Table 'Moreau II' 6-max Seat #5 is the button
Seat 4: igmade ($102.30 in chips)
Seat 5: livenuncut ($274.22 in chips)
livenuncut: posts small blind $1
bentinck113 was removed from the table for failing to post
igmade: posts big blind $3
*** HOLE CARDS ***
livenuncut: raises $3 to $6
igmade: raises $3 to $9
livenuncut: calls $3
*** FLOP *** [Td 3c 4d]
igmade: bets $3
livenuncut: raises $3 to $6
igmade: raises $3 to $9
livenuncut: calls $3
*** TURN *** [Td 3c 4d] [4c]
igmade: bets $6
livenuncut: calls $6
*** RIVER *** [Td 3c 4d 4c] [Ad]
igmade: bets $6
livenuncut: calls $6
*** SHOW DOWN ***
igmade: shows [6d 5h] (a pair of Fours)
livenuncut: shows [7s 7c] (two pair, Sevens and Fours)
livenuncut collected $59.50 from pot
*** SUMMARY ***
Total pot $60 | Rake $0.50
Board [Td 3c 4d 4c Ad]
Seat 4: igmade (big blind) showed [6d 5h] and lost with a pair of Fours
Seat 5: livenuncut (button) (small blind) showed [7s 7c] and won ($59.50) with two pair, Sevens and Fours


PokerStars Hand #150241646981:  Hold'em Limit ($3/$6 USD) - 2016/03/12 12:28:23 ET
Table 'Moreau II' 6-max Seat #5 is the button
Seat 4: igmade ($75.30 in chips)
Seat 5: livenuncut ($300.72 in chips)
livenuncut: posts small blind $1
igmade: posts big blind $3
*** HOLE CARDS ***
livenuncut: calls $2
igmade: raises $3 to $6
livenuncut: calls $3
*** FLOP *** [4s 6c Ks]
igmade: bets $3
livenuncut: raises $3 to $6
igmade: calls $3
*** TURN *** [4s 6c Ks] [5c]
igmade: checks
livenuncut: bets $6
igmade: calls $6
*** RIVER *** [4s 6c Ks 5c] [8h]
igmade: checks
livenuncut: checks
*** SHOW DOWN ***
igmade: shows [Th 6h] (a pair of Sixes)
livenuncut: shows [5s 6s] (two pair, Sixes and Fives)
livenuncut collected $35.50 from pot
*** SUMMARY ***
Total pot $36 | Rake $0.50
Board [4s 6c Ks 5c 8h]
Seat 4: igmade (big blind) showed [Th 6h] and lost with a pair of Sixes
Seat 5: livenuncut (button) (small blind) showed [5s 6s] and won ($35.50) with two pair, Sixes and Fives


PokerStars Hand #150241686066:  Hold'em Limit ($3/$6 USD) - 2016/03/12 12:29:09 ET
Table 'Moreau II' 6-max Seat #5 is the button
Seat 4: igmade ($56.30 in chips)
Seat 5: livenuncut ($319.22 in chips)
livenuncut: posts small blind $1
igmade: posts big blind $3
*** HOLE CARDS ***
livenuncut: folds
Uncalled bet ($2) returned to igmade
igmade collected $2 from pot
igmade: doesn't show hand
*** SUMMARY ***
Total pot $2 | Rake $0
Seat 4: igmade (big blind) collected ($2)
Seat 5: livenuncut (button) (small blind) folded before Flop


PokerStars Hand #150241682033:  Hold'em Limit ($3/$6 USD) - 2016/03/12 12:29:04 ET
Table 'Moreau II' 6-max Seat #4 is the button
Seat 4: igmade ($57.30 in chips)
Seat 5: livenuncut ($318.22 in chips)
igmade: posts small blind $1
livenuncut: posts big blind $3
*** HOLE CARDS ***
igmade: folds
Uncalled bet ($2) returned to livenuncut
livenuncut collected $2 from pot
livenuncut: doesn't show hand
*** SUMMARY ***
Total pot $2 | Rake $0
Seat 4: igmade (button) (small blind) folded before Flop
Seat 5: livenuncut (big blind) collected ($2)


PokerStars Hand #150241632152:  Hold'em Limit ($3/$6 USD) - 2016/03/12 12:28:06 ET
Table 'Moreau II' 6-max Seat #4 is the button
Seat 4: igmade ($72.30 in chips)
Seat 5: livenuncut ($303.72 in chips)
igmade: posts small blind $1
livenuncut: posts big blind $3
*** HOLE CARDS ***
igmade: raises $3 to $6
livenuncut: folds
Uncalled bet ($3) returned to igmade
igmade collected $6 from pot
igmade: doesn't show hand
*** SUMMARY ***
Total pot $6 | Rake $0
Seat 4: igmade (button) (small blind) collected ($6)
Seat 5: livenuncut (big blind) folded before Flop


PokerStars Hand #150241719345:  Hold'em Limit ($3/$6 USD) - 2016/03/12 12:29:48 ET
Table 'Moreau II' 6-max Seat #5 is the button
Seat 4: igmade ($60.18 in chips)
Seat 5: livenuncut ($315.22 in chips)
livenuncut: posts small blind $1
igmade: posts big blind $3
*** HOLE CARDS ***
livenuncut: folds
Uncalled bet ($2) returned to igmade
igmade collected $2 from pot
igmade: doesn't show hand
*** SUMMARY ***
Total pot $2 | Rake $0
Seat 4: igmade (big blind) collected ($2)
Seat 5: livenuncut (button) (small blind) folded before Flop


PokerStars Hand #150241690425:  Hold'em Limit ($3/$6 USD) - 2016/03/12 12:29:14 ET
Table 'Moreau II' 6-max Seat #4 is the button
Seat 4: igmade ($57.30 in chips)
Seat 5: livenuncut ($318.22 in chips)
igmade: posts small blind $1
livenuncut: posts big blind $3
*** HOLE CARDS ***
igmade: calls $2
livenuncut: checks
*** FLOP *** [4d Td Ac]
livenuncut: checks
igmade: checks
*** TURN *** [4d Td Ac] [Jc]
livenuncut: checks
igmade: bets $6
livenuncut: folds
Uncalled bet ($6) returned to igmade
igmade collected $5.88 from pot
igmade: doesn't show hand
*** SUMMARY ***
Total pot $6 | Rake $0.12
Board [4d Td Ac Jc]
Seat 4: igmade (button) (small blind) collected ($5.88)
Seat 5: livenuncut (big blind) folded on the Turn


PokerStars Hand #150241726044:  Hold'em Limit ($3/$6 USD) - 2016/03/12 12:29:55 ET
Table 'Moreau II' 6-max Seat #4 is the button
Seat 4: igmade ($61.18 in chips)
Seat 5: livenuncut ($314.22 in chips)
igmade: posts small blind $1
livenuncut: posts big blind $3
*** HOLE CARDS ***
igmade: folds
Uncalled bet ($2) returned to livenuncut
livenuncut collected $2 from pot
livenuncut: doesn't show hand
*** SUMMARY ***
Total pot $2 | Rake $0
Seat 4: igmade (button) (small blind) folded before Flop
Seat 5: livenuncut (big blind) collected ($2)


PokerStars Hand #150241753378:  Hold'em Limit ($3/$6 USD) - 2016/03/12 12:30:27 ET
Table 'Moreau II' 6-max Seat #4 is the button
Seat 4: igmade ($24.18 in chips)
Seat 5: livenuncut ($350.72 in chips)
igmade: posts small blind $1
livenuncut: posts big blind $3
*** HOLE CARDS ***
igmade: folds
Uncalled bet ($2) returned to livenuncut
livenuncut collected $2 from pot
livenuncut: doesn't show hand
*** SUMMARY ***
Total pot $2 | Rake $0
Seat 4: igmade (button) (small blind) folded before Flop
Seat 5: livenuncut (big blind) collected ($2)


PokerStars Hand #150241730346:  Hold'em Limit ($3/$6 USD) - 2016/03/12 12:30:00 ET
Table 'Moreau II' 6-max Seat #5 is the button
Seat 4: igmade ($60.18 in chips)
Seat 5: livenuncut ($315.22 in chips)
livenuncut: posts small blind $1
igmade: posts big blind $3
*** HOLE CARDS ***
livenuncut: raises $3 to $6
igmade: raises $3 to $9
livenuncut: calls $3
*** FLOP *** [6s 2h Qs]
igmade: bets $3
livenuncut: calls $3
*** TURN *** [6s 2h Qs] [Tc]
igmade: checks
livenuncut: bets $6
igmade: raises $6 to $12
livenuncut: calls $6
*** RIVER *** [6s 2h Qs Tc] [2s]
igmade: bets $6
Great_Kang joins the table at seat #6
livenuncut: raises $6 to $12
igmade: calls $6
*** SHOW DOWN ***
livenuncut: shows [As 3s] (a flush, Ace high)
igmade: mucks hand
livenuncut collected $71.50 from pot
*** SUMMARY ***
Total pot $72 | Rake $0.50
Board [6s 2h Qs Tc 2s]
Seat 4: igmade (big blind) mucked
Seat 5: livenuncut (button) (small blind) showed [As 3s] and won ($71.50) with a flush, Ace high


PokerStars Hand #150241919943:  Hold'em Limit ($3/$6 USD) - 2016/03/12 12:33:41 ET
Table 'Moreau II' 6-max Seat #6 is the button
Seat 5: livenuncut ($362.43 in chips)
Seat 6: Great_Kang ($156.72 in chips)
Great_Kang: posts small blind $1
livenuncut: posts big blind $3
*** HOLE CARDS ***
Great_Kang: raises $3 to $6
livenuncut: folds
Uncalled bet ($3) returned to Great_Kang
Great_Kang collected $6 from pot
Great_Kang: doesn't show hand
*** SUMMARY ***
Total pot $6 | Rake $0
Seat 5: livenuncut (big blind) folded before Flop
Seat 6: Great_Kang (button) (small blind) collected ($6)


PokerStars Hand #150241925780:  Hold'em Limit ($3/$6 USD) - 2016/03/12 12:33:48 ET
Table 'Moreau II' 6-max Seat #5 is the button
Seat 5: livenuncut ($359.43 in chips)
Seat 6: Great_Kang ($159.72 in chips)
livenuncut: posts small blind $1
Great_Kang: posts big blind $3
*** HOLE CARDS ***
livenuncut: calls $2
Great_Kang: checks
*** FLOP *** [Td 8c 7h]
Great_Kang: checks
livenuncut: checks
*** TURN *** [Td 8c 7h] [Ad]
Great_Kang: checks
livenuncut: checks
*** RIVER *** [Td 8c 7h Ad] [Th]
Great_Kang: checks
livenuncut: checks
*** SHOW DOWN ***
Great_Kang: shows [5d Qc] (a pair of Tens)
livenuncut: shows [6s Qs] (a pair of Tens)
Great_Kang collected $2.94 from pot
livenuncut collected $2.94 from pot
*** SUMMARY ***
Total pot $6 | Rake $0.12
Board [Td 8c 7h Ad Th]
Seat 5: livenuncut (button) (small blind) showed [6s Qs] and won ($2.94) with a pair of Tens
Seat 6: Great_Kang (big blind) showed [5d Qc] and won ($2.94) with a pair of Tens


PokerStars Hand #150241942608:  Hold'em Limit ($3/$6 USD) - 2016/03/12 12:34:08 ET
Table 'Moreau II' 6-max Seat #6 is the button
Seat 5: livenuncut ($359.37 in chips)
Seat 6: Great_Kang ($159.66 in chips)
Great_Kang: posts small blind $1
livenuncut: posts big blind $3
*** HOLE CARDS ***
Great_Kang: raises $3 to $6
livenuncut: calls $3
*** FLOP *** [5c 7c 4s]
livenuncut: checks
Great_Kang: bets $3
livenuncut: raises $3 to $6
Great_Kang: calls $3
*** TURN *** [5c 7c 4s] [3d]
livenuncut: bets $6
Great_Kang: calls $6
*** RIVER *** [5c 7c 4s 3d] [Kd]
livenuncut: checks
Great_Kang: checks
*** SHOW DOWN ***
livenuncut: shows [Jh 7h] (a pair of Sevens)
igmade leaves the table
Great_Kang: mucks hand
livenuncut collected $35.50 from pot
*** SUMMARY ***
Total pot $36 | Rake $0.50
Board [5c 7c 4s 3d Kd]
Seat 5: livenuncut (big blind) showed [Jh 7h] and won ($35.50) with a pair of Sevens
Seat 6: Great_Kang (button) (small blind) mucked


PokerStars Hand #150241970246:  Hold'em Limit ($3/$6 USD) - 2016/03/12 12:34:40 ET
Table 'Moreau II' 6-max Seat #5 is the button
Seat 5: livenuncut ($376.87 in chips)
Seat 6: Great_Kang ($141.66 in chips)
livenuncut: posts small blind $1
Great_Kang: posts big blind $3
*** HOLE CARDS ***
livenuncut: calls $2
Great_Kang: checks
*** FLOP *** [Jd 3d 9d]
Great_Kang: checks
livenuncut: checks
*** TURN *** [Jd 3d 9d] [3c]
Great_Kang: checks
livenuncut: bets $6
Great_Kang: folds
Uncalled bet ($6) returned to livenuncut
livenuncut collected $5.88 from pot
livenuncut: doesn't show hand
*** SUMMARY ***
Total pot $6 | Rake $0.12
Board [Jd 3d 9d 3c]
Seat 5: livenuncut (button) (small blind) collected ($5.88)
Seat 6: Great_Kang (big blind) folded on the Turn


PokerStars Hand #150241989779:  Hold'em Limit ($3/$6 USD) - 2016/03/12 12:35:03 ET
Table 'Moreau II' 6-max Seat #6 is the button
Seat 5: livenuncut ($379.75 in chips)
Seat 6: Great_Kang ($138.66 in chips)
Great_Kang: posts small blind $1
livenuncut: posts big blind $3
*** HOLE CARDS ***
Great_Kang: folds
Uncalled bet ($2) returned to livenuncut
livenuncut collected $2 from pot
livenuncut: doesn't show hand
*** SUMMARY ***
Total pot $2 | Rake $0
Seat 5: livenuncut (big blind) collected ($2)
Seat 6: Great_Kang (button) (small blind) folded before Flop


PokerStars Hand #150242032078:  Hold'em Limit ($3/$6 USD) - 2016/03/12 12:35:52 ET
Table 'Moreau II' 6-max Seat #5 is the button
Seat 5: livenuncut ($347.75 in chips)
Seat 6: Great_Kang ($170.04 in chips)
livenuncut: posts small blind $1
Great_Kang: posts big blind $3
*** HOLE CARDS ***
livenuncut: folds
Uncalled bet ($2) returned to Great_Kang
Great_Kang collected $2 from pot
Great_Kang: doesn't show hand
*** SUMMARY ***
Total pot $2 | Rake $0
Seat 5: livenuncut (button) (small blind) folded before Flop
Seat 6: Great_Kang (big blind) collected ($2)


PokerStars Hand #150242009880:  Hold'em Limit ($3/$6 USD) - 2016/03/12 12:35:26 ET
Table 'Moreau II' 6-max Seat #6 is the button
Seat 5: livenuncut ($377.75 in chips)
Seat 6: Great_Kang ($140.54 in chips)
Great_Kang: posts small blind $1
livenuncut: posts big blind $3
*** HOLE CARDS ***
Great_Kang: raises $3 to $6
livenuncut: raises $3 to $9
Great_Kang: calls $3
*** FLOP *** [6d Tc 6s]
livenuncut: bets $3
Great_Kang: calls $3
*** TURN *** [6d Tc 6s] [Kh]
livenuncut: bets $6
Great_Kang: calls $6
*** RIVER *** [6d Tc 6s Kh] [As]
livenuncut: bets $6
Great_Kang: raises $6 to $12
livenuncut: calls $6
*** SHOW DOWN ***
Great_Kang: shows [Th Ad] (two pair, Aces and Tens)
livenuncut: mucks hand
Great_Kang collected $59.50 from pot
*** SUMMARY ***
Total pot $60 | Rake $0.50
Board [6d Tc 6s Kh As]
Seat 5: livenuncut (big blind) mucked
Seat 6: Great_Kang (button) (small blind) showed [Th Ad] and won ($59.50) with two pair, Aces and Tens


PokerStars Hand #150241995671:  Hold'em Limit ($3/$6 USD) - 2016/03/12 12:35:10 ET
Table 'Moreau II' 6-max Seat #5 is the button
Seat 5: livenuncut ($380.75 in chips)
Seat 6: Great_Kang ($137.66 in chips)
livenuncut: posts small blind $1
Great_Kang: posts big blind $3
*** HOLE CARDS ***
livenuncut: calls $2
Great_Kang: checks
*** FLOP *** [Kc 2d 3h]
Great_Kang: checks
livenuncut: checks
*** TURN *** [Kc 2d 3h] [4h]
Great_Kang: bets $6
livenuncut: folds
Uncalled bet ($6) returned to Great_Kang
Great_Kang collected $5.88 from pot
Great_Kang: doesn't show hand
*** SUMMARY ***
Total pot $6 | Rake $0.12
Board [Kc 2d 3h 4h]
Seat 5: livenuncut (button) (small blind) folded on the Turn
Seat 6: Great_Kang (big blind) collected ($5.88)


PokerStars Hand #150242055947:  Hold'em Limit ($3/$6 USD) - 2016/03/12 12:36:20 ET
Table 'Moreau II' 6-max Seat #5 is the button
Seat 5: livenuncut ($355.39 in chips)
Seat 6: Great_Kang ($162.04 in chips)
livenuncut: posts small blind $1
Great_Kang: posts big blind $3
*** HOLE CARDS ***
livenuncut: folds
Uncalled bet ($2) returned to Great_Kang
Great_Kang collected $2 from pot
Great_Kang: doesn't show hand
*** SUMMARY ***
Total pot $2 | Rake $0
Seat 5: livenuncut (button) (small blind) folded before Flop
Seat 6: Great_Kang (big blind) collected ($2)


PokerStars Hand #150242037020:  Hold'em Limit ($3/$6 USD) - 2016/03/12 12:35:58 ET
Table 'Moreau II' 6-max Seat #6 is the button
Seat 5: livenuncut ($346.75 in chips)
Seat 6: Great_Kang ($171.04 in chips)
Great_Kang: posts small blind $1
livenuncut: posts big blind $3
*** HOLE CARDS ***
Great_Kang: raises $3 to $6
livenuncut: calls $3
*** FLOP *** [Qd Ad 9d]
livenuncut: checks
Great_Kang: bets $3
livenuncut: calls $3
*** TURN *** [Qd Ad 9d] [4c]
livenuncut: checks
Great_Kang: checks
*** RIVER *** [Qd Ad 9d 4c] [3c]
livenuncut: checks
Great_Kang: checks
*** SHOW DOWN ***
livenuncut: shows [9s Kc] (a pair of Nines)
Great_Kang: mucks hand
livenuncut collected $17.64 from pot
*** SUMMARY ***
Total pot $18 | Rake $0.36
Board [Qd Ad 9d 4c 3c]
Seat 5: livenuncut (big blind) showed [9s Kc] and won ($17.64) with a pair of Nines
Seat 6: Great_Kang (button) (small blind) mucked


PokerStars Hand #150242071990:  Hold'em Limit ($3/$6 USD) - 2016/03/12 12:36:39 ET
Table 'Moreau II' 6-max Seat #5 is the button
Seat 5: livenuncut ($363.03 in chips)
Seat 6: Great_Kang ($154.04 in chips)
livenuncut: posts small blind $1
Great_Kang: posts big blind $3
*** HOLE CARDS ***
livenuncut: folds
Uncalled bet ($2) returned to Great_Kang
Great_Kang collected $2 from pot
Great_Kang: doesn't show hand
*** SUMMARY ***
Total pot $2 | Rake $0
Seat 5: livenuncut (button) (small blind) folded before Flop
Seat 6: Great_Kang (big blind) collected ($2)


PokerStars Hand #150242060122:  Hold'em Limit ($3/$6 USD) - 2016/03/12 12:36:25 ET
Table 'Moreau II' 6-max Seat #6 is the button
Seat 5: livenuncut ($354.39 in chips)
Seat 6: Great_Kang ($163.04 in chips)
Great_Kang: posts small blind $1
livenuncut: posts big blind $3
*** HOLE CARDS ***
Great_Kang: raises $3 to $6
livenuncut: raises $3 to $9
Great_Kang: calls $3
*** FLOP *** [Ac 6d Ad]
livenuncut: bets $3
Great_Kang: folds
Uncalled bet ($3) returned to livenuncut
livenuncut collected $17.64 from pot
livenuncut: doesn't show hand
*** SUMMARY ***
Total pot $18 | Rake $0.36
Board [Ac 6d Ad]
Seat 5: livenuncut (big blind) collected ($17.64)
Seat 6: Great_Kang (button) (small blind) folded on the Flop


PokerStars Hand #150242076761:  Hold'em Limit ($3/$6 USD) - 2016/03/12 12:36:45 ET
Table 'Moreau II' 6-max Seat #6 is the button
Seat 5: livenuncut ($362.03 in chips)
Seat 6: Great_Kang ($155.04 in chips)
Great_Kang: posts small blind $1
livenuncut: posts big blind $3
*** HOLE CARDS ***
Great_Kang: raises $3 to $6
livenuncut: calls $3
*** FLOP *** [Tc 9s 2s]
livenuncut: checks
Great_Kang: bets $3
livenuncut: calls $3
*** TURN *** [Tc 9s 2s] [2h]
livenuncut: checks
Great_Kang: bets $6
livenuncut: raises $6 to $12
Great_Kang: raises $6 to $18
livenuncut: calls $6
*** RIVER *** [Tc 9s 2s 2h] [8s]
livenuncut: checks
Great_Kang: bets $6
livenuncut: calls $6
*** SHOW DOWN ***
Great_Kang: shows [2c Ac] (three of a kind, Deuces)
livenuncut: mucks hand
Jokerfish777 was removed from the table for failing to post
Great_Kang collected $65.50 from pot
*** SUMMARY ***
Total pot $66 | Rake $0.50
Board [Tc 9s 2s 2h 8s]
Seat 5: livenuncut (big blind) mucked
Seat 6: Great_Kang (button) (small blind) showed [2c Ac] and won ($65.50) with three of a kind, Deuces


PokerStars Hand #150242102907:  Hold'em Limit ($3/$6 USD) - 2016/03/12 12:37:15 ET
Table 'Moreau II' 6-max Seat #5 is the button
Seat 5: livenuncut ($329.03 in chips)
Seat 6: Great_Kang ($187.54 in chips)
livenuncut: posts small blind $1
Great_Kang: posts big blind $3
*** HOLE CARDS ***
livenuncut: folds
Uncalled bet ($2) returned to Great_Kang
Great_Kang collected $2 from pot
Great_Kang: doesn't show hand
*** SUMMARY ***
Total pot $2 | Rake $0
Seat 5: livenuncut (button) (small blind) folded before Flop
Seat 6: Great_Kang (big blind) collected ($2)


PokerStars Hand #150242107244:  Hold'em Limit ($3/$6 USD) - 2016/03/12 12:37:20 ET
Table 'Moreau II' 6-max Seat #6 is the button
Seat 5: livenuncut ($328.03 in chips)
Seat 6: Great_Kang ($188.54 in chips)
Great_Kang: posts small blind $1
livenuncut: posts big blind $3
*** HOLE CARDS ***
Great_Kang: raises $3 to $6
livenuncut: calls $3
*** FLOP *** [7d Qh Ts]
livenuncut: checks
Great_Kang: bets $3
livenuncut: folds
Uncalled bet ($3) returned to Great_Kang
Great_Kang collected $11.76 from pot
Great_Kang: doesn't show hand
*** SUMMARY ***
Total pot $12 | Rake $0.24
Board [7d Qh Ts]
Seat 5: livenuncut (big blind) folded on the Flop
Seat 6: Great_Kang (button) (small blind) collected ($11.76)


PokerStars Hand #150242117174:  Hold'em Limit ($3/$6 USD) - 2016/03/12 12:37:32 ET
Table 'Moreau II' 6-max Seat #5 is the button
Seat 5: livenuncut ($322.03 in chips)
Seat 6: Great_Kang ($194.30 in chips)
livenuncut: posts small blind $1
Great_Kang: posts big blind $3
*** HOLE CARDS ***
livenuncut: raises $3 to $6
Great_Kang: raises $3 to $9
livenuncut: calls $3
*** FLOP *** [3h Kd Ac]
LordBorzi II joins the table at seat #4
Great_Kang: bets $3
livenuncut: calls $3
*** TURN *** [3h Kd Ac] [5d]
Great_Kang: checks
livenuncut: checks
*** RIVER *** [3h Kd Ac 5d] [2c]
Great_Kang: checks
livenuncut: bets $6
Great_Kang: calls $6
*** SHOW DOWN ***
livenuncut: shows [4d 4c] (a straight, Ace to Five)
Great_Kang: mucks hand
livenuncut collected $35.50 from pot
*** SUMMARY ***
Total pot $36 | Rake $0.50
Board [3h Kd Ac 5d 2c]
Seat 5: livenuncut (button) (small blind) showed [4d 4c] and won ($35.50) with a straight, Ace to Five
Seat 6: Great_Kang (big blind) mucked


