PokerStars Hand #173715768886:  Hold'em Limit ($3/$6 USD) - 2017/07/30 15:27:18 ET
Table 'Morosovia' 6-max Seat #1 is the button
Seat 1: oregordog ($128.25 in chips)
Seat 5: denn69 ($37 in chips)
oregordog: posts small blind $1
kaithehai: is sitting out
denn69: posts big blind $3
*** HOLE CARDS ***
oregordog: folds
Uncalled bet ($2) returned to denn69
kaithehai leaves the table
denn69 collected $2 from pot
denn69: doesn't show hand
*** SUMMARY ***
Total pot $2 | Rake $0
Seat 1: oregordog (button) (small blind) folded before Flop
Seat 5: denn69 (big blind) collected ($2)


PokerStars Hand #173715773950:  Hold'em Limit ($3/$6 USD) - 2017/07/30 15:27:23 ET
Table 'Morosovia' 6-max Seat #5 is the button
Seat 1: oregordog ($127.25 in chips)
Seat 5: denn69 ($38 in chips)
denn69: posts small blind $1
oregordog: posts big blind $3
*** HOLE CARDS ***
denn69: raises $3 to $6
oregordog: raises $3 to $9
denn69: calls $3
*** FLOP *** [Tc 6d 6s]
oregordog: bets $3
denn69: calls $3
*** TURN *** [Tc 6d 6s] [7s]
FHstyles joins the table at seat #4
oregordog: checks
denn69: bets $6
oregordog: folds
Uncalled bet ($6) returned to denn69
denn69 collected $23.52 from pot
denn69: doesn't show hand
*** SUMMARY ***
Total pot $24 | Rake $0.48
Board [Tc 6d 6s 7s]
Seat 1: oregordog (big blind) folded on the Turn
Seat 5: denn69 (button) (small blind) collected ($23.52)


PokerStars Hand #173723106520:  Hold'em Limit ($3/$6 USD) - 2017/07/30 17:38:39 ET
Table 'Morosovia' 6-max Seat #2 is the button
Seat 2: DECAlpha ($159.86 in chips)
Seat 6: favete lin ($87.07 in chips)
DECAlpha: posts small blind $1
InvHam: is sitting out
favete lin: posts big blind $3
*** HOLE CARDS ***
DECAlpha: raises $3 to $6
favete lin: calls $3
*** FLOP *** [6c 9s As]
InvHam leaves the table
favete lin: checks
DECAlpha: bets $3
favete lin: folds
Uncalled bet ($3) returned to DECAlpha
DECAlpha collected $11.76 from pot
DECAlpha: doesn't show hand
*** SUMMARY ***
Total pot $12 | Rake $0.24
Board [6c 9s As]
Seat 2: DECAlpha (button) (small blind) collected ($11.76)
Seat 6: favete lin (big blind) folded on the Flop


PokerStars Hand #173723147154:  Hold'em Limit ($3/$6 USD) - 2017/07/30 17:39:26 ET
Table 'Morosovia' 6-max Seat #6 is the button
Seat 2: DECAlpha ($141.62 in chips)
Seat 6: favete lin ($104.33 in chips)
favete lin: posts small blind $1
DECAlpha: posts big blind $3
*** HOLE CARDS ***
favete lin: raises $3 to $6
DECAlpha: raises $3 to $9
favete lin: calls $3
*** FLOP *** [8d Kh 8h]
DECAlpha: bets $3
favete lin: calls $3
*** TURN *** [8d Kh 8h] [9s]
DECAlpha: bets $6
MJ T.O.D. joins the table at seat #5
GRA312 joins the table at seat #3
favete lin: raises $6 to $12
DECAlpha: calls $6
*** RIVER *** [8d Kh 8h 9s] [3s]
DECAlpha: checks
favete lin: bets $6
DECAlpha: folds
Uncalled bet ($6) returned to favete lin
favete lin collected $47.50 from pot
favete lin: doesn't show hand
*** SUMMARY ***
Total pot $48 | Rake $0.50
Board [8d Kh 8h 9s 3s]
Seat 2: DECAlpha (big blind) folded on the River
Seat 6: favete lin (button) (small blind) collected ($47.50)


PokerStars Hand #173723126256:  Hold'em Limit ($3/$6 USD) - 2017/07/30 17:39:02 ET
Table 'Morosovia' 6-max Seat #2 is the button
Seat 2: DECAlpha ($159.62 in chips)
Seat 6: favete lin ($86.83 in chips)
DECAlpha: posts small blind $1
favete lin: posts big blind $3
*** HOLE CARDS ***
DECAlpha: raises $3 to $6
favete lin: raises $3 to $9
DECAlpha: calls $3
*** FLOP *** [Qc 2h 8s]
favete lin: bets $3
DECAlpha: calls $3
*** TURN *** [Qc 2h 8s] [6c]
favete lin: bets $6
DECAlpha: calls $6
*** RIVER *** [Qc 2h 8s 6c] [7d]
favete lin: bets $6
DECAlpha: folds
Uncalled bet ($6) returned to favete lin
favete lin collected $35.50 from pot
favete lin: doesn't show hand
*** SUMMARY ***
Total pot $36 | Rake $0.50
Board [Qc 2h 8s 6c 7d]
Seat 2: DECAlpha (button) (small blind) folded on the River
Seat 6: favete lin (big blind) collected ($35.50)


PokerStars Hand #173723115419:  Hold'em Limit ($3/$6 USD) - 2017/07/30 17:38:49 ET
Table 'Morosovia' 6-max Seat #6 is the button
Seat 2: DECAlpha ($165.62 in chips)
Seat 6: favete lin ($81.07 in chips)
favete lin: posts small blind $1
DECAlpha: posts big blind $3
*** HOLE CARDS ***
favete lin: raises $3 to $6
DECAlpha: calls $3
*** FLOP *** [Kh Qd Jh]
DECAlpha: checks
favete lin: bets $3
DECAlpha: folds
Uncalled bet ($3) returned to favete lin
favete lin collected $11.76 from pot
favete lin: doesn't show hand
*** SUMMARY ***
Total pot $12 | Rake $0.24
Board [Kh Qd Jh]
Seat 2: DECAlpha (big blind) folded on the Flop
Seat 6: favete lin (button) (small blind) collected ($11.76)


PokerStars Hand #173726660219:  Hold'em Limit ($3/$6 USD) - 2017/07/30 18:58:41 ET
Table 'Morosovia' 6-max Seat #6 is the button
Seat 1: MJ T.O.D. ($218.12 in chips)
Seat 6: favete lin ($98.50 in chips)
favete lin: posts small blind $1
MJ T.O.D.: posts big blind $3
*** HOLE CARDS ***
favete lin: raises $3 to $6
MJ T.O.D.: folds
Uncalled bet ($3) returned to favete lin
favete lin collected $6 from pot
favete lin: doesn't show hand
*** SUMMARY ***
Total pot $6 | Rake $0
Seat 1: MJ T.O.D. (big blind) folded before Flop
Seat 6: favete lin (button) (small blind) collected ($6)


PokerStars Hand #173726648598:  Hold'em Limit ($3/$6 USD) - 2017/07/30 18:58:19 ET
Table 'Morosovia' 6-max Seat #1 is the button
Seat 1: MJ T.O.D. ($245.12 in chips)
Seat 6: favete lin ($72 in chips)
MJ T.O.D.: posts small blind $1
favete lin: posts big blind $3
*** HOLE CARDS ***
MJ T.O.D.: raises $3 to $6
favete lin: calls $3
*** FLOP *** [4s Th 6s]
favete lin: checks
MJ T.O.D.: bets $3
favete lin: calls $3
*** TURN *** [4s Th 6s] [4d]
favete lin: checks
MJ T.O.D.: bets $6
favete lin: raises $6 to $12
MJ T.O.D.: calls $6
*** RIVER *** [4s Th 6s 4d] [8h]
favete lin: bets $6
MJ T.O.D.: calls $6
*** SHOW DOWN ***
favete lin: shows [4h 8d] (a full house, Fours full of Eights)
MJ T.O.D.: mucks hand
favete lin collected $53.50 from pot
*** SUMMARY ***
Total pot $54 | Rake $0.50
Board [4s Th 6s 4d 8h]
Seat 1: MJ T.O.D. (button) (small blind) mucked
Seat 6: favete lin (big blind) showed [4h 8d] and won ($53.50) with a full house, Fours full of Eights


PokerStars Hand #173726663478:  Hold'em Limit ($3/$6 USD) - 2017/07/30 18:58:48 ET
Table 'Morosovia' 6-max Seat #1 is the button
Seat 1: MJ T.O.D. ($215.12 in chips)
Seat 6: favete lin ($101.50 in chips)
MJ T.O.D.: posts small blind $1
favete lin: posts big blind $3
*** HOLE CARDS ***
MJ T.O.D.: folds
Uncalled bet ($2) returned to favete lin
favete lin collected $2 from pot
favete lin: doesn't show hand
*** SUMMARY ***
Total pot $2 | Rake $0
Seat 1: MJ T.O.D. (button) (small blind) folded before Flop
Seat 6: favete lin (big blind) collected ($2)


PokerStars Hand #173726673037:  Hold'em Limit ($3/$6 USD) - 2017/07/30 18:59:07 ET
Table 'Morosovia' 6-max Seat #1 is the button
Seat 1: MJ T.O.D. ($208.12 in chips)
Seat 6: favete lin ($108.26 in chips)
MJ T.O.D.: posts small blind $1
favete lin: posts big blind $3
*** HOLE CARDS ***
MJ T.O.D.: raises $3 to $6
favete lin: calls $3
*** FLOP *** [8c Js 8d]
favete lin: checks
MJ T.O.D.: bets $3
favete lin: raises $3 to $6
MJ T.O.D.: folds
Uncalled bet ($3) returned to favete lin
favete lin collected $17.64 from pot
favete lin: doesn't show hand
*** SUMMARY ***
Total pot $18 | Rake $0.36
Board [8c Js 8d]
Seat 1: MJ T.O.D. (button) (small blind) folded on the Flop
Seat 6: favete lin (big blind) collected ($17.64)


PokerStars Hand #173726666050:  Hold'em Limit ($3/$6 USD) - 2017/07/30 18:58:53 ET
Table 'Morosovia' 6-max Seat #6 is the button
Seat 1: MJ T.O.D. ($214.12 in chips)
Seat 6: favete lin ($102.50 in chips)
favete lin: posts small blind $1
MJ T.O.D.: posts big blind $3
*** HOLE CARDS ***
favete lin: raises $3 to $6
MJ T.O.D.: calls $3
*** FLOP *** [Kh Kd 4d]
MJ T.O.D.: checks
favete lin: bets $3
MJ T.O.D.: folds
Uncalled bet ($3) returned to favete lin
favete lin collected $11.76 from pot
favete lin: doesn't show hand
*** SUMMARY ***
Total pot $12 | Rake $0.24
Board [Kh Kd 4d]
Seat 1: MJ T.O.D. (big blind) folded on the Flop
Seat 6: favete lin (button) (small blind) collected ($11.76)


PokerStars Hand #173726680277:  Hold'em Limit ($3/$6 USD) - 2017/07/30 18:59:21 ET
Table 'Morosovia' 6-max Seat #6 is the button
Seat 1: MJ T.O.D. ($199.12 in chips)
Seat 6: favete lin ($116.90 in chips)
favete lin: posts small blind $1
MJ T.O.D.: posts big blind $3
*** HOLE CARDS ***
favete lin: raises $3 to $6
MJ T.O.D.: raises $3 to $9
favete lin: calls $3
*** FLOP *** [5c 7s 2d]
MJ T.O.D.: bets $3
favete lin: raises $3 to $6
MJ T.O.D.: calls $3
*** TURN *** [5c 7s 2d] [9h]
MJ T.O.D.: checks
favete lin: bets $6
MJ T.O.D.: folds
Uncalled bet ($6) returned to favete lin
favete lin collected $29.50 from pot
favete lin: doesn't show hand
*** SUMMARY ***
Total pot $30 | Rake $0.50
Board [5c 7s 2d 9h]
Seat 1: MJ T.O.D. (big blind) folded on the Turn
Seat 6: favete lin (button) (small blind) collected ($29.50)


PokerStars Hand #173726695238:  Hold'em Limit ($3/$6 USD) - 2017/07/30 18:59:51 ET
Table 'Morosovia' 6-max Seat #6 is the button
Seat 1: MJ T.O.D. ($183.12 in chips)
Seat 6: favete lin ($132.40 in chips)
favete lin: posts small blind $1
MJ T.O.D.: posts big blind $3
*** HOLE CARDS ***
favete lin: raises $3 to $6
MJ T.O.D.: folds
Uncalled bet ($3) returned to favete lin
favete lin collected $6 from pot
favete lin: doesn't show hand
*** SUMMARY ***
Total pot $6 | Rake $0
Seat 1: MJ T.O.D. (big blind) folded before Flop
Seat 6: favete lin (button) (small blind) collected ($6)


PokerStars Hand #173726692363:  Hold'em Limit ($3/$6 USD) - 2017/07/30 18:59:45 ET
Table 'Morosovia' 6-max Seat #1 is the button
Seat 1: MJ T.O.D. ($184.12 in chips)
Seat 6: favete lin ($131.40 in chips)
MJ T.O.D.: posts small blind $1
favete lin: posts big blind $3
*** HOLE CARDS ***
MJ T.O.D.: folds
Uncalled bet ($2) returned to favete lin
favete lin collected $2 from pot
favete lin: doesn't show hand
*** SUMMARY ***
Total pot $2 | Rake $0
Seat 1: MJ T.O.D. (button) (small blind) folded before Flop
Seat 6: favete lin (big blind) collected ($2)


PokerStars Hand #173726699112:  Hold'em Limit ($3/$6 USD) - 2017/07/30 18:59:58 ET
Table 'Morosovia' 6-max Seat #1 is the button
Seat 1: MJ T.O.D. ($180.12 in chips)
Seat 6: favete lin ($135.40 in chips)
MJ T.O.D.: posts small blind $1
favete lin: posts big blind $3
*** HOLE CARDS ***
MJ T.O.D.: raises $3 to $6
favete lin: folds
Uncalled bet ($3) returned to MJ T.O.D.
MJ T.O.D. collected $6 from pot
MJ T.O.D.: doesn't show hand
*** SUMMARY ***
Total pot $6 | Rake $0
Seat 1: MJ T.O.D. (button) (small blind) collected ($6)
Seat 6: favete lin (big blind) folded before Flop


PokerStars Hand #173726701981:  Hold'em Limit ($3/$6 USD) - 2017/07/30 19:00:04 ET
Table 'Morosovia' 6-max Seat #6 is the button
Seat 1: MJ T.O.D. ($183.12 in chips)
Seat 6: favete lin ($132.40 in chips)
favete lin: posts small blind $1
MJ T.O.D.: posts big blind $3
*** HOLE CARDS ***
favete lin: raises $3 to $6
MJ T.O.D.: calls $3
*** FLOP *** [6s 5h 5c]
MJ T.O.D.: checks
favete lin: bets $3
MJ T.O.D.: calls $3
*** TURN *** [6s 5h 5c] [2s]
FHstyles joins the table at seat #2
MJ T.O.D.: checks
favete lin: checks
*** RIVER *** [6s 5h 5c 2s] [As]
MJ T.O.D.: checks
favete lin: bets $6
MJ T.O.D.: calls $6
*** SHOW DOWN ***
favete lin: shows [3s Ac] (two pair, Aces and Fives)
MJ T.O.D.: mucks hand
favete lin collected $29.50 from pot
*** SUMMARY ***
Total pot $30 | Rake $0.50
Board [6s 5h 5c 2s As]
Seat 1: MJ T.O.D. (big blind) mucked
Seat 6: favete lin (button) (small blind) showed [3s Ac] and won ($29.50) with two pair, Aces and Fives


PokerStars Hand #173726874736:  Hold'em Limit ($3/$6 USD) - 2017/07/30 19:04:43 ET
Table 'Morosovia' 6-max Seat #1 is the button
Seat 1: MJ T.O.D. ($170.30 in chips)
Seat 6: favete lin ($86 in chips)
MJ T.O.D.: posts small blind $1
favete lin: posts big blind $3
*** HOLE CARDS ***
MJ T.O.D.: raises $3 to $6
favete lin: raises $3 to $9
FHstyles joins the table at seat #4
MJ T.O.D.: calls $3
*** FLOP *** [Ad Ac Kc]
favete lin: bets $3
MJ T.O.D.: folds
Uncalled bet ($3) returned to favete lin
favete lin collected $17.64 from pot
favete lin: doesn't show hand
*** SUMMARY ***
Total pot $18 | Rake $0.36
Board [Ad Ac Kc]
Seat 1: MJ T.O.D. (button) (small blind) folded on the Flop
Seat 6: favete lin (big blind) collected ($17.64)


PokerStars Hand #173726883350:  Hold'em Limit ($3/$6 USD) - 2017/07/30 19:04:57 ET
Table 'Morosovia' 6-max Seat #6 is the button
Seat 1: MJ T.O.D. ($161.30 in chips)
Seat 6: favete lin ($94.64 in chips)
favete lin: posts small blind $1
MJ T.O.D.: posts big blind $3
*** HOLE CARDS ***
favete lin: raises $3 to $6
MJ T.O.D.: folds
Uncalled bet ($3) returned to favete lin
favete lin collected $6 from pot
favete lin: doesn't show hand
*** SUMMARY ***
Total pot $6 | Rake $0
Seat 1: MJ T.O.D. (big blind) folded before Flop
Seat 6: favete lin (button) (small blind) collected ($6)


PokerStars Hand #173726973614:  Hold'em Limit ($3/$6 USD) - 2017/07/30 19:07:03 ET
Table 'Morosovia' 6-max Seat #6 is the button
Seat 1: MJ T.O.D. ($212.21 in chips)
Seat 6: favete lin ($82.81 in chips)
favete lin: posts small blind $1
MJ T.O.D.: posts big blind $3
*** HOLE CARDS ***
favete lin: raises $3 to $6
FHstyles joins the table at seat #2
MJ T.O.D.: calls $3
*** FLOP *** [6d Kd Qh]
MJ T.O.D.: checks
favete lin: bets $3
MJ T.O.D.: calls $3
*** TURN *** [6d Kd Qh] [Jd]
MJ T.O.D.: checks
favete lin: checks
*** RIVER *** [6d Kd Qh Jd] [2s]
MJ T.O.D.: checks
favete lin: checks
*** SHOW DOWN ***
MJ T.O.D.: shows [8s 6s] (a pair of Sixes)
favete lin: mucks hand
MJ T.O.D. collected $17.64 from pot
*** SUMMARY ***
Total pot $18 | Rake $0.36
Board [6d Kd Qh Jd 2s]
Seat 1: MJ T.O.D. (big blind) showed [8s 6s] and won ($17.64) with a pair of Sixes
Seat 6: favete lin (button) (small blind) mucked


PokerStars Hand #173727097658:  Hold'em Limit ($3/$6 USD) - 2017/07/30 19:10:12 ET
Table 'Morosovia' 6-max Seat #6 is the button
Seat 1: MJ T.O.D. ($220.50 in chips)
Seat 6: favete lin ($111.96 in chips)
favete lin: posts small blind $1
MJ T.O.D.: posts big blind $3
*** HOLE CARDS ***
favete lin: raises $3 to $6
MJ T.O.D.: calls $3
*** FLOP *** [8d 9h Qd]
MJ T.O.D.: checks
favete lin: checks
*** TURN *** [8d 9h Qd] [Ks]
MJ T.O.D.: checks
favete lin: checks
*** RIVER *** [8d 9h Qd Ks] [3s]
MJ T.O.D.: checks
favete lin: checks
*** SHOW DOWN ***
MJ T.O.D.: shows [7c Ac] (high card Ace)
favete lin: shows [3d As] (a pair of Threes)
favete lin collected $11.76 from pot
*** SUMMARY ***
Total pot $12 | Rake $0.24
Board [8d 9h Qd Ks 3s]
Seat 1: MJ T.O.D. (big blind) showed [7c Ac] and lost with high card Ace
Seat 6: favete lin (button) (small blind) showed [3d As] and won ($11.76) with a pair of Threes


PokerStars Hand #173727084611:  Hold'em Limit ($3/$6 USD) - 2017/07/30 19:09:52 ET
Table 'Morosovia' 6-max Seat #1 is the button
Seat 1: MJ T.O.D. ($232.50 in chips)
Seat 6: favete lin ($100.44 in chips)
MJ T.O.D.: posts small blind $1
favete lin: posts big blind $3
*** HOLE CARDS ***
FHstyles joins the table at seat #3
MJ T.O.D.: raises $3 to $6
favete lin: calls $3
*** FLOP *** [Th Td 8s]
favete lin: checks
MJ T.O.D.: checks
*** TURN *** [Th Td 8s] [4d]
favete lin: checks
MJ T.O.D.: bets $6
favete lin: calls $6
*** RIVER *** [Th Td 8s 4d] [Jc]
favete lin: checks
MJ T.O.D.: checks
*** SHOW DOWN ***
favete lin: shows [2s 4h] (two pair, Tens and Fours)
MJ T.O.D.: mucks hand
favete lin collected $23.52 from pot
*** SUMMARY ***
Total pot $24 | Rake $0.48
Board [Th Td 8s 4d Jc]
Seat 1: MJ T.O.D. (button) (small blind) mucked
Seat 6: favete lin (big blind) showed [2s 4h] and won ($23.52) with two pair, Tens and Fours


PokerStars Hand #173728657954:  Hold'em Limit ($3/$6 USD) - 2017/07/30 19:54:30 ET
Table 'Morosovia' 6-max Seat #1 is the button
Seat 1: MJ T.O.D. ($68.64 in chips)
Seat 6: favete lin ($175.47 in chips)
MJ T.O.D.: posts small blind $1
favete lin: posts big blind $3
*** HOLE CARDS ***
MJ T.O.D.: raises $3 to $6
favete lin: calls $3
*** FLOP *** [Js 5h 4h]
favete lin: checks
MJ T.O.D.: bets $3
FHstyles joins the table at seat #5
favete lin: raises $3 to $6
MJ T.O.D.: calls $3
*** TURN *** [Js 5h 4h] [3h]
favete lin: bets $6
MJ T.O.D.: folds
Uncalled bet ($6) returned to favete lin
favete lin collected $23.52 from pot
favete lin: doesn't show hand
*** SUMMARY ***
Total pot $24 | Rake $0.48
Board [Js 5h 4h 3h]
Seat 1: MJ T.O.D. (button) (small blind) folded on the Turn
Seat 6: favete lin (big blind) collected ($23.52)


PokerStars Hand #173728667079:  Hold'em Limit ($3/$6 USD) - 2017/07/30 19:54:47 ET
Table 'Morosovia' 6-max Seat #6 is the button
Seat 1: MJ T.O.D. ($56.64 in chips)
Seat 6: favete lin ($186.99 in chips)
favete lin: posts small blind $1
MJ T.O.D.: posts big blind $3
*** HOLE CARDS ***
favete lin: raises $3 to $6
MJ T.O.D.: calls $3
*** FLOP *** [8c 4d 7c]
MJ T.O.D.: checks
favete lin: bets $3
MJ T.O.D.: calls $3
*** TURN *** [8c 4d 7c] [9c]
MJ T.O.D.: checks
favete lin: bets $6
MJ T.O.D.: calls $6
*** RIVER *** [8c 4d 7c 9c] [8d]
MJ T.O.D.: checks
favete lin: bets $6
MJ T.O.D.: calls $6
*** SHOW DOWN ***
favete lin: shows [Jc Kc] (a flush, King high)
MJ T.O.D.: mucks hand
favete lin collected $41.50 from pot
*** SUMMARY ***
Total pot $42 | Rake $0.50
Board [8c 4d 7c 9c 8d]
Seat 1: MJ T.O.D. (big blind) mucked
Seat 6: favete lin (button) (small blind) showed [Jc Kc] and won ($41.50) with a flush, King high


