PokerStars Hand #152967855441:  Hold'em Limit ($3/$6 USD) - 2016/05/07 6:26:13 ET
Table 'Morrison II' 6-max Seat #1 is the button
Seat 1: Mind90 ($337.61 in chips)
Seat 4: VolkovDmitri ($123 in chips)
Mind90: posts small blind $1
VolkovDmitri: posts big blind $3
*** HOLE CARDS ***
Mind90: raises $3 to $6
VolkovDmitri: calls $3
*** FLOP *** [Ks 7c 4s]
VolkovDmitri: checks
Mind90: bets $3
VolkovDmitri: raises $3 to $6
Mind90: calls $3
*** TURN *** [Ks 7c 4s] [Kd]
VolkovDmitri: bets $6
Mind90: calls $6
*** RIVER *** [Ks 7c 4s Kd] [6c]
VolkovDmitri: bets $6
Mind90: calls $6
*** SHOW DOWN ***
VolkovDmitri: shows [Js 3s] (a pair of Kings)
Mind90: shows [2c As] (a pair of Kings - Ace kicker)
Mind90 collected $47.50 from pot
*** SUMMARY ***
Total pot $48 | Rake $0.50
Board [Ks 7c 4s Kd 6c]
Seat 1: Mind90 (button) (small blind) showed [2c As] and won ($47.50) with a pair of Kings
Seat 4: VolkovDmitri (big blind) showed [Js 3s] and lost with a pair of Kings


PokerStars Hand #152968218977:  Hold'em Limit ($3/$6 USD) - 2016/05/07 6:40:31 ET
Table 'Morrison II' 6-max Seat #3 is the button
Seat 3: www.24.de ($343 in chips)
Seat 4: VolkovDmitri ($120 in chips)
www.24.de: posts small blind $1
VolkovDmitri: posts big blind $3
*** HOLE CARDS ***
www.24.de: calls $2
belik555 joins the table at seat #2
VolkovDmitri: raises $3 to $6
www.24.de: folds
Uncalled bet ($3) returned to VolkovDmitri
VolkovDmitri collected $6 from pot
VolkovDmitri: doesn't show hand
*** SUMMARY ***
Total pot $6 | Rake $0
Seat 3: www.24.de (button) (small blind) folded before Flop
Seat 4: VolkovDmitri (big blind) collected ($6)


PokerStars Hand #152968213908:  Hold'em Limit ($3/$6 USD) - 2016/05/07 6:40:19 ET
Table 'Morrison II' 6-max Seat #4 is the button
Seat 3: www.24.de ($342 in chips)
Seat 4: VolkovDmitri ($120 in chips)
VolkovDmitri: posts small blind $1
www.24.de: posts big blind $3
*** HOLE CARDS ***
VolkovDmitri: folds
Uncalled bet ($2) returned to www.24.de
www.24.de collected $2 from pot
www.24.de: doesn't show hand
*** SUMMARY ***
Total pot $2 | Rake $0
Seat 3: www.24.de (big blind) collected ($2)
Seat 4: VolkovDmitri (button) (small blind) folded before Flop


PokerStars Hand #152968485173:  Hold'em Limit ($3/$6 USD) - 2016/05/07 6:50:40 ET
Table 'Morrison II' 6-max Seat #2 is the button
Seat 2: belik555 ($75.27 in chips)
Seat 3: www.24.de ($324.35 in chips)
belik555: posts small blind $1
www.24.de: posts big blind $3
*** HOLE CARDS ***
belik555: raises $3 to $6
www.24.de: calls $3
*** FLOP *** [Jh 8s 2d]
www.24.de: bets $3
belik555: calls $3
*** TURN *** [Jh 8s 2d] [Qc]
www.24.de: bets $6
belik555: calls $6
*** RIVER *** [Jh 8s 2d Qc] [Qd]
www.24.de: bets $6
belik555: folds
Uncalled bet ($6) returned to www.24.de
www.24.de collected $29.50 from pot
www.24.de: doesn't show hand
*** SUMMARY ***
Total pot $30 | Rake $0.50
Board [Jh 8s 2d Qc Qd]
Seat 2: belik555 (button) (small blind) folded on the River
Seat 3: www.24.de (big blind) collected ($29.50)


PokerStars Hand #152968473513:  Hold'em Limit ($3/$6 USD) - 2016/05/07 6:50:14 ET
Table 'Morrison II' 6-max Seat #3 is the button
Seat 2: belik555 ($84.27 in chips)
Seat 3: www.24.de ($315.71 in chips)
www.24.de: posts small blind $1
belik555: posts big blind $3
*** HOLE CARDS ***
VolkovDmitri leaves the table
www.24.de: calls $2
belik555: raises $3 to $6
www.24.de: calls $3
*** FLOP *** [Ad Tc Ks]
belik555: bets $3
www.24.de: calls $3
*** TURN *** [Ad Tc Ks] [Qd]
belik555: checks
www.24.de: checks
*** RIVER *** [Ad Tc Ks Qd] [4h]
belik555: checks
www.24.de: bets $6
belik555: folds
Uncalled bet ($6) returned to www.24.de
www.24.de collected $17.64 from pot
www.24.de: doesn't show hand
*** SUMMARY ***
Total pot $18 | Rake $0.36
Board [Ad Tc Ks Qd 4h]
Seat 2: belik555 (big blind) folded on the River
Seat 3: www.24.de (button) (small blind) collected ($17.64)


PokerStars Hand #152968518816:  Hold'em Limit ($3/$6 USD) - 2016/05/07 6:51:58 ET
Table 'Morrison II' 6-max Seat #3 is the button
Seat 2: belik555 ($92.50 in chips)
Seat 3: www.24.de ($317.85 in chips)
www.24.de: posts small blind $1
belik555: posts big blind $3
*** HOLE CARDS ***
www.24.de: calls $2
belik555: raises $3 to $6
www.24.de: calls $3
*** FLOP *** [6c Ts Js]
belik555: bets $3
www.24.de: folds
Uncalled bet ($3) returned to belik555
belik555 collected $11.76 from pot
belik555: doesn't show hand
*** SUMMARY ***
Total pot $12 | Rake $0.24
Board [6c Ts Js]
Seat 2: belik555 (big blind) collected ($11.76)
Seat 3: www.24.de (button) (small blind) folded on the Flop


PokerStars Hand #152968516150:  Hold'em Limit ($3/$6 USD) - 2016/05/07 6:51:51 ET
Table 'Morrison II' 6-max Seat #2 is the button
Seat 2: belik555 ($89.50 in chips)
Seat 3: www.24.de ($320.85 in chips)
belik555: posts small blind $1
www.24.de: posts big blind $3
*** HOLE CARDS ***
belik555: raises $3 to $6
www.24.de: folds
Uncalled bet ($3) returned to belik555
belik555 collected $6 from pot
belik555: doesn't show hand
*** SUMMARY ***
Total pot $6 | Rake $0
Seat 2: belik555 (button) (small blind) collected ($6)
Seat 3: www.24.de (big blind) folded before Flop


PokerStars Hand #152968502557:  Hold'em Limit ($3/$6 USD) - 2016/05/07 6:51:20 ET
Table 'Morrison II' 6-max Seat #3 is the button
Seat 2: belik555 ($72 in chips)
Seat 3: www.24.de ($338.85 in chips)
www.24.de: posts small blind $1
belik555: posts big blind $3
*** HOLE CARDS ***
www.24.de: raises $3 to $6
belik555: calls $3
*** FLOP *** [Qd 2c 7h]
belik555: checks
www.24.de: bets $3
belik555: raises $3 to $6
www.24.de: calls $3
*** TURN *** [Qd 2c 7h] [6s]
belik555: bets $6
www.24.de: calls $6
*** RIVER *** [Qd 2c 7h 6s] [Ks]
belik555: bets $6
www.24.de: folds
Uncalled bet ($6) returned to belik555
belik555 collected $35.50 from pot
belik555: doesn't show hand
*** SUMMARY ***
Total pot $36 | Rake $0.50
Board [Qd 2c 7h 6s Ks]
Seat 2: belik555 (big blind) collected ($35.50)
Seat 3: www.24.de (button) (small blind) folded on the River


PokerStars Hand #152968545856:  Hold'em Limit ($3/$6 USD) - 2016/05/07 6:52:59 ET
Table 'Morrison II' 6-max Seat #2 is the button
Seat 2: belik555 ($103.76 in chips)
Seat 3: www.24.de ($305.37 in chips)
belik555: posts small blind $1
www.24.de: posts big blind $3
*** HOLE CARDS ***
belik555: raises $3 to $6
Kenjataimu joins the table at seat #4
www.24.de: calls $3
*** FLOP *** [Js Ac Ad]
www.24.de: checks
belik555: bets $3
www.24.de: calls $3
*** TURN *** [Js Ac Ad] [Kd]
www.24.de: checks
Kenjataimu leaves the table
belik555: checks
*** RIVER *** [Js Ac Ad Kd] [Jh]
www.24.de: checks
remeks joins the table at seat #1
belik555: checks
*** SHOW DOWN ***
www.24.de: shows [Qs 8c] (two pair, Aces and Jacks)
belik555: shows [2h 8h] (two pair, Aces and Jacks)
www.24.de collected $8.82 from pot
belik555 collected $8.82 from pot
*** SUMMARY ***
Total pot $18 | Rake $0.36
Board [Js Ac Ad Kd Jh]
Seat 2: belik555 (button) (small blind) showed [2h 8h] and won ($8.82) with two pair, Aces and Jacks
Seat 3: www.24.de (big blind) showed [Qs 8c] and won ($8.82) with two pair, Aces and Jacks


PokerStars Hand #152968538252:  Hold'em Limit ($3/$6 USD) - 2016/05/07 6:52:42 ET
Table 'Morrison II' 6-max Seat #3 is the button
Seat 2: belik555 ($115.76 in chips)
Seat 3: www.24.de ($293.85 in chips)
www.24.de: posts small blind $1
belik555: posts big blind $3
*** HOLE CARDS ***
www.24.de: raises $3 to $6
belik555: calls $3
*** FLOP *** [Ts 5c 4d]
belik555: checks
www.24.de: checks
*** TURN *** [Ts 5c 4d] [2s]
belik555: checks
www.24.de: bets $6
belik555: calls $6
*** RIVER *** [Ts 5c 4d 2s] [Kc]
belik555: checks
www.24.de: checks
*** SHOW DOWN ***
belik555: shows [6d Jd] (high card King)
www.24.de: shows [Qs Ad] (high card Ace)
www.24.de collected $23.52 from pot
*** SUMMARY ***
Total pot $24 | Rake $0.48
Board [Ts 5c 4d 2s Kc]
Seat 2: belik555 (big blind) showed [6d Jd] and lost with high card King
Seat 3: www.24.de (button) (small blind) showed [Qs Ad] and won ($23.52) with high card Ace


PokerStars Hand #152968528881:  Hold'em Limit ($3/$6 USD) - 2016/05/07 6:52:20 ET
Table 'Morrison II' 6-max Seat #2 is the button
Seat 2: belik555 ($98.26 in chips)
Seat 3: www.24.de ($311.85 in chips)
belik555: posts small blind $1
www.24.de: posts big blind $3
*** HOLE CARDS ***
belik555: raises $3 to $6
www.24.de: raises $3 to $9
belik555: calls $3
*** FLOP *** [4s Th Tc]
www.24.de: bets $3
belik555: calls $3
*** TURN *** [4s Th Tc] [2d]
www.24.de: bets $6
belik555: calls $6
*** RIVER *** [4s Th Tc 2d] [8s]
www.24.de: checks
belik555: checks
*** SHOW DOWN ***
www.24.de: shows [Ah 3s] (a pair of Tens)
belik555: shows [As 9h] (a pair of Tens - Ace+Nine kicker)
belik555 collected $35.50 from pot
*** SUMMARY ***
Total pot $36 | Rake $0.50
Board [4s Th Tc 2d 8s]
Seat 2: belik555 (button) (small blind) showed [As 9h] and won ($35.50) with a pair of Tens
Seat 3: www.24.de (big blind) showed [Ah 3s] and lost with a pair of Tens


