PokerStars Hand #157212749373:  Hold'em Limit ($3/$6 USD) - 2016/08/13 3:04:32 ET
Table 'Morrison' 6-max Seat #3 is the button
Seat 3: edmarneves ($123.78 in chips)
Seat 4: Agrotait ($88.50 in chips)
edmarneves: posts small blind $1
Agrotait: posts big blind $3
*** HOLE CARDS ***
edmarneves: raises $3 to $6
Agrotait: calls $3
*** FLOP *** [7d Js 9h]
Agrotait: checks
edmarneves: checks
*** TURN *** [7d Js 9h] [Jc]
Agrotait: bets $6
edmarneves: folds
Uncalled bet ($6) returned to Agrotait
Agrotait collected $11.76 from pot
Agrotait: doesn't show hand
*** SUMMARY ***
Total pot $12 | Rake $0.24
Board [7d Js 9h Jc]
Seat 3: edmarneves (button) (small blind) folded on the Turn
Seat 4: Agrotait (big blind) collected ($11.76)


PokerStars Hand #157212754827:  Hold'em Limit ($3/$6 USD) - 2016/08/13 3:04:53 ET
Table 'Morrison' 6-max Seat #4 is the button
Seat 3: edmarneves ($117.78 in chips)
Seat 4: Agrotait ($94.26 in chips)
Agrotait: posts small blind $1
edmarneves: posts big blind $3
*** HOLE CARDS ***
Agrotait: raises $3 to $6
edmarneves: raises $3 to $9
Agrotait: calls $3
*** FLOP *** [8c 9c 7s]
edmarneves: bets $3
Agrotait: raises $3 to $6
edmarneves: calls $3
*** TURN *** [8c 9c 7s] [2h]
edmarneves: checks
Agrotait: bets $6
edmarneves: folds
Uncalled bet ($6) returned to Agrotait
Agrotait collected $29.50 from pot
Agrotait: doesn't show hand
*** SUMMARY ***
Total pot $30 | Rake $0.50
Board [8c 9c 7s 2h]
Seat 3: edmarneves (big blind) folded on the Turn
Seat 4: Agrotait (button) (small blind) collected ($29.50)


PokerStars Hand #157212786857:  Hold'em Limit ($3/$6 USD) - 2016/08/13 3:06:45 ET
Table 'Morrison' 6-max Seat #4 is the button
Seat 3: edmarneves ($97.42 in chips)
Seat 4: Agrotait ($113.40 in chips)
Agrotait: posts small blind $1
edmarneves: posts big blind $3
*** HOLE CARDS ***
Agrotait: folds [2h]
Uncalled bet ($2) returned to edmarneves
edmarneves collected $2 from pot
edmarneves: doesn't show hand
*** SUMMARY ***
Total pot $2 | Rake $0
Seat 3: edmarneves (big blind) collected ($2)
Seat 4: Agrotait (button) (small blind) folded before Flop


PokerStars Hand #157212785618:  Hold'em Limit ($3/$6 USD) - 2016/08/13 3:06:40 ET
Table 'Morrison' 6-max Seat #3 is the button
Seat 3: edmarneves ($98.42 in chips)
Seat 4: Agrotait ($112.40 in chips)
edmarneves: posts small blind $1
Agrotait: posts big blind $3
*** HOLE CARDS ***
edmarneves: folds
Uncalled bet ($2) returned to Agrotait
Agrotait collected $2 from pot
Agrotait: doesn't show hand
*** SUMMARY ***
Total pot $2 | Rake $0
Seat 3: edmarneves (button) (small blind) folded before Flop
Seat 4: Agrotait (big blind) collected ($2)


PokerStars Hand #157212780745:  Hold'em Limit ($3/$6 USD) - 2016/08/13 3:06:21 ET
Table 'Morrison' 6-max Seat #4 is the button
Seat 3: edmarneves ($89.78 in chips)
Seat 4: Agrotait ($121.40 in chips)
Agrotait: posts small blind $1
edmarneves: posts big blind $3
*** HOLE CARDS ***
Agrotait: raises $3 to $6
edmarneves: raises $3 to $9
Agrotait: calls $3
*** FLOP *** [Ac 3d Ks]
edmarneves: bets $3
Agrotait: folds
Uncalled bet ($3) returned to edmarneves
edmarneves collected $17.64 from pot
edmarneves: doesn't show hand
*** SUMMARY ***
Total pot $18 | Rake $0.36
Board [Ac 3d Ks]
Seat 3: edmarneves (big blind) collected ($17.64)
Seat 4: Agrotait (button) (small blind) folded on the Flop


PokerStars Hand #157212779477:  Hold'em Limit ($3/$6 USD) - 2016/08/13 3:06:17 ET
Table 'Morrison' 6-max Seat #3 is the button
Seat 3: edmarneves ($90.78 in chips)
Seat 4: Agrotait ($120.40 in chips)
edmarneves: posts small blind $1
Agrotait: posts big blind $3
*** HOLE CARDS ***
edmarneves: folds
Uncalled bet ($2) returned to Agrotait
Agrotait collected $2 from pot
Agrotait: doesn't show hand
*** SUMMARY ***
Total pot $2 | Rake $0
Seat 3: edmarneves (button) (small blind) folded before Flop
Seat 4: Agrotait (big blind) collected ($2)


PokerStars Hand #157212777090:  Hold'em Limit ($3/$6 USD) - 2016/08/13 3:06:07 ET
Table 'Morrison' 6-max Seat #4 is the button
Seat 3: edmarneves ($93.78 in chips)
Seat 4: Agrotait ($117.40 in chips)
Agrotait: posts small blind $1
edmarneves: posts big blind $3
*** HOLE CARDS ***
Agrotait: raises $3 to $6
edmarneves: folds
Uncalled bet ($3) returned to Agrotait
Agrotait collected $6 from pot
Agrotait: doesn't show hand
*** SUMMARY ***
Total pot $6 | Rake $0
Seat 3: edmarneves (big blind) folded before Flop
Seat 4: Agrotait (button) (small blind) collected ($6)


PokerStars Hand #157212761792:  Hold'em Limit ($3/$6 USD) - 2016/08/13 3:05:20 ET
Table 'Morrison' 6-max Seat #3 is the button
Seat 3: edmarneves ($102.78 in chips)
Seat 4: Agrotait ($108.76 in chips)
edmarneves: posts small blind $1
Agrotait: posts big blind $3
*** HOLE CARDS ***
edmarneves: raises $3 to $6
Agrotait: calls $3
*** FLOP *** [2d 4h Kh]
Agrotait: checks
edmarneves: bets $3
Agrotait: calls $3
*** TURN *** [2d 4h Kh] [3d]
Agrotait: checks
edmarneves: checks
*** RIVER *** [2d 4h Kh 3d] [Js]
Agrotait: bets $6
edmarneves: folds
Uncalled bet ($6) returned to Agrotait
Agrotait collected $17.64 from pot
Agrotait: doesn't show hand
*** SUMMARY ***
Total pot $18 | Rake $0.36
Board [2d 4h Kh 3d Js]
Seat 3: edmarneves (button) (small blind) folded on the River
Seat 4: Agrotait (big blind) collected ($17.64)


PokerStars Hand #157212792629:  Hold'em Limit ($3/$6 USD) - 2016/08/13 3:07:07 ET
Table 'Morrison' 6-max Seat #4 is the button
Seat 3: edmarneves ($104.18 in chips)
Seat 4: Agrotait ($106.40 in chips)
Agrotait: posts small blind $1
edmarneves: posts big blind $3
*** HOLE CARDS ***
Agrotait: raises $3 to $6
edmarneves: calls $3
*** FLOP *** [Js 5c 6h]
edmarneves: checks
Agrotait: bets $3
edmarneves: folds
Uncalled bet ($3) returned to Agrotait
Agrotait collected $11.76 from pot
Agrotait: doesn't show hand
*** SUMMARY ***
Total pot $12 | Rake $0.24
Board [Js 5c 6h]
Seat 3: edmarneves (big blind) folded on the Flop
Seat 4: Agrotait (button) (small blind) collected ($11.76)


PokerStars Hand #157212788583:  Hold'em Limit ($3/$6 USD) - 2016/08/13 3:06:51 ET
Table 'Morrison' 6-max Seat #3 is the button
Seat 3: edmarneves ($98.42 in chips)
Seat 4: Agrotait ($112.40 in chips)
edmarneves: posts small blind $1
Agrotait: posts big blind $3
*** HOLE CARDS ***
edmarneves: raises $3 to $6
Agrotait: calls $3
*** FLOP *** [3h Qh 9d]
Agrotait: checks
edmarneves: bets $3
Agrotait: folds
Uncalled bet ($3) returned to edmarneves
edmarneves collected $11.76 from pot
edmarneves: doesn't show hand
*** SUMMARY ***
Total pot $12 | Rake $0.24
Board [3h Qh 9d]
Seat 3: edmarneves (button) (small blind) collected ($11.76)
Seat 4: Agrotait (big blind) folded on the Flop


PokerStars Hand #157212816370:  Hold'em Limit ($3/$6 USD) - 2016/08/13 3:08:37 ET
Table 'Morrison' 6-max Seat #3 is the button
Seat 3: edmarneves ($130.50 in chips)
Seat 4: Agrotait ($78.98 in chips)
edmarneves: posts small blind $1
Agrotait: posts big blind $3
*** HOLE CARDS ***
edmarneves: raises $3 to $6
Agrotait: folds
Uncalled bet ($3) returned to edmarneves
edmarneves collected $6 from pot
edmarneves: doesn't show hand
*** SUMMARY ***
Total pot $6 | Rake $0
Seat 3: edmarneves (button) (small blind) collected ($6)
Seat 4: Agrotait (big blind) folded before Flop


PokerStars Hand #157212811442:  Hold'em Limit ($3/$6 USD) - 2016/08/13 3:08:18 ET
Table 'Morrison' 6-max Seat #4 is the button
Seat 3: edmarneves ($130.68 in chips)
Seat 4: Agrotait ($79.16 in chips)
Agrotait: posts small blind $1
edmarneves: posts big blind $3
*** HOLE CARDS ***
Agrotait: raises $3 to $6
edmarneves: calls $3
*** FLOP *** [Qh Kd Jc]
edmarneves: checks
Agrotait: bets $3
edmarneves: calls $3
*** TURN *** [Qh Kd Jc] [Ad]
edmarneves: checks
Agrotait: checks
*** RIVER *** [Qh Kd Jc Ad] [8s]
edmarneves: checks
Agrotait: checks
*** SHOW DOWN ***
edmarneves: shows [Qs 9c] (a pair of Queens)
Agrotait: shows [Qd 7h] (a pair of Queens)
edmarneves collected $8.82 from pot
Agrotait collected $8.82 from pot
*** SUMMARY ***
Total pot $18 | Rake $0.36
Board [Qh Kd Jc Ad 8s]
Seat 3: edmarneves (big blind) showed [Qs 9c] and won ($8.82) with a pair of Queens
Seat 4: Agrotait (button) (small blind) showed [Qd 7h] and won ($8.82) with a pair of Queens


PokerStars Hand #157212799710:  Hold'em Limit ($3/$6 USD) - 2016/08/13 3:07:34 ET
Table 'Morrison' 6-max Seat #3 is the button
Seat 3: edmarneves ($98.18 in chips)
Seat 4: Agrotait ($112.16 in chips)
edmarneves: posts small blind $1
Agrotait: posts big blind $3
*** HOLE CARDS ***
edmarneves: raises $3 to $6
Agrotait: calls $3
*** FLOP *** [7c 2s 3d]
Agrotait: checks
edmarneves: bets $3
Agrotait: calls $3
*** TURN *** [7c 2s 3d] [Ts]
Agrotait: checks
edmarneves: bets $6
Agrotait: raises $6 to $12
edmarneves: calls $6
*** RIVER *** [7c 2s 3d Ts] [7d]
Agrotait: bets $6
edmarneves: raises $6 to $12
Agrotait: calls $6
*** SHOW DOWN ***
edmarneves: shows [7s 9d] (three of a kind, Sevens)
Agrotait: mucks hand
edmarneves collected $65.50 from pot
*** SUMMARY ***
Total pot $66 | Rake $0.50
Board [7c 2s 3d Ts 7d]
Seat 3: edmarneves (button) (small blind) showed [7s 9d] and won ($65.50) with three of a kind, Sevens
Seat 4: Agrotait (big blind) mucked


PokerStars Hand #157212833552:  Hold'em Limit ($3/$6 USD) - 2016/08/13 3:09:41 ET
Table 'Morrison' 6-max Seat #3 is the button
Seat 3: edmarneves ($138 in chips)
Seat 4: Agrotait ($70.48 in chips)
edmarneves: posts small blind $1
Agrotait: posts big blind $3
*** HOLE CARDS ***
edmarneves: raises $3 to $6
Agrotait: calls $3
*** FLOP *** [Ts 4c 8c]
Agrotait: checks
edmarneves: bets $3
Agrotait: calls $3
*** TURN *** [Ts 4c 8c] [8d]
Agrotait: checks
edmarneves: checks
*** RIVER *** [Ts 4c 8c 8d] [8h]
Agrotait: bets $6
edmarneves: folds
Uncalled bet ($6) returned to Agrotait
Agrotait collected $17.64 from pot
Agrotait: doesn't show hand
*** SUMMARY ***
Total pot $18 | Rake $0.36
Board [Ts 4c 8c 8d 8h]
Seat 3: edmarneves (button) (small blind) folded on the River
Seat 4: Agrotait (big blind) collected ($17.64)


PokerStars Hand #157212826485:  Hold'em Limit ($3/$6 USD) - 2016/08/13 3:09:15 ET
Table 'Morrison' 6-max Seat #4 is the button
Seat 3: edmarneves ($117.50 in chips)
Seat 4: Agrotait ($91.48 in chips)
Agrotait: posts small blind $1
edmarneves: posts big blind $3
*** HOLE CARDS ***
Agrotait: raises $3 to $6
edmarneves: raises $3 to $9
Agrotait: raises $3 to $12
Betting is capped
edmarneves: calls $3
*** FLOP *** [4d 5s 8s]
edmarneves: checks
Agrotait: bets $3
edmarneves: calls $3
*** TURN *** [4d 5s 8s] [7c]
edmarneves: checks
Agrotait: bets $6
edmarneves: raises $6 to $12
Agrotait: folds
Uncalled bet ($6) returned to edmarneves
edmarneves collected $41.50 from pot
edmarneves: doesn't show hand
*** SUMMARY ***
Total pot $42 | Rake $0.50
Board [4d 5s 8s 7c]
Seat 3: edmarneves (big blind) collected ($41.50)
Seat 4: Agrotait (button) (small blind) folded on the Turn


PokerStars Hand #157212825221:  Hold'em Limit ($3/$6 USD) - 2016/08/13 3:09:10 ET
Table 'Morrison' 6-max Seat #3 is the button
Seat 3: edmarneves ($118.50 in chips)
Seat 4: Agrotait ($90.48 in chips)
edmarneves: posts small blind $1
Agrotait: posts big blind $3
*** HOLE CARDS ***
edmarneves: folds
Uncalled bet ($2) returned to Agrotait
Agrotait collected $2 from pot
Agrotait: doesn't show hand
*** SUMMARY ***
Total pot $2 | Rake $0
Seat 3: edmarneves (button) (small blind) folded before Flop
Seat 4: Agrotait (big blind) collected ($2)


PokerStars Hand #157212819522:  Hold'em Limit ($3/$6 USD) - 2016/08/13 3:08:49 ET
Table 'Morrison' 6-max Seat #4 is the button
Seat 3: edmarneves ($133.50 in chips)
Seat 4: Agrotait ($75.98 in chips)
Agrotait: posts small blind $1
edmarneves: posts big blind $3
*** HOLE CARDS ***
Agrotait: raises $3 to $6
edmarneves: calls $3
*** FLOP *** [Kh 7d Kc]
edmarneves: checks
Agrotait: bets $3
edmarneves: calls $3
*** TURN *** [Kh 7d Kc] [Td]
edmarneves: checks
Agrotait: checks
*** RIVER *** [Kh 7d Kc Td] [Qc]
edmarneves: checks
Agrotait: bets $6
edmarneves: calls $6
*** SHOW DOWN ***
Agrotait: shows [5c Ts] (two pair, Kings and Tens)
edmarneves: mucks hand
Agrotait collected $29.50 from pot
*** SUMMARY ***
Total pot $30 | Rake $0.50
Board [Kh 7d Kc Td Qc]
Seat 3: edmarneves (big blind) mucked
Seat 4: Agrotait (button) (small blind) showed [5c Ts] and won ($29.50) with two pair, Kings and Tens


PokerStars Hand #157212845305:  Hold'em Limit ($3/$6 USD) - 2016/08/13 3:10:25 ET
Table 'Morrison' 6-max Seat #4 is the button
Seat 3: edmarneves ($140.50 in chips)
Seat 4: Agrotait ($67.12 in chips)
Agrotait: posts small blind $1
edmarneves: posts big blind $3
*** HOLE CARDS ***
Agrotait: raises $3 to $6
edmarneves: calls $3
*** FLOP *** [2c 9h Kh]
edmarneves: checks
Agrotait: bets $3
edmarneves: raises $3 to $6
Agrotait: calls $3
*** TURN *** [2c 9h Kh] [Ad]
edmarneves: bets $6
Agrotait: folds
Uncalled bet ($6) returned to edmarneves
edmarneves collected $23.52 from pot
edmarneves: doesn't show hand
*** SUMMARY ***
Total pot $24 | Rake $0.48
Board [2c 9h Kh Ad]
Seat 3: edmarneves (big blind) collected ($23.52)
Seat 4: Agrotait (button) (small blind) folded on the Turn


PokerStars Hand #157212840020:  Hold'em Limit ($3/$6 USD) - 2016/08/13 3:10:05 ET
Table 'Morrison' 6-max Seat #3 is the button
Seat 3: edmarneves ($126 in chips)
Seat 4: Agrotait ($82.12 in chips)
edmarneves: posts small blind $1
Agrotait: posts big blind $3
*** HOLE CARDS ***
edmarneves: raises $3 to $6
Agrotait: raises $3 to $9
edmarneves: calls $3
*** FLOP *** [3c 8d 9c]
Agrotait: bets $3
edmarneves: raises $3 to $6
Agrotait: calls $3
*** TURN *** [3c 8d 9c] [Ad]
Agrotait: checks
edmarneves: checks
*** RIVER *** [3c 8d 9c Ad] [3s]
Agrotait: checks
edmarneves: checks
*** SHOW DOWN ***
Agrotait: shows [Qc Jc] (a pair of Threes)
edmarneves: shows [8c Qh] (two pair, Eights and Threes)
edmarneves collected $29.50 from pot
*** SUMMARY ***
Total pot $30 | Rake $0.50
Board [3c 8d 9c Ad 3s]
Seat 3: edmarneves (button) (small blind) showed [8c Qh] and won ($29.50) with two pair, Eights and Threes
Seat 4: Agrotait (big blind) showed [Qc Jc] and lost with a pair of Threes


PokerStars Hand #157212838478:  Hold'em Limit ($3/$6 USD) - 2016/08/13 3:10:00 ET
Table 'Morrison' 6-max Seat #4 is the button
Seat 3: edmarneves ($129 in chips)
Seat 4: Agrotait ($79.12 in chips)
Agrotait: posts small blind $1
edmarneves: posts big blind $3
*** HOLE CARDS ***
Agrotait: raises $3 to $6
edmarneves: folds
Uncalled bet ($3) returned to Agrotait
Agrotait collected $6 from pot
Agrotait: doesn't show hand
*** SUMMARY ***
Total pot $6 | Rake $0
Seat 3: edmarneves (big blind) folded before Flop
Seat 4: Agrotait (button) (small blind) collected ($6)


PokerStars Hand #157212869509:  Hold'em Limit ($3/$6 USD) - 2016/08/13 3:11:57 ET
Table 'Morrison' 6-max Seat #3 is the button
Seat 3: edmarneves ($125.02 in chips)
Seat 4: Agrotait ($98.14 in chips)
edmarneves: posts small blind $1
Agrotait: posts big blind $3
*** HOLE CARDS ***
edmarneves: folds
Uncalled bet ($2) returned to Agrotait
Agrotait collected $2 from pot
Agrotait: doesn't show hand
*** SUMMARY ***
Total pot $2 | Rake $0
Seat 3: edmarneves (button) (small blind) folded before Flop
Seat 4: Agrotait (big blind) collected ($2)


PokerStars Hand #157212862923:  Hold'em Limit ($3/$6 USD) - 2016/08/13 3:11:32 ET
Table 'Morrison' 6-max Seat #4 is the button
Seat 3: edmarneves ($134.02 in chips)
Seat 4: Agrotait ($89.50 in chips)
Agrotait: posts small blind $1
edmarneves: posts big blind $3
*** HOLE CARDS ***
Agrotait: raises $3 to $6
edmarneves: calls $3
*** FLOP *** [Jh 9d Qs]
edmarneves: checks
Agrotait: bets $3
edmarneves: calls $3
*** TURN *** [Jh 9d Qs] [5d]
edmarneves: checks
Agrotait: bets $6
edmarneves: folds
Uncalled bet ($6) returned to Agrotait
Agrotait collected $17.64 from pot
Agrotait: doesn't show hand
*** SUMMARY ***
Total pot $18 | Rake $0.36
Board [Jh 9d Qs 5d]
Seat 3: edmarneves (big blind) folded on the Turn
Seat 4: Agrotait (button) (small blind) collected ($17.64)


PokerStars Hand #157212850157:  Hold'em Limit ($3/$6 USD) - 2016/08/13 3:10:43 ET
Table 'Morrison' 6-max Seat #3 is the button
Seat 3: edmarneves ($152.02 in chips)
Seat 4: Agrotait ($72 in chips)
edmarneves: posts small blind $1
Agrotait: posts big blind $3
*** HOLE CARDS ***
edmarneves: raises $3 to $6
Agrotait: calls $3
*** FLOP *** [Qc 5s Kd]
Agrotait: checks
edmarneves: bets $3
Agrotait: raises $3 to $6
edmarneves: calls $3
*** TURN *** [Qc 5s Kd] [4c]
Agrotait: bets $6
edmarneves: calls $6
*** RIVER *** [Qc 5s Kd 4c] [4s]
Agrotait: bets $6
edmarneves: folds
Uncalled bet ($6) returned to Agrotait
Agrotait collected $35.50 from pot
Agrotait: doesn't show hand
*** SUMMARY ***
Total pot $36 | Rake $0.50
Board [Qc 5s Kd 4c 4s]
Seat 3: edmarneves (button) (small blind) folded on the River
Seat 4: Agrotait (big blind) collected ($35.50)


PokerStars Hand #157212877358:  Hold'em Limit ($3/$6 USD) - 2016/08/13 3:12:26 ET
Table 'Morrison' 6-max Seat #4 is the button
Seat 3: edmarneves ($102.02 in chips)
Seat 4: Agrotait ($120.64 in chips)
Agrotait: posts small blind $1
edmarneves: posts big blind $3
*** HOLE CARDS ***
Agrotait: raises $3 to $6
edmarneves: raises $3 to $9
Agrotait: calls $3
*** FLOP *** [9h 9c Qd]
edmarneves: bets $3
Agrotait: folds
Uncalled bet ($3) returned to edmarneves
edmarneves collected $17.64 from pot
edmarneves: doesn't show hand
*** SUMMARY ***
Total pot $18 | Rake $0.36
Board [9h 9c Qd]
Seat 3: edmarneves (big blind) collected ($17.64)
Seat 4: Agrotait (button) (small blind) folded on the Flop


PokerStars Hand #157212876234:  Hold'em Limit ($3/$6 USD) - 2016/08/13 3:12:21 ET
Table 'Morrison' 6-max Seat #3 is the button
Seat 3: edmarneves ($103.02 in chips)
Seat 4: Agrotait ($119.64 in chips)
edmarneves: posts small blind $1
Agrotait: posts big blind $3
*** HOLE CARDS ***
edmarneves: folds
Uncalled bet ($2) returned to Agrotait
Agrotait collected $2 from pot
Agrotait: doesn't show hand
*** SUMMARY ***
Total pot $2 | Rake $0
Seat 3: edmarneves (button) (small blind) folded before Flop
Seat 4: Agrotait (big blind) collected ($2)


PokerStars Hand #157212870753:  Hold'em Limit ($3/$6 USD) - 2016/08/13 3:12:01 ET
Table 'Morrison' 6-max Seat #4 is the button
Seat 3: edmarneves ($124.02 in chips)
Seat 4: Agrotait ($99.14 in chips)
Agrotait: posts small blind $1
edmarneves: posts big blind $3
*** HOLE CARDS ***
Agrotait: raises $3 to $6
edmarneves: raises $3 to $9
Agrotait: raises $3 to $12
Betting is capped
edmarneves: calls $3
*** FLOP *** [9h 9d Kh]
edmarneves: bets $3
Agrotait: calls $3
*** TURN *** [9h 9d Kh] [As]
edmarneves: bets $6
Agrotait: calls $6
*** RIVER *** [9h 9d Kh As] [9s]
edmarneves: checks
Agrotait: checks
*** SHOW DOWN ***
edmarneves: shows [5h 4h] (three of a kind, Nines)
Agrotait: shows [Jh Jc] (a full house, Nines full of Jacks)
Agrotait collected $41.50 from pot
*** SUMMARY ***
Total pot $42 | Rake $0.50
Board [9h 9d Kh As 9s]
Seat 3: edmarneves (big blind) showed [5h 4h] and lost with three of a kind, Nines
Seat 4: Agrotait (button) (small blind) showed [Jh Jc] and won ($41.50) with a full house, Nines full of Jacks


PokerStars Hand #157212881740:  Hold'em Limit ($3/$6 USD) - 2016/08/13 3:12:42 ET
Table 'Morrison' 6-max Seat #3 is the button
Seat 3: edmarneves ($110.66 in chips)
Seat 4: Agrotait ($111.64 in chips)
edmarneves: posts small blind $1
Agrotait: posts big blind $3
*** HOLE CARDS ***
edmarneves: raises $3 to $6
Agrotait: calls $3
*** FLOP *** [3d 2s 3c]
Agrotait: checks
edmarneves: bets $3
Agrotait: calls $3
*** TURN *** [3d 2s 3c] [3s]
Agrotait: checks
edmarneves: bets $6
Agrotait: folds
Uncalled bet ($6) returned to edmarneves
edmarneves collected $17.64 from pot
edmarneves: doesn't show hand
*** SUMMARY ***
Total pot $18 | Rake $0.36
Board [3d 2s 3c 3s]
Seat 3: edmarneves (button) (small blind) collected ($17.64)
Seat 4: Agrotait (big blind) folded on the Turn


PokerStars Hand #157212916364:  Hold'em Limit ($3/$6 USD) - 2016/08/13 3:14:52 ET
Table 'Morrison' 6-max Seat #3 is the button
Seat 3: edmarneves ($99.30 in chips)
Seat 4: Agrotait ($122.14 in chips)
edmarneves: posts small blind $1
Agrotait: posts big blind $3
*** HOLE CARDS ***
edmarneves: folds
Uncalled bet ($2) returned to Agrotait
Agrotait collected $2 from pot
Agrotait: doesn't show hand
*** SUMMARY ***
Total pot $2 | Rake $0
Seat 3: edmarneves (button) (small blind) folded before Flop
Seat 4: Agrotait (big blind) collected ($2)


PokerStars Hand #157212914751:  Hold'em Limit ($3/$6 USD) - 2016/08/13 3:14:46 ET
Table 'Morrison' 6-max Seat #4 is the button
Seat 3: edmarneves ($98.30 in chips)
Seat 4: Agrotait ($123.14 in chips)
Agrotait: posts small blind $1
edmarneves: posts big blind $3
*** HOLE CARDS ***
Agrotait: folds
Uncalled bet ($2) returned to edmarneves
edmarneves collected $2 from pot
edmarneves: doesn't show hand
*** SUMMARY ***
Total pot $2 | Rake $0
Seat 3: edmarneves (big blind) collected ($2)
Seat 4: Agrotait (button) (small blind) folded before Flop


PokerStars Hand #157212910801:  Hold'em Limit ($3/$6 USD) - 2016/08/13 3:14:31 ET
Table 'Morrison' 6-max Seat #3 is the button
Seat 3: edmarneves ($95.30 in chips)
Seat 4: Agrotait ($126.14 in chips)
edmarneves: posts small blind $1
Agrotait: posts big blind $3
*** HOLE CARDS ***
edmarneves: raises $3 to $6
Agrotait: folds
Uncalled bet ($3) returned to edmarneves
edmarneves collected $6 from pot
edmarneves: doesn't show hand
*** SUMMARY ***
Total pot $6 | Rake $0
Seat 3: edmarneves (button) (small blind) collected ($6)
Seat 4: Agrotait (big blind) folded before Flop


PokerStars Hand #157212899926:  Hold'em Limit ($3/$6 USD) - 2016/08/13 3:13:50 ET
Table 'Morrison' 6-max Seat #4 is the button
Seat 3: edmarneves ($119.30 in chips)
Seat 4: Agrotait ($102.64 in chips)
Agrotait: posts small blind $1
edmarneves: posts big blind $3
*** HOLE CARDS ***
Agrotait: raises $3 to $6
edmarneves: raises $3 to $9
Agrotait: calls $3
*** FLOP *** [6c 4h 5h]
edmarneves: bets $3
Agrotait: calls $3
*** TURN *** [6c 4h 5h] [3h]
edmarneves: checks
Agrotait: bets $6
edmarneves: calls $6
*** RIVER *** [6c 4h 5h 3h] [As]
edmarneves: checks
Agrotait: bets $6
edmarneves: calls $6
*** SHOW DOWN ***
Agrotait: shows [2c 2s] (a straight, Deuce to Six)
edmarneves: mucks hand
Agrotait collected $47.50 from pot
*** SUMMARY ***
Total pot $48 | Rake $0.50
Board [6c 4h 5h 3h As]
Seat 3: edmarneves (big blind) mucked
Seat 4: Agrotait (button) (small blind) showed [2c 2s] and won ($47.50) with a straight, Deuce to Six


PokerStars Hand #157212933180:  Hold'em Limit ($3/$6 USD) - 2016/08/13 3:15:54 ET
Table 'Morrison' 6-max Seat #3 is the button
Seat 3: edmarneves ($116.30 in chips)
Seat 4: Agrotait ($164.14 in chips)
edmarneves: posts small blind $1
Agrotait: posts big blind $3
*** HOLE CARDS ***
edmarneves: folds
Uncalled bet ($2) returned to Agrotait
Agrotait collected $2 from pot
Agrotait: doesn't show hand
*** SUMMARY ***
Total pot $2 | Rake $0
Seat 3: edmarneves (button) (small blind) folded before Flop
Seat 4: Agrotait (big blind) collected ($2)


PokerStars Hand #157212926982:  Hold'em Limit ($3/$6 USD) - 2016/08/13 3:15:31 ET
Table 'Morrison' 6-max Seat #4 is the button
Seat 3: edmarneves ($71.30 in chips)
Seat 4: Agrotait ($149.64 in chips)
Agrotait: posts small blind $1
edmarneves: posts big blind $3
*** HOLE CARDS ***
Agrotait: raises $3 to $6
edmarneves: raises $3 to $9
Agrotait: calls $3
*** FLOP *** [7d Th 2h]
edmarneves: bets $3
Agrotait: raises $3 to $6
edmarneves: calls $3
*** TURN *** [7d Th 2h] [3h]
edmarneves: checks
Agrotait: bets $6
edmarneves: folds
Uncalled bet ($6) returned to Agrotait
Agrotait collected $29.50 from pot
Agrotait: doesn't show hand
*** SUMMARY ***
Total pot $30 | Rake $0.50
Board [7d Th 2h 3h]
Seat 3: edmarneves (big blind) folded on the Turn
Seat 4: Agrotait (button) (small blind) collected ($29.50)


PokerStars Hand #157212920763:  Hold'em Limit ($3/$6 USD) - 2016/08/13 3:15:08 ET
Table 'Morrison' 6-max Seat #3 is the button
Seat 3: edmarneves ($95.30 in chips)
Seat 4: Agrotait ($126.14 in chips)
edmarneves: posts small blind $1
Agrotait: posts big blind $3
*** HOLE CARDS ***
edmarneves: raises $3 to $6
Agrotait: calls $3
*** FLOP *** [9s Qd Qh]
Agrotait: checks
edmarneves: bets $3
Agrotait: raises $3 to $6
edmarneves: calls $3
*** TURN *** [9s Qd Qh] [2s]
Agrotait: bets $6
edmarneves: calls $6
*** RIVER *** [9s Qd Qh 2s] [Kh]
Agrotait: bets $6
edmarneves: calls $6
*** SHOW DOWN ***
Agrotait: shows [7h Qs] (three of a kind, Queens)
edmarneves: mucks hand
Agrotait collected $47.50 from pot
*** SUMMARY ***
Total pot $48 | Rake $0.50
Board [9s Qd Qh 2s Kh]
Seat 3: edmarneves (button) (small blind) mucked
Seat 4: Agrotait (big blind) showed [7h Qs] and won ($47.50) with three of a kind, Queens


PokerStars Hand #157212917538:  Hold'em Limit ($3/$6 USD) - 2016/08/13 3:14:56 ET
Table 'Morrison' 6-max Seat #4 is the button
Seat 3: edmarneves ($98.30 in chips)
Seat 4: Agrotait ($123.14 in chips)
Agrotait: posts small blind $1
edmarneves: posts big blind $3
*** HOLE CARDS ***
Agrotait: raises $3 to $6
edmarneves: folds
Uncalled bet ($3) returned to Agrotait
Agrotait collected $6 from pot
Agrotait: doesn't show hand
*** SUMMARY ***
Total pot $6 | Rake $0
Seat 3: edmarneves (big blind) folded before Flop
Seat 4: Agrotait (button) (small blind) collected ($6)


PokerStars Hand #157212934423:  Hold'em Limit ($3/$6 USD) - 2016/08/13 3:15:59 ET
Table 'Morrison' 6-max Seat #4 is the button
Seat 3: edmarneves ($115.30 in chips)
Seat 4: Agrotait ($165.14 in chips)
Agrotait: posts small blind $1
edmarneves: posts big blind $3
*** HOLE CARDS ***
Agrotait: raises $3 to $6
edmarneves: calls $3
*** FLOP *** [2s 7c 2d]
edmarneves: checks
Agrotait: bets $3
edmarneves: folds
Uncalled bet ($3) returned to Agrotait
Agrotait collected $11.76 from pot
Agrotait: doesn't show hand
*** SUMMARY ***
Total pot $12 | Rake $0.24
Board [2s 7c 2d]
Seat 3: edmarneves (big blind) folded on the Flop
Seat 4: Agrotait (button) (small blind) collected ($11.76)


PokerStars Hand #157212958084:  Hold'em Limit ($3/$6 USD) - 2016/08/13 3:17:27 ET
Table 'Morrison' 6-max Seat #4 is the button
Seat 3: edmarneves ($116.80 in chips)
Seat 4: Agrotait ($162.66 in chips)
Agrotait: posts small blind $1
edmarneves: posts big blind $3
*** HOLE CARDS ***
Agrotait: raises $3 to $6
edmarneves: calls $3
*** FLOP *** [8h 9s Ah]
edmarneves: checks
Agrotait: bets $3
edmarneves: calls $3
*** TURN *** [8h 9s Ah] [Jd]
edmarneves: checks
Agrotait: checks
*** RIVER *** [8h 9s Ah Jd] [9h]
edmarneves: bets $6
Agrotait: folds
Uncalled bet ($6) returned to edmarneves
edmarneves collected $17.64 from pot
edmarneves: doesn't show hand
*** SUMMARY ***
Total pot $18 | Rake $0.36
Board [8h 9s Ah Jd 9h]
Seat 3: edmarneves (big blind) collected ($17.64)
Seat 4: Agrotait (button) (small blind) folded on the River


PokerStars Hand #157212956834:  Hold'em Limit ($3/$6 USD) - 2016/08/13 3:17:22 ET
Table 'Morrison' 6-max Seat #3 is the button
Seat 3: edmarneves ($117.80 in chips)
Seat 4: Agrotait ($161.66 in chips)
edmarneves: posts small blind $1
Agrotait: posts big blind $3
*** HOLE CARDS ***
edmarneves: folds
Uncalled bet ($2) returned to Agrotait
Agrotait collected $2 from pot
Agrotait: doesn't show hand
*** SUMMARY ***
Total pot $2 | Rake $0
Seat 3: edmarneves (button) (small blind) folded before Flop
Seat 4: Agrotait (big blind) collected ($2)


PokerStars Hand #157212954232:  Hold'em Limit ($3/$6 USD) - 2016/08/13 3:17:13 ET
Table 'Morrison' 6-max Seat #4 is the button
Seat 3: edmarneves ($123.80 in chips)
Seat 4: Agrotait ($155.90 in chips)
Agrotait: posts small blind $1
edmarneves: posts big blind $3
*** HOLE CARDS ***
Agrotait: raises $3 to $6
edmarneves: calls $3
*** FLOP *** [Qd 8h 9h]
edmarneves: checks
Agrotait: bets $3
edmarneves: folds
Uncalled bet ($3) returned to Agrotait
Agrotait collected $11.76 from pot
Agrotait: doesn't show hand
*** SUMMARY ***
Total pot $12 | Rake $0.24
Board [Qd 8h 9h]
Seat 3: edmarneves (big blind) folded on the Flop
Seat 4: Agrotait (button) (small blind) collected ($11.76)


PokerStars Hand #157212938287:  Hold'em Limit ($3/$6 USD) - 2016/08/13 3:16:13 ET
Table 'Morrison' 6-max Seat #3 is the button
Seat 3: edmarneves ($109.30 in chips)
Seat 4: Agrotait ($170.90 in chips)
edmarneves: posts small blind $1
Agrotait: posts big blind $3
*** HOLE CARDS ***
edmarneves: raises $3 to $6
Agrotait: calls $3
*** FLOP *** [5h Ts 4d]
Agrotait: checks
edmarneves: bets $3
Agrotait: calls $3
*** TURN *** [5h Ts 4d] [2c]
Agrotait: checks
edmarneves: bets $6
Agrotait: calls $6
*** RIVER *** [5h Ts 4d 2c] [Ad]
Agrotait: checks
edmarneves: checks
*** SHOW DOWN ***
Agrotait: shows [6d Jh] (high card Ace)
edmarneves: shows [7s Tc] (a pair of Tens)
edmarneves collected $29.50 from pot
*** SUMMARY ***
Total pot $30 | Rake $0.50
Board [5h Ts 4d 2c Ad]
Seat 3: edmarneves (button) (small blind) showed [7s Tc] and won ($29.50) with a pair of Tens
Seat 4: Agrotait (big blind) showed [6d Jh] and lost with high card Ace


PokerStars Hand #157212980371:  Hold'em Limit ($3/$6 USD) - 2016/08/13 3:18:49 ET
Table 'Morrison' 6-max Seat #4 is the button
Seat 3: edmarneves ($142.84 in chips)
Seat 4: Agrotait ($135.66 in chips)
Agrotait: posts small blind $1
edmarneves: posts big blind $3
*** HOLE CARDS ***
Agrotait: raises $3 to $6
edmarneves: calls $3
*** FLOP *** [Ac Jh 4c]
edmarneves: checks
Andr875 joins the table at seat #6
Agrotait: bets $3
edmarneves: folds
Uncalled bet ($3) returned to Agrotait
Agrotait collected $11.76 from pot
Agrotait: doesn't show hand
*** SUMMARY ***
Total pot $12 | Rake $0.24
Board [Ac Jh 4c]
Seat 3: edmarneves (big blind) folded on the Flop
Seat 4: Agrotait (button) (small blind) collected ($11.76)


PokerStars Hand #157212968218:  Hold'em Limit ($3/$6 USD) - 2016/08/13 3:18:04 ET
Table 'Morrison' 6-max Seat #4 is the button
Seat 3: edmarneves ($128.44 in chips)
Seat 4: Agrotait ($150.66 in chips)
Agrotait: posts small blind $1
edmarneves: posts big blind $3
*** HOLE CARDS ***
Agrotait: raises $3 to $6
edmarneves: calls $3
*** FLOP *** [Ah 2d Kc]
edmarneves: checks
Agrotait: bets $3
edmarneves: calls $3
*** TURN *** [Ah 2d Kc] [Td]
edmarneves: checks
Agrotait: checks
*** RIVER *** [Ah 2d Kc Td] [3s]
edmarneves: bets $6
Agrotait: folds
Uncalled bet ($6) returned to edmarneves
edmarneves collected $17.64 from pot
edmarneves: doesn't show hand
*** SUMMARY ***
Total pot $18 | Rake $0.36
Board [Ah 2d Kc Td 3s]
Seat 3: edmarneves (big blind) collected ($17.64)
Seat 4: Agrotait (button) (small blind) folded on the River


PokerStars Hand #157212974559:  Hold'em Limit ($3/$6 USD) - 2016/08/13 3:18:28 ET
Table 'Morrison' 6-max Seat #3 is the button
Seat 3: edmarneves ($137.08 in chips)
Seat 4: Agrotait ($141.66 in chips)
edmarneves: posts small blind $1
Agrotait: posts big blind $3
*** HOLE CARDS ***
edmarneves: raises $3 to $6
Agrotait: calls $3
*** FLOP *** [Ac Jd 5c]
Agrotait: checks
edmarneves: bets $3
Agrotait: folds
Uncalled bet ($3) returned to edmarneves
edmarneves collected $11.76 from pot
edmarneves: doesn't show hand
*** SUMMARY ***
Total pot $12 | Rake $0.24
Board [Ac Jd 5c]
Seat 3: edmarneves (button) (small blind) collected ($11.76)
Seat 4: Agrotait (big blind) folded on the Flop


PokerStars Hand #157212965704:  Hold'em Limit ($3/$6 USD) - 2016/08/13 3:17:55 ET
Table 'Morrison' 6-max Seat #3 is the button
Seat 3: edmarneves ($125.44 in chips)
Seat 4: Agrotait ($153.66 in chips)
edmarneves: posts small blind $1
Agrotait: posts big blind $3
*** HOLE CARDS ***
edmarneves: raises $3 to $6
Agrotait: folds
Uncalled bet ($3) returned to edmarneves
edmarneves collected $6 from pot
edmarneves: doesn't show hand
*** SUMMARY ***
Total pot $6 | Rake $0
Seat 3: edmarneves (button) (small blind) collected ($6)
Seat 4: Agrotait (big blind) folded before Flop


PokerStars Hand #157213048294:  Hold'em Limit ($3/$6 USD) - 2016/08/13 3:23:01 ET
Table 'Morrison' 6-max Seat #6 is the button
Seat 4: Agrotait ($190.14 in chips)
Seat 6: Andr875 ($26.92 in chips)
Andr875: posts small blind $1
Agrotait: posts big blind $3
*** HOLE CARDS ***
JoeBlack1982 joins the table at seat #5
Andr875: folds
Uncalled bet ($2) returned to Agrotait
Agrotait collected $2 from pot
Agrotait: doesn't show hand
*** SUMMARY ***
Total pot $2 | Rake $0
Seat 4: Agrotait (big blind) collected ($2)
Seat 6: Andr875 (button) (small blind) folded before Flop


PokerStars Hand #157213081427:  Hold'em Limit ($3/$6 USD) - 2016/08/13 3:25:03 ET
Table 'Morrison' 6-max Seat #5 is the button
Seat 4: Agrotait ($182.14 in chips)
Seat 5: JoeBlack1982 ($146.85 in chips)
JoeBlack1982: posts small blind $1
Agrotait: posts big blind $3
*** HOLE CARDS ***
JoeBlack1982: folds
Uncalled bet ($2) returned to Agrotait
Agrotait collected $2 from pot
Agrotait: doesn't show hand
*** SUMMARY ***
Total pot $2 | Rake $0
Seat 4: Agrotait (big blind) collected ($2)
Seat 5: JoeBlack1982 (button) (small blind) folded before Flop


PokerStars Hand #157213086279:  Hold'em Limit ($3/$6 USD) - 2016/08/13 3:25:20 ET
Table 'Morrison' 6-max Seat #5 is the button
Seat 4: Agrotait ($186.14 in chips)
Seat 5: JoeBlack1982 ($142.85 in chips)
JoeBlack1982: posts small blind $1
Agrotait: posts big blind $3
*** HOLE CARDS ***
Andr875 leaves the table
JoeBlack1982: calls $2
Agrotait: checks
*** FLOP *** [Kd 2s 5d]
Agrotait: checks
JoeBlack1982: checks
*** TURN *** [Kd 2s 5d] [As]
Agrotait: bets $6
JoeBlack1982: calls $6
*** RIVER *** [Kd 2s 5d As] [7c]
Agrotait: checks
JoeBlack1982: bets $6
Agrotait: calls $6
*** SHOW DOWN ***
JoeBlack1982: shows [6s Ah] (a pair of Aces)
Agrotait: mucks hand
JoeBlack1982 collected $29.50 from pot
*** SUMMARY ***
Total pot $30 | Rake $0.50
Board [Kd 2s 5d As 7c]
Seat 4: Agrotait (big blind) mucked
Seat 5: JoeBlack1982 (button) (small blind) showed [6s Ah] and won ($29.50) with a pair of Aces


PokerStars Hand #157213083445:  Hold'em Limit ($3/$6 USD) - 2016/08/13 3:25:10 ET
Table 'Morrison' 6-max Seat #4 is the button
Seat 4: Agrotait ($183.14 in chips)
Seat 5: JoeBlack1982 ($145.85 in chips)
Agrotait: posts small blind $1
JoeBlack1982: posts big blind $3
*** HOLE CARDS ***
Agrotait: raises $3 to $6
JoeBlack1982: folds
Uncalled bet ($3) returned to Agrotait
Agrotait collected $6 from pot
Agrotait: doesn't show hand
*** SUMMARY ***
Total pot $6 | Rake $0
Seat 4: Agrotait (button) (small blind) collected ($6)
Seat 5: JoeBlack1982 (big blind) folded before Flop


PokerStars Hand #157213099179:  Hold'em Limit ($3/$6 USD) - 2016/08/13 3:26:08 ET
Table 'Morrison' 6-max Seat #4 is the button
Seat 4: Agrotait ($171.14 in chips)
Seat 5: JoeBlack1982 ($157.35 in chips)
Agrotait: posts small blind $1
JoeBlack1982: posts big blind $3
*** HOLE CARDS ***
Agrotait: raises $3 to $6
JoeBlack1982: calls $3
*** FLOP *** [4c 2d Ac]
JoeBlack1982: checks
Agrotait: bets $3
JoeBlack1982: calls $3
*** TURN *** [4c 2d Ac] [3h]
JoeBlack1982: checks
Agrotait: bets $6
JoeBlack1982: calls $6
*** RIVER *** [4c 2d Ac 3h] [Jc]
JoeBlack1982: checks
Agrotait: bets $6
JoeBlack1982: calls $6
*** SHOW DOWN ***
Agrotait: shows [Ah 7s] (a pair of Aces)
JoeBlack1982: shows [Ts Ad] (a pair of Aces - Jack+Ten kicker)
JoeBlack1982 collected $41.50 from pot
*** SUMMARY ***
Total pot $42 | Rake $0.50
Board [4c 2d Ac 3h Jc]
Seat 4: Agrotait (button) (small blind) showed [Ah 7s] and lost with a pair of Aces
Seat 5: JoeBlack1982 (big blind) showed [Ts Ad] and won ($41.50) with a pair of Aces


PokerStars Hand #157213108161:  Hold'em Limit ($3/$6 USD) - 2016/08/13 3:26:40 ET
Table 'Morrison' 6-max Seat #5 is the button
Seat 4: Agrotait ($150.14 in chips)
Seat 5: JoeBlack1982 ($177.85 in chips)
JoeBlack1982: posts small blind $1
Agrotait: posts big blind $3
*** HOLE CARDS ***
JoeBlack1982: raises $3 to $6
TbIP-TbIP 88 joins the table at seat #6
Agrotait: raises $3 to $9
JoeBlack1982: calls $3
*** FLOP *** [Kc 6c Js]
Agrotait: bets $3
JoeBlack1982: folds
Uncalled bet ($3) returned to Agrotait
Agrotait collected $17.64 from pot
Agrotait: doesn't show hand
*** SUMMARY ***
Total pot $18 | Rake $0.36
Board [Kc 6c Js]
Seat 4: Agrotait (big blind) collected ($17.64)
Seat 5: JoeBlack1982 (button) (small blind) folded on the Flop


