PokerStars Hand #163276721630:  Hold'em Limit ($3/$6 USD) - 2016/12/21 0:07:10 ET
Table 'Moskva' 6-max Seat #2 is the button
Seat 2: AzureCaper ($107 in chips)
Seat 6: jiajia88 ($57.72 in chips)
AzureCaper: posts small blind $1
jiajia88: posts big blind $3
*** HOLE CARDS ***
AzureCaper: folds
Uncalled bet ($2) returned to jiajia88
jiajia88 collected $2 from pot
*** SUMMARY ***
Total pot $2 | Rake $0
Seat 2: AzureCaper (button) (small blind) folded before Flop
Seat 6: jiajia88 (big blind) collected ($2)


PokerStars Hand #163276735500:  Hold'em Limit ($3/$6 USD) - 2016/12/21 0:08:00 ET
Table 'Moskva' 6-max Seat #2 is the button
Seat 2: AzureCaper ($120.50 in chips)
Seat 6: jiajia88 ($43.72 in chips)
AzureCaper: posts small blind $1
jiajia88: posts big blind $3
*** HOLE CARDS ***
AzureCaper: raises $3 to $6
ToDaFelt joins the table at seat #1
jiajia88: calls $3
*** FLOP *** [7h Qh 8c]
jiajia88: checks
AzureCaper: bets $3
jiajia88: folds
Uncalled bet ($3) returned to AzureCaper
AzureCaper collected $11.76 from pot
AzureCaper: doesn't show hand
*** SUMMARY ***
Total pot $12 | Rake $0.24
Board [7h Qh 8c]
Seat 2: AzureCaper (button) (small blind) collected ($11.76)
Seat 6: jiajia88 (big blind) folded on the Flop


