PokerStars Hand #152824376648:  Hold'em Limit ($3/$6 USD) - 2016/05/03 21:58:26 ET
Table 'Moskva' 10-max Seat #10 is the button
Seat 9: graxa66 ($30 in chips)
Seat 10: anetkaapro ($120 in chips)
anetkaapro: posts small blind $1
graxa66: posts big blind $3
*** HOLE CARDS ***
anetkaapro: raises $3 to $6
graxa66: calls $3
*** FLOP *** [8h 3c Qd]
graxa66: bets $3
anetkaapro: calls $3
*** TURN *** [8h 3c Qd] [Qc]
graxa66: bets $6
anetkaapro: calls $6
*** RIVER *** [8h 3c Qd Qc] [Ts]
graxa66: bets $6
anetkaapro: calls $6
*** SHOW DOWN ***
graxa66: shows [9h 6d] (a pair of Queens)
anetkaapro: shows [Ah 4d] (a pair of Queens - Ace kicker)
anetkaapro collected $41.50 from pot
*** SUMMARY ***
Total pot $42 | Rake $0.50
Board [8h 3c Qd Qc Ts]
Seat 9: graxa66 (big blind) showed [9h 6d] and lost with a pair of Queens
Seat 10: anetkaapro (button) (small blind) showed [Ah 4d] and won ($41.50) with a pair of Queens


PokerStars Hand #152824405230:  Hold'em Limit ($3/$6 USD) - 2016/05/03 21:59:47 ET
Table 'Moskva' 10-max Seat #9 is the button
Seat 9: graxa66 ($34.78 in chips)
Seat 10: anetkaapro ($113.86 in chips)
graxa66: posts small blind $1
anetkaapro: posts big blind $3
*** HOLE CARDS ***
graxa66: raises $3 to $6
manon889 joins the table at seat #6
anetkaapro: calls $3
*** FLOP *** [Jd 3s 6d]
anetkaapro: checks
graxa66: checks
*** TURN *** [Jd 3s 6d] [Th]
anetkaapro: checks
graxa66: checks
*** RIVER *** [Jd 3s 6d Th] [7s]
anetkaapro: checks
graxa66: checks
*** SHOW DOWN ***
anetkaapro: shows [2h Qs] (high card Queen)
graxa66: shows [Kh Ac] (high card Ace)
graxa66 collected $11.76 from pot
*** SUMMARY ***
Total pot $12 | Rake $0.24
Board [Jd 3s 6d Th 7s]
Seat 9: graxa66 (button) (small blind) showed [Kh Ac] and won ($11.76) with high card Ace
Seat 10: anetkaapro (big blind) showed [2h Qs] and lost with high card Queen


PokerStars Hand #152824382577:  Hold'em Limit ($3/$6 USD) - 2016/05/03 21:58:45 ET
Table 'Moskva' 10-max Seat #9 is the button
Seat 9: graxa66 ($9 in chips)
Seat 10: anetkaapro ($140.50 in chips)
graxa66: posts small blind $1
anetkaapro: posts big blind $3
*** HOLE CARDS ***
graxa66: raises $3 to $6
anetkaapro: raises $3 to $9
graxa66: calls $3 and is all-in
*** FLOP *** [4c 9d 4s]
*** TURN *** [4c 9d 4s] [5s]
*** RIVER *** [4c 9d 4s 5s] [3d]
*** SHOW DOWN ***
anetkaapro: shows [Th Qc] (a pair of Fours)
graxa66: shows [5h Td] (two pair, Fives and Fours)
graxa66 collected $17.64 from pot
*** SUMMARY ***
Total pot $18 | Rake $0.36
Board [4c 9d 4s 5s 3d]
Seat 9: graxa66 (button) (small blind) showed [5h Td] and won ($17.64) with two pair, Fives and Fours
Seat 10: anetkaapro (big blind) showed [Th Qc] and lost with a pair of Fours


PokerStars Hand #152824393422:  Hold'em Limit ($3/$6 USD) - 2016/05/03 21:59:07 ET
Table 'Moskva' 10-max Seat #10 is the button
Seat 9: graxa66 ($17.64 in chips)
Seat 10: anetkaapro ($131.50 in chips)
anetkaapro: posts small blind $1
graxa66: posts big blind $3
*** HOLE CARDS ***
anetkaapro: raises $3 to $6
graxa66: raises $3 to $9
anetkaapro: calls $3
*** FLOP *** [9h Jh 7h]
graxa66: bets $3
anetkaapro: raises $3 to $6
graxa66: raises $2.64 to $8.64 and is all-in
anetkaapro: calls $2.64
*** TURN *** [9h Jh 7h] [8c]
*** RIVER *** [9h Jh 7h 8c] [Ad]
*** SHOW DOWN ***
graxa66: shows [6c Ah] (a pair of Aces)
anetkaapro: shows [6h 7s] (a pair of Sevens)
graxa66 collected $34.78 from pot
*** SUMMARY ***
Total pot $35.28 | Rake $0.50
Board [9h Jh 7h 8c Ad]
Seat 9: graxa66 (big blind) showed [6c Ah] and won ($34.78) with a pair of Aces
Seat 10: anetkaapro (button) (small blind) showed [6h 7s] and lost with a pair of Sevens


PokerStars Hand #152824732408:  Hold'em Limit ($3/$6 USD) - 2016/05/03 22:15:30 ET
Table 'Moskva' 10-max Seat #2 is the button
Seat 2: play4uron ($84.63 in chips)
Seat 8: hairy1961 ($72.82 in chips)
play4uron: posts small blind $1
hairy1961: posts big blind $3
*** HOLE CARDS ***
play4uron: raises $3 to $6
hairy1961: folds
Uncalled bet ($3) returned to play4uron
play4uron collected $6 from pot
play4uron: doesn't show hand
*** SUMMARY ***
Total pot $6 | Rake $0
Seat 2: play4uron (button) (small blind) collected ($6)
Seat 8: hairy1961 (big blind) folded before Flop


PokerStars Hand #152824730272:  Hold'em Limit ($3/$6 USD) - 2016/05/03 22:15:23 ET
Table 'Moskva' 10-max Seat #8 is the button
Seat 2: play4uron ($83.63 in chips)
Seat 8: hairy1961 ($73.82 in chips)
hairy1961: posts small blind $1
play4uron: posts big blind $3
*** HOLE CARDS ***
hairy1961: folds
Uncalled bet ($2) returned to play4uron
play4uron collected $2 from pot
play4uron: doesn't show hand
*** SUMMARY ***
Total pot $2 | Rake $0
Seat 2: play4uron (big blind) collected ($2)
Seat 8: hairy1961 (button) (small blind) folded before Flop


PokerStars Hand #152824726130:  Hold'em Limit ($3/$6 USD) - 2016/05/03 22:15:11 ET
Table 'Moskva' 10-max Seat #8 is the button
Seat 2: play4uron ($83.63 in chips)
Seat 8: hairy1961 ($73.82 in chips)
hairy1961: posts small blind $1
ajmaster333: is sitting out
play4uron: posts big blind $3
*** HOLE CARDS ***
hairy1961: folds
Uncalled bet ($2) returned to play4uron
play4uron collected $2 from pot
play4uron: doesn't show hand
*** SUMMARY ***
Total pot $2 | Rake $0
Seat 2: play4uron (big blind) collected ($2)
Seat 8: hairy1961 (button) (small blind) folded before Flop


PokerStars Hand #152824728072:  Hold'em Limit ($3/$6 USD) - 2016/05/03 22:15:17 ET
Table 'Moskva' 10-max Seat #2 is the button
Seat 2: play4uron ($84.63 in chips)
Seat 8: hairy1961 ($72.82 in chips)
play4uron: posts small blind $1
hairy1961: posts big blind $3
*** HOLE CARDS ***
play4uron: folds
Uncalled bet ($2) returned to hairy1961
hairy1961 collected $2 from pot
*** SUMMARY ***
Total pot $2 | Rake $0
Seat 2: play4uron (button) (small blind) folded before Flop
Seat 8: hairy1961 (big blind) collected ($2)


PokerStars Hand #152824749315:  Hold'em Limit ($3/$6 USD) - 2016/05/03 22:16:20 ET
Table 'Moskva' 10-max Seat #2 is the button
Seat 2: play4uron ($99.15 in chips)
Seat 8: hairy1961 ($57.82 in chips)
play4uron: posts small blind $1
hairy1961: posts big blind $3
*** HOLE CARDS ***
play4uron: folds
Uncalled bet ($2) returned to hairy1961
hairy1961 collected $2 from pot
*** SUMMARY ***
Total pot $2 | Rake $0
Seat 2: play4uron (button) (small blind) folded before Flop
Seat 8: hairy1961 (big blind) collected ($2)


PokerStars Hand #152824735214:  Hold'em Limit ($3/$6 USD) - 2016/05/03 22:15:38 ET
Table 'Moskva' 10-max Seat #8 is the button
Seat 2: play4uron ($87.63 in chips)
Seat 8: hairy1961 ($69.82 in chips)
hairy1961: posts small blind $1
play4uron: posts big blind $3
*** HOLE CARDS ***
hairy1961: raises $3 to $6
play4uron: calls $3
*** FLOP *** [Ks 3d Js]
play4uron: checks
hairy1961: bets $3
play4uron: raises $3 to $6
hairy1961: calls $3
*** TURN *** [Ks 3d Js] [Qd]
play4uron: checks
hairy1961: checks
*** RIVER *** [Ks 3d Js Qd] [Th]
play4uron: bets $6
hairy1961: folds
Uncalled bet ($6) returned to play4uron
play4uron collected $23.52 from pot
play4uron: doesn't show hand
*** SUMMARY ***
Total pot $24 | Rake $0.48
Board [Ks 3d Js Qd Th]
Seat 2: play4uron (big blind) collected ($23.52)
Seat 8: hairy1961 (button) (small blind) folded on the River


PokerStars Hand #152824751111:  Hold'em Limit ($3/$6 USD) - 2016/05/03 22:16:25 ET
Table 'Moskva' 10-max Seat #8 is the button
Seat 2: play4uron ($98.15 in chips)
Seat 8: hairy1961 ($58.82 in chips)
hairy1961: posts small blind $1
play4uron: posts big blind $3
*** HOLE CARDS ***
hairy1961: calls $2
play4uron: raises $3 to $6
hairy1961: calls $3
*** FLOP *** [3c 5d 9s]
play4uron: bets $3
hairy1961: calls $3
*** TURN *** [3c 5d 9s] [8c]
play4uron: bets $6
hairy1961: calls $6
*** RIVER *** [3c 5d 9s 8c] [5c]
play4uron: bets $6
hairy1961: calls $6
*** SHOW DOWN ***
play4uron: shows [3s Kd] (two pair, Fives and Threes)
hairy1961: mucks hand
play4uron collected $41.50 from pot
*** SUMMARY ***
Total pot $42 | Rake $0.50
Board [3c 5d 9s 8c 5c]
Seat 2: play4uron (big blind) showed [3s Kd] and won ($41.50) with two pair, Fives and Threes
Seat 8: hairy1961 (button) (small blind) mucked


PokerStars Hand #152824761143:  Hold'em Limit ($3/$6 USD) - 2016/05/03 22:16:55 ET
Table 'Moskva' 10-max Seat #8 is the button
Seat 2: play4uron ($117.65 in chips)
Seat 8: hairy1961 ($38.82 in chips)
hairy1961: posts small blind $1
play4uron: posts big blind $3
*** HOLE CARDS ***
ajmaster333 leaves the table
hairy1961: raises $3 to $6
play4uron: folds
Uncalled bet ($3) returned to hairy1961
hairy1961 collected $6 from pot
*** SUMMARY ***
Total pot $6 | Rake $0
Seat 2: play4uron (big blind) folded before Flop
Seat 8: hairy1961 (button) (small blind) collected ($6)


PokerStars Hand #152824763605:  Hold'em Limit ($3/$6 USD) - 2016/05/03 22:17:02 ET
Table 'Moskva' 10-max Seat #2 is the button
Seat 2: play4uron ($114.65 in chips)
Seat 8: hairy1961 ($41.82 in chips)
play4uron: posts small blind $1
hairy1961: posts big blind $3
*** HOLE CARDS ***
play4uron: raises $3 to $6
hairy1961: calls $3
*** FLOP *** [6d Ad 8h]
hairy1961: checks
play4uron: bets $3
hairy1961: raises $3 to $6
play4uron: calls $3
*** TURN *** [6d Ad 8h] [7h]
hairy1961: bets $6
play4uron: folds
Uncalled bet ($6) returned to hairy1961
hairy1961 collected $23.52 from pot
*** SUMMARY ***
Total pot $24 | Rake $0.48
Board [6d Ad 8h 7h]
Seat 2: play4uron (button) (small blind) folded on the Turn
Seat 8: hairy1961 (big blind) collected ($23.52)


