PokerStars Hand #153669123556:  Hold'em Limit ($3/$6 USD) - 2016/05/22 5:07:01 ET
Table 'Moskva' 6-max Seat #4 is the button
Seat 4: VolkovDmitri ($120 in chips)
Seat 5: swics1202 ($33 in chips)
VolkovDmitri: posts small blind $1
swics1202: posts big blind $3
*** HOLE CARDS ***
VolkovDmitri: raises $3 to $6
swics1202: folds
Uncalled bet ($3) returned to VolkovDmitri
belik555 joins the table at seat #6
VolkovDmitri collected $6 from pot
VolkovDmitri: doesn't show hand
*** SUMMARY ***
Total pot $6 | Rake $0
Seat 4: VolkovDmitri (button) (small blind) collected ($6)
Seat 5: swics1202 (big blind) folded before Flop


PokerStars Hand #153669164408:  Hold'em Limit ($3/$6 USD) - 2016/05/22 5:08:41 ET
Table 'Moskva' 6-max Seat #5 is the button
Seat 5: swics1202 ($26 in chips)
Seat 6: belik555 ($76 in chips)
swics1202: posts small blind $1
belik555: posts big blind $3
*** HOLE CARDS ***
VolkovDmitri leaves the table
swics1202: raises $3 to $6
belik555: calls $3
*** FLOP *** [7c 5h 4s]
belik555: checks
swics1202: bets $3
belik555: raises $3 to $6
swics1202: calls $3
*** TURN *** [7c 5h 4s] [6c]
belik555: bets $6
swics1202: raises $6 to $12
belik555: folds
Uncalled bet ($6) returned to swics1202
swics1202 collected $35.50 from pot
swics1202: doesn't show hand
*** SUMMARY ***
Total pot $36 | Rake $0.50
Board [7c 5h 4s 6c]
Seat 5: swics1202 (button) (small blind) collected ($35.50)
Seat 6: belik555 (big blind) folded on the Turn


PokerStars Hand #153669178711:  Hold'em Limit ($3/$6 USD) - 2016/05/22 5:09:15 ET
Table 'Moskva' 6-max Seat #6 is the button
Seat 5: swics1202 ($43.50 in chips)
Seat 6: belik555 ($72 in chips)
belik555: posts small blind $1
swics1202: posts big blind $3
*** HOLE CARDS ***
belik555: raises $3 to $6
swics1202: raises $3 to $9
belik555: calls $3
*** FLOP *** [6h Ks 4d]
swics1202: bets $3
belik555: calls $3
*** TURN *** [6h Ks 4d] [2s]
swics1202: checks
belik555: bets $6
swics1202: calls $6
*** RIVER *** [6h Ks 4d 2s] [8s]
swics1202: checks
belik555: bets $6
swics1202: calls $6
*** SHOW DOWN ***
belik555: shows [5d 6s] (a pair of Sixes)
swics1202: mucks hand
belik555 collected $47.50 from pot
*** SUMMARY ***
Total pot $48 | Rake $0.50
Board [6h Ks 4d 2s 8s]
Seat 5: swics1202 (big blind) mucked
Seat 6: belik555 (button) (small blind) showed [5d 6s] and won ($47.50) with a pair of Sixes


PokerStars Hand #153669196909:  Hold'em Limit ($3/$6 USD) - 2016/05/22 5:09:59 ET
Table 'Moskva' 6-max Seat #5 is the button
Seat 5: swics1202 ($19.50 in chips)
Seat 6: belik555 ($95.50 in chips)
swics1202: posts small blind $1
belik555: posts big blind $3
*** HOLE CARDS ***
swics1202: raises $3 to $6
belik555: calls $3
*** FLOP *** [5c 7d Td]
belik555: checks
swics1202: bets $3
belik555: folds
Uncalled bet ($3) returned to swics1202
swics1202 collected $11.76 from pot
swics1202: doesn't show hand
*** SUMMARY ***
Total pot $12 | Rake $0.24
Board [5c 7d Td]
Seat 5: swics1202 (button) (small blind) collected ($11.76)
Seat 6: belik555 (big blind) folded on the Flop


PokerStars Hand #153669205845:  Hold'em Limit ($3/$6 USD) - 2016/05/22 5:10:21 ET
Table 'Moskva' 6-max Seat #6 is the button
Seat 5: swics1202 ($25.26 in chips)
Seat 6: belik555 ($89.50 in chips)
belik555: posts small blind $1
swics1202: posts big blind $3
*** HOLE CARDS ***
belik555: folds
Uncalled bet ($2) returned to swics1202
swics1202 collected $2 from pot
swics1202: doesn't show hand
*** SUMMARY ***
Total pot $2 | Rake $0
Seat 5: swics1202 (big blind) collected ($2)
Seat 6: belik555 (button) (small blind) folded before Flop


PokerStars Hand #153669210272:  Hold'em Limit ($3/$6 USD) - 2016/05/22 5:10:32 ET
Table 'Moskva' 6-max Seat #5 is the button
Seat 5: swics1202 ($26.26 in chips)
Seat 6: belik555 ($88.50 in chips)
swics1202: posts small blind $1
belik555: posts big blind $3
*** HOLE CARDS ***
swics1202: raises $3 to $6
belik555: calls $3
*** FLOP *** [7c Ks 6d]
belik555: checks
swics1202: bets $3
belik555: calls $3
*** TURN *** [7c Ks 6d] [Qs]
belik555: checks
swics1202: bets $6
belik555: folds
Uncalled bet ($6) returned to swics1202
swics1202 collected $17.64 from pot
swics1202: doesn't show hand
*** SUMMARY ***
Total pot $18 | Rake $0.36
Board [7c Ks 6d Qs]
Seat 5: swics1202 (button) (small blind) collected ($17.64)
Seat 6: belik555 (big blind) folded on the Turn


PokerStars Hand #153669227090:  Hold'em Limit ($3/$6 USD) - 2016/05/22 5:11:12 ET
Table 'Moskva' 6-max Seat #5 is the button
Seat 5: swics1202 ($31.90 in chips)
Seat 6: belik555 ($82.50 in chips)
swics1202: posts small blind $1
belik555: posts big blind $3
*** HOLE CARDS ***
swics1202: folds
Uncalled bet ($2) returned to belik555
belik555 collected $2 from pot
belik555: doesn't show hand
*** SUMMARY ***
Total pot $2 | Rake $0
Seat 5: swics1202 (button) (small blind) folded before Flop
Seat 6: belik555 (big blind) collected ($2)


PokerStars Hand #153669224493:  Hold'em Limit ($3/$6 USD) - 2016/05/22 5:11:06 ET
Table 'Moskva' 6-max Seat #6 is the button
Seat 5: swics1202 ($34.90 in chips)
Seat 6: belik555 ($79.50 in chips)
belik555: posts small blind $1
swics1202: posts big blind $3
*** HOLE CARDS ***
belik555: raises $3 to $6
swics1202: folds
Uncalled bet ($3) returned to belik555
belik555 collected $6 from pot
belik555: doesn't show hand
*** SUMMARY ***
Total pot $6 | Rake $0
Seat 5: swics1202 (big blind) folded before Flop
Seat 6: belik555 (button) (small blind) collected ($6)


PokerStars Hand #153669229442:  Hold'em Limit ($3/$6 USD) - 2016/05/22 5:11:18 ET
Table 'Moskva' 6-max Seat #6 is the button
Seat 5: swics1202 ($30.90 in chips)
Seat 6: belik555 ($83.50 in chips)
belik555: posts small blind $1
swics1202: posts big blind $3
*** HOLE CARDS ***
belik555: raises $3 to $6
swics1202: calls $3
*** FLOP *** [Jh Jc Qd]
swics1202: checks
belik555: bets $3
swics1202: folds
Uncalled bet ($3) returned to belik555
belik555 collected $11.76 from pot
belik555: doesn't show hand
*** SUMMARY ***
Total pot $12 | Rake $0.24
Board [Jh Jc Qd]
Seat 5: swics1202 (big blind) folded on the Flop
Seat 6: belik555 (button) (small blind) collected ($11.76)


PokerStars Hand #153669236544:  Hold'em Limit ($3/$6 USD) - 2016/05/22 5:11:35 ET
Table 'Moskva' 6-max Seat #5 is the button
Seat 5: swics1202 ($24.90 in chips)
Seat 6: belik555 ($89.26 in chips)
swics1202: posts small blind $1
belik555: posts big blind $3
*** HOLE CARDS ***
swics1202: raises $3 to $6
belik555: calls $3
*** FLOP *** [2s Td Ts]
belik555: checks
swics1202: bets $3
belik555: calls $3
*** TURN *** [2s Td Ts] [7h]
belik555: checks
swics1202: bets $6
belik555: calls $6
*** RIVER *** [2s Td Ts 7h] [Tc]
belik555: checks
swics1202: bets $6
belik555: calls $6
*** SHOW DOWN ***
swics1202: shows [Th 6c] (four of a kind, Tens)
belik555: mucks hand
swics1202 collected $41.50 from pot
*** SUMMARY ***
Total pot $42 | Rake $0.50
Board [2s Td Ts 7h Tc]
Seat 5: swics1202 (button) (small blind) showed [Th 6c] and won ($41.50) with four of a kind, Tens
Seat 6: belik555 (big blind) mucked


PokerStars Hand #153669258438:  Hold'em Limit ($3/$6 USD) - 2016/05/22 5:12:28 ET
Table 'Moskva' 6-max Seat #6 is the button
Seat 5: swics1202 ($45.40 in chips)
Seat 6: belik555 ($72 in chips)
belik555: posts small blind $1
swics1202: posts big blind $3
*** HOLE CARDS ***
belik555: raises $3 to $6
swics1202: raises $3 to $9
belik555: calls $3
*** FLOP *** [As 7h 4h]
swics1202: bets $3
belik555: calls $3
*** TURN *** [As 7h 4h] [2c]
swics1202 is disconnected
swics1202 is connected
swics1202: bets $6
belik555: calls $6
*** RIVER *** [As 7h 4h 2c] [6d]
swics1202: bets $6
belik555: calls $6
*** SHOW DOWN ***
swics1202: shows [Qc Ks] (high card Ace)
belik555: shows [7c 8s] (a pair of Sevens)
belik555 collected $47.50 from pot
*** SUMMARY ***
Total pot $48 | Rake $0.50
Board [As 7h 4h 2c 6d]
Seat 5: swics1202 (big blind) showed [Qc Ks] and lost with high card Ace
Seat 6: belik555 (button) (small blind) showed [7c 8s] and won ($47.50) with a pair of Sevens


PokerStars Hand #153669277282:  Hold'em Limit ($3/$6 USD) - 2016/05/22 5:13:14 ET
Table 'Moskva' 6-max Seat #5 is the button
Seat 5: swics1202 ($21.40 in chips)
Seat 6: belik555 ($95.50 in chips)
swics1202: posts small blind $1
belik555: posts big blind $3
*** HOLE CARDS ***
swics1202: raises $3 to $6
belik555: calls $3
*** FLOP *** [8c Qd 5c]
belik555: checks
swics1202: checks
*** TURN *** [8c Qd 5c] [2s]
belik555: bets $6
swics1202: folds
Uncalled bet ($6) returned to belik555
belik555 collected $11.76 from pot
belik555: doesn't show hand
*** SUMMARY ***
Total pot $12 | Rake $0.24
Board [8c Qd 5c 2s]
Seat 5: swics1202 (button) (small blind) folded on the Turn
Seat 6: belik555 (big blind) collected ($11.76)


PokerStars Hand #153669285448:  Hold'em Limit ($3/$6 USD) - 2016/05/22 5:13:33 ET
Table 'Moskva' 6-max Seat #6 is the button
Seat 5: swics1202 ($15.40 in chips)
Seat 6: belik555 ($101.26 in chips)
belik555: posts small blind $1
swics1202: posts big blind $3
*** HOLE CARDS ***
belik555: raises $3 to $6
swics1202: raises $3 to $9
belik555: calls $3
*** FLOP *** [Qh Ah 8h]
swics1202: bets $3
belik555: calls $3
*** TURN *** [Qh Ah 8h] [Qs]
swics1202: bets $3.40 and is all-in
belik555: calls $3.40
*** RIVER *** [Qh Ah 8h Qs] [Ks]
*** SHOW DOWN ***
swics1202: shows [Ad 5c] (two pair, Aces and Queens)
belik555: shows [8d 9d] (two pair, Queens and Eights)
swics1202 collected $30.30 from pot
*** SUMMARY ***
Total pot $30.80 | Rake $0.50
Board [Qh Ah 8h Qs Ks]
Seat 5: swics1202 (big blind) showed [Ad 5c] and won ($30.30) with two pair, Aces and Queens
Seat 6: belik555 (button) (small blind) showed [8d 9d] and lost with two pair, Queens and Eights


PokerStars Hand #153669300537:  Hold'em Limit ($3/$6 USD) - 2016/05/22 5:14:10 ET
Table 'Moskva' 6-max Seat #5 is the button
Seat 5: swics1202 ($30.30 in chips)
Seat 6: belik555 ($85.86 in chips)
swics1202: posts small blind $1
belik555: posts big blind $3
*** HOLE CARDS ***
swics1202: raises $3 to $6
belik555: raises $3 to $9
swics1202: calls $3
*** FLOP *** [Jd 3h Ad]
belik555: bets $3
swics1202: calls $3
*** TURN *** [Jd 3h Ad] [Qs]
belik555: checks
swics1202: bets $6
belik555: calls $6
*** RIVER *** [Jd 3h Ad Qs] [9d]
belik555: checks
swics1202: bets $6
belik555: raises $6 to $12
swics1202: calls $6
*** SHOW DOWN ***
belik555: shows [8c Tc] (a straight, Eight to Queen)
swics1202: mucks hand
belik555 collected $59.50 from pot
*** SUMMARY ***
Total pot $60 | Rake $0.50
Board [Jd 3h Ad Qs 9d]
Seat 5: swics1202 (button) (small blind) mucked
Seat 6: belik555 (big blind) showed [8c Tc] and won ($59.50) with a straight, Eight to Queen


