PokerStars Hand #148316359115:  Hold'em Limit ($3/$6 USD) - 2016/02/06 0:27:04 ET
Table 'Moskva' 10-max Seat #2 is the button
Seat 1: Masqb ($103.50 in chips)
Seat 2: michehh5 ($60.20 in chips)
michehh5: posts small blind $1
Masqb: posts big blind $3
*** HOLE CARDS ***
michehh5: raises $3 to $6
Masqb: calls $3
*** FLOP *** [5d As 5h]
Masqb: checks
michehh5: bets $3
Masqb: calls $3
*** TURN *** [5d As 5h] [Td]
Masqb: checks
michehh5: bets $6
Masqb: calls $6
*** RIVER *** [5d As 5h Td] [8d]
Masqb: checks
michehh5: bets $6
Masqb: calls $6
*** SHOW DOWN ***
michehh5: shows [Ah 6d] (two pair, Aces and Fives)
Masqb: mucks hand
michehh5 collected $41.50 from pot
*** SUMMARY ***
Total pot $42 | Rake $0.50
Board [5d As 5h Td 8d]
Seat 1: Masqb (big blind) mucked
Seat 2: michehh5 (button) (small blind) showed [Ah 6d] and won ($41.50) with two pair, Aces and Fives


PokerStars Hand #148316345571:  Hold'em Limit ($3/$6 USD) - 2016/02/06 0:26:19 ET
Table 'Moskva' 10-max Seat #1 is the button
Seat 1: Masqb ($80 in chips)
Seat 2: michehh5 ($84.20 in chips)
Masqb: posts small blind $1
michehh5: posts big blind $3
*** HOLE CARDS ***
Masqb: raises $3 to $6
michehh5: calls $3
*** FLOP *** [9d 8s Ts]
michehh5: checks
Masqb: bets $3
michehh5: raises $3 to $6
Masqb: calls $3
*** TURN *** [9d 8s Ts] [8h]
michehh5: bets $6
Masqb: calls $6
*** RIVER *** [9d 8s Ts 8h] [6c]
michehh5: bets $6
Masqb: calls $6
*** SHOW DOWN ***
michehh5: shows [Qh 3d] (a pair of Eights)
Masqb: shows [4h 9h] (two pair, Nines and Eights)
Masqb collected $47.50 from pot
*** SUMMARY ***
Total pot $48 | Rake $0.50
Board [9d 8s Ts 8h 6c]
Seat 1: Masqb (button) (small blind) showed [4h 9h] and won ($47.50) with two pair, Nines and Eights
Seat 2: michehh5 (big blind) showed [Qh 3d] and lost with a pair of Eights


PokerStars Hand #148316403812:  Hold'em Limit ($3/$6 USD) - 2016/02/06 0:29:36 ET
Table 'Moskva' 10-max Seat #2 is the button
Seat 1: Masqb ($70 in chips)
Seat 2: michehh5 ($91.72 in chips)
michehh5: posts small blind $1
Masqb: posts big blind $3
*** HOLE CARDS ***
michehh5: folds
Uncalled bet ($2) returned to Masqb
Masqb collected $2 from pot
Masqb: doesn't show hand
*** SUMMARY ***
Total pot $2 | Rake $0
Seat 1: Masqb (big blind) collected ($2)
Seat 2: michehh5 (button) (small blind) folded before Flop


PokerStars Hand #148316386169:  Hold'em Limit ($3/$6 USD) - 2016/02/06 0:28:36 ET
Table 'Moskva' 10-max Seat #1 is the button
Seat 1: Masqb ($61.50 in chips)
Seat 2: michehh5 ($101.08 in chips)
Masqb: posts small blind $1
michehh5: posts big blind $3
*** HOLE CARDS ***
Masqb: raises $3 to $6
michehh5: calls $3
*** FLOP *** [6d Kc 4s]
michehh5: checks
Masqb: bets $3
michehh5: calls $3
*** TURN *** [6d Kc 4s] [7h]
michehh5: checks
Masqb: bets $6
michehh5: calls $6
*** RIVER *** [6d Kc 4s 7h] [Qs]
michehh5: checks
Masqb: bets $6
michehh5: calls $6
*** SHOW DOWN ***
Masqb: shows [Kh 9d] (a pair of Kings)
michehh5: mucks hand
Masqb collected $41.50 from pot
*** SUMMARY ***
Total pot $42 | Rake $0.50
Board [6d Kc 4s 7h Qs]
Seat 1: Masqb (button) (small blind) showed [Kh 9d] and won ($41.50) with a pair of Kings
Seat 2: michehh5 (big blind) mucked


PokerStars Hand #148316393738:  Hold'em Limit ($3/$6 USD) - 2016/02/06 0:29:02 ET
Table 'Moskva' 10-max Seat #2 is the button
Seat 1: Masqb ($82 in chips)
Seat 2: michehh5 ($80.08 in chips)
michehh5: posts small blind $1
Masqb: posts big blind $3
*** HOLE CARDS ***
michehh5: raises $3 to $6
Masqb: folds
Uncalled bet ($3) returned to michehh5
michehh5 collected $6 from pot
michehh5: doesn't show hand
*** SUMMARY ***
Total pot $6 | Rake $0
Seat 1: Masqb (big blind) folded before Flop
Seat 2: michehh5 (button) (small blind) collected ($6)


PokerStars Hand #148316395777:  Hold'em Limit ($3/$6 USD) - 2016/02/06 0:29:09 ET
Table 'Moskva' 10-max Seat #1 is the button
Seat 1: Masqb ($79 in chips)
Seat 2: michehh5 ($83.08 in chips)
Masqb: posts small blind $1
michehh5: posts big blind $3
*** HOLE CARDS ***
Masqb: raises $3 to $6
michehh5: calls $3
*** FLOP *** [7c Th 4s]
michehh5: checks
Masqb: bets $3
michehh5: calls $3
*** TURN *** [7c Th 4s] [4h]
michehh5: checks
Masqb: checks
*** RIVER *** [7c Th 4s 4h] [7d]
michehh5: bets $6
Masqb: folds
Uncalled bet ($6) returned to michehh5
michehh5 collected $17.64 from pot
michehh5: doesn't show hand
*** SUMMARY ***
Total pot $18 | Rake $0.36
Board [7c Th 4s 4h 7d]
Seat 1: Masqb (button) (small blind) folded on the River
Seat 2: michehh5 (big blind) collected ($17.64)


PokerStars Hand #148316405302:  Hold'em Limit ($3/$6 USD) - 2016/02/06 0:29:41 ET
Table 'Moskva' 10-max Seat #1 is the button
Seat 1: Masqb ($71 in chips)
Seat 2: michehh5 ($90.72 in chips)
Masqb: posts small blind $1
michehh5: posts big blind $3
*** HOLE CARDS ***
Masqb: raises $3 to $6
michehh5: raises $3 to $9
Masqb: calls $3
*** FLOP *** [6s 7h Ac]
michehh5: bets $3
Masqb: calls $3
*** TURN *** [6s 7h Ac] [2d]
michehh5: bets $6
Masqb: calls $6
*** RIVER *** [6s 7h Ac 2d] [Jh]
michehh5: bets $6
Masqb: calls $6
*** SHOW DOWN ***
michehh5: shows [8h 5c] (high card Ace)
Masqb: shows [4s 6d] (a pair of Sixes)
Masqb collected $47.50 from pot
*** SUMMARY ***
Total pot $48 | Rake $0.50
Board [6s 7h Ac 2d Jh]
Seat 1: Masqb (button) (small blind) showed [4s 6d] and won ($47.50) with a pair of Sixes
Seat 2: michehh5 (big blind) showed [8h 5c] and lost with high card Ace


PokerStars Hand #148316428392:  Hold'em Limit ($3/$6 USD) - 2016/02/06 0:30:59 ET
Table 'Moskva' 10-max Seat #1 is the button
Seat 1: Masqb ($90.26 in chips)
Seat 2: michehh5 ($70.36 in chips)
Masqb: posts small blind $1
michehh5: posts big blind $3
*** HOLE CARDS ***
Masqb: raises $3 to $6
michehh5: calls $3
*** FLOP *** [Ks Qc Tc]
michehh5: checks
Masqb: bets $3
michehh5: calls $3
*** TURN *** [Ks Qc Tc] [4h]
michehh5: checks
Masqb: bets $6
michehh5: folds
Uncalled bet ($6) returned to Masqb
Masqb collected $17.64 from pot
Masqb: doesn't show hand
*** SUMMARY ***
Total pot $18 | Rake $0.36
Board [Ks Qc Tc 4h]
Seat 1: Masqb (button) (small blind) collected ($17.64)
Seat 2: michehh5 (big blind) folded on the Turn


PokerStars Hand #148316422055:  Hold'em Limit ($3/$6 USD) - 2016/02/06 0:30:38 ET
Table 'Moskva' 10-max Seat #2 is the button
Seat 1: Masqb ($99.26 in chips)
Seat 2: michehh5 ($61.72 in chips)
michehh5: posts small blind $1
Masqb: posts big blind $3
*** HOLE CARDS ***
michehh5: raises $3 to $6
Masqb: calls $3
*** FLOP *** [Ts Th 2d]
Masqb: checks
michehh5: bets $3
Masqb: calls $3
*** TURN *** [Ts Th 2d] [Jh]
Masqb: checks
michehh5: bets $6
Masqb: folds
Uncalled bet ($6) returned to michehh5
michehh5 collected $17.64 from pot
michehh5: doesn't show hand
*** SUMMARY ***
Total pot $18 | Rake $0.36
Board [Ts Th 2d Jh]
Seat 1: Masqb (big blind) folded on the Turn
Seat 2: michehh5 (button) (small blind) collected ($17.64)


PokerStars Hand #148316437005:  Hold'em Limit ($3/$6 USD) - 2016/02/06 0:31:29 ET
Table 'Moskva' 10-max Seat #1 is the button
Seat 1: Masqb ($99.90 in chips)
Seat 2: michehh5 ($60.36 in chips)
Masqb: posts small blind $1
michehh5: posts big blind $3
*** HOLE CARDS ***
Masqb: raises $3 to $6
michehh5: raises $3 to $9
Masqb: calls $3
*** FLOP *** [2c 6h 5c]
michehh5: bets $3
Masqb: calls $3
*** TURN *** [2c 6h 5c] [4c]
michehh5: bets $6
Masqb: raises $6 to $12
michehh5: calls $6
*** RIVER *** [2c 6h 5c 4c] [5s]
michehh5: checks
Masqb: checks
*** SHOW DOWN ***
michehh5: shows [Kd Kh] (two pair, Kings and Fives)
Masqb: mucks hand
michehh5 collected $47.50 from pot
*** SUMMARY ***
Total pot $48 | Rake $0.50
Board [2c 6h 5c 4c 5s]
Seat 1: Masqb (button) (small blind) mucked
Seat 2: michehh5 (big blind) showed [Kd Kh] and won ($47.50) with two pair, Kings and Fives


PokerStars Hand #148316460849:  Hold'em Limit ($3/$6 USD) - 2016/02/06 0:32:50 ET
Table 'Moskva' 10-max Seat #1 is the button
Seat 1: Masqb ($80 in chips)
Seat 2: michehh5 ($104.36 in chips)
Masqb: posts small blind $1
michehh5: posts big blind $3
*** HOLE CARDS ***
Masqb: raises $3 to $6
michehh5: folds
Uncalled bet ($3) returned to Masqb
michehh5 leaves the table
Masqb collected $6 from pot
Masqb: doesn't show hand
*** SUMMARY ***
Total pot $6 | Rake $0
Seat 1: Masqb (button) (small blind) collected ($6)
Seat 2: michehh5 (big blind) folded before Flop


PokerStars Hand #148320321398:  Hold'em Limit ($3/$6 USD) - 2016/02/06 3:51:18 ET
Table 'Moskva' 10-max Seat #1 is the button
Seat 1: Masqb ($62 in chips)
Seat 6: piklas1971 ($80.50 in chips)
Masqb: posts small blind $1
piklas1971: posts big blind $3
*** HOLE CARDS ***
Masqb: raises $3 to $6
piklas1971: calls $3
*** FLOP *** [7s As 9s]
piklas1971: bets $3
Masqb: calls $3
*** TURN *** [7s As 9s] [5c]
piklas1971: checks
Masqb: bets $6
piklas1971: calls $6
*** RIVER *** [7s As 9s 5c] [2c]
piklas1971: checks
Masqb: bets $6
piklas1971: folds
Uncalled bet ($6) returned to Masqb
Masqb collected $29.50 from pot
Masqb: doesn't show hand
*** SUMMARY ***
Total pot $30 | Rake $0.50
Board [7s As 9s 5c 2c]
Seat 1: Masqb (button) (small blind) collected ($29.50)
Seat 6: piklas1971 (big blind) folded on the River


PokerStars Hand #148320302786:  Hold'em Limit ($3/$6 USD) - 2016/02/06 3:50:30 ET
Table 'Moskva' 10-max Seat #6 is the button
Seat 1: Masqb ($83 in chips)
Seat 6: piklas1971 ($60 in chips)
piklas1971: posts small blind $1
Masqb: posts big blind $3
*** HOLE CARDS ***
piklas1971: calls $2
Masqb: raises $3 to $6
piklas1971: calls $3
*** FLOP *** [Th As 6h]
Masqb: bets $3
piklas1971: calls $3
*** TURN *** [Th As 6h] [2h]
Masqb: bets $6
piklas1971: raises $6 to $12
Masqb: calls $6
*** RIVER *** [Th As 6h 2h] [8h]
Masqb: checks
piklas1971: checks
*** SHOW DOWN ***
Masqb: shows [Js Ad] (a pair of Aces)
piklas1971: shows [6s 2c] (two pair, Sixes and Deuces)
piklas1971 collected $41.50 from pot
*** SUMMARY ***
Total pot $42 | Rake $0.50
Board [Th As 6h 2h 8h]
Seat 1: Masqb (big blind) showed [Js Ad] and lost with a pair of Aces
Seat 6: piklas1971 (button) (small blind) showed [6s 2c] and won ($41.50) with two pair, Sixes and Deuces


PokerStars Hand #148320352174:  Hold'em Limit ($3/$6 USD) - 2016/02/06 3:52:36 ET
Table 'Moskva' 10-max Seat #1 is the button
Seat 1: Masqb ($67.50 in chips)
Seat 6: piklas1971 ($74.14 in chips)
Masqb: posts small blind $1
piklas1971: posts big blind $3
*** HOLE CARDS ***
Masqb: folds
Uncalled bet ($2) returned to piklas1971
piklas1971 collected $2 from pot
piklas1971: doesn't show hand
*** SUMMARY ***
Total pot $2 | Rake $0
Seat 1: Masqb (button) (small blind) folded before Flop
Seat 6: piklas1971 (big blind) collected ($2)


PokerStars Hand #148320370828:  Hold'em Limit ($3/$6 USD) - 2016/02/06 3:53:24 ET
Table 'Moskva' 10-max Seat #6 is the button
Seat 1: Masqb ($79 in chips)
Seat 6: piklas1971 ($84.78 in chips)
piklas1971: posts small blind $1
Masqb: posts big blind $3
*** HOLE CARDS ***
piklas1971: calls $2
Masqb: raises $3 to $6
piklas1971: calls $3
*** FLOP *** [Td Tc As]
Masqb: bets $3
piklas1971: calls $3
*** TURN *** [Td Tc As] [Ad]
Masqb: bets $6
piklas1971: calls $6
*** RIVER *** [Td Tc As Ad] [5s]
Masqb: bets $6
piklas1971: calls $6
*** SHOW DOWN ***
Masqb: shows [Th 5h] (a full house, Tens full of Aces)
piklas1971: shows [Ac 7s] (a full house, Aces full of Tens)
piklas1971 collected $41.50 from pot
*** SUMMARY ***
Total pot $42 | Rake $0.50
Board [Td Tc As Ad 5s]
Seat 1: Masqb (big blind) showed [Th 5h] and lost with a full house, Tens full of Aces
Seat 6: piklas1971 (button) (small blind) showed [Ac 7s] and won ($41.50) with a full house, Aces full of Tens


PokerStars Hand #148320368393:  Hold'em Limit ($3/$6 USD) - 2016/02/06 3:53:18 ET
Table 'Moskva' 10-max Seat #1 is the button
Seat 1: Masqb ($80 in chips)
Seat 6: piklas1971 ($83.78 in chips)
Masqb: posts small blind $1
piklas1971: posts big blind $3
*** HOLE CARDS ***
Masqb: folds
Uncalled bet ($2) returned to piklas1971
piklas1971 collected $2 from pot
piklas1971: doesn't show hand
*** SUMMARY ***
Total pot $2 | Rake $0
Seat 1: Masqb (button) (small blind) folded before Flop
Seat 6: piklas1971 (big blind) collected ($2)


PokerStars Hand #148320355301:  Hold'em Limit ($3/$6 USD) - 2016/02/06 3:52:44 ET
Table 'Moskva' 10-max Seat #6 is the button
Seat 1: Masqb ($66.50 in chips)
Seat 6: piklas1971 ($75.14 in chips)
piklas1971: posts small blind $1
Masqb: posts big blind $3
*** HOLE CARDS ***
piklas1971: calls $2
Masqb: checks
*** FLOP *** [Ac 2d 8h]
Masqb: checks
piklas1971: checks
*** TURN *** [Ac 2d 8h] [9d]
Masqb: checks
piklas1971: checks
*** RIVER *** [Ac 2d 8h 9d] [2h]
Masqb: bets $6
piklas1971: calls $6
*** SHOW DOWN ***
Masqb: shows [4d 7c] (a pair of Deuces)
piklas1971: shows [Kd As] (two pair, Aces and Deuces)
piklas1971 collected $17.64 from pot
*** SUMMARY ***
Total pot $18 | Rake $0.36
Board [Ac 2d 8h 9d 2h]
Seat 1: Masqb (big blind) showed [4d 7c] and lost with a pair of Deuces
Seat 6: piklas1971 (button) (small blind) showed [Kd As] and won ($17.64) with two pair, Aces and Deuces


PokerStars Hand #148320408776:  Hold'em Limit ($3/$6 USD) - 2016/02/06 3:55:00 ET
Table 'Moskva' 10-max Seat #1 is the button
Seat 1: Masqb ($80 in chips)
Seat 6: piklas1971 ($128.42 in chips)
Masqb: posts small blind $1
piklas1971: posts big blind $3
*** HOLE CARDS ***
Masqb: folds
Uncalled bet ($2) returned to piklas1971
piklas1971 collected $2 from pot
piklas1971: doesn't show hand
*** SUMMARY ***
Total pot $2 | Rake $0
Seat 1: Masqb (button) (small blind) folded before Flop
Seat 6: piklas1971 (big blind) collected ($2)


PokerStars Hand #148320396633:  Hold'em Limit ($3/$6 USD) - 2016/02/06 3:54:29 ET
Table 'Moskva' 10-max Seat #6 is the button
Seat 1: Masqb ($65 in chips)
Seat 6: piklas1971 ($119.78 in chips)
piklas1971: posts small blind $1
Masqb: posts big blind $3
*** HOLE CARDS ***
piklas1971: raises $3 to $6
Masqb: calls $3
*** FLOP *** [9h As Ks]
Masqb: checks
piklas1971: bets $3
Masqb: calls $3
*** TURN *** [9h As Ks] [8c]
Masqb: checks
piklas1971: checks
*** RIVER *** [9h As Ks 8c] [Tc]
Masqb: checks
piklas1971: bets $6
Masqb: folds
Uncalled bet ($6) returned to piklas1971
piklas1971 collected $17.64 from pot
piklas1971: doesn't show hand
*** SUMMARY ***
Total pot $18 | Rake $0.36
Board [9h As Ks 8c Tc]
Seat 1: Masqb (big blind) folded on the River
Seat 6: piklas1971 (button) (small blind) collected ($17.64)


PokerStars Hand #148320384029:  Hold'em Limit ($3/$6 USD) - 2016/02/06 3:53:57 ET
Table 'Moskva' 10-max Seat #1 is the button
Seat 1: Masqb ($80 in chips)
Seat 6: piklas1971 ($105.28 in chips)
Masqb: posts small blind $1
piklas1971: posts big blind $3
*** HOLE CARDS ***
Masqb: raises $3 to $6
piklas1971: calls $3
*** FLOP *** [2s 6h Tc]
piklas1971: checks
Masqb: bets $3
piklas1971: calls $3
*** TURN *** [2s 6h Tc] [5h]
piklas1971: checks
Masqb: bets $6
piklas1971: calls $6
*** RIVER *** [2s 6h Tc 5h] [3d]
piklas1971: bets $6
Masqb: folds
Uncalled bet ($6) returned to piklas1971
piklas1971 collected $29.50 from pot
piklas1971: doesn't show hand
*** SUMMARY ***
Total pot $30 | Rake $0.50
Board [2s 6h Tc 5h 3d]
Seat 1: Masqb (button) (small blind) folded on the River
Seat 6: piklas1971 (big blind) collected ($29.50)


PokerStars Hand #148320411063:  Hold'em Limit ($3/$6 USD) - 2016/02/06 3:55:06 ET
Table 'Moskva' 10-max Seat #6 is the button
Seat 1: Masqb ($79 in chips)
Seat 6: piklas1971 ($129.42 in chips)
piklas1971: posts small blind $1
Masqb: posts big blind $3
*** HOLE CARDS ***
piklas1971: raises $3 to $6
Masqb: raises $3 to $9
piklas1971: calls $3
*** FLOP *** [As Jc Jd]
Masqb: bets $3
piklas1971: folds
Uncalled bet ($3) returned to Masqb
Masqb collected $17.64 from pot
Masqb: doesn't show hand
*** SUMMARY ***
Total pot $18 | Rake $0.36
Board [As Jc Jd]
Seat 1: Masqb (big blind) collected ($17.64)
Seat 6: piklas1971 (button) (small blind) folded on the Flop


PokerStars Hand #148320415057:  Hold'em Limit ($3/$6 USD) - 2016/02/06 3:55:17 ET
Table 'Moskva' 10-max Seat #1 is the button
Seat 1: Masqb ($87.64 in chips)
Seat 6: piklas1971 ($120.42 in chips)
Masqb: posts small blind $1
piklas1971: posts big blind $3
*** HOLE CARDS ***
Masqb: raises $3 to $6
piklas1971: calls $3
*** FLOP *** [7s 6s Th]
piklas1971: bets $3
Masqb: calls $3
*** TURN *** [7s 6s Th] [4d]
piklas1971: bets $6
Masqb: calls $6
*** RIVER *** [7s 6s Th 4d] [5s]
piklas1971: bets $6
Masqb: calls $6
*** SHOW DOWN ***
piklas1971: shows [4s 3c] (a straight, Three to Seven)
Masqb: mucks hand
piklas1971 collected $41.50 from pot
*** SUMMARY ***
Total pot $42 | Rake $0.50
Board [7s 6s Th 4d 5s]
Seat 1: Masqb (button) (small blind) mucked
Seat 6: piklas1971 (big blind) showed [4s 3c] and won ($41.50) with a straight, Three to Seven


PokerStars Hand #148320424013:  Hold'em Limit ($3/$6 USD) - 2016/02/06 3:55:43 ET
Table 'Moskva' 10-max Seat #6 is the button
Seat 1: Masqb ($66.64 in chips)
Seat 6: piklas1971 ($140.92 in chips)
piklas1971: posts small blind $1
Masqb: posts big blind $3
*** HOLE CARDS ***
piklas1971: calls $2
Masqb: checks
*** FLOP *** [7c 6d 4h]
Masqb: bets $3
piklas1971: calls $3
*** TURN *** [7c 6d 4h] [3h]
Masqb: bets $6
piklas1971: raises $6 to $12
Masqb: calls $6
*** RIVER *** [7c 6d 4h 3h] [4s]
Masqb: checks
piklas1971: bets $6
Masqb: calls $6
*** SHOW DOWN ***
piklas1971: shows [Jd 5s] (a straight, Three to Seven)
Masqb: mucks hand
piklas1971 collected $47.50 from pot
*** SUMMARY ***
Total pot $48 | Rake $0.50
Board [7c 6d 4h 3h 4s]
Seat 1: Masqb (big blind) mucked
Seat 6: piklas1971 (button) (small blind) showed [Jd 5s] and won ($47.50) with a straight, Three to Seven


PokerStars Hand #148320438506:  Hold'em Limit ($3/$6 USD) - 2016/02/06 3:56:25 ET
Table 'Moskva' 10-max Seat #1 is the button
Seat 1: Masqb ($80 in chips)
Seat 6: piklas1971 ($164.42 in chips)
Masqb: posts small blind $1
piklas1971: posts big blind $3
*** HOLE CARDS ***
Masqb: raises $3 to $6
piklas1971: calls $3
*** FLOP *** [Js Jh Th]
piklas1971: checks
Masqb: bets $3
piklas1971: folds
Uncalled bet ($3) returned to Masqb
Masqb collected $11.76 from pot
Masqb: doesn't show hand
*** SUMMARY ***
Total pot $12 | Rake $0.24
Board [Js Jh Th]
Seat 1: Masqb (button) (small blind) collected ($11.76)
Seat 6: piklas1971 (big blind) folded on the Flop


PokerStars Hand #148320444403:  Hold'em Limit ($3/$6 USD) - 2016/02/06 3:56:42 ET
Table 'Moskva' 10-max Seat #6 is the button
Seat 1: Masqb ($85.76 in chips)
Seat 6: piklas1971 ($158.42 in chips)
piklas1971: posts small blind $1
Masqb: posts big blind $3
*** HOLE CARDS ***
piklas1971: calls $2
Masqb: raises $3 to $6
piklas1971: calls $3
*** FLOP *** [Ac 4h 9c]
Masqb: bets $3
piklas1971: calls $3
*** TURN *** [Ac 4h 9c] [Tc]
Masqb: checks
piklas1971: checks
*** RIVER *** [Ac 4h 9c Tc] [Kc]
Masqb: checks
piklas1971: checks
*** SHOW DOWN ***
Masqb: shows [5d Ks] (a pair of Kings)
piklas1971: mucks hand
Masqb collected $17.64 from pot
*** SUMMARY ***
Total pot $18 | Rake $0.36
Board [Ac 4h 9c Tc Kc]
Seat 1: Masqb (big blind) showed [5d Ks] and won ($17.64) with a pair of Kings
Seat 6: piklas1971 (button) (small blind) mucked


PokerStars Hand #148320455591:  Hold'em Limit ($3/$6 USD) - 2016/02/06 3:57:15 ET
Table 'Moskva' 10-max Seat #1 is the button
Seat 1: Masqb ($94.40 in chips)
Seat 6: piklas1971 ($149.42 in chips)
Masqb: posts small blind $1
piklas1971: posts big blind $3
*** HOLE CARDS ***
Masqb: raises $3 to $6
piklas1971: calls $3
*** FLOP *** [Kd 4h 8c]
piklas1971: checks
Masqb: bets $3
piklas1971: calls $3
*** TURN *** [Kd 4h 8c] [Ts]
piklas1971: checks
Masqb: bets $6
piklas1971: calls $6
*** RIVER *** [Kd 4h 8c Ts] [9d]
piklas1971: checks
Masqb: bets $6
piklas1971: calls $6
*** SHOW DOWN ***
Masqb: shows [6c Kc] (a pair of Kings)
piklas1971: shows [7d Kh] (a pair of Kings)
piklas1971 collected $20.75 from pot
Masqb collected $20.75 from pot
*** SUMMARY ***
Total pot $42 | Rake $0.50
Board [Kd 4h 8c Ts 9d]
Seat 1: Masqb (button) (small blind) showed [6c Kc] and won ($20.75) with a pair of Kings
Seat 6: piklas1971 (big blind) showed [7d Kh] and won ($20.75) with a pair of Kings


PokerStars Hand #148320470673:  Hold'em Limit ($3/$6 USD) - 2016/02/06 3:57:58 ET
Table 'Moskva' 10-max Seat #6 is the button
Seat 1: Masqb ($98.15 in chips)
Seat 6: piklas1971 ($145.17 in chips)
piklas1971: posts small blind $1
Masqb: posts big blind $3
*** HOLE CARDS ***
piklas1971: folds
Uncalled bet ($2) returned to Masqb
Masqb collected $2 from pot
Masqb: doesn't show hand
*** SUMMARY ***
Total pot $2 | Rake $0
Seat 1: Masqb (big blind) collected ($2)
Seat 6: piklas1971 (button) (small blind) folded before Flop


PokerStars Hand #148320468636:  Hold'em Limit ($3/$6 USD) - 2016/02/06 3:57:53 ET
Table 'Moskva' 10-max Seat #1 is the button
Seat 1: Masqb ($95.15 in chips)
Seat 6: piklas1971 ($148.17 in chips)
Masqb: posts small blind $1
piklas1971: posts big blind $3
*** HOLE CARDS ***
Masqb: raises $3 to $6
piklas1971: folds
Uncalled bet ($3) returned to Masqb
Masqb collected $6 from pot
Masqb: doesn't show hand
*** SUMMARY ***
Total pot $6 | Rake $0
Seat 1: Masqb (button) (small blind) collected ($6)
Seat 6: piklas1971 (big blind) folded before Flop


PokerStars Hand #148320472159:  Hold'em Limit ($3/$6 USD) - 2016/02/06 3:58:03 ET
Table 'Moskva' 10-max Seat #1 is the button
Seat 1: Masqb ($99.15 in chips)
Seat 6: piklas1971 ($144.17 in chips)
Masqb: posts small blind $1
piklas1971: posts big blind $3
*** HOLE CARDS ***
Masqb: raises $3 to $6
piklas1971: calls $3
*** FLOP *** [Qd 9c 3s]
piklas1971: checks
Masqb: bets $3
piklas1971: calls $3
*** TURN *** [Qd 9c 3s] [2c]
piklas1971: checks
Masqb: checks
*** RIVER *** [Qd 9c 3s 2c] [Kd]
piklas1971: checks
Masqb: bets $6
piklas1971: calls $6
*** SHOW DOWN ***
Masqb: shows [5h 8h] (high card King)
piklas1971: shows [7s 7h] (a pair of Sevens)
piklas1971 collected $29.50 from pot
*** SUMMARY ***
Total pot $30 | Rake $0.50
Board [Qd 9c 3s 2c Kd]
Seat 1: Masqb (button) (small blind) showed [5h 8h] and lost with high card King
Seat 6: piklas1971 (big blind) showed [7s 7h] and won ($29.50) with a pair of Sevens


PokerStars Hand #148320495935:  Hold'em Limit ($3/$6 USD) - 2016/02/06 3:58:44 ET
Table 'Moskva' 10-max Seat #6 is the button
Seat 1: Masqb ($84.15 in chips)
Seat 6: piklas1971 ($158.67 in chips)
piklas1971: posts small blind $1
Masqb: posts big blind $3
*** HOLE CARDS ***
piklas1971: calls $2
Masqb: checks
*** FLOP *** [9h 3h Ts]
Masqb: checks
piklas1971: checks
*** TURN *** [9h 3h Ts] [Jh]
Masqb: bets $6
piklas1971: calls $6
*** RIVER *** [9h 3h Ts Jh] [Qc]
Masqb: checks
piklas1971: checks
*** SHOW DOWN ***
Masqb: shows [5s Qh] (a pair of Queens)
piklas1971: mucks hand
Masqb collected $17.64 from pot
*** SUMMARY ***
Total pot $18 | Rake $0.36
Board [9h 3h Ts Jh Qc]
Seat 1: Masqb (big blind) showed [5s Qh] and won ($17.64) with a pair of Queens
Seat 6: piklas1971 (button) (small blind) mucked


PokerStars Hand #148320506024:  Hold'em Limit ($3/$6 USD) - 2016/02/06 3:59:11 ET
Table 'Moskva' 10-max Seat #1 is the button
Seat 1: Masqb ($92.79 in chips)
Seat 6: piklas1971 ($149.67 in chips)
Masqb: posts small blind $1
piklas1971: posts big blind $3
*** HOLE CARDS ***
Masqb: raises $3 to $6
piklas1971: calls $3
*** FLOP *** [5s 9d 5h]
piklas1971: checks
Masqb: bets $3
piklas1971: calls $3
*** TURN *** [5s 9d 5h] [4c]
piklas1971: checks
Masqb: checks
*** RIVER *** [5s 9d 5h 4c] [2d]
piklas1971: checks
Masqb: checks
*** SHOW DOWN ***
piklas1971: shows [Js Ac] (a pair of Fives)
Masqb: mucks hand
piklas1971 collected $17.64 from pot
*** SUMMARY ***
Total pot $18 | Rake $0.36
Board [5s 9d 5h 4c 2d]
Seat 1: Masqb (button) (small blind) mucked
Seat 6: piklas1971 (big blind) showed [Js Ac] and won ($17.64) with a pair of Fives


PokerStars Hand #148320527130:  Hold'em Limit ($3/$6 USD) - 2016/02/06 4:00:12 ET
Table 'Moskva' 10-max Seat #1 is the button
Seat 1: Masqb ($80.79 in chips)
Seat 6: piklas1971 ($161.19 in chips)
Masqb: posts small blind $1
piklas1971: posts big blind $3
*** HOLE CARDS ***
Masqb: folds
Uncalled bet ($2) returned to piklas1971
piklas1971 collected $2 from pot
piklas1971: doesn't show hand
*** SUMMARY ***
Total pot $2 | Rake $0
Seat 1: Masqb (button) (small blind) folded before Flop
Seat 6: piklas1971 (big blind) collected ($2)


PokerStars Hand #148320529891:  Hold'em Limit ($3/$6 USD) - 2016/02/06 4:00:19 ET
Table 'Moskva' 10-max Seat #6 is the button
Seat 1: Masqb ($79.79 in chips)
Seat 6: piklas1971 ($162.19 in chips)
piklas1971: posts small blind $1
Masqb: posts big blind $3
*** HOLE CARDS ***
piklas1971: calls $2
Masqb: raises $3 to $6
piklas1971: calls $3
*** FLOP *** [3d 9s Kh]
Masqb: bets $3
piklas1971: folds
Uncalled bet ($3) returned to Masqb
Masqb collected $11.76 from pot
Masqb: doesn't show hand
*** SUMMARY ***
Total pot $12 | Rake $0.24
Board [3d 9s Kh]
Seat 1: Masqb (big blind) collected ($11.76)
Seat 6: piklas1971 (button) (small blind) folded on the Flop


PokerStars Hand #148320536719:  Hold'em Limit ($3/$6 USD) - 2016/02/06 4:00:38 ET
Table 'Moskva' 10-max Seat #1 is the button
Seat 1: Masqb ($85.55 in chips)
Seat 6: piklas1971 ($156.19 in chips)
Masqb: posts small blind $1
piklas1971: posts big blind $3
*** HOLE CARDS ***
Masqb: raises $3 to $6
piklas1971: calls $3
*** FLOP *** [6d Kh 9c]
piklas1971: checks
Masqb: bets $3
piklas1971: calls $3
*** TURN *** [6d Kh 9c] [Qd]
piklas1971: checks
Masqb: checks
*** RIVER *** [6d Kh 9c Qd] [Ad]
piklas1971: checks
Masqb: bets $6
piklas1971: calls $6
*** SHOW DOWN ***
Masqb: shows [2d Td] (a flush, Ace high)
piklas1971: mucks hand
Masqb collected $29.50 from pot
*** SUMMARY ***
Total pot $30 | Rake $0.50
Board [6d Kh 9c Qd Ad]
Seat 1: Masqb (button) (small blind) showed [2d Td] and won ($29.50) with a flush, Ace high
Seat 6: piklas1971 (big blind) mucked


PokerStars Hand #148320549266:  Hold'em Limit ($3/$6 USD) - 2016/02/06 4:01:12 ET
Table 'Moskva' 10-max Seat #6 is the button
Seat 1: Masqb ($100.05 in chips)
Seat 6: piklas1971 ($141.19 in chips)
piklas1971: posts small blind $1
Masqb: posts big blind $3
*** HOLE CARDS ***
piklas1971: calls $2
Masqb: raises $3 to $6
piklas1971: calls $3
*** FLOP *** [4s Kc 3d]
Masqb: bets $3
piklas1971: folds
Uncalled bet ($3) returned to Masqb
Masqb collected $11.76 from pot
Masqb: doesn't show hand
*** SUMMARY ***
Total pot $12 | Rake $0.24
Board [4s Kc 3d]
Seat 1: Masqb (big blind) collected ($11.76)
Seat 6: piklas1971 (button) (small blind) folded on the Flop


PokerStars Hand #148320556840:  Hold'em Limit ($3/$6 USD) - 2016/02/06 4:01:32 ET
Table 'Moskva' 10-max Seat #1 is the button
Seat 1: Masqb ($105.81 in chips)
Seat 6: piklas1971 ($135.19 in chips)
Masqb: posts small blind $1
piklas1971: posts big blind $3
*** HOLE CARDS ***
Masqb: raises $3 to $6
piklas1971: calls $3
*** FLOP *** [8s Tc 3c]
piklas1971: checks
Masqb: bets $3
piklas1971: folds
Uncalled bet ($3) returned to Masqb
Masqb collected $11.76 from pot
Masqb: doesn't show hand
*** SUMMARY ***
Total pot $12 | Rake $0.24
Board [8s Tc 3c]
Seat 1: Masqb (button) (small blind) collected ($11.76)
Seat 6: piklas1971 (big blind) folded on the Flop


PokerStars Hand #148320565171:  Hold'em Limit ($3/$6 USD) - 2016/02/06 4:01:53 ET
Table 'Moskva' 10-max Seat #6 is the button
Seat 1: Masqb ($111.57 in chips)
Seat 6: piklas1971 ($129.19 in chips)
piklas1971: posts small blind $1
Masqb: posts big blind $3
*** HOLE CARDS ***
piklas1971: calls $2
Masqb: checks
*** FLOP *** [Qc Qh 2h]
Masqb: checks
piklas1971: checks
*** TURN *** [Qc Qh 2h] [8h]
Masqb: bets $6
piklas1971: folds
Uncalled bet ($6) returned to Masqb
Masqb collected $5.88 from pot
Masqb: doesn't show hand
*** SUMMARY ***
Total pot $6 | Rake $0.12
Board [Qc Qh 2h 8h]
Seat 1: Masqb (big blind) collected ($5.88)
Seat 6: piklas1971 (button) (small blind) folded on the Turn


PokerStars Hand #148320579681:  Hold'em Limit ($3/$6 USD) - 2016/02/06 4:02:29 ET
Table 'Moskva' 10-max Seat #1 is the button
Seat 1: Masqb ($114.45 in chips)
Seat 6: piklas1971 ($126.19 in chips)
Masqb: posts small blind $1
piklas1971: posts big blind $3
*** HOLE CARDS ***
Masqb: raises $3 to $6
piklas1971: calls $3
*** FLOP *** [Td 8d Ts]
piklas1971: checks
Masqb: bets $3
piklas1971: calls $3
*** TURN *** [Td 8d Ts] [9s]
Icecold joins the table at seat #10
piklas1971: checks
Masqb: bets $6
piklas1971: calls $6
*** RIVER *** [Td 8d Ts 9s] [6s]
piklas1971: checks
Masqb: checks
*** SHOW DOWN ***
piklas1971: shows [Qh Qc] (two pair, Queens and Tens)
Masqb: mucks hand
piklas1971 collected $29.50 from pot
*** SUMMARY ***
Total pot $30 | Rake $0.50
Board [Td 8d Ts 9s 6s]
Seat 1: Masqb (button) (small blind) mucked
Seat 6: piklas1971 (big blind) showed [Qh Qc] and won ($29.50) with two pair, Queens and Tens


PokerStars Hand #148334692887:  Hold'em Limit ($3/$6 USD) - 2016/02/06 10:24:14 ET
Table 'Moskva' 10-max Seat #5 is the button
Seat 5: Rmk1500 ($235.64 in chips)
Seat 10: BelSv ($178.29 in chips)
Rmk1500: posts small blind $1
BelSv: posts big blind $3
*** HOLE CARDS ***
Rmk1500: raises $3 to $6
BelSv: folds
Uncalled bet ($3) returned to Rmk1500
Rmk1500 collected $6 from pot
*** SUMMARY ***
Total pot $6 | Rake $0
Seat 5: Rmk1500 (button) (small blind) collected ($6)
Seat 10: BelSv (big blind) folded before Flop


