PokerStars Hand #161372737527:  Hold'em Limit ($3/$6 USD) - 2016/11/13 22:54:28 ET
Table 'Moultona' 6-max Seat #4 is the button
Seat 2: macca04 ($33 in chips)
Seat 4: habari786 ($57 in chips)
habari786: posts small blind $1
macca04: posts big blind $3
*** HOLE CARDS ***
habari786: folds
Uncalled bet ($2) returned to macca04
macca04 collected $2 from pot
*** SUMMARY ***
Total pot $2 | Rake $0
Seat 2: macca04 (big blind) collected ($2)
Seat 4: habari786 (button) (small blind) folded before Flop


PokerStars Hand #161372756161:  Hold'em Limit ($3/$6 USD) - 2016/11/13 22:55:34 ET
Table 'Moultona' 6-max Seat #4 is the button
Seat 2: macca04 ($8 in chips)
Seat 4: habari786 ($81.14 in chips)
habari786: posts small blind $1
macca04: posts big blind $3
*** HOLE CARDS ***
habari786: folds
Uncalled bet ($2) returned to macca04
macca04 collected $2 from pot
macca04: doesn't show hand
*** SUMMARY ***
Total pot $2 | Rake $0
Seat 2: macca04 (big blind) collected ($2)
Seat 4: habari786 (button) (small blind) folded before Flop


PokerStars Hand #161372754354:  Hold'em Limit ($3/$6 USD) - 2016/11/13 22:55:27 ET
Table 'Moultona' 6-max Seat #2 is the button
Seat 2: macca04 ($9 in chips)
Seat 4: habari786 ($80.14 in chips)
macca04: posts small blind $1
habari786: posts big blind $3
*** HOLE CARDS ***
macca04: folds
Uncalled bet ($2) returned to habari786
habari786 collected $2 from pot
habari786: doesn't show hand
*** SUMMARY ***
Total pot $2 | Rake $0
Seat 2: macca04 (button) (small blind) folded before Flop
Seat 4: habari786 (big blind) collected ($2)


PokerStars Hand #161372752920:  Hold'em Limit ($3/$6 USD) - 2016/11/13 22:55:22 ET
Table 'Moultona' 6-max Seat #4 is the button
Seat 2: macca04 ($8 in chips)
Seat 4: habari786 ($81.14 in chips)
habari786: posts small blind $1
macca04: posts big blind $3
*** HOLE CARDS ***
habari786: folds
Uncalled bet ($2) returned to macca04
macca04 collected $2 from pot
macca04: doesn't show hand
*** SUMMARY ***
Total pot $2 | Rake $0
Seat 2: macca04 (big blind) collected ($2)
Seat 4: habari786 (button) (small blind) folded before Flop


PokerStars Hand #161372748246:  Hold'em Limit ($3/$6 USD) - 2016/11/13 22:55:04 ET
Table 'Moultona' 6-max Seat #2 is the button
Seat 2: macca04 ($17 in chips)
Seat 4: habari786 ($72.50 in chips)
macca04: posts small blind $1
habari786: posts big blind $3
*** HOLE CARDS ***
macca04: calls $2
habari786: checks
*** FLOP *** [Ah 7c 3d]
habari786: checks
macca04: checks
*** TURN *** [Ah 7c 3d] [7h]
habari786: checks
macca04: bets $6
habari786: raises $6 to $12
macca04: folds
Uncalled bet ($6) returned to habari786
habari786 collected $17.64 from pot
habari786: doesn't show hand
*** SUMMARY ***
Total pot $18 | Rake $0.36
Board [Ah 7c 3d 7h]
Seat 2: macca04 (button) (small blind) folded on the Turn
Seat 4: habari786 (big blind) collected ($17.64)


PokerStars Hand #161372746700:  Hold'em Limit ($3/$6 USD) - 2016/11/13 22:54:59 ET
Table 'Moultona' 6-max Seat #4 is the button
Seat 2: macca04 ($16 in chips)
Seat 4: habari786 ($73.50 in chips)
habari786: posts small blind $1
macca04: posts big blind $3
*** HOLE CARDS ***
habari786: folds
Uncalled bet ($2) returned to macca04
macca04 collected $2 from pot
macca04: doesn't show hand
*** SUMMARY ***
Total pot $2 | Rake $0
Seat 2: macca04 (big blind) collected ($2)
Seat 4: habari786 (button) (small blind) folded before Flop


PokerStars Hand #161372739201:  Hold'em Limit ($3/$6 USD) - 2016/11/13 22:54:34 ET
Table 'Moultona' 6-max Seat #2 is the button
Seat 2: macca04 ($34 in chips)
Seat 4: habari786 ($56 in chips)
macca04: posts small blind $1
habari786: posts big blind $3
*** HOLE CARDS ***
macca04: calls $2
habari786: raises $3 to $6
macca04: calls $3
*** FLOP *** [6s Qd Ts]
habari786: bets $3
macca04: raises $3 to $6
habari786: calls $3
*** TURN *** [6s Qd Ts] [2s]
habari786: checks
macca04: checks
*** RIVER *** [6s Qd Ts 2s] [4d]
habari786: bets $6
macca04: calls $6
*** SHOW DOWN ***
habari786: shows [Ah As] (a pair of Aces)
macca04: mucks hand
habari786 collected $35.50 from pot
*** SUMMARY ***
Total pot $36 | Rake $0.50
Board [6s Qd Ts 2s 4d]
Seat 2: macca04 (button) (small blind) mucked
Seat 4: habari786 (big blind) showed [Ah As] and won ($35.50) with a pair of Aces


PokerStars Hand #161372757584:  Hold'em Limit ($3/$6 USD) - 2016/11/13 22:55:39 ET
Table 'Moultona' 6-max Seat #2 is the button
Seat 2: macca04 ($9 in chips)
Seat 4: habari786 ($80.14 in chips)
macca04: posts small blind $1
habari786: posts big blind $3
*** HOLE CARDS ***
macca04: raises $3 to $6
habari786: raises $3 to $9
macca04: calls $3 and is all-in
*** FLOP *** [9d 3h Jd]
*** TURN *** [9d 3h Jd] [Qd]
*** RIVER *** [9d 3h Jd Qd] [6s]
*** SHOW DOWN ***
habari786: shows [9s Ts] (a pair of Nines)
macca04: shows [3c Ah] (a pair of Threes)
habari786 collected $17.64 from pot
*** SUMMARY ***
Total pot $18 | Rake $0.36
Board [9d 3h Jd Qd 6s]
Seat 2: macca04 (button) (small blind) showed [3c Ah] and lost with a pair of Threes
Seat 4: habari786 (big blind) showed [9s Ts] and won ($17.64) with a pair of Nines


PokerStars Hand #161373337554:  Hold'em Limit ($3/$6 USD) - 2016/11/13 23:30:16 ET
Table 'Moultona' 6-max Seat #5 is the button
Seat 5: GoliafUa ($134.50 in chips)
Seat 6: Swiltz ($86.35 in chips)
GoliafUa: posts small blind $1
Swiltz: posts big blind $3
*** HOLE CARDS ***
GoliafUa: raises $3 to $6
Swiltz: folds
Uncalled bet ($3) returned to GoliafUa
GoliafUa collected $6 from pot
GoliafUa: doesn't show hand
*** SUMMARY ***
Total pot $6 | Rake $0
Seat 5: GoliafUa (button) (small blind) collected ($6)
Seat 6: Swiltz (big blind) folded before Flop


PokerStars Hand #161373333608:  Hold'em Limit ($3/$6 USD) - 2016/11/13 23:30:00 ET
Table 'Moultona' 6-max Seat #6 is the button
Seat 5: GoliafUa ($111 in chips)
Seat 6: Swiltz ($110.35 in chips)
Swiltz: posts small blind $1
GoliafUa: posts big blind $3
*** HOLE CARDS ***
Swiltz: raises $3 to $6
GoliafUa: calls $3
*** FLOP *** [7s Qs Kh]
GoliafUa: checks
Swiltz: bets $3
GoliafUa: raises $3 to $6
Swiltz: calls $3
*** TURN *** [7s Qs Kh] [4d]
GoliafUa: bets $6
Swiltz: calls $6
*** RIVER *** [7s Qs Kh 4d] [Jh]
GoliafUa: bets $6
Swiltz: calls $6
*** SHOW DOWN ***
GoliafUa: shows [Kd 3c] (a pair of Kings)
Swiltz: mucks hand
GoliafUa collected $47.50 from pot
*** SUMMARY ***
Total pot $48 | Rake $0.50
Board [7s Qs Kh 4d Jh]
Seat 5: GoliafUa (big blind) showed [Kd 3c] and won ($47.50) with a pair of Kings
Seat 6: Swiltz (button) (small blind) mucked


PokerStars Hand #161373329650:  Hold'em Limit ($3/$6 USD) - 2016/11/13 23:29:45 ET
Table 'Moultona' 6-max Seat #5 is the button
Seat 5: GoliafUa ($120 in chips)
Seat 6: Swiltz ($101.71 in chips)
GoliafUa: posts small blind $1
Swiltz: posts big blind $3
*** HOLE CARDS ***
GoliafUa: raises $3 to $6
Swiltz: calls $3
*** FLOP *** [8d 9h 4c]
Swiltz: bets $3
GoliafUa: calls $3
*** TURN *** [8d 9h 4c] [2c]
Swiltz: bets $6
GoliafUa: folds
Uncalled bet ($6) returned to Swiltz
Swiltz collected $17.64 from pot
*** SUMMARY ***
Total pot $18 | Rake $0.36
Board [8d 9h 4c 2c]
Seat 5: GoliafUa (button) (small blind) folded on the Turn
Seat 6: Swiltz (big blind) collected ($17.64)


PokerStars Hand #161373351155:  Hold'em Limit ($3/$6 USD) - 2016/11/13 23:31:08 ET
Table 'Moultona' 6-max Seat #6 is the button
Seat 5: GoliafUa ($184.50 in chips)
Seat 6: Swiltz ($35.35 in chips)
Swiltz: posts small blind $1
GoliafUa: posts big blind $3
*** HOLE CARDS ***
Swiltz: raises $3 to $6
GoliafUa: calls $3
*** FLOP *** [Kd 2c 4c]
GoliafUa: checks
Swiltz: checks
*** TURN *** [Kd 2c 4c] [7d]
GoliafUa: checks
Swiltz: bets $6
GoliafUa: folds
Uncalled bet ($6) returned to Swiltz
Swiltz collected $11.76 from pot
Swiltz: doesn't show hand
*** SUMMARY ***
Total pot $12 | Rake $0.24
Board [Kd 2c 4c 7d]
Seat 5: GoliafUa (big blind) folded on the Turn
Seat 6: Swiltz (button) (small blind) collected ($11.76)


PokerStars Hand #161373346068:  Hold'em Limit ($3/$6 USD) - 2016/11/13 23:30:48 ET
Table 'Moultona' 6-max Seat #5 is the button
Seat 5: GoliafUa ($152 in chips)
Seat 6: Swiltz ($68.35 in chips)
GoliafUa: posts small blind $1
Swiltz: posts big blind $3
*** HOLE CARDS ***
GoliafUa: raises $3 to $6
Swiltz: raises $3 to $9
GoliafUa: raises $3 to $12
Betting is capped
Swiltz: calls $3
*** FLOP *** [Qc 2d Ks]
Swiltz: bets $3
GoliafUa: calls $3
*** TURN *** [Qc 2d Ks] [6h]
Swiltz: bets $6
GoliafUa: raises $6 to $12
Swiltz: calls $6
*** RIVER *** [Qc 2d Ks 6h] [8h]
Swiltz: checks
GoliafUa: bets $6
Swiltz: calls $6
*** SHOW DOWN ***
GoliafUa: shows [Kh Kc] (three of a kind, Kings)
Swiltz: mucks hand
GoliafUa collected $65.50 from pot
*** SUMMARY ***
Total pot $66 | Rake $0.50
Board [Qc 2d Ks 6h 8h]
Seat 5: GoliafUa (button) (small blind) showed [Kh Kc] and won ($65.50) with three of a kind, Kings
Seat 6: Swiltz (big blind) mucked


PokerStars Hand #161373342527:  Hold'em Limit ($3/$6 USD) - 2016/11/13 23:30:35 ET
Table 'Moultona' 6-max Seat #6 is the button
Seat 5: GoliafUa ($137.50 in chips)
Seat 6: Swiltz ($83.35 in chips)
Swiltz: posts small blind $1
GoliafUa: posts big blind $3
*** HOLE CARDS ***
Swiltz: raises $3 to $6
GoliafUa: calls $3
*** FLOP *** [Jc 9d Qc]
GoliafUa: checks
Swiltz: bets $3
GoliafUa: calls $3
*** TURN *** [Jc 9d Qc] [8c]
GoliafUa: checks
Swiltz: bets $6
GoliafUa: calls $6
*** RIVER *** [Jc 9d Qc 8c] [Qs]
GoliafUa: checks
Swiltz: checks
*** SHOW DOWN ***
GoliafUa: shows [5d 9c] (two pair, Queens and Nines)
Swiltz: mucks hand
GoliafUa collected $29.50 from pot
*** SUMMARY ***
Total pot $30 | Rake $0.50
Board [Jc 9d Qc 8c Qs]
Seat 5: GoliafUa (big blind) showed [5d 9c] and won ($29.50) with two pair, Queens and Nines
Seat 6: Swiltz (button) (small blind) mucked


PokerStars Hand #161373340963:  Hold'em Limit ($3/$6 USD) - 2016/11/13 23:30:29 ET
Table 'Moultona' 6-max Seat #5 is the button
Seat 5: GoliafUa ($134.50 in chips)
Seat 6: Swiltz ($86.35 in chips)
GoliafUa: posts small blind $1
Swiltz: posts big blind $3
*** HOLE CARDS ***
GoliafUa: raises $3 to $6
Swiltz: folds
Uncalled bet ($3) returned to GoliafUa
GoliafUa collected $6 from pot
GoliafUa: doesn't show hand
*** SUMMARY ***
Total pot $6 | Rake $0
Seat 5: GoliafUa (button) (small blind) collected ($6)
Seat 6: Swiltz (big blind) folded before Flop


PokerStars Hand #161373339472:  Hold'em Limit ($3/$6 USD) - 2016/11/13 23:30:23 ET
Table 'Moultona' 6-max Seat #6 is the button
Seat 5: GoliafUa ($137.50 in chips)
Seat 6: Swiltz ($83.35 in chips)
Swiltz: posts small blind $1
GoliafUa: posts big blind $3
*** HOLE CARDS ***
Swiltz: raises $3 to $6
GoliafUa: folds
Uncalled bet ($3) returned to Swiltz
Swiltz collected $6 from pot
Swiltz: doesn't show hand
*** SUMMARY ***
Total pot $6 | Rake $0
Seat 5: GoliafUa (big blind) folded before Flop
Seat 6: Swiltz (button) (small blind) collected ($6)


PokerStars Hand #161373358975:  Hold'em Limit ($3/$6 USD) - 2016/11/13 23:31:38 ET
Table 'Moultona' 6-max Seat #6 is the button
Seat 5: GoliafUa ($211 in chips)
Seat 6: Swiltz ($8.11 in chips)
Swiltz: posts small blind $1
GoliafUa: posts big blind $3
*** HOLE CARDS ***
Swiltz: raises $3 to $6
GoliafUa: raises $3 to $9
Swiltz: calls $2.11 and is all-in
Uncalled bet ($0.89) returned to GoliafUa
*** FLOP *** [9h 6c 4s]
*** TURN *** [9h 6c 4s] [8h]
*** RIVER *** [9h 6c 4s 8h] [Ad]
*** SHOW DOWN ***
GoliafUa: shows [Ac Jh] (a pair of Aces)
Swiltz: shows [2s Qs] (high card Ace)
GoliafUa collected $15.90 from pot
Swiltz leaves the table
*** SUMMARY ***
Total pot $16.22 | Rake $0.32
Board [9h 6c 4s 8h Ad]
Seat 5: GoliafUa (big blind) showed [Ac Jh] and won ($15.90) with a pair of Aces
Seat 6: Swiltz (button) (small blind) showed [2s Qs] and lost with high card Ace


PokerStars Hand #161373354783:  Hold'em Limit ($3/$6 USD) - 2016/11/13 23:31:22 ET
Table 'Moultona' 6-max Seat #5 is the button
Seat 5: GoliafUa ($178.50 in chips)
Seat 6: Swiltz ($41.11 in chips)
GoliafUa: posts small blind $1
Swiltz: posts big blind $3
*** HOLE CARDS ***
GoliafUa: raises $3 to $6
Swiltz: raises $3 to $9
GoliafUa: raises $3 to $12
Betting is capped
Swiltz: calls $3
*** FLOP *** [Qc Qd 5s]
Swiltz: bets $3
GoliafUa: calls $3
*** TURN *** [Qc Qd 5s] [2s]
Swiltz: bets $6
GoliafUa: raises $6 to $12
Swiltz: calls $6
*** RIVER *** [Qc Qd 5s 2s] [3h]
Swiltz: bets $6
GoliafUa: calls $6
*** SHOW DOWN ***
Swiltz: shows [Js 7h] (a pair of Queens)
GoliafUa: shows [9h 9c] (two pair, Queens and Nines)
GoliafUa collected $65.50 from pot
*** SUMMARY ***
Total pot $66 | Rake $0.50
Board [Qc Qd 5s 2s 3h]
Seat 5: GoliafUa (button) (small blind) showed [9h 9c] and won ($65.50) with two pair, Queens and Nines
Seat 6: Swiltz (big blind) showed [Js 7h] and lost with a pair of Queens


