PokerStars Hand #176000185175:  Hold'em Limit ($3/$6 USD) - 2017/09/22 22:39:16 ET
Table 'Moultona' 6-max Seat #2 is the button
Seat 1: Zazi ($83.76 in chips)
Seat 2: Diegu34156 ($32 in chips)
Diegu34156: posts small blind $1
Zazi: posts big blind $3
*** HOLE CARDS ***
Diegu34156: folds
Uncalled bet ($2) returned to Zazi
Zazi collected $2 from pot
Zazi: doesn't show hand
*** SUMMARY ***
Total pot $2 | Rake $0
Seat 1: Zazi (big blind) collected ($2)
Seat 2: Diegu34156 (button) (small blind) folded before Flop


PokerStars Hand #176000181309:  Hold'em Limit ($3/$6 USD) - 2017/09/22 22:39:05 ET
Table 'Moultona' 6-max Seat #1 is the button
Seat 1: Zazi ($78 in chips)
Seat 2: Diegu34156 ($38 in chips)
Zazi: posts small blind $1
Diegu34156: posts big blind $3
*** HOLE CARDS ***
Zazi: raises $3 to $6
Diegu34156: calls $3
*** FLOP *** [9h Jc Td]
Diegu34156: checks
Zazi: bets $3
Diegu34156: folds
Uncalled bet ($3) returned to Zazi
Zazi collected $11.76 from pot
Zazi: doesn't show hand
*** SUMMARY ***
Total pot $12 | Rake $0.24
Board [9h Jc Td]
Seat 1: Zazi (button) (small blind) collected ($11.76)
Seat 2: Diegu34156 (big blind) folded on the Flop


PokerStars Hand #176000186733:  Hold'em Limit ($3/$6 USD) - 2017/09/22 22:39:20 ET
Table 'Moultona' 6-max Seat #1 is the button
Seat 1: Zazi ($84.76 in chips)
Seat 2: Diegu34156 ($31 in chips)
Zazi: posts small blind $1
Diegu34156: posts big blind $3
*** HOLE CARDS ***
Zazi: raises $3 to $6
Diegu34156: calls $3
*** FLOP *** [8h Js Ad]
Diegu34156: checks
Zazi: bets $3
Diegu34156: calls $3
*** TURN *** [8h Js Ad] [5h]
Diegu34156: checks
Zazi: bets $6
Diegu34156: calls $6
*** RIVER *** [8h Js Ad 5h] [7s]
Diegu34156: checks
Zazi: bets $6
Diegu34156: calls $6
*** SHOW DOWN ***
Zazi: shows [7c As] (two pair, Aces and Sevens)
Diegu34156: mucks hand
Zazi collected $41.50 from pot
*** SUMMARY ***
Total pot $42 | Rake $0.50
Board [8h Js Ad 5h 7s]
Seat 1: Zazi (button) (small blind) showed [7c As] and won ($41.50) with two pair, Aces and Sevens
Seat 2: Diegu34156 (big blind) mucked


PokerStars Hand #176000196048:  Hold'em Limit ($3/$6 USD) - 2017/09/22 22:39:48 ET
Table 'Moultona' 6-max Seat #1 is the button
Seat 1: Zazi ($95.26 in chips)
Seat 2: Diegu34156 ($19.60 in chips)
Zazi: posts small blind $1
Diegu34156: posts big blind $3
*** HOLE CARDS ***
Zazi: folds
Uncalled bet ($2) returned to Diegu34156
Diegu34156 collected $2 from pot
Diegu34156: doesn't show hand
*** SUMMARY ***
Total pot $2 | Rake $0
Seat 1: Zazi (button) (small blind) folded before Flop
Seat 2: Diegu34156 (big blind) collected ($2)


PokerStars Hand #176000191550:  Hold'em Limit ($3/$6 USD) - 2017/09/22 22:39:35 ET
Table 'Moultona' 6-max Seat #2 is the button
Seat 1: Zazi ($105.26 in chips)
Seat 2: Diegu34156 ($10 in chips)
Diegu34156: posts small blind $1
Zazi: posts big blind $3
*** HOLE CARDS ***
Diegu34156: raises $3 to $6
Zazi: raises $3 to $9
Diegu34156: raises $1 to $10 and is all-in
Betting is capped
Zazi: calls $1
PrayFTR joins the table at seat #3
*** FLOP *** [5d 2h Kh]
*** TURN *** [5d 2h Kh] [5h]
*** RIVER *** [5d 2h Kh 5h] [8c]
*** SHOW DOWN ***
Zazi: shows [Jh 9d] (a pair of Fives)
Diegu34156: shows [Ah 9h] (a flush, Ace high)
Diegu34156 collected $19.60 from pot
*** SUMMARY ***
Total pot $20 | Rake $0.40
Board [5d 2h Kh 5h 8c]
Seat 1: Zazi (big blind) showed [Jh 9d] and lost with a pair of Fives
Seat 2: Diegu34156 (button) (small blind) showed [Ah 9h] and won ($19.60) with a flush, Ace high


PokerStars Hand #176000219635:  Hold'em Limit ($3/$6 USD) - 2017/09/22 22:40:58 ET
Table 'Moultona' 6-max Seat #3 is the button
Seat 1: Zazi ($99.76 in chips)
Seat 3: PrayFTR ($132.73 in chips)
PrayFTR: posts small blind $1
Zazi: posts big blind $3
*** HOLE CARDS ***
PrayFTR: folds
Uncalled bet ($2) returned to Zazi
Zazi collected $2 from pot
Zazi: doesn't show hand
*** SUMMARY ***
Total pot $2 | Rake $0
Seat 1: Zazi (big blind) collected ($2)
Seat 3: PrayFTR (button) (small blind) folded before Flop


PokerStars Hand #176000212535:  Hold'em Limit ($3/$6 USD) - 2017/09/22 22:40:37 ET
Table 'Moultona' 6-max Seat #1 is the button
Seat 1: Zazi ($76.26 in chips)
Seat 3: PrayFTR ($156.73 in chips)
Zazi: posts small blind $1
PrayFTR: posts big blind $3
*** HOLE CARDS ***
Zazi: raises $3 to $6
PrayFTR: calls $3
*** FLOP *** [9d Tc 6d]
PrayFTR: checks
Zazi: bets $3
PrayFTR: raises $3 to $6
Zazi: calls $3
*** TURN *** [9d Tc 6d] [Qc]
PrayFTR: checks
Zazi: bets $6
PrayFTR: calls $6
*** RIVER *** [9d Tc 6d Qc] [8c]
PrayFTR: checks
Zazi: bets $6
PrayFTR: calls $6
*** SHOW DOWN ***
Zazi: shows [Qs 4s] (a pair of Queens)
PrayFTR: mucks hand
Zazi collected $47.50 from pot
*** SUMMARY ***
Total pot $48 | Rake $0.50
Board [9d Tc 6d Qc 8c]
Seat 1: Zazi (button) (small blind) showed [Qs 4s] and won ($47.50) with a pair of Queens
Seat 3: PrayFTR (big blind) mucked


PokerStars Hand #176001805253:  Hold'em Limit ($3/$6 USD) - 2017/09/23 0:07:55 ET
Table 'Moultona' 6-max Seat #6 is the button
Seat 5: VolkovDmitri ($332.58 in chips)
Seat 6: 0707991 ($102.29 in chips)
0707991: posts small blind $1
VolkovDmitri: posts big blind $3
*** HOLE CARDS ***
0707991: folds
Uncalled bet ($2) returned to VolkovDmitri
VolkovDmitri collected $2 from pot
VolkovDmitri: doesn't show hand
*** SUMMARY ***
Total pot $2 | Rake $0
Seat 5: VolkovDmitri (big blind) collected ($2)
Seat 6: 0707991 (button) (small blind) folded before Flop


PokerStars Hand #176001807606:  Hold'em Limit ($3/$6 USD) - 2017/09/23 0:08:03 ET
Table 'Moultona' 6-max Seat #5 is the button
Seat 5: VolkovDmitri ($333.58 in chips)
Seat 6: 0707991 ($101.29 in chips)
VolkovDmitri: posts small blind $1
0707991: posts big blind $3
*** HOLE CARDS ***
VolkovDmitri: raises $3 to $6
0707991: calls $3
*** FLOP *** [2c Ac 9h]
0707991: bets $3
VolkovDmitri: calls $3
*** TURN *** [2c Ac 9h] [Ks]
0707991: checks
VolkovDmitri: bets $6
0707991: calls $6
*** RIVER *** [2c Ac 9h Ks] [7h]
0707991: checks
VolkovDmitri: bets $6
0707991: folds
Uncalled bet ($6) returned to VolkovDmitri
VolkovDmitri collected $29.50 from pot
VolkovDmitri: doesn't show hand
*** SUMMARY ***
Total pot $30 | Rake $0.50
Board [2c Ac 9h Ks 7h]
Seat 5: VolkovDmitri (button) (small blind) collected ($29.50)
Seat 6: 0707991 (big blind) folded on the River


PokerStars Hand #176001839367:  Hold'em Limit ($3/$6 USD) - 2017/09/23 0:09:59 ET
Table 'Moultona' 6-max Seat #5 is the button
Seat 5: VolkovDmitri ($353.84 in chips)
Seat 6: 0707991 ($80.29 in chips)
VolkovDmitri: posts small blind $1
0707991: posts big blind $3
*** HOLE CARDS ***
VolkovDmitri: folds
Uncalled bet ($2) returned to 0707991
0707991 collected $2 from pot
0707991: doesn't show hand
*** SUMMARY ***
Total pot $2 | Rake $0
Seat 5: VolkovDmitri (button) (small blind) folded before Flop
Seat 6: 0707991 (big blind) collected ($2)


PokerStars Hand #176001833147:  Hold'em Limit ($3/$6 USD) - 2017/09/23 0:09:36 ET
Table 'Moultona' 6-max Seat #6 is the button
Seat 5: VolkovDmitri ($348.08 in chips)
Seat 6: 0707991 ($86.29 in chips)
0707991: posts small blind $1
VolkovDmitri: posts big blind $3
*** HOLE CARDS ***
0707991: calls $2
VolkovDmitri: raises $3 to $6
0707991: calls $3
*** FLOP *** [Ah 5d Kh]
VolkovDmitri: bets $3
0707991: folds
Uncalled bet ($3) returned to VolkovDmitri
VolkovDmitri collected $11.76 from pot
VolkovDmitri: doesn't show hand
*** SUMMARY ***
Total pot $12 | Rake $0.24
Board [Ah 5d Kh]
Seat 5: VolkovDmitri (big blind) collected ($11.76)
Seat 6: 0707991 (button) (small blind) folded on the Flop


PokerStars Hand #176001841677:  Hold'em Limit ($3/$6 USD) - 2017/09/23 0:10:07 ET
Table 'Moultona' 6-max Seat #6 is the button
Seat 5: VolkovDmitri ($352.84 in chips)
Seat 6: 0707991 ($81.29 in chips)
0707991: posts small blind $1
VolkovDmitri: posts big blind $3
*** HOLE CARDS ***
0707991: raises $3 to $6
VolkovDmitri: calls $3
*** FLOP *** [3h 9d 4s]
VolkovDmitri: checks
0707991: bets $3
VolkovDmitri: calls $3
*** TURN *** [3h 9d 4s] [5c]
VolkovDmitri: checks
0707991: bets $6
VolkovDmitri: calls $6
*** RIVER *** [3h 9d 4s 5c] [5h]
VolkovDmitri: checks
0707991: bets $6
VolkovDmitri: raises $6 to $12
0707991: raises $6 to $18
VolkovDmitri: calls $6
*** SHOW DOWN ***
0707991: shows [7c 7s] (two pair, Sevens and Fives)
VolkovDmitri: shows [Tc 5s] (three of a kind, Fives)
VolkovDmitri collected $65.50 from pot
*** SUMMARY ***
Total pot $66 | Rake $0.50
Board [3h 9d 4s 5c 5h]
Seat 5: VolkovDmitri (big blind) showed [Tc 5s] and won ($65.50) with three of a kind, Fives
Seat 6: 0707991 (button) (small blind) showed [7c 7s] and lost with two pair, Sevens and Fives


PokerStars Hand #176001860373:  Hold'em Limit ($3/$6 USD) - 2017/09/23 0:11:17 ET
Table 'Moultona' 6-max Seat #5 is the button
Seat 5: VolkovDmitri ($385.34 in chips)
Seat 6: 0707991 ($48.29 in chips)
VolkovDmitri: posts small blind $1
0707991: posts big blind $3
*** HOLE CARDS ***
VolkovDmitri: raises $3 to $6
0707991: folds
Uncalled bet ($3) returned to VolkovDmitri
VolkovDmitri collected $6 from pot
VolkovDmitri: doesn't show hand
*** SUMMARY ***
Total pot $6 | Rake $0
Seat 5: VolkovDmitri (button) (small blind) collected ($6)
Seat 6: 0707991 (big blind) folded before Flop


PokerStars Hand #176001867428:  Hold'em Limit ($3/$6 USD) - 2017/09/23 0:11:43 ET
Table 'Moultona' 6-max Seat #6 is the button
Seat 5: VolkovDmitri ($388.34 in chips)
Seat 6: 0707991 ($45.29 in chips)
0707991: posts small blind $1
VolkovDmitri: posts big blind $3
*** HOLE CARDS ***
0707991: raises $3 to $6
VolkovDmitri: calls $3
*** FLOP *** [9h 9d 8h]
VolkovDmitri: checks
0707991: bets $3
VolkovDmitri: raises $3 to $6
0707991: calls $3
*** TURN *** [9h 9d 8h] [3d]
VolkovDmitri: bets $6
0707991: calls $6
*** RIVER *** [9h 9d 8h 3d] [Ks]
VolkovDmitri: checks
0707991: bets $6
VolkovDmitri: calls $6
*** SHOW DOWN ***
0707991: shows [2h 5c] (a pair of Nines)
VolkovDmitri: shows [Jc 8c] (two pair, Nines and Eights)
VolkovDmitri collected $47.50 from pot
*** SUMMARY ***
Total pot $48 | Rake $0.50
Board [9h 9d 8h 3d Ks]
Seat 5: VolkovDmitri (big blind) showed [Jc 8c] and won ($47.50) with two pair, Nines and Eights
Seat 6: 0707991 (button) (small blind) showed [2h 5c] and lost with a pair of Nines


PokerStars Hand #176001882185:  Hold'em Limit ($3/$6 USD) - 2017/09/23 0:12:37 ET
Table 'Moultona' 6-max Seat #5 is the button
Seat 5: VolkovDmitri ($411.84 in chips)
Seat 6: 0707991 ($21.29 in chips)
VolkovDmitri: posts small blind $1
0707991: posts big blind $3
*** HOLE CARDS ***
VolkovDmitri: raises $3 to $6
0707991: raises $3 to $9
VolkovDmitri: raises $3 to $12
Betting is capped
0707991: calls $3
*** FLOP *** [8d 6c Kd]
0707991: bets $3
VolkovDmitri: calls $3
*** TURN *** [8d 6c Kd] [7s]
0707991: bets $6
VolkovDmitri: calls $6
*** RIVER *** [8d 6c Kd 7s] [Qs]
0707991: checks
VolkovDmitri: bets $6
0707991: calls $0.29 and is all-in
Uncalled bet ($5.71) returned to VolkovDmitri
*** SHOW DOWN ***
VolkovDmitri: shows [Tc Td] (a pair of Tens)
0707991: shows [5h 5s] (a pair of Fives)
VolkovDmitri collected $42.08 from pot
*** SUMMARY ***
Total pot $42.58 | Rake $0.50
Board [8d 6c Kd 7s Qs]
Seat 5: VolkovDmitri (button) (small blind) showed [Tc Td] and won ($42.08) with a pair of Tens
Seat 6: 0707991 (big blind) showed [5h 5s] and lost with a pair of Fives


