PokerStars Hand #153156996429:  Hold'em Limit ($3/$6 USD) - 2016/05/11 9:12:53 ET
Table 'Mourao II' 6-max Seat #3 is the button
Seat 3: vitamin168 ($120 in chips)
Seat 5: krossguard ($120 in chips)
vitamin168: posts small blind $1
krossguard: posts big blind $3
*** HOLE CARDS ***
vitamin168: raises $3 to $6
krossguard: calls $3
*** FLOP *** [Js 5c Kd]
krossguard: checks
vitamin168: checks
*** TURN *** [Js 5c Kd] [7c]
krossguard: bets $6
vitamin168: calls $6
*** RIVER *** [Js 5c Kd 7c] [Ah]
krossguard: checks
vitamin168: checks
*** SHOW DOWN ***
krossguard: shows [8c Jh] (a pair of Jacks)
vitamin168: mucks hand
krossguard collected $23.52 from pot
*** SUMMARY ***
Total pot $24 | Rake $0.48
Board [Js 5c Kd 7c Ah]
Seat 3: vitamin168 (button) (small blind) mucked
Seat 5: krossguard (big blind) showed [8c Jh] and won ($23.52) with a pair of Jacks


PokerStars Hand #153157004618:  Hold'em Limit ($3/$6 USD) - 2016/05/11 9:13:08 ET
Table 'Mourao II' 6-max Seat #5 is the button
Seat 3: vitamin168 ($108 in chips)
Seat 5: krossguard ($131.52 in chips)
krossguard: posts small blind $1
vitamin168: posts big blind $3
*** HOLE CARDS ***
krossguard: raises $3 to $6
vitamin168: calls $3
*** FLOP *** [Qc Tc 9s]
vitamin168: checks
krossguard: bets $3
vitamin168: calls $3
*** TURN *** [Qc Tc 9s] [Qh]
vitamin168: checks
krossguard: bets $6
vitamin168: calls $6
*** RIVER *** [Qc Tc 9s Qh] [Jc]
vitamin168: checks
krossguard: checks
*** SHOW DOWN ***
vitamin168: shows [Ac 2d] (a pair of Queens)
krossguard: shows [Jh 7d] (two pair, Queens and Jacks)
krossguard collected $29.50 from pot
*** SUMMARY ***
Total pot $30 | Rake $0.50
Board [Qc Tc 9s Qh Jc]
Seat 3: vitamin168 (big blind) showed [Ac 2d] and lost with a pair of Queens
Seat 5: krossguard (button) (small blind) showed [Jh 7d] and won ($29.50) with two pair, Queens and Jacks


PokerStars Hand #153157015291:  Hold'em Limit ($3/$6 USD) - 2016/05/11 9:13:27 ET
Table 'Mourao II' 6-max Seat #3 is the button
Seat 3: vitamin168 ($93 in chips)
Seat 5: krossguard ($146.02 in chips)
vitamin168: posts small blind $1
krossguard: posts big blind $3
*** HOLE CARDS ***
vitamin168: raises $3 to $6
krossguard: calls $3
*** FLOP *** [Ac 7s 7c]
krossguard: checks
vitamin168: bets $3
krossguard: calls $3
*** TURN *** [Ac 7s 7c] [4d]
krossguard: checks
vitamin168: checks
*** RIVER *** [Ac 7s 7c 4d] [2s]
krossguard: bets $6
vitamin168: calls $6
*** SHOW DOWN ***
krossguard: shows [5c 7h] (three of a kind, Sevens)
vitamin168: mucks hand
krossguard collected $29.50 from pot
*** SUMMARY ***
Total pot $30 | Rake $0.50
Board [Ac 7s 7c 4d 2s]
Seat 3: vitamin168 (button) (small blind) mucked
Seat 5: krossguard (big blind) showed [5c 7h] and won ($29.50) with three of a kind, Sevens


PokerStars Hand #153157024336:  Hold'em Limit ($3/$6 USD) - 2016/05/11 9:13:44 ET
Table 'Mourao II' 6-max Seat #5 is the button
Seat 3: vitamin168 ($78 in chips)
Seat 5: krossguard ($160.52 in chips)
krossguard: posts small blind $1
vitamin168: posts big blind $3
*** HOLE CARDS ***
krossguard: raises $3 to $6
vitamin168: raises $3 to $9
krossguard: calls $3
*** FLOP *** [9s As 7h]
vitamin168: bets $3
krossguard: calls $3
*** TURN *** [9s As 7h] [Qc]
vitamin168: checks
krossguard: bets $6
vitamin168: calls $6
*** RIVER *** [9s As 7h Qc] [5h]
vitamin168: checks
krossguard: bets $6
vitamin168: calls $6
*** SHOW DOWN ***
krossguard: shows [Qs 3h] (a pair of Queens)
vitamin168: shows [Kc Qh] (a pair of Queens - Ace+King kicker)
vitamin168 collected $47.50 from pot
*** SUMMARY ***
Total pot $48 | Rake $0.50
Board [9s As 7h Qc 5h]
Seat 3: vitamin168 (big blind) showed [Kc Qh] and won ($47.50) with a pair of Queens
Seat 5: krossguard (button) (small blind) showed [Qs 3h] and lost with a pair of Queens


PokerStars Hand #153157033975:  Hold'em Limit ($3/$6 USD) - 2016/05/11 9:14:01 ET
Table 'Mourao II' 6-max Seat #3 is the button
Seat 3: vitamin168 ($101.50 in chips)
Seat 5: krossguard ($136.52 in chips)
vitamin168: posts small blind $1
krossguard: posts big blind $3
*** HOLE CARDS ***
vitamin168: raises $3 to $6
krossguard: raises $3 to $9
vitamin168: calls $3
*** FLOP *** [2c 3h Qd]
krossguard: bets $3
vitamin168: folds
Uncalled bet ($3) returned to krossguard
krossguard collected $17.64 from pot
krossguard: doesn't show hand
*** SUMMARY ***
Total pot $18 | Rake $0.36
Board [2c 3h Qd]
Seat 3: vitamin168 (button) (small blind) folded on the Flop
Seat 5: krossguard (big blind) collected ($17.64)


PokerStars Hand #153157038942:  Hold'em Limit ($3/$6 USD) - 2016/05/11 9:14:10 ET
Table 'Mourao II' 6-max Seat #5 is the button
Seat 3: vitamin168 ($92.50 in chips)
Seat 5: krossguard ($145.16 in chips)
krossguard: posts small blind $1
vitamin168: posts big blind $3
*** HOLE CARDS ***
krossguard: raises $3 to $6
vitamin168: calls $3
*** FLOP *** [5d Ah 3s]
vitamin168: checks
krossguard: bets $3
vitamin168: raises $3 to $6
krossguard: calls $3
*** TURN *** [5d Ah 3s] [Qs]
vitamin168: checks
krossguard: bets $6
vitamin168: folds
Uncalled bet ($6) returned to krossguard
krossguard collected $23.52 from pot
krossguard: doesn't show hand
*** SUMMARY ***
Total pot $24 | Rake $0.48
Board [5d Ah 3s Qs]
Seat 3: vitamin168 (big blind) folded on the Turn
Seat 5: krossguard (button) (small blind) collected ($23.52)


