PokerStars Hand #149571663205:  Hold'em Limit ($3/$6 USD) - 2016/02/28 14:13:58 ET
Table 'Mourao' 6-max Seat #6 is the button
Seat 5: Eklund_1891 ($80 in chips)
Seat 6: kolaz03 ($94.74 in chips)
kolaz03: posts small blind $1
Eklund_1891: posts big blind $3
*** HOLE CARDS ***
kolaz03: folds
Uncalled bet ($2) returned to Eklund_1891
Eklund_1891 collected $2 from pot
Eklund_1891: doesn't show hand
*** SUMMARY ***
Total pot $2 | Rake $0
Seat 5: Eklund_1891 (big blind) collected ($2)
Seat 6: kolaz03 (button) (small blind) folded before Flop


PokerStars Hand #149571657665:  Hold'em Limit ($3/$6 USD) - 2016/02/28 14:13:53 ET
Table 'Mourao' 6-max Seat #5 is the button
Seat 5: Eklund_1891 ($81 in chips)
Seat 6: kolaz03 ($93.74 in chips)
Eklund_1891: posts small blind $1
kolaz03: posts big blind $3
*** HOLE CARDS ***
Eklund_1891: folds
Uncalled bet ($2) returned to kolaz03
kolaz03 collected $2 from pot
kolaz03: doesn't show hand
*** SUMMARY ***
Total pot $2 | Rake $0
Seat 5: Eklund_1891 (button) (small blind) folded before Flop
Seat 6: kolaz03 (big blind) collected ($2)


PokerStars Hand #149571645989:  Hold'em Limit ($3/$6 USD) - 2016/02/28 14:13:42 ET
Table 'Mourao' 6-max Seat #6 is the button
Seat 5: Eklund_1891 ($84 in chips)
Seat 6: kolaz03 ($90.74 in chips)
kolaz03: posts small blind $1
Eklund_1891: posts big blind $3
*** HOLE CARDS ***
VolkovDmitri leaves the table
kolaz03: raises $3 to $6
Eklund_1891: folds
Uncalled bet ($3) returned to kolaz03
kolaz03 collected $6 from pot
kolaz03: doesn't show hand
*** SUMMARY ***
Total pot $6 | Rake $0
Seat 5: Eklund_1891 (big blind) folded before Flop
Seat 6: kolaz03 (button) (small blind) collected ($6)


PokerStars Hand #149571672145:  Hold'em Limit ($3/$6 USD) - 2016/02/28 14:14:06 ET
Table 'Mourao' 6-max Seat #5 is the button
Seat 5: Eklund_1891 ($81 in chips)
Seat 6: kolaz03 ($93.74 in chips)
Eklund_1891: posts small blind $1
kolaz03: posts big blind $3
*** HOLE CARDS ***
Eklund_1891: raises $3 to $6
kolaz03: raises $3 to $9
Eklund_1891: calls $3
*** FLOP *** [8s 2h 6s]
kolaz03: bets $3
Eklund_1891: calls $3
*** TURN *** [8s 2h 6s] [Ks]
kolaz03: bets $6
Eklund_1891: calls $6
*** RIVER *** [8s 2h 6s Ks] [Ah]
kolaz03: checks
Azrarn joins the table at seat #1
Eklund_1891: checks
*** SHOW DOWN ***
kolaz03: shows [7d 6d] (a pair of Sixes)
Eklund_1891: mucks hand
kolaz03 collected $35.50 from pot
*** SUMMARY ***
Total pot $36 | Rake $0.50
Board [8s 2h 6s Ks Ah]
Seat 5: Eklund_1891 (button) (small blind) mucked
Seat 6: kolaz03 (big blind) showed [7d 6d] and won ($35.50) with a pair of Sixes


PokerStars Hand #149572298317:  Hold'em Limit ($3/$6 USD) - 2016/02/28 14:23:24 ET
Table 'Mourao' 6-max Seat #6 is the button
Seat 4: Andredias950 ($58.17 in chips)
Seat 6: kolaz03 ($72 in chips)
kolaz03: posts small blind $1
masterblstr8: is sitting out
Andredias950: posts big blind $3
*** HOLE CARDS ***
masterblstr8 leaves the table
kolaz03: raises $3 to $6
Andredias950: folds
Uncalled bet ($3) returned to kolaz03
kolaz03 collected $6 from pot
kolaz03: doesn't show hand
masterblstr8 joins the table at seat #5
*** SUMMARY ***
Total pot $6 | Rake $0
Seat 4: Andredias950 (big blind) folded before Flop
Seat 6: kolaz03 (button) (small blind) collected ($6)


