PokerStars Hand #169406374742:  Hold'em Limit ($3/$6 USD) - 2017/04/22 13:32:58 ET
Table 'Mourao' 10-max Seat #5 is the button
Seat 5: simper11 ($70.86 in chips)
Seat 10: HAOYUN88888 ($56.09 in chips)
simper11: posts small blind $1
HAOYUN88888: posts big blind $3
*** HOLE CARDS ***
simper11: raises $3 to $6
vestimokrec joins the table at seat #1
HAOYUN88888: calls $3
*** FLOP *** [Kc 2h 6h]
HAOYUN88888: checks
simper11: bets $3
HAOYUN88888: raises $3 to $6
simper11: folds
Uncalled bet ($3) returned to HAOYUN88888
HAOYUN88888 collected $17.64 from pot
HAOYUN88888: doesn't show hand
*** SUMMARY ***
Total pot $18 | Rake $0.36
Board [Kc 2h 6h]
Seat 5: simper11 (button) (small blind) folded on the Flop
Seat 10: HAOYUN88888 (big blind) collected ($17.64)


PokerStars Hand #169406414773:  Hold'em Limit ($3/$6 USD) - 2017/04/22 13:33:46 ET
Table 'Mourao' 10-max Seat #1 is the button
Seat 1: vestimokrec ($99 in chips)
Seat 10: HAOYUN88888 ($63.73 in chips)
vestimokrec: posts small blind $1
simper11: is sitting out
HAOYUN88888: posts big blind $3
*** HOLE CARDS ***
simper11 leaves the table
vestimokrec: raises $3 to $6
HAOYUN88888: calls $3
*** FLOP *** [Jd Kh Tc]
HAOYUN88888: checks
vestimokrec: bets $3
HAOYUN88888: calls $3
*** TURN *** [Jd Kh Tc] [2h]
HAOYUN88888: checks
vestimokrec: checks
*** RIVER *** [Jd Kh Tc 2h] [6h]
HAOYUN88888: bets $6
vestimokrec: calls $6
*** SHOW DOWN ***
HAOYUN88888: shows [8s Ac] (high card Ace)
vestimokrec: shows [6d 4d] (a pair of Sixes)
vestimokrec collected $29.50 from pot
*** SUMMARY ***
Total pot $30 | Rake $0.50
Board [Jd Kh Tc 2h 6h]
Seat 1: vestimokrec (button) (small blind) showed [6d 4d] and won ($29.50) with a pair of Sixes
Seat 10: HAOYUN88888 (big blind) showed [8s Ac] and lost with high card Ace


