PokerStars Hand #167455440203:  Hold'em Limit ($3/$6 USD) - 2017/03/11 18:29:06 ET
Table 'Mourao' 6-max Seat #4 is the button
Seat 3: slurpppy ($156.14 in chips)
Seat 4: GRAILKO ($161.50 in chips)
GRAILKO: posts small blind $1
slurpppy: posts big blind $3
*** HOLE CARDS ***
GRAILKO: raises $3 to $6
slurpppy: raises $3 to $9
GRAILKO: calls $3
*** FLOP *** [4c 3d Js]
slurpppy: bets $3
GRAILKO: calls $3
*** TURN *** [4c 3d Js] [3h]
slurpppy: bets $6
GRAILKO: folds
Uncalled bet ($6) returned to slurpppy
slurpppy collected $23.52 from pot
slurpppy: doesn't show hand
*** SUMMARY ***
Total pot $24 | Rake $0.48
Board [4c 3d Js 3h]
Seat 3: slurpppy (big blind) collected ($23.52)
Seat 4: GRAILKO (button) (small blind) folded on the Turn


PokerStars Hand #167455437161:  Hold'em Limit ($3/$6 USD) - 2017/03/11 18:29:02 ET
Table 'Mourao' 6-max Seat #3 is the button
Seat 3: slurpppy ($157.14 in chips)
Seat 4: GRAILKO ($160.50 in chips)
slurpppy: posts small blind $1
GRAILKO: posts big blind $3
*** HOLE CARDS ***
slurpppy: folds
Uncalled bet ($2) returned to GRAILKO
GRAILKO collected $2 from pot
GRAILKO: doesn't show hand
*** SUMMARY ***
Total pot $2 | Rake $0
Seat 3: slurpppy (button) (small blind) folded before Flop
Seat 4: GRAILKO (big blind) collected ($2)


PokerStars Hand #167455425537:  Hold'em Limit ($3/$6 USD) - 2017/03/11 18:28:45 ET
Table 'Mourao' 6-max Seat #4 is the button
Seat 3: slurpppy ($133.64 in chips)
Seat 4: GRAILKO ($184.50 in chips)
GRAILKO: posts small blind $1
slurpppy: posts big blind $3
*** HOLE CARDS ***
GRAILKO: raises $3 to $6
slurpppy: calls $3
*** FLOP *** [3s 5c 9s]
slurpppy: checks
GRAILKO: bets $3
slurpppy: raises $3 to $6
GRAILKO: calls $3
*** TURN *** [3s 5c 9s] [3h]
slurpppy: bets $6
GRAILKO: calls $6
*** RIVER *** [3s 5c 9s 3h] [8c]
slurpppy: bets $6
GRAILKO: calls $6
*** SHOW DOWN ***
slurpppy: shows [5s 8s] (two pair, Eights and Fives)
GRAILKO: mucks hand
slurpppy collected $47.50 from pot
*** SUMMARY ***
Total pot $48 | Rake $0.50
Board [3s 5c 9s 3h 8c]
Seat 3: slurpppy (big blind) showed [5s 8s] and won ($47.50) with two pair, Eights and Fives
Seat 4: GRAILKO (button) (small blind) mucked


PokerStars Hand #167455449370:  Hold'em Limit ($3/$6 USD) - 2017/03/11 18:29:19 ET
Table 'Mourao' 6-max Seat #3 is the button
Seat 3: slurpppy ($167.66 in chips)
Seat 4: GRAILKO ($149.50 in chips)
slurpppy: posts small blind $1
GRAILKO: posts big blind $3
*** HOLE CARDS ***
Brama Br joins the table at seat #6
slurpppy: calls $2
GRAILKO: checks
*** FLOP *** [Ad 3h Jh]
GRAILKO: bets $3
slurpppy: calls $3
*** TURN *** [Ad 3h Jh] [As]
GRAILKO: checks
doppelff joins the table at seat #1
slurpppy: bets $6
GRAILKO: calls $6
*** RIVER *** [Ad 3h Jh As] [4c]
GRAILKO: checks
slurpppy: bets $6
GRAILKO: calls $6
*** SHOW DOWN ***
slurpppy: shows [7s Ts] (a pair of Aces)
GRAILKO: shows [2d 3s] (two pair, Aces and Threes)
GRAILKO collected $35.50 from pot
*** SUMMARY ***
Total pot $36 | Rake $0.50
Board [Ad 3h Jh As 4c]
Seat 3: slurpppy (button) (small blind) showed [7s Ts] and lost with a pair of Aces
Seat 4: GRAILKO (big blind) showed [2d 3s] and won ($35.50) with two pair, Aces and Threes


PokerStars Hand #167455856984:  Hold'em Limit ($3/$6 USD) - 2017/03/11 18:39:06 ET
Table 'Mourao' 6-max Seat #4 is the button
Seat 3: slurpppy ($77.30 in chips)
Seat 4: GRAILKO ($216.65 in chips)
GRAILKO: posts small blind $1
slurpppy: posts big blind $3
*** HOLE CARDS ***
GRAILKO: raises $3 to $6
slurpppy: calls $3
*** FLOP *** [5h 4d 5s]
slurpppy: checks
GRAILKO: bets $3
slurpppy: calls $3
*** TURN *** [5h 4d 5s] [7d]
A.Ho||er joins the table at seat #2
slurpppy: checks
GRAILKO: bets $6
slurpppy: raises $6 to $12
GRAILKO: calls $6
*** RIVER *** [5h 4d 5s 7d] [Kh]
slurpppy: bets $6
GRAILKO: calls $6
*** SHOW DOWN ***
slurpppy: shows [3d 6h] (a straight, Three to Seven)
GRAILKO: mucks hand
slurpppy collected $53.50 from pot
*** SUMMARY ***
Total pot $54 | Rake $0.50
Board [5h 4d 5s 7d Kh]
Seat 3: slurpppy (big blind) showed [3d 6h] and won ($53.50) with a straight, Three to Seven
Seat 4: GRAILKO (button) (small blind) mucked


PokerStars Hand #167455869690:  Hold'em Limit ($3/$6 USD) - 2017/03/11 18:39:25 ET
Table 'Mourao' 6-max Seat #3 is the button
Seat 3: slurpppy ($103.80 in chips)
Seat 4: GRAILKO ($189.65 in chips)
slurpppy: posts small blind $1
GRAILKO: posts big blind $3
*** HOLE CARDS ***
slurpppy: raises $3 to $6
GRAILKO: raises $3 to $9
slurpppy: calls $3
*** FLOP *** [5s 8c 7c]
tttzzz joins the table at seat #6
GRAILKO: bets $3
slurpppy: calls $3
*** TURN *** [5s 8c 7c] [6s]
GRAILKO: checks
slurpppy: bets $6
GRAILKO: calls $6
*** RIVER *** [5s 8c 7c 6s] [Kc]
GRAILKO: checks
slurpppy: checks
*** SHOW DOWN ***
GRAILKO: shows [Td Ts] (a pair of Tens)
slurpppy: mucks hand
GRAILKO collected $35.50 from pot
*** SUMMARY ***
Total pot $36 | Rake $0.50
Board [5s 8c 7c 6s Kc]
Seat 3: slurpppy (button) (small blind) mucked
Seat 4: GRAILKO (big blind) showed [Td Ts] and won ($35.50) with a pair of Tens


