PokerStars Hand #144306897317:  Hold'em Limit ($3/$6 USD) - 2015/11/24 7:43:10 ET
Table 'Mrkos' 6-max Seat #5 is the button
Seat 4: MTails ($123 in chips)
Seat 5: Fabulous108 ($117 in chips)
Fabulous108: posts small blind $1
MTails: posts big blind $3
*** HOLE CARDS ***
Fabulous108: raises $3 to $6
MTails: raises $3 to $9
Fabulous108: calls $3
*** FLOP *** [Qs 5c 8h]
72bestcard joins the table at seat #6
MTails: bets $3
Fabulous108: calls $3
*** TURN *** [Qs 5c 8h] [8s]
MTails: bets $6
Fabulous108: folds
Uncalled bet ($6) returned to MTails
MTails collected $23.52 from pot
MTails: doesn't show hand
*** SUMMARY ***
Total pot $24 | Rake $0.48
Board [Qs 5c 8h 8s]
Seat 4: MTails (big blind) collected ($23.52)
Seat 5: Fabulous108 (button) (small blind) folded on the Turn


PokerStars Hand #144306905388:  Hold'em Limit ($3/$6 USD) - 2015/11/24 7:43:26 ET
Table 'Mrkos' 6-max Seat #4 is the button
Seat 4: MTails ($134.52 in chips)
Seat 5: Fabulous108 ($105 in chips)
MTails: posts small blind $1
Fabulous108: posts big blind $3
*** HOLE CARDS ***
MTails: raises $3 to $6
Fabulous108: raises $3 to $9
MTails: calls $3
*** FLOP *** [6d 7s Jd]
Fabulous108: bets $3
MTails: calls $3
*** TURN *** [6d 7s Jd] [Qh]
Fabulous108: bets $6
MTails: raises $6 to $12
Fabulous108: calls $6
*** RIVER *** [6d 7s Jd Qh] [Qs]
Fabulous108: checks
MTails: bets $6
Fabulous108: folds
Uncalled bet ($6) returned to MTails
MTails collected $47.50 from pot
*** SUMMARY ***
Total pot $48 | Rake $0.50
Board [6d 7s Jd Qh Qs]
Seat 4: MTails (button) (small blind) collected ($47.50)
Seat 5: Fabulous108 (big blind) folded on the River


PokerStars Hand #144306984971:  Hold'em Limit ($3/$6 USD) - 2015/11/24 7:45:59 ET
Table 'Mrkos' 6-max Seat #6 is the button
Seat 5: Fabulous108 ($74.74 in chips)
Seat 6: 72bestcard ($80.28 in chips)
72bestcard: posts small blind $1
MTails: is sitting out
Fabulous108: posts big blind $3
*** HOLE CARDS ***
72bestcard: raises $3 to $6
Fabulous108: calls $3
*** FLOP *** [9c Kc 8s]
Fabulous108: checks
MTails leaves the table
72bestcard: bets $3
Fabulous108: raises $3 to $6
72bestcard: calls $3
*** TURN *** [9c Kc 8s] [6d]
Fabulous108: bets $6
72bestcard: calls $6
*** RIVER *** [9c Kc 8s 6d] [4c]
Fabulous108: bets $6
72bestcard: calls $6
*** SHOW DOWN ***
Fabulous108: shows [Qs 8h] (a pair of Eights)
72bestcard: mucks hand
Fabulous108 collected $47.50 from pot
*** SUMMARY ***
Total pot $48 | Rake $0.50
Board [9c Kc 8s 6d 4c]
Seat 5: Fabulous108 (big blind) showed [Qs 8h] and won ($47.50) with a pair of Eights
Seat 6: 72bestcard (button) (small blind) mucked


PokerStars Hand #144307005899:  Hold'em Limit ($3/$6 USD) - 2015/11/24 7:46:40 ET
Table 'Mrkos' 6-max Seat #5 is the button
Seat 5: Fabulous108 ($98.24 in chips)
Seat 6: 72bestcard ($72 in chips)
Fabulous108: posts small blind $1
72bestcard: posts big blind $3
*** HOLE CARDS ***
Fabulous108: folds
Uncalled bet ($2) returned to 72bestcard
72bestcard collected $2 from pot
72bestcard: doesn't show hand
*** SUMMARY ***
Total pot $2 | Rake $0
Seat 5: Fabulous108 (button) (small blind) folded before Flop
Seat 6: 72bestcard (big blind) collected ($2)


PokerStars Hand #144307025554:  Hold'em Limit ($3/$6 USD) - 2015/11/24 7:47:17 ET
Table 'Mrkos' 6-max Seat #5 is the button
Seat 5: Fabulous108 ($120.74 in chips)
Seat 6: 72bestcard ($72 in chips)
Fabulous108: posts small blind $1
72bestcard: posts big blind $3
*** HOLE CARDS ***
Fabulous108: raises $3 to $6
72bestcard: calls $3
*** FLOP *** [8d 9c Ts]
72bestcard: checks
Fabulous108: checks
*** TURN *** [8d 9c Ts] [Jd]
72bestcard: checks
Fabulous108: checks
*** RIVER *** [8d 9c Ts Jd] [2d]
72bestcard: bets $6
Fabulous108: folds
Uncalled bet ($6) returned to 72bestcard
72bestcard collected $11.76 from pot
*** SUMMARY ***
Total pot $12 | Rake $0.24
Board [8d 9c Ts Jd 2d]
Seat 5: Fabulous108 (button) (small blind) folded on the River
Seat 6: 72bestcard (big blind) collected ($11.76)


PokerStars Hand #144307010057:  Hold'em Limit ($3/$6 USD) - 2015/11/24 7:46:48 ET
Table 'Mrkos' 6-max Seat #6 is the button
Seat 5: Fabulous108 ($97.24 in chips)
Seat 6: 72bestcard ($73 in chips)
72bestcard: posts small blind $1
Fabulous108: posts big blind $3
*** HOLE CARDS ***
72bestcard: raises $3 to $6
Fabulous108: calls $3
*** FLOP *** [Ah Kc 8c]
Fabulous108: checks
72bestcard: bets $3
Fabulous108: raises $3 to $6
72bestcard: calls $3
*** TURN *** [Ah Kc 8c] [7c]
Fabulous108: bets $6
72bestcard: calls $6
*** RIVER *** [Ah Kc 8c 7c] [2c]
Fabulous108: checks
72bestcard: bets $6
Fabulous108: calls $6
*** SHOW DOWN ***
72bestcard: shows [Kd 2s] (two pair, Kings and Deuces)
Fabulous108: shows [As 5c] (a flush, King high)
Fabulous108 collected $47.50 from pot
*** SUMMARY ***
Total pot $48 | Rake $0.50
Board [Ah Kc 8c 7c 2c]
Seat 5: Fabulous108 (big blind) showed [As 5c] and won ($47.50) with a flush, King high
Seat 6: 72bestcard (button) (small blind) showed [Kd 2s] and lost with two pair, Kings and Deuces


PokerStars Hand #144307057969:  Hold'em Limit ($3/$6 USD) - 2015/11/24 7:48:20 ET
Table 'Mrkos' 6-max Seat #5 is the button
Seat 5: Fabulous108 ($90.74 in chips)
Seat 6: 72bestcard ($101.26 in chips)
Fabulous108: posts small blind $1
72bestcard: posts big blind $3
*** HOLE CARDS ***
Fabulous108: raises $3 to $6
72bestcard: raises $3 to $9
Fabulous108: calls $3
*** FLOP *** [7d 4h 6c]
72bestcard: checks
Fabulous108: checks
*** TURN *** [7d 4h 6c] [Kh]
72bestcard: checks
Fabulous108: bets $6
72bestcard: folds
Uncalled bet ($6) returned to Fabulous108
Fabulous108 collected $17.64 from pot
Fabulous108: doesn't show hand
*** SUMMARY ***
Total pot $18 | Rake $0.36
Board [7d 4h 6c Kh]
Seat 5: Fabulous108 (button) (small blind) collected ($17.64)
Seat 6: 72bestcard (big blind) folded on the Turn


PokerStars Hand #144307068278:  Hold'em Limit ($3/$6 USD) - 2015/11/24 7:48:39 ET
Table 'Mrkos' 6-max Seat #6 is the button
Seat 5: Fabulous108 ($99.38 in chips)
Seat 6: 72bestcard ($92.26 in chips)
72bestcard: posts small blind $1
Fabulous108: posts big blind $3
*** HOLE CARDS ***
72bestcard: raises $3 to $6
Fabulous108: calls $3
*** FLOP *** [9s 3h 9d]
Fabulous108: checks
72bestcard: checks
*** TURN *** [9s 3h 9d] [5s]
Fabulous108: bets $6
72bestcard: calls $6
*** RIVER *** [9s 3h 9d 5s] [4c]
Fabulous108: bets $6
72bestcard: folds
Uncalled bet ($6) returned to Fabulous108
Fabulous108 collected $23.52 from pot
Fabulous108: doesn't show hand
*** SUMMARY ***
Total pot $24 | Rake $0.48
Board [9s 3h 9d 5s 4c]
Seat 5: Fabulous108 (big blind) collected ($23.52)
Seat 6: 72bestcard (button) (small blind) folded on the River


PokerStars Hand #144307040667:  Hold'em Limit ($3/$6 USD) - 2015/11/24 7:47:46 ET
Table 'Mrkos' 6-max Seat #6 is the button
Seat 5: Fabulous108 ($114.74 in chips)
Seat 6: 72bestcard ($77.76 in chips)
72bestcard: posts small blind $1
Fabulous108: posts big blind $3
*** HOLE CARDS ***
72bestcard: raises $3 to $6
Fabulous108: calls $3
*** FLOP *** [3d 7d 5d]
Fabulous108: checks
72bestcard: bets $3
Fabulous108: raises $3 to $6
72bestcard: calls $3
*** TURN *** [3d 7d 5d] [9d]
Fabulous108: checks
72bestcard: bets $6
Fabulous108: calls $6
*** RIVER *** [3d 7d 5d 9d] [Ac]
Fabulous108: checks
72bestcard: bets $6
Fabulous108: calls $6
*** SHOW DOWN ***
72bestcard: shows [Kd 8d] (a flush, King high)
Fabulous108: mucks hand
72bestcard collected $47.50 from pot
*** SUMMARY ***
Total pot $48 | Rake $0.50
Board [3d 7d 5d 9d Ac]
Seat 5: Fabulous108 (big blind) mucked
Seat 6: 72bestcard (button) (small blind) showed [Kd 8d] and won ($47.50) with a flush, King high


PokerStars Hand #144307080520:  Hold'em Limit ($3/$6 USD) - 2015/11/24 7:49:03 ET
Table 'Mrkos' 6-max Seat #5 is the button
Seat 5: Fabulous108 ($110.90 in chips)
Seat 6: 72bestcard ($80.26 in chips)
Fabulous108: posts small blind $1
72bestcard: posts big blind $3
*** HOLE CARDS ***
Fabulous108: raises $3 to $6
72bestcard: calls $3
*** FLOP *** [Tc 7c 6h]
72bestcard: checks
Fabulous108: bets $3
72bestcard: folds
Uncalled bet ($3) returned to Fabulous108
Fabulous108 collected $11.76 from pot
Fabulous108: doesn't show hand
*** SUMMARY ***
Total pot $12 | Rake $0.24
Board [Tc 7c 6h]
Seat 5: Fabulous108 (button) (small blind) collected ($11.76)
Seat 6: 72bestcard (big blind) folded on the Flop


