PokerStars Hand #156657042962:  Hold'em Limit ($3/$6 USD) - 2016/07/30 19:53:11 ET
Table 'Mrkos' 10-max Seat #4 is the button
Seat 4: sdomehye ($46.60 in chips)
Seat 5: opirewdsa ($32.15 in chips)
sdomehye: posts small blind $1
opirewdsa: posts big blind $3
*** HOLE CARDS ***
sdomehye: raises $3 to $6
opirewdsa: raises $3 to $9
sdomehye: raises $3 to $12
Betting is capped
opirewdsa: calls $3
*** FLOP *** [5c 3c 8d]
opirewdsa: bets $3
sdomehye: calls $3
*** TURN *** [5c 3c 8d] [Jh]
opirewdsa: bets $6
sdomehye: calls $6
*** RIVER *** [5c 3c 8d Jh] [5h]
opirewdsa: bets $6
sdomehye: folds
Uncalled bet ($6) returned to opirewdsa
opirewdsa collected $41.50 from pot
opirewdsa: doesn't show hand
BuzovaPro joins the table at seat #6
*** SUMMARY ***
Total pot $42 | Rake $0.50
Board [5c 3c 8d Jh 5h]
Seat 4: sdomehye (button) (small blind) folded on the River
Seat 5: opirewdsa (big blind) collected ($41.50)


PokerStars Hand #156657108177:  Hold'em Limit ($3/$6 USD) - 2016/07/30 19:55:24 ET
Table 'Mrkos' 10-max Seat #5 is the button
Seat 5: opirewdsa ($64.85 in chips)
Seat 6: BuzovaPro ($92.50 in chips)
opirewdsa: posts small blind $1
BuzovaPro: posts big blind $3
*** HOLE CARDS ***
opirewdsa said, "Samantha to damping"
opirewdsa: raises $3 to $6
BuzovaPro: folds
Uncalled bet ($3) returned to opirewdsa
opirewdsa collected $6 from pot
opirewdsa: doesn't show hand
*** SUMMARY ***
Total pot $6 | Rake $0
Seat 5: opirewdsa (button) (small blind) collected ($6)
Seat 6: BuzovaPro (big blind) folded before Flop


PokerStars Hand #156657106296:  Hold'em Limit ($3/$6 USD) - 2016/07/30 19:55:20 ET
Table 'Mrkos' 10-max Seat #6 is the button
Seat 5: opirewdsa ($63.85 in chips)
Seat 6: BuzovaPro ($93.50 in chips)
BuzovaPro: posts small blind $1
opirewdsa: posts big blind $3
*** HOLE CARDS ***
BuzovaPro: folds
Uncalled bet ($2) returned to opirewdsa
opirewdsa collected $2 from pot
opirewdsa: doesn't show hand
*** SUMMARY ***
Total pot $2 | Rake $0
Seat 5: opirewdsa (big blind) collected ($2)
Seat 6: BuzovaPro (button) (small blind) folded before Flop


PokerStars Hand #156657102633:  Hold'em Limit ($3/$6 USD) - 2016/07/30 19:55:12 ET
Table 'Mrkos' 10-max Seat #5 is the button
Seat 5: opirewdsa ($64.85 in chips)
Seat 6: BuzovaPro ($92.50 in chips)
opirewdsa: posts small blind $1
BuzovaPro: posts big blind $3
*** HOLE CARDS ***
opirewdsa: folds
Uncalled bet ($2) returned to BuzovaPro
BuzovaPro collected $2 from pot
BuzovaPro: doesn't show hand
*** SUMMARY ***
Total pot $2 | Rake $0
Seat 5: opirewdsa (button) (small blind) folded before Flop
Seat 6: BuzovaPro (big blind) collected ($2)


PokerStars Hand #156657090674:  Hold'em Limit ($3/$6 USD) - 2016/07/30 19:54:47 ET
Table 'Mrkos' 10-max Seat #6 is the button
Seat 5: opirewdsa ($85.85 in chips)
Seat 6: BuzovaPro ($72 in chips)
BuzovaPro: posts small blind $1
opirewdsa: posts big blind $3
*** HOLE CARDS ***
BuzovaPro: raises $3 to $6
sdomehye leaves the table
opirewdsa: calls $3
*** FLOP *** [2d Qd Ks]
opirewdsa: checks
BuzovaPro: bets $3
opirewdsa: calls $3
*** TURN *** [2d Qd Ks] [3s]
opirewdsa: checks
BuzovaPro: checks
*** RIVER *** [2d Qd Ks 3s] [4h]
opirewdsa: bets $6
BuzovaPro: raises $6 to $12
opirewdsa: calls $6
*** SHOW DOWN ***
BuzovaPro: shows [5d Ac] (a straight, Ace to Five)
opirewdsa: mucks hand
BuzovaPro collected $41.50 from pot
*** SUMMARY ***
Total pot $42 | Rake $0.50
Board [2d Qd Ks 3s 4h]
Seat 5: opirewdsa (big blind) mucked
Seat 6: BuzovaPro (button) (small blind) showed [5d Ac] and won ($41.50) with a straight, Ace to Five


PokerStars Hand #156657111404:  Hold'em Limit ($3/$6 USD) - 2016/07/30 19:55:32 ET
Table 'Mrkos' 10-max Seat #6 is the button
Seat 5: opirewdsa ($67.85 in chips)
Seat 6: BuzovaPro ($89.50 in chips)
BuzovaPro: posts small blind $1
opirewdsa: posts big blind $3
*** HOLE CARDS ***
BuzovaPro: raises $3 to $6
opirewdsa: calls $3
*** FLOP *** [6d Ts 7s]
opirewdsa: checks
BuzovaPro: bets $3
opirewdsa: calls $3
*** TURN *** [6d Ts 7s] [Tc]
opirewdsa: checks
BuzovaPro: bets $6
opirewdsa: calls $6
*** RIVER *** [6d Ts 7s Tc] [6h]
opirewdsa: bets $6
BuzovaPro: calls $6
*** SHOW DOWN ***
opirewdsa: shows [Ah 6s] (a full house, Sixes full of Tens)
BuzovaPro: mucks hand
opirewdsa collected $41.50 from pot
*** SUMMARY ***
Total pot $42 | Rake $0.50
Board [6d Ts 7s Tc 6h]
Seat 5: opirewdsa (big blind) showed [Ah 6s] and won ($41.50) with a full house, Sixes full of Tens
Seat 6: BuzovaPro (button) (small blind) mucked


