PokerStars Hand #150772745411:  Hold'em Limit ($3/$6 USD) - 2016/03/22 16:24:22 ET
Table 'Mufrid III' 6-max Seat #4 is the button
Seat 3: Eklund_1891 ($87.84 in chips)
Seat 4: AzureCaper ($72 in chips)
AzureCaper: posts small blind $1
Eklund_1891: posts big blind $3
*** HOLE CARDS ***
AzureCaper: raises $3 to $6
Eklund_1891: calls $3
*** FLOP *** [7s 3d Qs]
Eklund_1891: checks
AzureCaper: bets $3
Eklund_1891: raises $3 to $6
AzureCaper: calls $3
*** TURN *** [7s 3d Qs] [7d]
Eklund_1891: bets $6
AzureCaper: folds
Uncalled bet ($6) returned to Eklund_1891
Eklund_1891 collected $23.52 from pot
Eklund_1891: doesn't show hand
*** SUMMARY ***
Total pot $24 | Rake $0.48
Board [7s 3d Qs 7d]
Seat 3: Eklund_1891 (big blind) collected ($23.52)
Seat 4: AzureCaper (button) (small blind) folded on the Turn


PokerStars Hand #150772725695:  Hold'em Limit ($3/$6 USD) - 2016/03/22 16:24:03 ET
Table 'Mufrid III' 6-max Seat #3 is the button
Seat 3: Eklund_1891 ($82.08 in chips)
Seat 4: AzureCaper ($72 in chips)
Eklund_1891: posts small blind $1
AzureCaper: posts big blind $3
*** HOLE CARDS ***
Eklund_1891: raises $3 to $6
AzureCaper: calls $3
*** FLOP *** [Kc 3h 9h]
AzureCaper: checks
Eklund_1891: checks
*** TURN *** [Kc 3h 9h] [9d]
AzureCaper: checks
Eklund_1891: checks
*** RIVER *** [Kc 3h 9h 9d] [Qs]
AzureCaper: checks
Eklund_1891: checks
*** SHOW DOWN ***
AzureCaper: shows [8h 7c] (a pair of Nines)
Eklund_1891: shows [Jh 5d] (a pair of Nines - King+Queen+Jack kicker)
Eklund_1891 collected $11.76 from pot
*** SUMMARY ***
Total pot $12 | Rake $0.24
Board [Kc 3h 9h 9d Qs]
Seat 3: Eklund_1891 (button) (small blind) showed [Jh 5d] and won ($11.76) with a pair of Nines
Seat 4: AzureCaper (big blind) showed [8h 7c] and lost with a pair of Nines


PokerStars Hand #150772780383:  Hold'em Limit ($3/$6 USD) - 2016/03/22 16:24:56 ET
Table 'Mufrid III' 6-max Seat #3 is the button
Seat 3: Eklund_1891 ($94.36 in chips)
Seat 4: AzureCaper ($76.76 in chips)
Eklund_1891: posts small blind $1
AzureCaper: posts big blind $3
*** HOLE CARDS ***
Eklund_1891: raises $3 to $6
AzureCaper: calls $3
*** FLOP *** [8d 2d Ac]
AzureCaper: checks
Eklund_1891: checks
*** TURN *** [8d 2d Ac] [Jc]
AzureCaper: bets $6
Eklund_1891: calls $6
*** RIVER *** [8d 2d Ac Jc] [4s]
RockKillerTY joins the table at seat #5
AzureCaper: bets $6
Eklund_1891: calls $6
*** SHOW DOWN ***
AzureCaper: shows [Js 5s] (a pair of Jacks)
Eklund_1891: mucks hand
AzureCaper collected $35.50 from pot
*** SUMMARY ***
Total pot $36 | Rake $0.50
Board [8d 2d Ac Jc 4s]
Seat 3: Eklund_1891 (button) (small blind) mucked
Seat 4: AzureCaper (big blind) showed [Js 5s] and won ($35.50) with a pair of Jacks


PokerStars Hand #150772775915:  Hold'em Limit ($3/$6 USD) - 2016/03/22 16:24:52 ET
Table 'Mufrid III' 6-max Seat #4 is the button
Seat 3: Eklund_1891 ($93.36 in chips)
Seat 4: AzureCaper ($77.76 in chips)
AzureCaper: posts small blind $1
Eklund_1891: posts big blind $3
*** HOLE CARDS ***
AzureCaper: folds
Uncalled bet ($2) returned to Eklund_1891
Eklund_1891 collected $2 from pot
Eklund_1891: doesn't show hand
*** SUMMARY ***
Total pot $2 | Rake $0
Seat 3: Eklund_1891 (big blind) collected ($2)
Seat 4: AzureCaper (button) (small blind) folded before Flop


PokerStars Hand #150772759389:  Hold'em Limit ($3/$6 USD) - 2016/03/22 16:24:36 ET
Table 'Mufrid III' 6-max Seat #3 is the button
Seat 3: Eklund_1891 ($99.36 in chips)
Seat 4: AzureCaper ($72 in chips)
Eklund_1891: posts small blind $1
AzureCaper: posts big blind $3
*** HOLE CARDS ***
Eklund_1891: raises $3 to $6
AzureCaper: calls $3
*** FLOP *** [Qc 4h As]
AzureCaper: checks
Eklund_1891: checks
*** TURN *** [Qc 4h As] [9h]
AzureCaper: checks
Eklund_1891: checks
*** RIVER *** [Qc 4h As 9h] [Ac]
AzureCaper: checks
Eklund_1891: checks
*** SHOW DOWN ***
AzureCaper: shows [Js Th] (a pair of Aces)
Eklund_1891: mucks hand
AzureCaper collected $11.76 from pot
*** SUMMARY ***
Total pot $12 | Rake $0.24
Board [Qc 4h As 9h Ac]
Seat 3: Eklund_1891 (button) (small blind) mucked
Seat 4: AzureCaper (big blind) showed [Js Th] and won ($11.76) with a pair of Aces


