PokerStars Hand #176666180813:  Hold'em Limit ($3/$6 USD) - 2017/10/08 16:11:32 ET
Table 'Mufrid' 6-max Seat #2 is the button
Seat 2: PayMyAudiR8 ($66.51 in chips)
Seat 5: Stingeling ($157.59 in chips)
PayMyAudiR8: posts small blind $1
LouisB: is sitting out
Stingeling: posts big blind $3
*** HOLE CARDS ***
PayMyAudiR8: raises $3 to $6
Stingeling: folds
Uncalled bet ($3) returned to PayMyAudiR8
PayMyAudiR8 collected $6 from pot
PayMyAudiR8: doesn't show hand
*** SUMMARY ***
Total pot $6 | Rake $0
Seat 2: PayMyAudiR8 (button) (small blind) collected ($6)
Seat 5: Stingeling (big blind) folded before Flop


PokerStars Hand #176666188551:  Hold'em Limit ($3/$6 USD) - 2017/10/08 16:11:40 ET
Table 'Mufrid' 6-max Seat #5 is the button
Seat 2: PayMyAudiR8 ($69.51 in chips)
Seat 5: Stingeling ($154.59 in chips)
Stingeling: posts small blind $1
PayMyAudiR8: posts big blind $3
*** HOLE CARDS ***
Stingeling: raises $3 to $6
PayMyAudiR8: calls $3
*** FLOP *** [8h 4h 2s]
PayMyAudiR8: checks
Stingeling: bets $3
PayMyAudiR8: raises $3 to $6
Stingeling: calls $3
*** TURN *** [8h 4h 2s] [Ac]
PayMyAudiR8: bets $6
Stingeling: folds
Uncalled bet ($6) returned to PayMyAudiR8
PayMyAudiR8 collected $23.52 from pot
PayMyAudiR8: doesn't show hand
*** SUMMARY ***
Total pot $24 | Rake $0.48
Board [8h 4h 2s Ac]
Seat 2: PayMyAudiR8 (big blind) collected ($23.52)
Seat 5: Stingeling (button) (small blind) folded on the Turn


PokerStars Hand #176666224395:  Hold'em Limit ($3/$6 USD) - 2017/10/08 16:12:19 ET
Table 'Mufrid' 6-max Seat #2 is the button
Seat 2: PayMyAudiR8 ($81.03 in chips)
Seat 5: Stingeling ($142.59 in chips)
PayMyAudiR8: posts small blind $1
Stingeling: posts big blind $3
*** HOLE CARDS ***
PayMyAudiR8: raises $3 to $6
Stingeling: calls $3
*** FLOP *** [4h 8s Kc]
Stingeling: checks
PayMyAudiR8: bets $3
Stingeling: calls $3
*** TURN *** [4h 8s Kc] [Qs]
Stingeling: checks
PayMyAudiR8: bets $6
Stingeling: folds
Uncalled bet ($6) returned to PayMyAudiR8
PayMyAudiR8 collected $17.64 from pot
PayMyAudiR8: doesn't show hand
*** SUMMARY ***
Total pot $18 | Rake $0.36
Board [4h 8s Kc Qs]
Seat 2: PayMyAudiR8 (button) (small blind) collected ($17.64)
Seat 5: Stingeling (big blind) folded on the Turn


PokerStars Hand #176666249051:  Hold'em Limit ($3/$6 USD) - 2017/10/08 16:12:46 ET
Table 'Mufrid' 6-max Seat #5 is the button
Seat 2: PayMyAudiR8 ($89.67 in chips)
Seat 5: Stingeling ($133.59 in chips)
Stingeling: posts small blind $1
PayMyAudiR8: posts big blind $3
*** HOLE CARDS ***
Stingeling: raises $3 to $6
PayMyAudiR8: calls $3
*** FLOP *** [5c 8d Jh]
PayMyAudiR8: checks
Stingeling: bets $3
PayMyAudiR8: calls $3
*** TURN *** [5c 8d Jh] [6c]
PayMyAudiR8: checks
Stingeling: bets $6
PayMyAudiR8: calls $6
*** RIVER *** [5c 8d Jh 6c] [2d]
PayMyAudiR8: checks
Stingeling: checks
*** SHOW DOWN ***
PayMyAudiR8: shows [Ad 9s] (high card Ace)
Stingeling: mucks hand
PayMyAudiR8 collected $29.50 from pot
*** SUMMARY ***
Total pot $30 | Rake $0.50
Board [5c 8d Jh 6c 2d]
Seat 2: PayMyAudiR8 (big blind) showed [Ad 9s] and won ($29.50) with high card Ace
Seat 5: Stingeling (button) (small blind) mucked


PokerStars Hand #176666286996:  Hold'em Limit ($3/$6 USD) - 2017/10/08 16:13:27 ET
Table 'Mufrid' 6-max Seat #5 is the button
Seat 2: PayMyAudiR8 ($127.67 in chips)
Seat 5: Stingeling ($94.59 in chips)
Stingeling: posts small blind $1
PayMyAudiR8: posts big blind $3
*** HOLE CARDS ***
Stingeling: folds
Uncalled bet ($2) returned to PayMyAudiR8
PayMyAudiR8 collected $2 from pot
PayMyAudiR8: doesn't show hand
*** SUMMARY ***
Total pot $2 | Rake $0
Seat 2: PayMyAudiR8 (big blind) collected ($2)
Seat 5: Stingeling (button) (small blind) folded before Flop


PokerStars Hand #176666267921:  Hold'em Limit ($3/$6 USD) - 2017/10/08 16:13:06 ET
Table 'Mufrid' 6-max Seat #2 is the button
Seat 2: PayMyAudiR8 ($104.17 in chips)
Seat 5: Stingeling ($118.59 in chips)
PayMyAudiR8: posts small blind $1
Stingeling: posts big blind $3
*** HOLE CARDS ***
PayMyAudiR8: raises $3 to $6
Stingeling: raises $3 to $9
PayMyAudiR8: calls $3
*** FLOP *** [Td 5d 9c]
Stingeling: bets $3
PayMyAudiR8: calls $3
*** TURN *** [Td 5d 9c] [Th]
Stingeling: bets $6
PayMyAudiR8: calls $6
*** RIVER *** [Td 5d 9c Th] [Qc]
Stingeling: checks
PayMyAudiR8: bets $6
Stingeling: calls $6
*** SHOW DOWN ***
PayMyAudiR8: shows [7d 7h] (two pair, Tens and Sevens)
Stingeling: mucks hand
PayMyAudiR8 collected $47.50 from pot
*** SUMMARY ***
Total pot $48 | Rake $0.50
Board [Td 5d 9c Th Qc]
Seat 2: PayMyAudiR8 (button) (small blind) showed [7d 7h] and won ($47.50) with two pair, Tens and Sevens
Seat 5: Stingeling (big blind) mucked


PokerStars Hand #176666292202:  Hold'em Limit ($3/$6 USD) - 2017/10/08 16:13:33 ET
Table 'Mufrid' 6-max Seat #2 is the button
Seat 2: PayMyAudiR8 ($128.67 in chips)
Seat 5: Stingeling ($93.59 in chips)
PayMyAudiR8: posts small blind $1
Stingeling: posts big blind $3
*** HOLE CARDS ***
PayMyAudiR8: raises $3 to $6
Stingeling: folds
Uncalled bet ($3) returned to PayMyAudiR8
PayMyAudiR8 collected $6 from pot
PayMyAudiR8: doesn't show hand
*** SUMMARY ***
Total pot $6 | Rake $0
Seat 2: PayMyAudiR8 (button) (small blind) collected ($6)
Seat 5: Stingeling (big blind) folded before Flop


PokerStars Hand #176666310018:  Hold'em Limit ($3/$6 USD) - 2017/10/08 16:13:52 ET
Table 'Mufrid' 6-max Seat #5 is the button
Seat 2: PayMyAudiR8 ($131.67 in chips)
Seat 5: Stingeling ($90.59 in chips)
Stingeling: posts small blind $1
PayMyAudiR8: posts big blind $3
*** HOLE CARDS ***
Stingeling: raises $3 to $6
PayMyAudiR8: calls $3
*** FLOP *** [8c 2d 7c]
PayMyAudiR8: checks
Stingeling: bets $3
PayMyAudiR8: calls $3
*** TURN *** [8c 2d 7c] [4s]
PayMyAudiR8: checks
Stingeling: bets $6
PayMyAudiR8: calls $6
*** RIVER *** [8c 2d 7c 4s] [Kh]
PayMyAudiR8: checks
Stingeling: bets $6
sienvan joins the table at seat #6
PayMyAudiR8: folds
Uncalled bet ($6) returned to Stingeling
Stingeling collected $29.50 from pot
Stingeling: doesn't show hand
*** SUMMARY ***
Total pot $30 | Rake $0.50
Board [8c 2d 7c 4s Kh]
Seat 2: PayMyAudiR8 (big blind) folded on the River
Seat 5: Stingeling (button) (small blind) collected ($29.50)


PokerStars Hand #176666335640:  Hold'em Limit ($3/$6 USD) - 2017/10/08 16:14:20 ET
Table 'Mufrid' 6-max Seat #2 is the button
Seat 2: PayMyAudiR8 ($116.67 in chips)
Seat 5: Stingeling ($105.09 in chips)
PayMyAudiR8: posts small blind $1
Stingeling: posts big blind $3
*** HOLE CARDS ***
vestimokrec joins the table at seat #1
PayMyAudiR8: raises $3 to $6
Stingeling: folds
Uncalled bet ($3) returned to PayMyAudiR8
PayMyAudiR8 collected $6 from pot
PayMyAudiR8: doesn't show hand
*** SUMMARY ***
Total pot $6 | Rake $0
Seat 2: PayMyAudiR8 (button) (small blind) collected ($6)
Seat 5: Stingeling (big blind) folded before Flop


PokerStars Hand #176668451765:  Hold'em Limit ($3/$6 USD) - 2017/10/08 16:53:43 ET
Table 'Mufrid' 6-max Seat #5 is the button
Seat 1: vestimokrec ($92.50 in chips)
Seat 5: Stingeling ($51.12 in chips)
Stingeling: posts small blind $1
vestimokrec: posts big blind $3
*** HOLE CARDS ***
Stingeling has timed out
Stingeling: folds
Uncalled bet ($2) returned to vestimokrec
vestimokrec collected $2 from pot
vestimokrec: doesn't show hand
*** SUMMARY ***
Total pot $2 | Rake $0
Seat 1: vestimokrec (big blind) collected ($2)
Seat 5: Stingeling (button) (small blind) folded before Flop


PokerStars Hand #176668488103:  Hold'em Limit ($3/$6 USD) - 2017/10/08 16:54:25 ET
Table 'Mufrid' 6-max Seat #1 is the button
Seat 1: vestimokrec ($93.50 in chips)
Seat 5: Stingeling ($50.12 in chips)
vestimokrec: posts small blind $1
Stingeling: posts big blind $3
*** HOLE CARDS ***
SEQUOIA2012 joins the table at seat #2
vestimokrec: raises $3 to $6
Stingeling: raises $3 to $9
vestimokrec: calls $3
*** FLOP *** [Kc 6s Jd]
Stingeling: bets $3
vestimokrec: calls $3
*** TURN *** [Kc 6s Jd] [7h]
Stingeling: bets $6
vestimokrec: calls $6
*** RIVER *** [Kc 6s Jd 7h] [Ts]
Stingeling has timed out
Stingeling: checks
vestimokrec: checks
*** SHOW DOWN ***
Stingeling: shows [Ad 9h] (high card Ace)
vestimokrec: shows [Qs 6c] (a pair of Sixes)
vestimokrec collected $35.50 from pot
*** SUMMARY ***
Total pot $36 | Rake $0.50
Board [Kc 6s Jd 7h Ts]
Seat 1: vestimokrec (button) (small blind) showed [Qs 6c] and won ($35.50) with a pair of Sixes
Seat 5: Stingeling (big blind) showed [Ad 9h] and lost with high card Ace


PokerStars Hand #176668565467:  Hold'em Limit ($3/$6 USD) - 2017/10/08 16:56:10 ET
Table 'Mufrid' 6-max Seat #1 is the button
Seat 1: vestimokrec ($118.76 in chips)
Seat 2: SEQUOIA2012 ($293 in chips)
vestimokrec: posts small blind $1
SEQUOIA2012: posts big blind $3
*** HOLE CARDS ***
vestimokrec: raises $3 to $6
PayMyAudiR8 joins the table at seat #3
SEQUOIA2012: calls $3
*** FLOP *** [Kc Kd 3c]
SEQUOIA2012: checks
vestimokrec: bets $3
SEQUOIA2012: folds
Uncalled bet ($3) returned to vestimokrec
vestimokrec collected $11.76 from pot
vestimokrec: doesn't show hand
*** SUMMARY ***
Total pot $12 | Rake $0.24
Board [Kc Kd 3c]
Seat 1: vestimokrec (button) (small blind) collected ($11.76)
Seat 2: SEQUOIA2012 (big blind) folded on the Flop


PokerStars Hand #176668562353:  Hold'em Limit ($3/$6 USD) - 2017/10/08 16:56:05 ET
Table 'Mufrid' 6-max Seat #2 is the button
Seat 1: vestimokrec ($117.76 in chips)
Seat 2: SEQUOIA2012 ($294 in chips)
SEQUOIA2012: posts small blind $1
vestimokrec: posts big blind $3
*** HOLE CARDS ***
SEQUOIA2012: folds
Uncalled bet ($2) returned to vestimokrec
vestimokrec collected $2 from pot
vestimokrec: doesn't show hand
*** SUMMARY ***
Total pot $2 | Rake $0
Seat 1: vestimokrec (big blind) collected ($2)
Seat 2: SEQUOIA2012 (button) (small blind) folded before Flop


PokerStars Hand #176668548181:  Hold'em Limit ($3/$6 USD) - 2017/10/08 16:55:43 ET
Table 'Mufrid' 6-max Seat #1 is the button
Seat 1: vestimokrec ($112 in chips)
Seat 2: SEQUOIA2012 ($300 in chips)
vestimokrec: posts small blind $1
SEQUOIA2012: posts big blind $3
*** HOLE CARDS ***
vestimokrec: raises $3 to $6
SEQUOIA2012: calls $3
*** FLOP *** [Ac 3s Kd]
SEQUOIA2012: checks
vestimokrec: bets $3
SEQUOIA2012: folds
Uncalled bet ($3) returned to vestimokrec
vestimokrec collected $11.76 from pot
vestimokrec: doesn't show hand
*** SUMMARY ***
Total pot $12 | Rake $0.24
Board [Ac 3s Kd]
Seat 1: vestimokrec (button) (small blind) collected ($11.76)
Seat 2: SEQUOIA2012 (big blind) folded on the Flop


PokerStars Hand #176668535271:  Hold'em Limit ($3/$6 USD) - 2017/10/08 16:55:23 ET
Table 'Mufrid' 6-max Seat #5 is the button
Seat 1: vestimokrec ($111 in chips)
Seat 5: Stingeling ($32.12 in chips)
Stingeling: posts small blind $1
vestimokrec: posts big blind $3
*** HOLE CARDS ***
Stingeling has timed out
Stingeling: folds
Uncalled bet ($2) returned to vestimokrec
vestimokrec collected $2 from pot
vestimokrec: doesn't show hand
*** SUMMARY ***
Total pot $2 | Rake $0
Seat 1: vestimokrec (big blind) collected ($2)
Seat 5: Stingeling (button) (small blind) folded before Flop


PokerStars Hand #176671767657:  Hold'em Limit ($3/$6 USD) - 2017/10/08 18:04:18 ET
Table 'Mufrid' 6-max Seat #3 is the button
Seat 3: PycV ($141.76 in chips)
Seat 4: DimaZips ($108.43 in chips)
PycV: posts small blind $1
DimaZips: posts big blind $3
*** HOLE CARDS ***
PycV: raises $3 to $6
DimaZips: folds
Uncalled bet ($3) returned to PycV
PycV collected $6 from pot
PycV: doesn't show hand
*** SUMMARY ***
Total pot $6 | Rake $0
Seat 3: PycV (button) (small blind) collected ($6)
Seat 4: DimaZips (big blind) folded before Flop


PokerStars Hand #176671760967:  Hold'em Limit ($3/$6 USD) - 2017/10/08 18:04:09 ET
Table 'Mufrid' 6-max Seat #3 is the button
Seat 3: PycV ($141.76 in chips)
Seat 4: DimaZips ($108.43 in chips)
PycV: posts small blind $1
DimaZips: posts big blind $3
*** HOLE CARDS ***
PycV: folds
Uncalled bet ($2) returned to DimaZips
DimaZips collected $2 from pot
DimaZips: doesn't show hand
*** SUMMARY ***
Total pot $2 | Rake $0
Seat 3: PycV (button) (small blind) folded before Flop
Seat 4: DimaZips (big blind) collected ($2)


PokerStars Hand #176671742507:  Hold'em Limit ($3/$6 USD) - 2017/10/08 18:03:43 ET
Table 'Mufrid' 6-max Seat #4 is the button
Seat 3: PycV ($112.26 in chips)
Seat 4: DimaZips ($138.43 in chips)
DimaZips: posts small blind $1
Psynto: is sitting out
SEQUOIA2012: is sitting out
PycV: posts big blind $3
*** HOLE CARDS ***
DimaZips: raises $3 to $6
Psynto leaves the table
PycV: raises $3 to $9
DimaZips: calls $3
*** FLOP *** [6d 7d Qc]
PycV: bets $3
DimaZips: calls $3
*** TURN *** [6d 7d Qc] [8c]
SEQUOIA2012 leaves the table
PycV: bets $6
DimaZips: calls $6
*** RIVER *** [6d 7d Qc 8c] [3h]
PycV: checks
DimaZips: bets $6
PycV: raises $6 to $12
DimaZips: calls $6
*** SHOW DOWN ***
PycV: shows [Ks Qs] (a pair of Queens)
DimaZips: mucks hand
PycV collected $59.50 from pot
*** SUMMARY ***
Total pot $60 | Rake $0.50
Board [6d 7d Qc 8c 3h]
Seat 3: PycV (big blind) showed [Ks Qs] and won ($59.50) with a pair of Queens
Seat 4: DimaZips (button) (small blind) mucked


PokerStars Hand #176671764668:  Hold'em Limit ($3/$6 USD) - 2017/10/08 18:04:14 ET
Table 'Mufrid' 6-max Seat #4 is the button
Seat 3: PycV ($140.76 in chips)
Seat 4: DimaZips ($109.43 in chips)
DimaZips: posts small blind $1
PycV: posts big blind $3
*** HOLE CARDS ***
DimaZips: folds
Uncalled bet ($2) returned to PycV
PycV collected $2 from pot
PycV: doesn't show hand
*** SUMMARY ***
Total pot $2 | Rake $0
Seat 3: PycV (big blind) collected ($2)
Seat 4: DimaZips (button) (small blind) folded before Flop


PokerStars Hand #176671775167:  Hold'em Limit ($3/$6 USD) - 2017/10/08 18:04:28 ET
Table 'Mufrid' 6-max Seat #3 is the button
Seat 3: PycV ($145.76 in chips)
Seat 4: DimaZips ($104.43 in chips)
PycV: posts small blind $1
DimaZips: posts big blind $3
*** HOLE CARDS ***
PycV: raises $3 to $6
DimaZips: calls $3
*** FLOP *** [4s Js 6d]
DimaZips: checks
PycV: bets $3
DimaZips: folds
Uncalled bet ($3) returned to PycV
PycV collected $11.76 from pot
PycV: doesn't show hand
*** SUMMARY ***
Total pot $12 | Rake $0.24
Board [4s Js 6d]
Seat 3: PycV (button) (small blind) collected ($11.76)
Seat 4: DimaZips (big blind) folded on the Flop


PokerStars Hand #176671772216:  Hold'em Limit ($3/$6 USD) - 2017/10/08 18:04:24 ET
Table 'Mufrid' 6-max Seat #4 is the button
Seat 3: PycV ($144.76 in chips)
Seat 4: DimaZips ($105.43 in chips)
DimaZips: posts small blind $1
PycV: posts big blind $3
*** HOLE CARDS ***
DimaZips: folds
Uncalled bet ($2) returned to PycV
PycV collected $2 from pot
PycV: doesn't show hand
*** SUMMARY ***
Total pot $2 | Rake $0
Seat 3: PycV (big blind) collected ($2)
Seat 4: DimaZips (button) (small blind) folded before Flop


PokerStars Hand #176671781552:  Hold'em Limit ($3/$6 USD) - 2017/10/08 18:04:37 ET
Table 'Mufrid' 6-max Seat #4 is the button
Seat 3: PycV ($151.52 in chips)
Seat 4: DimaZips ($98.43 in chips)
DimaZips: posts small blind $1
PycV: posts big blind $3
*** HOLE CARDS ***
DimaZips: raises $3 to $6
PycV: folds
Uncalled bet ($3) returned to DimaZips
DimaZips collected $6 from pot
DimaZips: doesn't show hand
*** SUMMARY ***
Total pot $6 | Rake $0
Seat 3: PycV (big blind) folded before Flop
Seat 4: DimaZips (button) (small blind) collected ($6)


PokerStars Hand #176671810224:  Hold'em Limit ($3/$6 USD) - 2017/10/08 18:05:16 ET
Table 'Mufrid' 6-max Seat #3 is the button
Seat 3: PycV ($174.66 in chips)
Seat 4: DimaZips ($74.43 in chips)
PycV: posts small blind $1
DimaZips: posts big blind $3
*** HOLE CARDS ***
PycV: raises $3 to $6
DimaZips: calls $3
*** FLOP *** [4d 6c Kc]
DimaZips: checks
PycV: checks
*** TURN *** [4d 6c Kc] [7d]
DimaZips: bets $6
PycV: raises $6 to $12
DimaZips: calls $6
*** RIVER *** [4d 6c Kc 7d] [3c]
DimaZips: checks
PycV: bets $6
DimaZips: raises $6 to $12
PycV: calls $6
*** SHOW DOWN ***
DimaZips: shows [Qd 8d] (high card King)
PycV: shows [9h Kd] (a pair of Kings)
PycV collected $59.50 from pot
*** SUMMARY ***
Total pot $60 | Rake $0.50
Board [4d 6c Kc 7d 3c]
Seat 3: PycV (button) (small blind) showed [9h Kd] and won ($59.50) with a pair of Kings
Seat 4: DimaZips (big blind) showed [Qd 8d] and lost with high card King


PokerStars Hand #176671801342:  Hold'em Limit ($3/$6 USD) - 2017/10/08 18:05:04 ET
Table 'Mufrid' 6-max Seat #4 is the button
Seat 3: PycV ($166.02 in chips)
Seat 4: DimaZips ($83.43 in chips)
DimaZips: posts small blind $1
PycV: posts big blind $3
*** HOLE CARDS ***
DimaZips: raises $3 to $6
PycV: raises $3 to $9
DimaZips: calls $3
*** FLOP *** [3h 4s 2h]
PycV: bets $3
DimaZips: folds
Uncalled bet ($3) returned to PycV
PycV collected $17.64 from pot
PycV: doesn't show hand
*** SUMMARY ***
Total pot $18 | Rake $0.36
Board [3h 4s 2h]
Seat 3: PycV (big blind) collected ($17.64)
Seat 4: DimaZips (button) (small blind) folded on the Flop


PokerStars Hand #176671786517:  Hold'em Limit ($3/$6 USD) - 2017/10/08 18:04:44 ET
Table 'Mufrid' 6-max Seat #3 is the button
Seat 3: PycV ($148.52 in chips)
Seat 4: DimaZips ($101.43 in chips)
PycV: posts small blind $1
DimaZips: posts big blind $3
*** HOLE CARDS ***
PycV: raises $3 to $6
DimaZips: raises $3 to $9
PycV: calls $3
*** FLOP *** [5c Th Qc]
DimaZips: bets $3
PycV: calls $3
*** TURN *** [5c Th Qc] [4c]
DimaZips: checks
PycV: checks
*** RIVER *** [5c Th Qc 4c] [2c]
DimaZips: bets $6
PycV: calls $6
*** SHOW DOWN ***
DimaZips: shows [As 8h] (high card Ace)
PycV: shows [Kd 9c] (a flush, Queen high)
PycV collected $35.50 from pot
*** SUMMARY ***
Total pot $36 | Rake $0.50
Board [5c Th Qc 4c 2c]
Seat 3: PycV (button) (small blind) showed [Kd 9c] and won ($35.50) with a flush, Queen high
Seat 4: DimaZips (big blind) showed [As 8h] and lost with high card Ace


