PokerStars Hand #164578466948:  Hold'em Limit ($3/$6 USD) - 2017/01/14 16:04:21 ET
Table 'Mufrid' 6-max Seat #4 is the button
Seat 4: Actionni13 ($150 in chips)
Seat 5: An-j92 ($50 in chips)
Actionni13: posts small blind $1
An-j92: posts big blind $3
*** HOLE CARDS ***
Actionni13: raises $3 to $6
An-j92: raises $3 to $9
Actionni13: calls $3
*** FLOP *** [7d Kd 9s]
An-j92: bets $3
Actionni13: calls $3
*** TURN *** [7d Kd 9s] [7s]
An-j92: bets $6
Actionni13: raises $6 to $12
An-j92: calls $6
*** RIVER *** [7d Kd 9s 7s] [3c]
An-j92: checks
GRAILKO joins the table at seat #6
Actionni13: bets $6
An-j92: calls $6
*** SHOW DOWN ***
Actionni13: shows [3d 3s] (a full house, Threes full of Sevens)
An-j92: mucks hand
Actionni13 collected $59.50 from pot
*** SUMMARY ***
Total pot $60 | Rake $0.50
Board [7d Kd 9s 7s 3c]
Seat 4: Actionni13 (button) (small blind) showed [3d 3s] and won ($59.50) with a full house, Threes full of Sevens
Seat 5: An-j92 (big blind) mucked


PokerStars Hand #164583033142:  Hold'em Limit ($3/$6 USD) - 2017/01/14 17:24:27 ET
Table 'Mufrid' 6-max Seat #5 is the button
Seat 2: supersjakie ($75.74 in chips)
Seat 5: MalishR ($178.77 in chips)
MalishR: posts small blind $1
aade1ante: is sitting out
GRAILKO: is sitting out
supersjakie: posts big blind $3
*** HOLE CARDS ***
GRAILKO leaves the table
MalishR: calls $2
supersjakie: checks
*** FLOP *** [2h 9d 4d]
supersjakie: bets $3
MalishR: folds
Uncalled bet ($3) returned to supersjakie
supersjakie collected $5.88 from pot
supersjakie: doesn't show hand
*** SUMMARY ***
Total pot $6 | Rake $0.12
Board [2h 9d 4d]
Seat 2: supersjakie (big blind) collected ($5.88)
Seat 5: MalishR (button) (small blind) folded on the Flop


