PokerStars Hand #165449291163:  Hold'em Limit ($3/$6 USD) - 2017/01/31 6:56:58 ET
Table 'Mufrid II' 6-max Seat #1 is the button
Seat 1: anebodil ($110.83 in chips)
Seat 4: Agrotait ($72 in chips)
anebodil: posts small blind $1
Agrotait: posts big blind $3
*** HOLE CARDS ***
anebodil: folds
Uncalled bet ($2) returned to Agrotait
Agrotait collected $2 from pot
Agrotait: doesn't show hand
*** SUMMARY ***
Total pot $2 | Rake $0
Seat 1: anebodil (button) (small blind) folded before Flop
Seat 4: Agrotait (big blind) collected ($2)


PokerStars Hand #165449314247:  Hold'em Limit ($3/$6 USD) - 2017/01/31 6:57:48 ET
Table 'Mufrid II' 6-max Seat #4 is the button
Seat 1: anebodil ($134.33 in chips)
Seat 4: Agrotait ($72 in chips)
Agrotait: posts small blind $1
anebodil: posts big blind $3
*** HOLE CARDS ***
Agrotait: raises $3 to $6
anebodil: folds
Uncalled bet ($3) returned to Agrotait
Agrotait collected $6 from pot
Agrotait: doesn't show hand
*** SUMMARY ***
Total pot $6 | Rake $0
Seat 1: anebodil (big blind) folded before Flop
Seat 4: Agrotait (button) (small blind) collected ($6)


PokerStars Hand #165449293791:  Hold'em Limit ($3/$6 USD) - 2017/01/31 6:57:04 ET
Table 'Mufrid II' 6-max Seat #4 is the button
Seat 1: anebodil ($109.83 in chips)
Seat 4: Agrotait ($73 in chips)
Agrotait: posts small blind $1
anebodil: posts big blind $3
*** HOLE CARDS ***
Agrotait: folds
Uncalled bet ($2) returned to anebodil
anebodil collected $2 from pot
*** SUMMARY ***
Total pot $2 | Rake $0
Seat 1: anebodil (big blind) collected ($2)
Seat 4: Agrotait (button) (small blind) folded before Flop


PokerStars Hand #165449330810:  Hold'em Limit ($3/$6 USD) - 2017/01/31 6:58:24 ET
Table 'Mufrid II' 6-max Seat #4 is the button
Seat 1: anebodil ($157.83 in chips)
Seat 4: Agrotait ($72 in chips)
Agrotait: posts small blind $1
anebodil: posts big blind $3
*** HOLE CARDS ***
Agrotait: raises $3 to $6
anebodil: folds
Uncalled bet ($3) returned to Agrotait
Agrotait collected $6 from pot
Agrotait: doesn't show hand
*** SUMMARY ***
Total pot $6 | Rake $0
Seat 1: anebodil (big blind) folded before Flop
Seat 4: Agrotait (button) (small blind) collected ($6)


PokerStars Hand #165449316742:  Hold'em Limit ($3/$6 USD) - 2017/01/31 6:57:54 ET
Table 'Mufrid II' 6-max Seat #1 is the button
Seat 1: anebodil ($131.33 in chips)
Seat 4: Agrotait ($75 in chips)
anebodil: posts small blind $1
Agrotait: posts big blind $3
*** HOLE CARDS ***
anebodil: raises $3 to $6
Agrotait: raises $3 to $9
anebodil: calls $3
*** FLOP *** [Js 5s Jh]
Agrotait: bets $3
anebodil: raises $3 to $6
Agrotait: calls $3
*** TURN *** [Js 5s Jh] [3s]
kolaz03 joins the table at seat #2
Agrotait: checks
anebodil: bets $6
Agrotait: calls $6
*** RIVER *** [Js 5s Jh 3s] [5d]
Agrotait: checks
anebodil: bets $6
Agrotait: calls $6
*** SHOW DOWN ***
anebodil: shows [Qh Qs] (two pair, Queens and Jacks)
Agrotait: mucks hand
anebodil collected $53.50 from pot
*** SUMMARY ***
Total pot $54 | Rake $0.50
Board [Js 5s Jh 3s 5d]
Seat 1: anebodil (button) (small blind) showed [Qh Qs] and won ($53.50) with two pair, Queens and Jacks
Seat 4: Agrotait (big blind) mucked


PokerStars Hand #165450136950:  Hold'em Limit ($3/$6 USD) - 2017/01/31 7:24:26 ET
Table 'Mufrid II' 6-max Seat #5 is the button
Seat 3: B_loJkl ($92.89 in chips)
Seat 5: skanQ ($153.25 in chips)
skanQ: posts small blind $1
volkovsky: is sitting out
kolaz03: is sitting out
B_loJkl: posts big blind $3
*** HOLE CARDS ***
kolaz03 leaves the table
volkovsky leaves the table
skanQ: raises $3 to $6
B_loJkl: calls $3
*** FLOP *** [Qh 6d Js]
B_loJkl: checks
skanQ: bets $3
B_loJkl: calls $3
*** TURN *** [Qh 6d Js] [Kh]
B_loJkl: checks
skanQ: checks
*** RIVER *** [Qh 6d Js Kh] [6c]
B_loJkl: bets $6
skanQ: calls $6
*** SHOW DOWN ***
B_loJkl: shows [Qd Jh] (two pair, Queens and Jacks)
skanQ: mucks hand
B_loJkl collected $29.50 from pot
*** SUMMARY ***
Total pot $30 | Rake $0.50
Board [Qh 6d Js Kh 6c]
Seat 3: B_loJkl (big blind) showed [Qd Jh] and won ($29.50) with two pair, Queens and Jacks
Seat 5: skanQ (button) (small blind) mucked


PokerStars Hand #165450339377:  Hold'em Limit ($3/$6 USD) - 2017/01/31 7:30:44 ET
Table 'Mufrid II' 6-max Seat #2 is the button
Seat 2: B_loJkl ($138.79 in chips)
Seat 5: nordschrott ($84.37 in chips)
B_loJkl: posts small blind $1
nordschrott: posts big blind $3
*** HOLE CARDS ***
B_loJkl: raises $3 to $6
nordschrott: calls $3
*** FLOP *** [3h As 8d]
nordschrott: checks
B_loJkl: bets $3
nordschrott: folds
Uncalled bet ($3) returned to B_loJkl
B_loJkl collected $11.76 from pot
B_loJkl: doesn't show hand
*** SUMMARY ***
Total pot $12 | Rake $0.24
Board [3h As 8d]
Seat 2: B_loJkl (button) (small blind) collected ($11.76)
Seat 5: nordschrott (big blind) folded on the Flop


PokerStars Hand #165450335296:  Hold'em Limit ($3/$6 USD) - 2017/01/31 7:30:37 ET
Table 'Mufrid II' 6-max Seat #5 is the button
Seat 2: B_loJkl ($141.79 in chips)
Seat 5: nordschrott ($81.37 in chips)
nordschrott: posts small blind $1
B_loJkl: posts big blind $3
*** HOLE CARDS ***
nordschrott: raises $3 to $6
B_loJkl: folds
Uncalled bet ($3) returned to nordschrott
nordschrott collected $6 from pot
*** SUMMARY ***
Total pot $6 | Rake $0
Seat 2: B_loJkl (big blind) folded before Flop
Seat 5: nordschrott (button) (small blind) collected ($6)


PokerStars Hand #165450325475:  Hold'em Limit ($3/$6 USD) - 2017/01/31 7:30:18 ET
Table 'Mufrid II' 6-max Seat #2 is the button
Seat 2: B_loJkl ($133.15 in chips)
Seat 5: nordschrott ($90.37 in chips)
B_loJkl: posts small blind $1
nordschrott: posts big blind $3
*** HOLE CARDS ***
B_loJkl: raises $3 to $6
nordschrott: calls $3
*** FLOP *** [2c Qd 7d]
nordschrott: checks
B_loJkl: bets $3
nordschrott: calls $3
*** TURN *** [2c Qd 7d] [Js]
nordschrott: checks
B_loJkl: bets $6
nordschrott: folds
Uncalled bet ($6) returned to B_loJkl
B_loJkl collected $17.64 from pot
B_loJkl: doesn't show hand
*** SUMMARY ***
Total pot $18 | Rake $0.36
Board [2c Qd 7d Js]
Seat 2: B_loJkl (button) (small blind) collected ($17.64)
Seat 5: nordschrott (big blind) folded on the Turn


PokerStars Hand #165450310778:  Hold'em Limit ($3/$6 USD) - 2017/01/31 7:29:51 ET
Table 'Mufrid II' 6-max Seat #5 is the button
Seat 2: B_loJkl ($118.65 in chips)
Seat 5: nordschrott ($105.37 in chips)
nordschrott: posts small blind $1
B_loJkl: posts big blind $3
*** HOLE CARDS ***
nordschrott: raises $3 to $6
B_loJkl: calls $3
*** FLOP *** [Ac 3d Th]
B_loJkl: checks
nordschrott: bets $3
B_loJkl: calls $3
*** TURN *** [Ac 3d Th] [Jh]
B_loJkl: checks
nordschrott: bets $6
B_loJkl: calls $6
*** RIVER *** [Ac 3d Th Jh] [9d]
B_loJkl: checks
nordschrott: checks
*** SHOW DOWN ***
B_loJkl: shows [Kh Td] (a pair of Tens)
nordschrott: mucks hand
B_loJkl collected $29.50 from pot
*** SUMMARY ***
Total pot $30 | Rake $0.50
Board [Ac 3d Th Jh 9d]
Seat 2: B_loJkl (big blind) showed [Kh Td] and won ($29.50) with a pair of Tens
Seat 5: nordschrott (button) (small blind) mucked


PokerStars Hand #165450691363:  Hold'em Limit ($3/$6 USD) - 2017/01/31 7:41:33 ET
Table 'Mufrid II' 6-max Seat #2 is the button
Seat 2: B_loJkl ($146.37 in chips)
Seat 3: laubes04 ($125.76 in chips)
B_loJkl: posts small blind $1
laubes04: posts big blind $3
*** HOLE CARDS ***
B_loJkl: folds
Uncalled bet ($2) returned to laubes04
laubes04 collected $2 from pot
laubes04: doesn't show hand
belik555 leaves the table
*** SUMMARY ***
Total pot $2 | Rake $0
Seat 2: B_loJkl (button) (small blind) folded before Flop
Seat 3: laubes04 (big blind) collected ($2)


PokerStars Hand #165450675053:  Hold'em Limit ($3/$6 USD) - 2017/01/31 7:41:03 ET
Table 'Mufrid II' 6-max Seat #3 is the button
Seat 2: B_loJkl ($152.37 in chips)
Seat 3: laubes04 ($120 in chips)
laubes04: posts small blind $1
belik555: is sitting out
B_loJkl: posts big blind $3
*** HOLE CARDS ***
laubes04: raises $3 to $6
B_loJkl: calls $3
*** FLOP *** [As 5h 8s]
B_loJkl: checks
laubes04: bets $3
B_loJkl: folds
Uncalled bet ($3) returned to laubes04
laubes04 collected $11.76 from pot
laubes04: doesn't show hand
*** SUMMARY ***
Total pot $12 | Rake $0.24
Board [As 5h 8s]
Seat 2: B_loJkl (big blind) folded on the Flop
Seat 3: laubes04 (button) (small blind) collected ($11.76)


PokerStars Hand #165454198556:  Hold'em Limit ($3/$6 USD) - 2017/01/31 9:20:16 ET
Table 'Mufrid II' 6-max Seat #4 is the button
Seat 4: Actionni13 ($150 in chips)
Seat 6: belik555 ($90 in chips)
Actionni13: posts small blind $1
belik555: posts big blind $3
*** HOLE CARDS ***
Actionni13: folds
Uncalled bet ($2) returned to belik555
aremom4e joins the table at seat #5
belik555 collected $2 from pot
belik555: doesn't show hand
*** SUMMARY ***
Total pot $2 | Rake $0
Seat 4: Actionni13 (button) (small blind) folded before Flop
Seat 6: belik555 (big blind) collected ($2)


PokerStars Hand #165454203488:  Hold'em Limit ($3/$6 USD) - 2017/01/31 9:20:24 ET
Table 'Mufrid II' 6-max Seat #6 is the button
Seat 4: Actionni13 ($150 in chips)
Seat 6: belik555 ($91 in chips)
belik555: posts small blind $1
Actionni13: posts big blind $3
*** HOLE CARDS ***
belik555: raises $3 to $6
Actionni13: calls $3
*** FLOP *** [9s 7h Jh]
Actionni13: checks
belik555: checks
*** TURN *** [9s 7h Jh] [2h]
Actionni13: checks
vestimokrec joins the table at seat #1
belik555: checks
*** RIVER *** [9s 7h Jh 2h] [5c]
Actionni13: checks
thesunxx joins the table at seat #3
belik555: checks
*** SHOW DOWN ***
Actionni13: shows [Ad 6s] (high card Ace)
belik555: mucks hand
Actionni13 collected $11.76 from pot
*** SUMMARY ***
Total pot $12 | Rake $0.24
Board [9s 7h Jh 2h 5c]
Seat 4: Actionni13 (big blind) showed [Ad 6s] and won ($11.76) with high card Ace
Seat 6: belik555 (button) (small blind) mucked


PokerStars Hand #165454996046:  Hold'em Limit ($3/$6 USD) - 2017/01/31 9:40:19 ET
Table 'Mufrid II' 6-max Seat #3 is the button
Seat 3: nicmct ($221.89 in chips)
Seat 5: B_loJkl ($130 in chips)
nicmct: posts small blind $1
B_loJkl: posts big blind $3
*** HOLE CARDS ***
nicmct: raises $3 to $6
B_loJkl: calls $3
*** FLOP *** [Td 4d 3s]
B_loJkl: checks
nicmct: bets $3
B_loJkl: raises $3 to $6
nicmct: calls $3
*** TURN *** [Td 4d 3s] [3d]
B_loJkl: bets $6
nicmct: folds
Uncalled bet ($6) returned to B_loJkl
B_loJkl collected $23.52 from pot
B_loJkl: doesn't show hand
*** SUMMARY ***
Total pot $24 | Rake $0.48
Board [Td 4d 3s 3d]
Seat 3: nicmct (button) (small blind) folded on the Turn
Seat 5: B_loJkl (big blind) collected ($23.52)


