PokerStars Hand #153651878735:  Hold'em Limit ($3/$6 USD) - 2016/05/21 17:38:19 ET
Table 'Muliphein II' 6-max Seat #3 is the button
Seat 3: Ebbuten ($120 in chips)
Seat 4: BuzovaPro ($72 in chips)
Ebbuten: posts small blind $1
BuzovaPro: posts big blind $3
*** HOLE CARDS ***
Ebbuten: raises $3 to $6
BuzovaPro: raises $3 to $9
Ebbuten: calls $3
*** FLOP *** [Th 5c Kc]
BuzovaPro: bets $3
Ebbuten: calls $3
*** TURN *** [Th 5c Kc] [6c]
BuzovaPro: bets $6
Ebbuten: raises $6 to $12
BuzovaPro: raises $6 to $18
Ebbuten: folds
Uncalled bet ($6) returned to BuzovaPro
BuzovaPro collected $47.50 from pot
BuzovaPro: doesn't show hand
*** SUMMARY ***
Total pot $48 | Rake $0.50
Board [Th 5c Kc 6c]
Seat 3: Ebbuten (button) (small blind) folded on the Turn
Seat 4: BuzovaPro (big blind) collected ($47.50)


PokerStars Hand #153651954225:  Hold'em Limit ($3/$6 USD) - 2016/05/21 17:39:52 ET
Table 'Muliphein II' 6-max Seat #3 is the button
Seat 3: Ebbuten ($78.76 in chips)
Seat 4: BuzovaPro ($112 in chips)
Ebbuten: posts small blind $1
BuzovaPro: posts big blind $3
*** HOLE CARDS ***
Ebbuten: raises $3 to $6
BuzovaPro: calls $3
*** FLOP *** [Jc 2d Ts]
BuzovaPro: checks
Ebbuten: bets $3
BuzovaPro: calls $3
*** TURN *** [Jc 2d Ts] [3c]
BuzovaPro: checks
Ebbuten: bets $6
BuzovaPro: folds
Uncalled bet ($6) returned to Ebbuten
Ebbuten collected $17.64 from pot
Ebbuten: doesn't show hand
*** SUMMARY ***
Total pot $18 | Rake $0.36
Board [Jc 2d Ts 3c]
Seat 3: Ebbuten (button) (small blind) collected ($17.64)
Seat 4: BuzovaPro (big blind) folded on the Turn


PokerStars Hand #153651947819:  Hold'em Limit ($3/$6 USD) - 2016/05/21 17:39:44 ET
Table 'Muliphein II' 6-max Seat #4 is the button
Seat 3: Ebbuten ($77.76 in chips)
Seat 4: BuzovaPro ($113 in chips)
BuzovaPro: posts small blind $1
Ebbuten: posts big blind $3
*** HOLE CARDS ***
BuzovaPro: folds
Uncalled bet ($2) returned to Ebbuten
Ebbuten collected $2 from pot
Ebbuten: doesn't show hand
*** SUMMARY ***
Total pot $2 | Rake $0
Seat 3: Ebbuten (big blind) collected ($2)
Seat 4: BuzovaPro (button) (small blind) folded before Flop


PokerStars Hand #153651933333:  Hold'em Limit ($3/$6 USD) - 2016/05/21 17:39:26 ET
Table 'Muliphein II' 6-max Seat #3 is the button
Seat 3: Ebbuten ($72 in chips)
Seat 4: BuzovaPro ($119 in chips)
Ebbuten: posts small blind $1
BuzovaPro: posts big blind $3
*** HOLE CARDS ***
Ebbuten: raises $3 to $6
BuzovaPro: calls $3
*** FLOP *** [8s 9s Tc]
BuzovaPro: checks
Ebbuten: checks
*** TURN *** [8s 9s Tc] [Ts]
BuzovaPro: checks
Ebbuten: bets $6
BuzovaPro: folds
Uncalled bet ($6) returned to Ebbuten
Ebbuten collected $11.76 from pot
Ebbuten: doesn't show hand
*** SUMMARY ***
Total pot $12 | Rake $0.24
Board [8s 9s Tc Ts]
Seat 3: Ebbuten (button) (small blind) collected ($11.76)
Seat 4: BuzovaPro (big blind) folded on the Turn


PokerStars Hand #153651918693:  Hold'em Limit ($3/$6 USD) - 2016/05/21 17:39:08 ET
Table 'Muliphein II' 6-max Seat #4 is the button
Seat 3: Ebbuten ($96 in chips)
Seat 4: BuzovaPro ($95.50 in chips)
BuzovaPro: posts small blind $1
Ebbuten: posts big blind $3
*** HOLE CARDS ***
BuzovaPro: raises $3 to $6
Ebbuten: raises $3 to $9
BuzovaPro: calls $3
*** FLOP *** [3d 5s Qh]
Ebbuten: bets $3
BuzovaPro: calls $3
*** TURN *** [3d 5s Qh] [Tc]
Ebbuten: bets $6
BuzovaPro: calls $6
*** RIVER *** [3d 5s Qh Tc] [3h]
Ebbuten: checks
BuzovaPro: bets $6
Ebbuten: calls $6
*** SHOW DOWN ***
BuzovaPro: shows [Ac 5c] (two pair, Fives and Threes)
Ebbuten: mucks hand
BuzovaPro collected $47.50 from pot
*** SUMMARY ***
Total pot $48 | Rake $0.50
Board [3d 5s Qh Tc 3h]
Seat 3: Ebbuten (big blind) mucked
Seat 4: BuzovaPro (button) (small blind) showed [Ac 5c] and won ($47.50) with two pair, Fives and Threes


PokerStars Hand #153651986385:  Hold'em Limit ($3/$6 USD) - 2016/05/21 17:40:32 ET
Table 'Muliphein II' 6-max Seat #3 is the button
Seat 3: Ebbuten ($96.04 in chips)
Seat 4: BuzovaPro ($94 in chips)
Ebbuten: posts small blind $1
BuzovaPro: posts big blind $3
*** HOLE CARDS ***
Ebbuten: raises $3 to $6
BuzovaPro: calls $3
*** FLOP *** [9d 6c Ac]
BuzovaPro: checks
Ebbuten: bets $3
sienvan joins the table at seat #6
BuzovaPro: raises $3 to $6
Ebbuten: raises $3 to $9
BuzovaPro: calls $3
*** TURN *** [9d 6c Ac] [Qs]
BuzovaPro: checks
Ebbuten: checks
*** RIVER *** [9d 6c Ac Qs] [Th]
BuzovaPro: bets $6
Ebbuten: calls $6
*** SHOW DOWN ***
BuzovaPro: shows [8s 7c] (a straight, Six to Ten)
Ebbuten: mucks hand
BuzovaPro collected $41.50 from pot
*** SUMMARY ***
Total pot $42 | Rake $0.50
Board [9d 6c Ac Qs Th]
Seat 3: Ebbuten (button) (small blind) mucked
Seat 4: BuzovaPro (big blind) showed [8s 7c] and won ($41.50) with a straight, Six to Ten


PokerStars Hand #153651967594:  Hold'em Limit ($3/$6 USD) - 2016/05/21 17:40:09 ET
Table 'Muliphein II' 6-max Seat #4 is the button
Seat 3: Ebbuten ($87.40 in chips)
Seat 4: BuzovaPro ($103 in chips)
BuzovaPro: posts small blind $1
Ebbuten: posts big blind $3
*** HOLE CARDS ***
BuzovaPro: raises $3 to $6
Ebbuten: raises $3 to $9
BuzovaPro: calls $3
*** FLOP *** [Th Qd Kc]
Ebbuten: bets $3
BuzovaPro: folds
Uncalled bet ($3) returned to Ebbuten
Ebbuten collected $17.64 from pot
Ebbuten: doesn't show hand
*** SUMMARY ***
Total pot $18 | Rake $0.36
Board [Th Qd Kc]
Seat 3: Ebbuten (big blind) collected ($17.64)
Seat 4: BuzovaPro (button) (small blind) folded on the Flop


PokerStars Hand #153652665682:  Hold'em Limit ($3/$6 USD) - 2016/05/21 17:54:15 ET
Table 'Muliphein II' 6-max Seat #6 is the button
Seat 4: BuzovaPro ($72 in chips)
Seat 6: sienvan ($115.58 in chips)
sienvan: posts small blind $1
BuzovaPro: posts big blind $3
*** HOLE CARDS ***
sienvan: raises $3 to $6
BuzovaPro: calls $3
*** FLOP *** [Ah 2d Qd]
BuzovaPro: checks
sienvan: bets $3
BuzovaPro: calls $3
*** TURN *** [Ah 2d Qd] [Qc]
BuzovaPro: checks
sienvan: checks
*** RIVER *** [Ah 2d Qd Qc] [3c]
BuzovaPro: checks
sienvan: checks
*** SHOW DOWN ***
BuzovaPro: shows [4c 4s] (two pair, Queens and Fours)
sienvan: mucks hand
BuzovaPro collected $17.64 from pot
*** SUMMARY ***
Total pot $18 | Rake $0.36
Board [Ah 2d Qd Qc 3c]
Seat 4: BuzovaPro (big blind) showed [4c 4s] and won ($17.64) with two pair, Queens and Fours
Seat 6: sienvan (button) (small blind) mucked


PokerStars Hand #153652661332:  Hold'em Limit ($3/$6 USD) - 2016/05/21 17:54:10 ET
Table 'Muliphein II' 6-max Seat #4 is the button
Seat 4: BuzovaPro ($72 in chips)
Seat 6: sienvan ($114.58 in chips)
BuzovaPro: posts small blind $1
Chessnok: is sitting out
Chessnok leaves the table
sienvan: posts big blind $3
*** HOLE CARDS ***
BuzovaPro: folds
Uncalled bet ($2) returned to sienvan
sienvan collected $2 from pot
sienvan: doesn't show hand
*** SUMMARY ***
Total pot $2 | Rake $0
Seat 4: BuzovaPro (button) (small blind) folded before Flop
Seat 6: sienvan (big blind) collected ($2)


PokerStars Hand #153652710504:  Hold'em Limit ($3/$6 USD) - 2016/05/21 17:55:07 ET
Table 'Muliphein II' 6-max Seat #3 is the button
Seat 3: Ebbuten ($91.88 in chips)
Seat 4: BuzovaPro ($86.40 in chips)
Ebbuten: posts small blind $1
BuzovaPro: posts big blind $3
*** HOLE CARDS ***
Ebbuten: raises $3 to $6
BuzovaPro: raises $3 to $9
Ebbuten: calls $3
*** FLOP *** [Kh 8s Kd]
BuzovaPro: bets $3
Ebbuten: calls $3
*** TURN *** [Kh 8s Kd] [9d]
BuzovaPro: checks
Ebbuten: bets $6
BuzovaPro: calls $6
*** RIVER *** [Kh 8s Kd 9d] [Qh]
BuzovaPro: checks
Ebbuten: checks
*** SHOW DOWN ***
BuzovaPro: shows [Ac Td] (a pair of Kings)
Ebbuten: shows [9s Jd] (two pair, Kings and Nines)
Ebbuten collected $35.50 from pot
*** SUMMARY ***
Total pot $36 | Rake $0.50
Board [Kh 8s Kd 9d Qh]
Seat 3: Ebbuten (button) (small blind) showed [9s Jd] and won ($35.50) with two pair, Kings and Nines
Seat 4: BuzovaPro (big blind) showed [Ac Td] and lost with a pair of Kings


PokerStars Hand #153652699147:  Hold'em Limit ($3/$6 USD) - 2016/05/21 17:54:54 ET
Table 'Muliphein II' 6-max Seat #4 is the button
Seat 3: Ebbuten ($97.88 in chips)
Seat 4: BuzovaPro ($80.64 in chips)
BuzovaPro: posts small blind $1
Ebbuten: posts big blind $3
*** HOLE CARDS ***
BuzovaPro: raises $3 to $6
Ebbuten: calls $3
*** FLOP *** [Jh 3s 9d]
Ebbuten: checks
BuzovaPro: bets $3
Ebbuten: folds
Uncalled bet ($3) returned to BuzovaPro
BuzovaPro collected $11.76 from pot
BuzovaPro: doesn't show hand
*** SUMMARY ***
Total pot $12 | Rake $0.24
Board [Jh 3s 9d]
Seat 3: Ebbuten (big blind) folded on the Flop
Seat 4: BuzovaPro (button) (small blind) collected ($11.76)


PokerStars Hand #153652763240:  Hold'em Limit ($3/$6 USD) - 2016/05/21 17:56:32 ET
Table 'Muliphein II' 6-max Seat #4 is the button
Seat 3: Ebbuten ($99.88 in chips)
Seat 4: BuzovaPro ($98.50 in chips)
BuzovaPro: posts small blind $1
Ebbuten: posts big blind $3
*** HOLE CARDS ***
BuzovaPro: folds
Uncalled bet ($2) returned to Ebbuten
Ebbuten collected $2 from pot
Ebbuten: doesn't show hand
*** SUMMARY ***
Total pot $2 | Rake $0
Seat 3: Ebbuten (big blind) collected ($2)
Seat 4: BuzovaPro (button) (small blind) folded before Flop


PokerStars Hand #153652743195:  Hold'em Limit ($3/$6 USD) - 2016/05/21 17:55:59 ET
Table 'Muliphein II' 6-max Seat #3 is the button
Seat 3: Ebbuten ($126.88 in chips)
Seat 4: BuzovaPro ($72 in chips)
Ebbuten: posts small blind $1
BuzovaPro: posts big blind $3
*** HOLE CARDS ***
Ebbuten: raises $3 to $6
BuzovaPro: calls $3
*** FLOP *** [2c 5s 7c]
BuzovaPro: checks
Ebbuten: bets $3
BuzovaPro: calls $3
*** TURN *** [2c 5s 7c] [8s]
BuzovaPro: checks
Ebbuten: bets $6
BuzovaPro: raises $6 to $12
Ebbuten: calls $6
*** RIVER *** [2c 5s 7c 8s] [4s]
BuzovaPro: bets $6
Ebbuten: calls $6
*** SHOW DOWN ***
BuzovaPro: shows [Ts 3s] (a flush, Ten high)
Ebbuten: mucks hand
BuzovaPro collected $53.50 from pot
*** SUMMARY ***
Total pot $54 | Rake $0.50
Board [2c 5s 7c 8s 4s]
Seat 3: Ebbuten (button) (small blind) mucked
Seat 4: BuzovaPro (big blind) showed [Ts 3s] and won ($53.50) with a flush, Ten high


PokerStars Hand #153652729013:  Hold'em Limit ($3/$6 USD) - 2016/05/21 17:55:35 ET
Table 'Muliphein II' 6-max Seat #4 is the button
Seat 3: Ebbuten ($109.38 in chips)
Seat 4: BuzovaPro ($72 in chips)
BuzovaPro: posts small blind $1
Ebbuten: posts big blind $3
*** HOLE CARDS ***
BuzovaPro: raises $3 to $6
Ebbuten: raises $3 to $9
BuzovaPro: calls $3
*** FLOP *** [4h 5h 7s]
Ebbuten: bets $3
BuzovaPro: calls $3
*** TURN *** [4h 5h 7s] [9s]
Ebbuten: bets $6
BuzovaPro: calls $6
*** RIVER *** [4h 5h 7s 9s] [9c]
Ebbuten: checks
BuzovaPro: checks
*** SHOW DOWN ***
Ebbuten: shows [Ac 8h] (a pair of Nines)
BuzovaPro: mucks hand
Ebbuten collected $35.50 from pot
*** SUMMARY ***
Total pot $36 | Rake $0.50
Board [4h 5h 7s 9s 9c]
Seat 3: Ebbuten (big blind) showed [Ac 8h] and won ($35.50) with a pair of Nines
Seat 4: BuzovaPro (button) (small blind) mucked


PokerStars Hand #153652766219:  Hold'em Limit ($3/$6 USD) - 2016/05/21 17:56:37 ET
Table 'Muliphein II' 6-max Seat #3 is the button
Seat 3: Ebbuten ($100.88 in chips)
Seat 4: BuzovaPro ($97.50 in chips)
Ebbuten: posts small blind $1
BuzovaPro: posts big blind $3
*** HOLE CARDS ***
Ebbuten: folds
Uncalled bet ($2) returned to BuzovaPro
BuzovaPro collected $2 from pot
BuzovaPro: doesn't show hand
*** SUMMARY ***
Total pot $2 | Rake $0
Seat 3: Ebbuten (button) (small blind) folded before Flop
Seat 4: BuzovaPro (big blind) collected ($2)


PokerStars Hand #153652769279:  Hold'em Limit ($3/$6 USD) - 2016/05/21 17:56:42 ET
Table 'Muliphein II' 6-max Seat #4 is the button
Seat 3: Ebbuten ($99.88 in chips)
Seat 4: BuzovaPro ($98.50 in chips)
BuzovaPro: posts small blind $1
Ebbuten: posts big blind $3
*** HOLE CARDS ***
BuzovaPro: folds
Uncalled bet ($2) returned to Ebbuten
Ebbuten collected $2 from pot
Ebbuten: doesn't show hand
*** SUMMARY ***
Total pot $2 | Rake $0
Seat 3: Ebbuten (big blind) collected ($2)
Seat 4: BuzovaPro (button) (small blind) folded before Flop


PokerStars Hand #153652774595:  Hold'em Limit ($3/$6 USD) - 2016/05/21 17:56:51 ET
Table 'Muliphein II' 6-max Seat #3 is the button
Seat 3: Ebbuten ($100.88 in chips)
Seat 4: BuzovaPro ($97.50 in chips)
Ebbuten: posts small blind $1
BuzovaPro: posts big blind $3
*** HOLE CARDS ***
Ebbuten: raises $3 to $6
BuzovaPro: calls $3
*** FLOP *** [Kh 4d 9s]
BuzovaPro: checks
Ebbuten: bets $3
BuzovaPro: raises $3 to $6
Ebbuten: raises $3 to $9
BuzovaPro: raises $3 to $12
Betting is capped
Ebbuten: calls $3
*** TURN *** [Kh 4d 9s] [Th]
BuzovaPro: bets $6
Ebbuten: calls $6
*** RIVER *** [Kh 4d 9s Th] [8d]
BuzovaPro: bets $6
Ebbuten: raises $6 to $12
BuzovaPro: calls $6
*** SHOW DOWN ***
Ebbuten: shows [Td 8h] (two pair, Tens and Eights)
BuzovaPro: mucks hand
Ebbuten collected $71.50 from pot
*** SUMMARY ***
Total pot $72 | Rake $0.50
Board [Kh 4d 9s Th 8d]
Seat 3: Ebbuten (button) (small blind) showed [Td 8h] and won ($71.50) with two pair, Tens and Eights
Seat 4: BuzovaPro (big blind) mucked


PokerStars Hand #153652792133:  Hold'em Limit ($3/$6 USD) - 2016/05/21 17:57:19 ET
Table 'Muliphein II' 6-max Seat #3 is the button
Seat 3: Ebbuten ($137.38 in chips)
Seat 4: BuzovaPro ($72 in chips)
Ebbuten: posts small blind $1
BuzovaPro: posts big blind $3
*** HOLE CARDS ***
Ebbuten: folds
Uncalled bet ($2) returned to BuzovaPro
BuzovaPro collected $2 from pot
BuzovaPro: doesn't show hand
*** SUMMARY ***
Total pot $2 | Rake $0
Seat 3: Ebbuten (button) (small blind) folded before Flop
Seat 4: BuzovaPro (big blind) collected ($2)


PokerStars Hand #153652789198:  Hold'em Limit ($3/$6 USD) - 2016/05/21 17:57:15 ET
Table 'Muliphein II' 6-max Seat #4 is the button
Seat 3: Ebbuten ($136.38 in chips)
Seat 4: BuzovaPro ($72 in chips)
BuzovaPro: posts small blind $1
Ebbuten: posts big blind $3
*** HOLE CARDS ***
BuzovaPro: folds
Uncalled bet ($2) returned to Ebbuten
Ebbuten collected $2 from pot
Ebbuten: doesn't show hand
*** SUMMARY ***
Total pot $2 | Rake $0
Seat 3: Ebbuten (big blind) collected ($2)
Seat 4: BuzovaPro (button) (small blind) folded before Flop


PokerStars Hand #153652795090:  Hold'em Limit ($3/$6 USD) - 2016/05/21 17:57:24 ET
Table 'Muliphein II' 6-max Seat #4 is the button
Seat 3: Ebbuten ($136.38 in chips)
Seat 4: BuzovaPro ($73 in chips)
BuzovaPro: posts small blind $1
Ebbuten: posts big blind $3
*** HOLE CARDS ***
BuzovaPro: raises $3 to $6
Ebbuten: raises $3 to $9
BuzovaPro: calls $3
*** FLOP *** [8s 5d 7d]
Ebbuten: bets $3
BuzovaPro: calls $3
*** TURN *** [8s 5d 7d] [Kh]
Ebbuten: bets $6
BuzovaPro: raises $6 to $12
Ebbuten: calls $6
*** RIVER *** [8s 5d 7d Kh] [9d]
Ebbuten: checks
BuzovaPro: checks
*** SHOW DOWN ***
Ebbuten: shows [Ah Jd] (high card Ace)
BuzovaPro: shows [Kc 7c] (two pair, Kings and Sevens)
BuzovaPro collected $47.50 from pot
*** SUMMARY ***
Total pot $48 | Rake $0.50
Board [8s 5d 7d Kh 9d]
Seat 3: Ebbuten (big blind) showed [Ah Jd] and lost with high card Ace
Seat 4: BuzovaPro (button) (small blind) showed [Kc 7c] and won ($47.50) with two pair, Kings and Sevens


PokerStars Hand #153652812517:  Hold'em Limit ($3/$6 USD) - 2016/05/21 17:57:52 ET
Table 'Muliphein II' 6-max Seat #4 is the button
Seat 3: Ebbuten ($121.02 in chips)
Seat 4: BuzovaPro ($87.50 in chips)
BuzovaPro: posts small blind $1
Ebbuten: posts big blind $3
*** HOLE CARDS ***
BuzovaPro: raises $3 to $6
Ebbuten: folds
Uncalled bet ($3) returned to BuzovaPro
BuzovaPro collected $6 from pot
BuzovaPro: doesn't show hand
*** SUMMARY ***
Total pot $6 | Rake $0
Seat 3: Ebbuten (big blind) folded before Flop
Seat 4: BuzovaPro (button) (small blind) collected ($6)


PokerStars Hand #153652804898:  Hold'em Limit ($3/$6 USD) - 2016/05/21 17:57:40 ET
Table 'Muliphein II' 6-max Seat #3 is the button
Seat 3: Ebbuten ($112.38 in chips)
Seat 4: BuzovaPro ($96.50 in chips)
Ebbuten: posts small blind $1
BuzovaPro: posts big blind $3
*** HOLE CARDS ***
Ebbuten: raises $3 to $6
BuzovaPro: calls $3
*** FLOP *** [4s 3d 6s]
BuzovaPro: checks
Ebbuten: bets $3
BuzovaPro: calls $3
*** TURN *** [4s 3d 6s] [Ad]
BuzovaPro: checks
Ebbuten: bets $6
BuzovaPro: folds
Uncalled bet ($6) returned to Ebbuten
Ebbuten collected $17.64 from pot
Ebbuten: doesn't show hand
*** SUMMARY ***
Total pot $18 | Rake $0.36
Board [4s 3d 6s Ad]
Seat 3: Ebbuten (button) (small blind) collected ($17.64)
Seat 4: BuzovaPro (big blind) folded on the Turn


PokerStars Hand #153652818863:  Hold'em Limit ($3/$6 USD) - 2016/05/21 17:58:03 ET
Table 'Muliphein II' 6-max Seat #4 is the button
Seat 3: Ebbuten ($117.02 in chips)
Seat 4: BuzovaPro ($91.50 in chips)
BuzovaPro: posts small blind $1
Ebbuten: posts big blind $3
*** HOLE CARDS ***
BuzovaPro: raises $3 to $6
Ebbuten: folds
Uncalled bet ($3) returned to BuzovaPro
BuzovaPro collected $6 from pot
BuzovaPro: doesn't show hand
*** SUMMARY ***
Total pot $6 | Rake $0
Seat 3: Ebbuten (big blind) folded before Flop
Seat 4: BuzovaPro (button) (small blind) collected ($6)


PokerStars Hand #153652816083:  Hold'em Limit ($3/$6 USD) - 2016/05/21 17:57:58 ET
Table 'Muliphein II' 6-max Seat #3 is the button
Seat 3: Ebbuten ($118.02 in chips)
Seat 4: BuzovaPro ($90.50 in chips)
Ebbuten: posts small blind $1
BuzovaPro: posts big blind $3
*** HOLE CARDS ***
Ebbuten: folds
Uncalled bet ($2) returned to BuzovaPro
BuzovaPro collected $2 from pot
BuzovaPro: doesn't show hand
*** SUMMARY ***
Total pot $2 | Rake $0
Seat 3: Ebbuten (button) (small blind) folded before Flop
Seat 4: BuzovaPro (big blind) collected ($2)


PokerStars Hand #153652823152:  Hold'em Limit ($3/$6 USD) - 2016/05/21 17:58:09 ET
Table 'Muliphein II' 6-max Seat #3 is the button
Seat 3: Ebbuten ($114.02 in chips)
Seat 4: BuzovaPro ($94.50 in chips)
Ebbuten: posts small blind $1
BuzovaPro: posts big blind $3
*** HOLE CARDS ***
Ebbuten: raises $3 to $6
BuzovaPro: folds
Uncalled bet ($3) returned to Ebbuten
Ebbuten collected $6 from pot
Ebbuten: doesn't show hand
*** SUMMARY ***
Total pot $6 | Rake $0
Seat 3: Ebbuten (button) (small blind) collected ($6)
Seat 4: BuzovaPro (big blind) folded before Flop


PokerStars Hand #153652837032:  Hold'em Limit ($3/$6 USD) - 2016/05/21 17:58:32 ET
Table 'Muliphein II' 6-max Seat #3 is the button
Seat 3: Ebbuten ($140.52 in chips)
Seat 4: BuzovaPro ($72 in chips)
Ebbuten: posts small blind $1
BuzovaPro: posts big blind $3
*** HOLE CARDS ***
Ebbuten: folds
Uncalled bet ($2) returned to BuzovaPro
BuzovaPro collected $2 from pot
BuzovaPro: doesn't show hand
*** SUMMARY ***
Total pot $2 | Rake $0
Seat 3: Ebbuten (button) (small blind) folded before Flop
Seat 4: BuzovaPro (big blind) collected ($2)


PokerStars Hand #153652826373:  Hold'em Limit ($3/$6 USD) - 2016/05/21 17:58:15 ET
Table 'Muliphein II' 6-max Seat #4 is the button
Seat 3: Ebbuten ($117.02 in chips)
Seat 4: BuzovaPro ($91.50 in chips)
BuzovaPro: posts small blind $1
Ebbuten: posts big blind $3
*** HOLE CARDS ***
BuzovaPro: raises $3 to $6
Ebbuten: calls $3
*** FLOP *** [6s Jd 2d]
Ebbuten: checks
BuzovaPro: checks
*** TURN *** [6s Jd 2d] [6d]
Ebbuten: bets $6
BuzovaPro: calls $6
*** RIVER *** [6s Jd 2d 6d] [9d]
Ebbuten: bets $6
BuzovaPro: raises $6 to $12
Ebbuten: calls $6
*** SHOW DOWN ***
BuzovaPro: shows [5c Ks] (a pair of Sixes)
Ebbuten: shows [8d 7h] (a flush, Jack high)
Ebbuten collected $47.50 from pot
*** SUMMARY ***
Total pot $48 | Rake $0.50
Board [6s Jd 2d 6d 9d]
Seat 3: Ebbuten (big blind) showed [8d 7h] and won ($47.50) with a flush, Jack high
Seat 4: BuzovaPro (button) (small blind) showed [5c Ks] and lost with a pair of Sixes


PokerStars Hand #153652849689:  Hold'em Limit ($3/$6 USD) - 2016/05/21 17:58:52 ET
Table 'Muliphein II' 6-max Seat #3 is the button
Seat 3: Ebbuten ($115.52 in chips)
Seat 4: BuzovaPro ($96.50 in chips)
Ebbuten: posts small blind $1
BuzovaPro: posts big blind $3
*** HOLE CARDS ***
Ebbuten: raises $3 to $6
BuzovaPro: folds
Uncalled bet ($3) returned to Ebbuten
Ebbuten collected $6 from pot
Ebbuten: doesn't show hand
*** SUMMARY ***
Total pot $6 | Rake $0
Seat 3: Ebbuten (button) (small blind) collected ($6)
Seat 4: BuzovaPro (big blind) folded before Flop


PokerStars Hand #153652839960:  Hold'em Limit ($3/$6 USD) - 2016/05/21 17:58:37 ET
Table 'Muliphein II' 6-max Seat #4 is the button
Seat 3: Ebbuten ($139.52 in chips)
Seat 4: BuzovaPro ($73 in chips)
BuzovaPro: posts small blind $1
Ebbuten: posts big blind $3
*** HOLE CARDS ***
BuzovaPro: raises $3 to $6
Ebbuten: calls $3
*** FLOP *** [7c 8s 2s]
Ebbuten: checks
BuzovaPro: bets $3
Ebbuten: raises $3 to $6
BuzovaPro: calls $3
*** TURN *** [7c 8s 2s] [8h]
Ebbuten: bets $6
BuzovaPro: calls $6
*** RIVER *** [7c 8s 2s 8h] [4h]
Ebbuten: bets $6
BuzovaPro: calls $6
*** SHOW DOWN ***
Ebbuten: shows [5s 9s] (a pair of Eights)
BuzovaPro: shows [Qc 6s] (a pair of Eights - Queen kicker)
BuzovaPro collected $47.50 from pot
*** SUMMARY ***
Total pot $48 | Rake $0.50
Board [7c 8s 2s 8h 4h]
Seat 3: Ebbuten (big blind) showed [5s 9s] and lost with a pair of Eights
Seat 4: BuzovaPro (button) (small blind) showed [Qc 6s] and won ($47.50) with a pair of Eights


PokerStars Hand #153652853351:  Hold'em Limit ($3/$6 USD) - 2016/05/21 17:58:58 ET
Table 'Muliphein II' 6-max Seat #4 is the button
Seat 3: Ebbuten ($118.52 in chips)
Seat 4: BuzovaPro ($93.50 in chips)
BuzovaPro: posts small blind $1
Ebbuten: posts big blind $3
*** HOLE CARDS ***
BuzovaPro: folds
Uncalled bet ($2) returned to Ebbuten
Ebbuten collected $2 from pot
Ebbuten: doesn't show hand
*** SUMMARY ***
Total pot $2 | Rake $0
Seat 3: Ebbuten (big blind) collected ($2)
Seat 4: BuzovaPro (button) (small blind) folded before Flop


PokerStars Hand #153652855942:  Hold'em Limit ($3/$6 USD) - 2016/05/21 17:59:03 ET
Table 'Muliphein II' 6-max Seat #3 is the button
Seat 3: Ebbuten ($119.52 in chips)
Seat 4: BuzovaPro ($92.50 in chips)
Ebbuten: posts small blind $1
BuzovaPro: posts big blind $3
*** HOLE CARDS ***
Ebbuten: raises $3 to $6
BuzovaPro: raises $3 to $9
Ebbuten: calls $3
*** FLOP *** [2d Ac Jd]
BuzovaPro: bets $3
Ebbuten: folds
Uncalled bet ($3) returned to BuzovaPro
BuzovaPro collected $17.64 from pot
BuzovaPro: doesn't show hand
*** SUMMARY ***
Total pot $18 | Rake $0.36
Board [2d Ac Jd]
Seat 3: Ebbuten (button) (small blind) folded on the Flop
Seat 4: BuzovaPro (big blind) collected ($17.64)


PokerStars Hand #153652861457:  Hold'em Limit ($3/$6 USD) - 2016/05/21 17:59:12 ET
Table 'Muliphein II' 6-max Seat #4 is the button
Seat 3: Ebbuten ($110.52 in chips)
Seat 4: BuzovaPro ($101.14 in chips)
BuzovaPro: posts small blind $1
Ebbuten: posts big blind $3
*** HOLE CARDS ***
BuzovaPro: raises $3 to $6
Ebbuten: raises $3 to $9
BuzovaPro: calls $3
*** FLOP *** [Jh 5s 6c]
Ebbuten: bets $3
BuzovaPro: calls $3
*** TURN *** [Jh 5s 6c] [Td]
Ebbuten: bets $6
BuzovaPro: calls $6
*** RIVER *** [Jh 5s 6c Td] [9s]
Ebbuten: checks
BuzovaPro: bets $6
Ebbuten: calls $6
*** SHOW DOWN ***
BuzovaPro: shows [Ad 5d] (a pair of Fives)
Ebbuten: mucks hand
BuzovaPro collected $47.50 from pot
*** SUMMARY ***
Total pot $48 | Rake $0.50
Board [Jh 5s 6c Td 9s]
Seat 3: Ebbuten (big blind) mucked
Seat 4: BuzovaPro (button) (small blind) showed [Ad 5d] and won ($47.50) with a pair of Fives


PokerStars Hand #153652871357:  Hold'em Limit ($3/$6 USD) - 2016/05/21 17:59:28 ET
Table 'Muliphein II' 6-max Seat #3 is the button
Seat 3: Ebbuten ($86.52 in chips)
Seat 4: BuzovaPro ($124.64 in chips)
Ebbuten: posts small blind $1
BuzovaPro: posts big blind $3
*** HOLE CARDS ***
Ebbuten: raises $3 to $6
BuzovaPro: calls $3
*** FLOP *** [3s Qc Td]
BuzovaPro: checks
Ebbuten: bets $3
BuzovaPro: folds
Uncalled bet ($3) returned to Ebbuten
Ebbuten collected $11.76 from pot
Ebbuten: doesn't show hand
*** SUMMARY ***
Total pot $12 | Rake $0.24
Board [3s Qc Td]
Seat 3: Ebbuten (button) (small blind) collected ($11.76)
Seat 4: BuzovaPro (big blind) folded on the Flop


PokerStars Hand #153652876756:  Hold'em Limit ($3/$6 USD) - 2016/05/21 17:59:37 ET
Table 'Muliphein II' 6-max Seat #4 is the button
Seat 3: Ebbuten ($92.28 in chips)
Seat 4: BuzovaPro ($118.64 in chips)
BuzovaPro: posts small blind $1
Ebbuten: posts big blind $3
*** HOLE CARDS ***
BuzovaPro: raises $3 to $6
Ebbuten: calls $3
*** FLOP *** [Td Jc 8c]
Ebbuten: bets $3
BuzovaPro: calls $3
*** TURN *** [Td Jc 8c] [6c]
Ebbuten: bets $6
BuzovaPro: calls $6
*** RIVER *** [Td Jc 8c 6c] [Ah]
Ebbuten: bets $6
BuzovaPro: calls $6
*** SHOW DOWN ***
Ebbuten: shows [7s 9s] (a straight, Seven to Jack)
BuzovaPro: mucks hand
Ebbuten collected $41.50 from pot
*** SUMMARY ***
Total pot $42 | Rake $0.50
Board [Td Jc 8c 6c Ah]
Seat 3: Ebbuten (big blind) showed [7s 9s] and won ($41.50) with a straight, Seven to Jack
Seat 4: BuzovaPro (button) (small blind) mucked


PokerStars Hand #153652887688:  Hold'em Limit ($3/$6 USD) - 2016/05/21 17:59:54 ET
Table 'Muliphein II' 6-max Seat #3 is the button
Seat 3: Ebbuten ($112.78 in chips)
Seat 4: BuzovaPro ($97.64 in chips)
Ebbuten: posts small blind $1
BuzovaPro: posts big blind $3
*** HOLE CARDS ***
Ebbuten: raises $3 to $6
BuzovaPro: calls $3
*** FLOP *** [Js 2h Kc]
BuzovaPro: checks
Ebbuten: bets $3
BuzovaPro: raises $3 to $6
Ebbuten: folds
Uncalled bet ($3) returned to BuzovaPro
BuzovaPro collected $17.64 from pot
BuzovaPro: doesn't show hand
*** SUMMARY ***
Total pot $18 | Rake $0.36
Board [Js 2h Kc]
Seat 3: Ebbuten (button) (small blind) folded on the Flop
Seat 4: BuzovaPro (big blind) collected ($17.64)


PokerStars Hand #153652894664:  Hold'em Limit ($3/$6 USD) - 2016/05/21 18:00:05 ET
Table 'Muliphein II' 6-max Seat #4 is the button
Seat 3: Ebbuten ($103.78 in chips)
Seat 4: BuzovaPro ($106.28 in chips)
BuzovaPro: posts small blind $1
Ebbuten: posts big blind $3
*** HOLE CARDS ***
BuzovaPro: raises $3 to $6
Ebbuten: calls $3
*** FLOP *** [Qh 9s 8c]
Ebbuten: checks
BuzovaPro: bets $3
Ebbuten: calls $3
*** TURN *** [Qh 9s 8c] [Qd]
Ebbuten: checks
BuzovaPro: bets $6
Ebbuten: calls $6
*** RIVER *** [Qh 9s 8c Qd] [6c]
Ebbuten: checks
BuzovaPro: bets $6
Ebbuten: folds
Uncalled bet ($6) returned to BuzovaPro
BuzovaPro collected $29.50 from pot
BuzovaPro: doesn't show hand
*** SUMMARY ***
Total pot $30 | Rake $0.50
Board [Qh 9s 8c Qd 6c]
Seat 3: Ebbuten (big blind) folded on the River
Seat 4: BuzovaPro (button) (small blind) collected ($29.50)


PokerStars Hand #153652908274:  Hold'em Limit ($3/$6 USD) - 2016/05/21 18:00:27 ET
Table 'Muliphein II' 6-max Seat #3 is the button
Seat 3: Ebbuten ($88.78 in chips)
Seat 4: BuzovaPro ($120.78 in chips)
Ebbuten: posts small blind $1
BuzovaPro: posts big blind $3
*** HOLE CARDS ***
Ebbuten: folds
Uncalled bet ($2) returned to BuzovaPro
BuzovaPro collected $2 from pot
BuzovaPro: doesn't show hand
*** SUMMARY ***
Total pot $2 | Rake $0
Seat 3: Ebbuten (button) (small blind) folded before Flop
Seat 4: BuzovaPro (big blind) collected ($2)


PokerStars Hand #153652920616:  Hold'em Limit ($3/$6 USD) - 2016/05/21 18:00:45 ET
Table 'Muliphein II' 6-max Seat #3 is the button
Seat 3: Ebbuten ($93.54 in chips)
Seat 4: BuzovaPro ($115.78 in chips)
Ebbuten: posts small blind $1
BuzovaPro: posts big blind $3
*** HOLE CARDS ***
Ebbuten: folds
Uncalled bet ($2) returned to BuzovaPro
BuzovaPro collected $2 from pot
BuzovaPro: doesn't show hand
*** SUMMARY ***
Total pot $2 | Rake $0
Seat 3: Ebbuten (button) (small blind) folded before Flop
Seat 4: BuzovaPro (big blind) collected ($2)


PokerStars Hand #153652911930:  Hold'em Limit ($3/$6 USD) - 2016/05/21 18:00:32 ET
Table 'Muliphein II' 6-max Seat #4 is the button
Seat 3: Ebbuten ($87.78 in chips)
Seat 4: BuzovaPro ($121.78 in chips)
BuzovaPro: posts small blind $1
Ebbuten: posts big blind $3
*** HOLE CARDS ***
BuzovaPro: raises $3 to $6
Ebbuten: calls $3
*** FLOP *** [6d 2h Ts]
Ebbuten: checks
BuzovaPro: checks
*** TURN *** [6d 2h Ts] [Td]
Ebbuten: bets $6
BuzovaPro: folds
Uncalled bet ($6) returned to Ebbuten
Ebbuten collected $11.76 from pot
Ebbuten: doesn't show hand
*** SUMMARY ***
Total pot $12 | Rake $0.24
Board [6d 2h Ts Td]
Seat 3: Ebbuten (big blind) collected ($11.76)
Seat 4: BuzovaPro (button) (small blind) folded on the Turn


PokerStars Hand #153652926890:  Hold'em Limit ($3/$6 USD) - 2016/05/21 18:00:55 ET
Table 'Muliphein II' 6-max Seat #3 is the button
Seat 3: Ebbuten ($93.54 in chips)
Seat 4: BuzovaPro ($115.78 in chips)
Ebbuten: posts small blind $1
BuzovaPro: posts big blind $3
*** HOLE CARDS ***
Ebbuten: folds
Uncalled bet ($2) returned to BuzovaPro
BuzovaPro collected $2 from pot
BuzovaPro: doesn't show hand
*** SUMMARY ***
Total pot $2 | Rake $0
Seat 3: Ebbuten (button) (small blind) folded before Flop
Seat 4: BuzovaPro (big blind) collected ($2)


PokerStars Hand #153652923708:  Hold'em Limit ($3/$6 USD) - 2016/05/21 18:00:50 ET
Table 'Muliphein II' 6-max Seat #4 is the button
Seat 3: Ebbuten ($92.54 in chips)
Seat 4: BuzovaPro ($116.78 in chips)
BuzovaPro: posts small blind $1
Ebbuten: posts big blind $3
*** HOLE CARDS ***
BuzovaPro: folds
Uncalled bet ($2) returned to Ebbuten
Ebbuten collected $2 from pot
Ebbuten: doesn't show hand
*** SUMMARY ***
Total pot $2 | Rake $0
Seat 3: Ebbuten (big blind) collected ($2)
Seat 4: BuzovaPro (button) (small blind) folded before Flop


PokerStars Hand #153652929956:  Hold'em Limit ($3/$6 USD) - 2016/05/21 18:00:59 ET
Table 'Muliphein II' 6-max Seat #4 is the button
Seat 3: Ebbuten ($92.54 in chips)
Seat 4: BuzovaPro ($116.78 in chips)
BuzovaPro: posts small blind $1
Ebbuten: posts big blind $3
*** HOLE CARDS ***
BuzovaPro: folds
Uncalled bet ($2) returned to Ebbuten
Ebbuten collected $2 from pot
Ebbuten: doesn't show hand
*** SUMMARY ***
Total pot $2 | Rake $0
Seat 3: Ebbuten (big blind) collected ($2)
Seat 4: BuzovaPro (button) (small blind) folded before Flop


PokerStars Hand #153652933403:  Hold'em Limit ($3/$6 USD) - 2016/05/21 18:01:04 ET
Table 'Muliphein II' 6-max Seat #3 is the button
Seat 3: Ebbuten ($93.54 in chips)
Seat 4: BuzovaPro ($115.78 in chips)
Ebbuten: posts small blind $1
BuzovaPro: posts big blind $3
*** HOLE CARDS ***
Ebbuten: raises $3 to $6
BuzovaPro: calls $3
*** FLOP *** [4h 2h 2c]
BuzovaPro: checks
Ebbuten: bets $3
BuzovaPro: folds
Uncalled bet ($3) returned to Ebbuten
Ebbuten collected $11.76 from pot
Ebbuten: doesn't show hand
*** SUMMARY ***
Total pot $12 | Rake $0.24
Board [4h 2h 2c]
Seat 3: Ebbuten (button) (small blind) collected ($11.76)
Seat 4: BuzovaPro (big blind) folded on the Flop


PokerStars Hand #153652940154:  Hold'em Limit ($3/$6 USD) - 2016/05/21 18:01:14 ET
Table 'Muliphein II' 6-max Seat #4 is the button
Seat 3: Ebbuten ($99.30 in chips)
Seat 4: BuzovaPro ($109.78 in chips)
BuzovaPro: posts small blind $1
Ebbuten: posts big blind $3
*** HOLE CARDS ***
BuzovaPro: raises $3 to $6
Ebbuten: calls $3
*** FLOP *** [Jc 7s 3d]
Ebbuten: checks
BuzovaPro: bets $3
Ebbuten: calls $3
*** TURN *** [Jc 7s 3d] [7h]
Ebbuten: checks
BuzovaPro: bets $6
Ebbuten: raises $6 to $12
BuzovaPro: calls $6
*** RIVER *** [Jc 7s 3d 7h] [Ac]
Ebbuten: bets $6
BuzovaPro: raises $6 to $12
Ebbuten: raises $6 to $18
BuzovaPro: folds
Uncalled bet ($6) returned to Ebbuten
Ebbuten collected $65.50 from pot
Ebbuten: doesn't show hand
*** SUMMARY ***
Total pot $66 | Rake $0.50
Board [Jc 7s 3d 7h Ac]
Seat 3: Ebbuten (big blind) collected ($65.50)
Seat 4: BuzovaPro (button) (small blind) folded on the River


PokerStars Hand #153652962586:  Hold'em Limit ($3/$6 USD) - 2016/05/21 18:01:43 ET
Table 'Muliphein II' 6-max Seat #4 is the button
Seat 3: Ebbuten ($130.80 in chips)
Seat 4: BuzovaPro ($77.78 in chips)
BuzovaPro: posts small blind $1
Ebbuten: posts big blind $3
*** HOLE CARDS ***
BuzovaPro: folds
Uncalled bet ($2) returned to Ebbuten
Ebbuten collected $2 from pot
Ebbuten: doesn't show hand
*** SUMMARY ***
Total pot $2 | Rake $0
Seat 3: Ebbuten (big blind) collected ($2)
Seat 4: BuzovaPro (button) (small blind) folded before Flop


PokerStars Hand #153652958775:  Hold'em Limit ($3/$6 USD) - 2016/05/21 18:01:38 ET
Table 'Muliphein II' 6-max Seat #3 is the button
Seat 3: Ebbuten ($131.80 in chips)
Seat 4: BuzovaPro ($76.78 in chips)
Ebbuten: posts small blind $1
BuzovaPro: posts big blind $3
*** HOLE CARDS ***
Ebbuten: folds
Uncalled bet ($2) returned to BuzovaPro
BuzovaPro collected $2 from pot
BuzovaPro: doesn't show hand
*** SUMMARY ***
Total pot $2 | Rake $0
Seat 3: Ebbuten (button) (small blind) folded before Flop
Seat 4: BuzovaPro (big blind) collected ($2)


PokerStars Hand #153652966180:  Hold'em Limit ($3/$6 USD) - 2016/05/21 18:01:48 ET
Table 'Muliphein II' 6-max Seat #3 is the button
Seat 3: Ebbuten ($131.80 in chips)
Seat 4: BuzovaPro ($76.78 in chips)
Ebbuten: posts small blind $1
BuzovaPro: posts big blind $3
*** HOLE CARDS ***
Ebbuten: folds
Uncalled bet ($2) returned to BuzovaPro
BuzovaPro collected $2 from pot
BuzovaPro: doesn't show hand
*** SUMMARY ***
Total pot $2 | Rake $0
Seat 3: Ebbuten (button) (small blind) folded before Flop
Seat 4: BuzovaPro (big blind) collected ($2)


PokerStars Hand #153652986216:  Hold'em Limit ($3/$6 USD) - 2016/05/21 18:02:12 ET
Table 'Muliphein II' 6-max Seat #3 is the button
Seat 3: Ebbuten ($106.80 in chips)
Seat 4: BuzovaPro ($101.28 in chips)
Ebbuten: posts small blind $1
BuzovaPro: posts big blind $3
*** HOLE CARDS ***
Ebbuten: raises $3 to $6
BuzovaPro: folds
Uncalled bet ($3) returned to Ebbuten
Ebbuten collected $6 from pot
Ebbuten: doesn't show hand
*** SUMMARY ***
Total pot $6 | Rake $0
Seat 3: Ebbuten (button) (small blind) collected ($6)
Seat 4: BuzovaPro (big blind) folded before Flop


PokerStars Hand #153652970024:  Hold'em Limit ($3/$6 USD) - 2016/05/21 18:01:52 ET
Table 'Muliphein II' 6-max Seat #4 is the button
Seat 3: Ebbuten ($130.80 in chips)
Seat 4: BuzovaPro ($77.78 in chips)
BuzovaPro: posts small blind $1
Ebbuten: posts big blind $3
*** HOLE CARDS ***
BuzovaPro: raises $3 to $6
Ebbuten: raises $3 to $9
BuzovaPro: calls $3
*** FLOP *** [Kc 9d 6d]
Ebbuten: bets $3
BuzovaPro: calls $3
*** TURN *** [Kc 9d 6d] [9h]
Ebbuten: checks
BuzovaPro: bets $6
Ebbuten: calls $6
*** RIVER *** [Kc 9d 6d 9h] [5h]
Ebbuten: checks
BuzovaPro: bets $6
Ebbuten: calls $6
*** SHOW DOWN ***
BuzovaPro: shows [3s 3h] (two pair, Nines and Threes)
Ebbuten: mucks hand
BuzovaPro collected $47.50 from pot
*** SUMMARY ***
Total pot $48 | Rake $0.50
Board [Kc 9d 6d 9h 5h]
Seat 3: Ebbuten (big blind) mucked
Seat 4: BuzovaPro (button) (small blind) showed [3s 3h] and won ($47.50) with two pair, Nines and Threes


PokerStars Hand #153652990928:  Hold'em Limit ($3/$6 USD) - 2016/05/21 18:02:17 ET
Table 'Muliphein II' 6-max Seat #4 is the button
Seat 3: Ebbuten ($109.80 in chips)
Seat 4: BuzovaPro ($98.28 in chips)
BuzovaPro: posts small blind $1
Ebbuten: posts big blind $3
*** HOLE CARDS ***
BuzovaPro: raises $3 to $6
Ebbuten: folds
Uncalled bet ($3) returned to BuzovaPro
BuzovaPro collected $6 from pot
BuzovaPro: doesn't show hand
*** SUMMARY ***
Total pot $6 | Rake $0
Seat 3: Ebbuten (big blind) folded before Flop
Seat 4: BuzovaPro (button) (small blind) collected ($6)


PokerStars Hand #153652995504:  Hold'em Limit ($3/$6 USD) - 2016/05/21 18:02:23 ET
Table 'Muliphein II' 6-max Seat #3 is the button
Seat 3: Ebbuten ($106.80 in chips)
Seat 4: BuzovaPro ($101.28 in chips)
Ebbuten: posts small blind $1
BuzovaPro: posts big blind $3
*** HOLE CARDS ***
Ebbuten: raises $3 to $6
BuzovaPro: calls $3
*** FLOP *** [Kd 4h 9h]
BuzovaPro: checks
Ebbuten: bets $3
BuzovaPro: folds
Uncalled bet ($3) returned to Ebbuten
Ebbuten collected $11.76 from pot
Ebbuten: doesn't show hand
*** SUMMARY ***
Total pot $12 | Rake $0.24
Board [Kd 4h 9h]
Seat 3: Ebbuten (button) (small blind) collected ($11.76)
Seat 4: BuzovaPro (big blind) folded on the Flop


PokerStars Hand #153653009350:  Hold'em Limit ($3/$6 USD) - 2016/05/21 18:02:38 ET
Table 'Muliphein II' 6-max Seat #4 is the button
Seat 3: Ebbuten ($112.56 in chips)
Seat 4: BuzovaPro ($95.28 in chips)
BuzovaPro: posts small blind $1
Ebbuten: posts big blind $3
*** HOLE CARDS ***
BuzovaPro: raises $3 to $6
Ebbuten: calls $3
*** FLOP *** [9h As 3s]
Ebbuten: checks
BuzovaPro: checks
*** TURN *** [9h As 3s] [8h]
Ebbuten: bets $6
BuzovaPro: calls $6
*** RIVER *** [9h As 3s 8h] [2d]
Kosova1968 joins the table at seat #2
Ebbuten: bets $6
BuzovaPro: raises $6 to $12
Ebbuten: calls $6
*** SHOW DOWN ***
BuzovaPro: shows [Ah Tc] (a pair of Aces)
Ebbuten: shows [8c Ad] (two pair, Aces and Eights)
Ebbuten collected $47.50 from pot
*** SUMMARY ***
Total pot $48 | Rake $0.50
Board [9h As 3s 8h 2d]
Seat 3: Ebbuten (big blind) showed [8c Ad] and won ($47.50) with two pair, Aces and Eights
Seat 4: BuzovaPro (button) (small blind) showed [Ah Tc] and lost with a pair of Aces


PokerStars Hand #153653027965:  Hold'em Limit ($3/$6 USD) - 2016/05/21 18:03:00 ET
Table 'Muliphein II' 6-max Seat #3 is the button
Seat 3: Ebbuten ($136.06 in chips)
Seat 4: BuzovaPro ($72 in chips)
Ebbuten: posts small blind $1
BuzovaPro: posts big blind $3
*** HOLE CARDS ***
Ebbuten: folds
Uncalled bet ($2) returned to BuzovaPro
BuzovaPro collected $2 from pot
BuzovaPro: doesn't show hand
*** SUMMARY ***
Total pot $2 | Rake $0
Seat 3: Ebbuten (button) (small blind) folded before Flop
Seat 4: BuzovaPro (big blind) collected ($2)


