PokerStars Hand #153105152849:  Hold'em Limit ($3/$6 USD) - 2016/05/10 6:07:05 ET
Table 'Muliphein II' 6-max Seat #3 is the button
Seat 3: ChicagoBull4 ($55.07 in chips)
Seat 4: Actionni13 ($150 in chips)
ChicagoBull4: posts small blind $1
Actionni13: posts big blind $3
*** HOLE CARDS ***
ChicagoBull4: raises $3 to $6
Actionni13: raises $3 to $9
ChicagoBull4: calls $3
*** FLOP *** [2d Ac 4s]
Actionni13: bets $3
ChicagoBull4: calls $3
*** TURN *** [2d Ac 4s] [Ah]
Actionni13: bets $6
ChicagoBull4: raises $6 to $12
Actionni13: folds
Uncalled bet ($6) returned to ChicagoBull4
ChicagoBull4 collected $35.50 from pot
ChicagoBull4: doesn't show hand
*** SUMMARY ***
Total pot $36 | Rake $0.50
Board [2d Ac 4s Ah]
Seat 3: ChicagoBull4 (button) (small blind) collected ($35.50)
Seat 4: Actionni13 (big blind) folded on the Turn


PokerStars Hand #153105144363:  Hold'em Limit ($3/$6 USD) - 2016/05/10 6:06:43 ET
Table 'Muliphein II' 6-max Seat #4 is the button
Seat 3: ChicagoBull4 ($46.43 in chips)
Seat 4: Actionni13 ($156.76 in chips)
Actionni13: posts small blind $1
ChicagoBull4: posts big blind $3
*** HOLE CARDS ***
Actionni13: raises $3 to $6
ChicagoBull4: calls $3
*** FLOP *** [2s 3c Qh]
ChicagoBull4: checks
Actionni13: bets $3
ChicagoBull4: raises $3 to $6
Actionni13: folds
Uncalled bet ($3) returned to ChicagoBull4
ChicagoBull4 collected $17.64 from pot
*** SUMMARY ***
Total pot $18 | Rake $0.36
Board [2s 3c Qh]
Seat 3: ChicagoBull4 (big blind) collected ($17.64)
Seat 4: Actionni13 (button) (small blind) folded on the Flop


PokerStars Hand #153105165715:  Hold'em Limit ($3/$6 USD) - 2016/05/10 6:07:38 ET
Table 'Muliphein II' 6-max Seat #4 is the button
Seat 3: ChicagoBull4 ($72.57 in chips)
Seat 4: Actionni13 ($150 in chips)
Actionni13: posts small blind $1
ChicagoBull4: posts big blind $3
*** HOLE CARDS ***
Actionni13: raises $3 to $6
ChicagoBull4: calls $3
*** FLOP *** [4c Td 7h]
ChicagoBull4: bets $3
Actionni13: calls $3
*** TURN *** [4c Td 7h] [2c]
ChicagoBull4: bets $6
Actionni13: calls $6
*** RIVER *** [4c Td 7h 2c] [Ad]
ChicagoBull4: checks
Actionni13: checks
*** SHOW DOWN ***
ChicagoBull4: shows [5c 6s] (high card Ace)
Actionni13: shows [Qs 7c] (a pair of Sevens)
Actionni13 collected $29.50 from pot
*** SUMMARY ***
Total pot $30 | Rake $0.50
Board [4c Td 7h 2c Ad]
Seat 3: ChicagoBull4 (big blind) showed [5c 6s] and lost with high card Ace
Seat 4: Actionni13 (button) (small blind) showed [Qs 7c] and won ($29.50) with a pair of Sevens


PokerStars Hand #153105190990:  Hold'em Limit ($3/$6 USD) - 2016/05/10 6:08:43 ET
Table 'Muliphein II' 6-max Seat #4 is the button
Seat 3: ChicagoBull4 ($63.33 in chips)
Seat 4: Actionni13 ($158.50 in chips)
Actionni13: posts small blind $1
ChicagoBull4: posts big blind $3
*** HOLE CARDS ***
Actionni13: raises $3 to $6
ChicagoBull4: calls $3
*** FLOP *** [5c 4s Ad]
ChicagoBull4: checks
Actionni13: bets $3
ChicagoBull4: folds
Uncalled bet ($3) returned to Actionni13
Actionni13 collected $11.76 from pot
Actionni13: doesn't show hand
*** SUMMARY ***
Total pot $12 | Rake $0.24
Board [5c 4s Ad]
Seat 3: ChicagoBull4 (big blind) folded on the Flop
Seat 4: Actionni13 (button) (small blind) collected ($11.76)


PokerStars Hand #153105196803:  Hold'em Limit ($3/$6 USD) - 2016/05/10 6:08:58 ET
Table 'Muliphein II' 6-max Seat #3 is the button
Seat 3: ChicagoBull4 ($57.33 in chips)
Seat 4: Actionni13 ($164.26 in chips)
ChicagoBull4: posts small blind $1
Actionni13: posts big blind $3
*** HOLE CARDS ***
ChicagoBull4: folds
Uncalled bet ($2) returned to Actionni13
Actionni13 collected $2 from pot
Actionni13: doesn't show hand
*** SUMMARY ***
Total pot $2 | Rake $0
Seat 3: ChicagoBull4 (button) (small blind) folded before Flop
Seat 4: Actionni13 (big blind) collected ($2)


PokerStars Hand #153105198656:  Hold'em Limit ($3/$6 USD) - 2016/05/10 6:09:03 ET
Table 'Muliphein II' 6-max Seat #4 is the button
Seat 3: ChicagoBull4 ($56.33 in chips)
Seat 4: Actionni13 ($165.26 in chips)
Actionni13: posts small blind $1
ChicagoBull4: posts big blind $3
*** HOLE CARDS ***
Actionni13: raises $3 to $6
ChicagoBull4: calls $3
*** FLOP *** [6h Qc Ks]
ChicagoBull4: checks
Actionni13: bets $3
ChicagoBull4: raises $3 to $6
tangxueke joins the table at seat #6
Actionni13: calls $3
*** TURN *** [6h Qc Ks] [Ac]
belik555 joins the table at seat #1
ChicagoBull4: bets $6
Actionni13: calls $6
*** RIVER *** [6h Qc Ks Ac] [4c]
ChicagoBull4: bets $6
Actionni13: calls $6
*** SHOW DOWN ***
ChicagoBull4: shows [Ad Kd] (two pair, Aces and Kings)
Actionni13: mucks hand
ChicagoBull4 collected $47.50 from pot
*** SUMMARY ***
Total pot $48 | Rake $0.50
Board [6h Qc Ks Ac 4c]
Seat 3: ChicagoBull4 (big blind) showed [Ad Kd] and won ($47.50) with two pair, Aces and Kings
Seat 4: Actionni13 (button) (small blind) mucked


PokerStars Hand #153105214198:  Hold'em Limit ($3/$6 USD) - 2016/05/10 6:09:43 ET
Table 'Muliphein II' 6-max Seat #3 is the button
Seat 3: ChicagoBull4 ($79.83 in chips)
Seat 4: Actionni13 ($150 in chips)
ChicagoBull4: posts small blind $1
Actionni13: posts big blind $3
*** HOLE CARDS ***
ChicagoBull4: folds
Uncalled bet ($2) returned to Actionni13
Actionni13 collected $2 from pot
Actionni13: doesn't show hand
*** SUMMARY ***
Total pot $2 | Rake $0
Seat 3: ChicagoBull4 (button) (small blind) folded before Flop
Seat 4: Actionni13 (big blind) collected ($2)


