PokerStars Hand #176575315133:  Hold'em Limit ($3/$6 USD) - 2017/10/06 15:58:38 ET
Table 'Mundleria' 6-max Seat #3 is the button
Seat 1: Zubasa07 ($328.81 in chips)
Seat 3: vannoo08 ($26.59 in chips)
vannoo08: posts small blind $1
Zubasa07: posts big blind $3
*** HOLE CARDS ***
vannoo08: calls $2
Zubasa07: raises $3 to $6
vannoo08: calls $3
*** FLOP *** [Kc Td 5c]
Zubasa07: bets $3
vannoo08: folds
Uncalled bet ($3) returned to Zubasa07
Zubasa07 collected $11.76 from pot
Zubasa07: doesn't show hand
*** SUMMARY ***
Total pot $12 | Rake $0.24
Board [Kc Td 5c]
Seat 1: Zubasa07 (big blind) collected ($11.76)
Seat 3: vannoo08 (button) (small blind) folded on the Flop


PokerStars Hand #176575294891:  Hold'em Limit ($3/$6 USD) - 2017/10/06 15:58:06 ET
Table 'Mundleria' 6-max Seat #1 is the button
Seat 1: Zubasa07 ($311.31 in chips)
Seat 3: vannoo08 ($44.59 in chips)
Zubasa07: posts small blind $1
vannoo08: posts big blind $3
*** HOLE CARDS ***
Zubasa07: raises $3 to $6
vannoo08: calls $3
*** FLOP *** [6d Jd 6c]
vannoo08: bets $3
Zubasa07: raises $3 to $6
vannoo08: calls $3
*** TURN *** [6d Jd 6c] [5c]
vannoo08: checks
Zubasa07: checks
*** RIVER *** [6d Jd 6c 5c] [2s]
vannoo08: bets $6
Zubasa07: calls $6
*** SHOW DOWN ***
vannoo08: shows [9s 7s] (a pair of Sixes)
Zubasa07: shows [Ac 5h] (two pair, Sixes and Fives)
Zubasa07 collected $35.50 from pot
*** SUMMARY ***
Total pot $36 | Rake $0.50
Board [6d Jd 6c 5c 2s]
Seat 1: Zubasa07 (button) (small blind) showed [Ac 5h] and won ($35.50) with two pair, Sixes and Fives
Seat 3: vannoo08 (big blind) showed [9s 7s] and lost with a pair of Sixes


PokerStars Hand #176575271806:  Hold'em Limit ($3/$6 USD) - 2017/10/06 15:57:29 ET
Table 'Mundleria' 6-max Seat #3 is the button
Seat 1: Zubasa07 ($308.43 in chips)
Seat 3: vannoo08 ($47.59 in chips)
vannoo08: posts small blind $1
Actionni13: is sitting out
vestimokrec: is sitting out
Zubasa07: posts big blind $3
*** HOLE CARDS ***
vannoo08: calls $2
Zubasa07: checks
*** FLOP *** [Kc 3c Ks]
Zubasa07: checks
vannoo08: checks
*** TURN *** [Kc 3c Ks] [6s]
Zubasa07: checks
vannoo08: checks
*** RIVER *** [Kc 3c Ks 6s] [5s]
Zubasa07: checks
vannoo08: checks
*** SHOW DOWN ***
Zubasa07: shows [2d Ts] (a pair of Kings)
vannoo08: mucks hand
Zubasa07 collected $5.88 from pot
*** SUMMARY ***
Total pot $6 | Rake $0.12
Board [Kc 3c Ks 6s 5s]
Seat 1: Zubasa07 (big blind) showed [2d Ts] and won ($5.88) with a pair of Kings
Seat 3: vannoo08 (button) (small blind) mucked


PokerStars Hand #176575326576:  Hold'em Limit ($3/$6 USD) - 2017/10/06 15:58:56 ET
Table 'Mundleria' 6-max Seat #1 is the button
Seat 1: Zubasa07 ($334.57 in chips)
Seat 3: vannoo08 ($20.59 in chips)
Zubasa07: posts small blind $1
vannoo08: posts big blind $3
*** HOLE CARDS ***
LouisB joins the table at seat #6
Zubasa07: raises $3 to $6
LouisB leaves the table
vannoo08: raises $3 to $9
Zubasa07: calls $3
*** FLOP *** [2s 3c Ad]
vannoo08: bets $3
Zubasa07: raises $3 to $6
vannoo08: raises $3 to $9
Zubasa07: raises $3 to $12
Betting is capped
vannoo08: calls $2.59 and is all-in
Uncalled bet ($0.41) returned to Zubasa07
*** TURN *** [2s 3c Ad] [5s]
*** RIVER *** [2s 3c Ad 5s] [Kc]
*** SHOW DOWN ***
vannoo08: shows [5h Kh] (two pair, Kings and Fives)
Zubasa07: shows [3d 4d] (a straight, Ace to Five)
Zubasa07 collected $40.68 from pot
*** SUMMARY ***
Total pot $41.18 | Rake $0.50
Board [2s 3c Ad 5s Kc]
Seat 1: Zubasa07 (button) (small blind) showed [3d 4d] and won ($40.68) with a straight, Ace to Five
Seat 3: vannoo08 (big blind) showed [5h Kh] and lost with two pair, Kings and Fives


PokerStars Hand #176578049199:  Hold'em Limit ($3/$6 USD) - 2017/10/06 16:58:15 ET
Table 'Mundleria' 6-max Seat #2 is the button
Seat 1: vestimokrec ($109.02 in chips)
Seat 2: favete lin ($101.91 in chips)
favete lin: posts small blind $1
mtzi: is sitting out
vestimokrec: posts big blind $3
*** HOLE CARDS ***
mtzi leaves the table
favete lin: folds
Uncalled bet ($2) returned to vestimokrec
vestimokrec collected $2 from pot
vestimokrec: doesn't show hand
*** SUMMARY ***
Total pot $2 | Rake $0
Seat 1: vestimokrec (big blind) collected ($2)
Seat 2: favete lin (button) (small blind) folded before Flop


PokerStars Hand #176578692207:  Hold'em Limit ($3/$6 USD) - 2017/10/06 17:12:31 ET
Table 'Mundleria' 6-max Seat #4 is the button
Seat 4: aploshik ($45.53 in chips)
Seat 5: Ag3r0n ($72 in chips)
aploshik: posts small blind $1
vestimokrec joins the table at seat #6
Ag3r0n: posts big blind $3
*** HOLE CARDS ***
aploshik: calls $2
Ag3r0n: raises $3 to $6
aploshik: calls $3
*** FLOP *** [Qc 9h 7c]
Ag3r0n: bets $3
aploshik: calls $3
*** TURN *** [Qc 9h 7c] [7s]
Ag3r0n: bets $6
aploshik: raises $6 to $12
Ag3r0n: folds
Uncalled bet ($6) returned to aploshik
aploshik collected $29.50 from pot
*** SUMMARY ***
Total pot $30 | Rake $0.50
Board [Qc 9h 7c 7s]
Seat 4: aploshik (button) (small blind) collected ($29.50)
Seat 5: Ag3r0n (big blind) folded on the Turn


PokerStars Hand #176579051851:  Hold'em Limit ($3/$6 USD) - 2017/10/06 17:20:17 ET
Table 'Mundleria' 6-max Seat #4 is the button
Seat 4: aploshik ($19.81 in chips)
Seat 5: Ag3r0n ($156.81 in chips)
aploshik: posts small blind $1
Ag3r0n: posts big blind $3
*** HOLE CARDS ***
aploshik: folds
Uncalled bet ($2) returned to Ag3r0n
Ag3r0n collected $2 from pot
Ag3r0n: doesn't show hand
*** SUMMARY ***
Total pot $2 | Rake $0
Seat 4: aploshik (button) (small blind) folded before Flop
Seat 5: Ag3r0n (big blind) collected ($2)


PokerStars Hand #176579023739:  Hold'em Limit ($3/$6 USD) - 2017/10/06 17:19:41 ET
Table 'Mundleria' 6-max Seat #5 is the button
Seat 4: aploshik ($37.81 in chips)
Seat 5: Ag3r0n ($139.31 in chips)
Ag3r0n: posts small blind $1
vestimokrec: is sitting out
aploshik: posts big blind $3
*** HOLE CARDS ***
Ag3r0n: raises $3 to $6
aploshik: raises $3 to $9
Ag3r0n: calls $3
*** FLOP *** [5d 9s 3c]
aploshik: checks
Ag3r0n: bets $3
aploshik: calls $3
*** TURN *** [5d 9s 3c] [As]
aploshik: checks
Ag3r0n: checks
*** RIVER *** [5d 9s 3c As] [6c]
aploshik: checks
Ag3r0n: bets $6
aploshik: calls $6
*** SHOW DOWN ***
Ag3r0n: shows [6h 5c] (two pair, Sixes and Fives)
aploshik: mucks hand
Ag3r0n collected $35.50 from pot
*** SUMMARY ***
Total pot $36 | Rake $0.50
Board [5d 9s 3c As 6c]
Seat 4: aploshik (big blind) mucked
Seat 5: Ag3r0n (button) (small blind) showed [6h 5c] and won ($35.50) with two pair, Sixes and Fives


PokerStars Hand #176579379612:  Hold'em Limit ($3/$6 USD) - 2017/10/06 17:27:22 ET
Table 'Mundleria' 6-max Seat #6 is the button
Seat 4: aploshik ($34.34 in chips)
Seat 6: vestimokrec ($109.07 in chips)
vestimokrec: posts small blind $1
aploshik: posts big blind $3
*** HOLE CARDS ***
vestimokrec: raises $3 to $6
aploshik: calls $3
*** FLOP *** [Qs Ts Ah]
aploshik: checks
vestimokrec: checks
*** TURN *** [Qs Ts Ah] [Kc]
aploshik: bets $6
vestimokrec: calls $6
*** RIVER *** [Qs Ts Ah Kc] [3h]
aploshik: bets $6
vestimokrec: folds
Uncalled bet ($6) returned to aploshik
aploshik collected $23.52 from pot
*** SUMMARY ***
Total pot $24 | Rake $0.48
Board [Qs Ts Ah Kc 3h]
Seat 4: aploshik (big blind) collected ($23.52)
Seat 6: vestimokrec (button) (small blind) folded on the River


PokerStars Hand #176579347454:  Hold'em Limit ($3/$6 USD) - 2017/10/06 17:26:41 ET
Table 'Mundleria' 6-max Seat #4 is the button
Seat 4: aploshik ($17.42 in chips)
Seat 6: vestimokrec ($126.49 in chips)
aploshik: posts small blind $1
vestimokrec: posts big blind $3
*** HOLE CARDS ***
aploshik: raises $3 to $6
vestimokrec: calls $3
*** FLOP *** [5d Kh Js]
vestimokrec: checks
aploshik: bets $3
vestimokrec: calls $3
*** TURN *** [5d Kh Js] [Qc]
vestimokrec: checks
aploshik: bets $6
vestimokrec: raises $6 to $12
aploshik: calls $2.42 and is all-in
Uncalled bet ($3.58) returned to vestimokrec
*** RIVER *** [5d Kh Js Qc] [4s]
*** SHOW DOWN ***
vestimokrec: shows [2s Qd] (a pair of Queens)
aploshik: shows [6s Qs] (a pair of Queens - King+Jack+Six kicker)
aploshik collected $34.34 from pot
*** SUMMARY ***
Total pot $34.84 | Rake $0.50
Board [5d Kh Js Qc 4s]
Seat 4: aploshik (button) (small blind) showed [6s Qs] and won ($34.34) with a pair of Queens
Seat 6: vestimokrec (big blind) showed [2s Qd] and lost with a pair of Queens


PokerStars Hand #176579403553:  Hold'em Limit ($3/$6 USD) - 2017/10/06 17:27:54 ET
Table 'Mundleria' 6-max Seat #4 is the button
Seat 4: aploshik ($45.86 in chips)
Seat 6: vestimokrec ($97.07 in chips)
aploshik: posts small blind $1
vestimokrec: posts big blind $3
*** HOLE CARDS ***
aploshik: calls $2
vestimokrec: checks
*** FLOP *** [3c 9h 6d]
vestimokrec: checks
aploshik: bets $3
vestimokrec: folds
Uncalled bet ($3) returned to aploshik
aploshik collected $5.88 from pot
*** SUMMARY ***
Total pot $6 | Rake $0.12
Board [3c 9h 6d]
Seat 4: aploshik (button) (small blind) collected ($5.88)
Seat 6: vestimokrec (big blind) folded on the Flop


PokerStars Hand #176579420926:  Hold'em Limit ($3/$6 USD) - 2017/10/06 17:28:16 ET
Table 'Mundleria' 6-max Seat #6 is the button
Seat 4: aploshik ($48.74 in chips)
Seat 6: vestimokrec ($94.07 in chips)
vestimokrec: posts small blind $1
aploshik: posts big blind $3
*** HOLE CARDS ***
vestimokrec: folds
Uncalled bet ($2) returned to aploshik
aploshik collected $2 from pot
*** SUMMARY ***
Total pot $2 | Rake $0
Seat 4: aploshik (big blind) collected ($2)
Seat 6: vestimokrec (button) (small blind) folded before Flop


PokerStars Hand #176579428816:  Hold'em Limit ($3/$6 USD) - 2017/10/06 17:28:27 ET
Table 'Mundleria' 6-max Seat #4 is the button
Seat 4: aploshik ($49.74 in chips)
Seat 6: vestimokrec ($93.07 in chips)
aploshik: posts small blind $1
vestimokrec: posts big blind $3
*** HOLE CARDS ***
aploshik: calls $2
vestimokrec: checks
*** FLOP *** [Jd 3h 5d]
vestimokrec: checks
aploshik: checks
*** TURN *** [Jd 3h 5d] [4s]
vestimokrec: bets $6
aploshik: folds
Uncalled bet ($6) returned to vestimokrec
vestimokrec collected $5.88 from pot
vestimokrec: doesn't show hand
*** SUMMARY ***
Total pot $6 | Rake $0.12
Board [Jd 3h 5d 4s]
Seat 4: aploshik (button) (small blind) folded on the Turn
Seat 6: vestimokrec (big blind) collected ($5.88)


PokerStars Hand #176579446483:  Hold'em Limit ($3/$6 USD) - 2017/10/06 17:28:50 ET
Table 'Mundleria' 6-max Seat #6 is the button
Seat 4: aploshik ($46.74 in chips)
Seat 6: vestimokrec ($95.95 in chips)
vestimokrec: posts small blind $1
aploshik: posts big blind $3
*** HOLE CARDS ***
vestimokrec: raises $3 to $6
aploshik: calls $3
*** FLOP *** [7h 7d 5c]
aploshik: checks
vestimokrec: bets $3
aploshik: calls $3
*** TURN *** [7h 7d 5c] [As]
aploshik: checks
vestimokrec: checks
*** RIVER *** [7h 7d 5c As] [9d]
aploshik: checks
vestimokrec: checks
Ag3r0n joins the table at seat #5
*** SHOW DOWN ***
aploshik: shows [5s Kh] (two pair, Sevens and Fives)
vestimokrec: mucks hand
aploshik collected $17.64 from pot
*** SUMMARY ***
Total pot $18 | Rake $0.36
Board [7h 7d 5c As 9d]
Seat 4: aploshik (big blind) showed [5s Kh] and won ($17.64) with two pair, Sevens and Fives
Seat 6: vestimokrec (button) (small blind) mucked


