PokerStars Hand #166203592862:  Hold'em Limit ($3/$6 USD) - 2017/02/14 11:53:17 ET
Table 'Mundleria III' 10-max Seat #1 is the button
Seat 1: megren5049 ($189.06 in chips)
Seat 2: vestimokrec ($93 in chips)
megren5049: posts small blind $1
vestimokrec: posts big blind $3
*** HOLE CARDS ***
megren5049: raises $3 to $6
vestimokrec: calls $3
*** FLOP *** [3s Qh Kh]
vestimokrec: checks
megren5049: checks
*** TURN *** [3s Qh Kh] [5h]
vestimokrec: bets $6
megren5049: calls $6
*** RIVER *** [3s Qh Kh 5h] [5s]
vestimokrec: bets $6
megren5049: calls $6
*** SHOW DOWN ***
vestimokrec: shows [Qs 9c] (two pair, Queens and Fives)
megren5049: mucks hand
vestimokrec collected $35.50 from pot
*** SUMMARY ***
Total pot $36 | Rake $0.50
Board [3s Qh Kh 5h 5s]
Seat 1: megren5049 (button) (small blind) mucked
Seat 2: vestimokrec (big blind) showed [Qs 9c] and won ($35.50) with two pair, Queens and Fives


PokerStars Hand #166203560021:  Hold'em Limit ($3/$6 USD) - 2017/02/14 11:52:33 ET
Table 'Mundleria III' 10-max Seat #2 is the button
Seat 1: megren5049 ($162.56 in chips)
Seat 2: vestimokrec ($120 in chips)
vestimokrec: posts small blind $1
MTails has timed out
MTails: is sitting out
megren5049: posts big blind $3
*** HOLE CARDS ***
vestimokrec: raises $3 to $6
megren5049: calls $3
*** FLOP *** [3h 3c Th]
belik555 joins the table at seat #3
megren5049: checks
vestimokrec: bets $3
megren5049: calls $3
*** TURN *** [3h 3c Th] [2c]
megren5049: checks
vestimokrec: bets $6
megren5049: raises $6 to $12
vestimokrec: calls $6
*** RIVER *** [3h 3c Th 2c] [Ac]
megren5049: bets $6
vestimokrec: calls $6
*** SHOW DOWN ***
megren5049: shows [Tc 3d] (a full house, Threes full of Tens)
vestimokrec: mucks hand
megren5049 collected $53.50 from pot
*** SUMMARY ***
Total pot $54 | Rake $0.50
Board [3h 3c Th 2c Ac]
Seat 1: megren5049 (big blind) showed [Tc 3d] and won ($53.50) with a full house, Threes full of Tens
Seat 2: vestimokrec (button) (small blind) mucked


PokerStars Hand #166203711043:  Hold'em Limit ($3/$6 USD) - 2017/02/14 11:56:02 ET
Table 'Mundleria III' 10-max Seat #2 is the button
Seat 1: megren5049 ($173.70 in chips)
Seat 2: vestimokrec ($91.78 in chips)
vestimokrec: posts small blind $1
belik555: is sitting out
megren5049: posts big blind $3
*** HOLE CARDS ***
vestimokrec: raises $3 to $6
megren5049: calls $3
*** FLOP *** [6h As 4c]
megren5049: checks
vestimokrec: bets $3
megren5049: calls $3
*** TURN *** [6h As 4c] [Kd]
megren5049: checks
vestimokrec: checks
*** RIVER *** [6h As 4c Kd] [2c]
megren5049: bets $6
vestimokrec: calls $6
*** SHOW DOWN ***
megren5049: shows [3h 6c] (a pair of Sixes)
vestimokrec: shows [Kh 7s] (a pair of Kings)
vestimokrec collected $29.50 from pot
*** SUMMARY ***
Total pot $30 | Rake $0.50
Board [6h As 4c Kd 2c]
Seat 1: megren5049 (big blind) showed [3h 6c] and lost with a pair of Sixes
Seat 2: vestimokrec (button) (small blind) showed [Kh 7s] and won ($29.50) with a pair of Kings


PokerStars Hand #166203725555:  Hold'em Limit ($3/$6 USD) - 2017/02/14 11:56:25 ET
Table 'Mundleria III' 10-max Seat #1 is the button
Seat 1: megren5049 ($158.70 in chips)
Seat 2: vestimokrec ($106.28 in chips)
megren5049: posts small blind $1
vestimokrec: posts big blind $3
*** HOLE CARDS ***
megren5049: raises $3 to $6
vestimokrec: calls $3
*** FLOP *** [4c Ks 7d]
vestimokrec: checks
megren5049: bets $3
vestimokrec: calls $3
*** TURN *** [4c Ks 7d] [9d]
vestimokrec: checks
megren5049: bets $6
vestimokrec: calls $6
*** RIVER *** [4c Ks 7d 9d] [8d]
vestimokrec: checks
megren5049: checks
*** SHOW DOWN ***
vestimokrec: shows [8s 8h] (three of a kind, Eights)
megren5049: mucks hand
vestimokrec collected $29.50 from pot
*** SUMMARY ***
Total pot $30 | Rake $0.50
Board [4c Ks 7d 9d 8d]
Seat 1: megren5049 (button) (small blind) mucked
Seat 2: vestimokrec (big blind) showed [8s 8h] and won ($29.50) with three of a kind, Eights


