PokerStars Hand #152059849022:  Hold'em Limit ($3/$6 USD) - 2016/04/17 15:07:16 ET
Table 'Mundleria III' 10-max Seat #9 is the button
Seat 9: JoeBlack1982 ($603.64 in chips)
Seat 10: Chessnok ($141.01 in chips)
JoeBlack1982: posts small blind $1
Chessnok: posts big blind $3
*** HOLE CARDS ***
JoeBlack1982: raises $3 to $6
Chessnok: calls $3
*** FLOP *** [6h 8s 4s]
Chessnok: checks
JoeBlack1982: checks
*** TURN *** [6h 8s 4s] [Jd]
Chessnok: bets $6
JoeBlack1982: calls $6
*** RIVER *** [6h 8s 4s Jd] [Qh]
Chessnok: bets $6
JoeBlack1982: folds
Uncalled bet ($6) returned to Chessnok
Chessnok collected $23.52 from pot
Chessnok: doesn't show hand
*** SUMMARY ***
Total pot $24 | Rake $0.48
Board [6h 8s 4s Jd Qh]
Seat 9: JoeBlack1982 (button) (small blind) folded on the River
Seat 10: Chessnok (big blind) collected ($23.52)


PokerStars Hand #152059842813:  Hold'em Limit ($3/$6 USD) - 2016/04/17 15:07:10 ET
Table 'Mundleria III' 10-max Seat #10 is the button
Seat 9: JoeBlack1982 ($606.64 in chips)
Seat 10: Chessnok ($138.01 in chips)
Chessnok: posts small blind $1
JoeBlack1982: posts big blind $3
*** HOLE CARDS ***
Chessnok: raises $3 to $6
JoeBlack1982: folds
Uncalled bet ($3) returned to Chessnok
Chessnok collected $6 from pot
Chessnok: doesn't show hand
*** SUMMARY ***
Total pot $6 | Rake $0
Seat 9: JoeBlack1982 (big blind) folded before Flop
Seat 10: Chessnok (button) (small blind) collected ($6)


PokerStars Hand #152059836750:  Hold'em Limit ($3/$6 USD) - 2016/04/17 15:07:05 ET
Table 'Mundleria III' 10-max Seat #9 is the button
Seat 9: JoeBlack1982 ($607.64 in chips)
Seat 10: Chessnok ($137.01 in chips)
JoeBlack1982: posts small blind $1
Chessnok: posts big blind $3
*** HOLE CARDS ***
JoeBlack1982: folds
Uncalled bet ($2) returned to Chessnok
Chessnok collected $2 from pot
Chessnok: doesn't show hand
*** SUMMARY ***
Total pot $2 | Rake $0
Seat 9: JoeBlack1982 (button) (small blind) folded before Flop
Seat 10: Chessnok (big blind) collected ($2)


PokerStars Hand #152059811722:  Hold'em Limit ($3/$6 USD) - 2016/04/17 15:06:45 ET
Table 'Mundleria III' 10-max Seat #10 is the button
Seat 9: JoeBlack1982 ($578.14 in chips)
Seat 10: Chessnok ($167.01 in chips)
Chessnok: posts small blind $1
Zubasa07: is sitting out
JoeBlack1982: posts big blind $3
*** HOLE CARDS ***
Chessnok: raises $3 to $6
JoeBlack1982: raises $3 to $9
Chessnok: calls $3
*** FLOP *** [9h 2d Kc]
JoeBlack1982: bets $3
Zubasa07 leaves the table
Chessnok: calls $3
*** TURN *** [9h 2d Kc] [6d]
JoeBlack1982: bets $6
Chessnok: raises $6 to $12
JoeBlack1982: raises $6 to $18
Chessnok: calls $6
*** RIVER *** [9h 2d Kc 6d] [4s]
JoeBlack1982: bets $6
Chessnok: folds
Uncalled bet ($6) returned to JoeBlack1982
JoeBlack1982 collected $59.50 from pot
JoeBlack1982: doesn't show hand
*** SUMMARY ***
Total pot $60 | Rake $0.50
Board [9h 2d Kc 6d 4s]
Seat 9: JoeBlack1982 (big blind) collected ($59.50)
Seat 10: Chessnok (button) (small blind) folded on the River


PokerStars Hand #152059902522:  Hold'em Limit ($3/$6 USD) - 2016/04/17 15:08:00 ET
Table 'Mundleria III' 10-max Seat #9 is the button
Seat 9: JoeBlack1982 ($567.64 in chips)
Seat 10: Chessnok ($176.03 in chips)
JoeBlack1982: posts small blind $1
Chessnok: posts big blind $3
*** HOLE CARDS ***
JoeBlack1982: raises $3 to $6
Chessnok: raises $3 to $9
JoeBlack1982: raises $3 to $12
Betting is capped
Chessnok: calls $3
*** FLOP *** [7h 8h 8d]
Chessnok: checks
JoeBlack1982: checks
*** TURN *** [7h 8h 8d] [As]
Chessnok: bets $6
JoeBlack1982: raises $6 to $12
Chessnok: raises $6 to $18
JoeBlack1982: folds
Uncalled bet ($6) returned to Chessnok
JoeBlack1982 leaves the table
Chessnok collected $47.50 from pot
Chessnok: doesn't show hand
*** SUMMARY ***
Total pot $48 | Rake $0.50
Board [7h 8h 8d As]
Seat 9: JoeBlack1982 (button) (small blind) folded on the Turn
Seat 10: Chessnok (big blind) collected ($47.50)


PokerStars Hand #152059867780:  Hold'em Limit ($3/$6 USD) - 2016/04/17 15:07:31 ET
Table 'Mundleria III' 10-max Seat #10 is the button
Seat 9: JoeBlack1982 ($591.64 in chips)
Seat 10: Chessnok ($152.53 in chips)
Chessnok: posts small blind $1
JoeBlack1982: posts big blind $3
*** HOLE CARDS ***
Chessnok: raises $3 to $6
JoeBlack1982: raises $3 to $9
Chessnok: calls $3
*** FLOP *** [Jc 8d 4d]
JoeBlack1982: bets $3
Chessnok: calls $3
*** TURN *** [Jc 8d 4d] [9s]
JoeBlack1982: bets $6
Chessnok: calls $6
*** RIVER *** [Jc 8d 4d 9s] [Kd]
JoeBlack1982: bets $6
Chessnok: raises $6 to $12
JoeBlack1982: folds
Uncalled bet ($6) returned to Chessnok
Chessnok collected $47.50 from pot
Chessnok: doesn't show hand
*** SUMMARY ***
Total pot $48 | Rake $0.50
Board [Jc 8d 4d 9s Kd]
Seat 9: JoeBlack1982 (big blind) folded on the River
Seat 10: Chessnok (button) (small blind) collected ($47.50)


PokerStars Hand #152074614311:  Hold'em Limit ($3/$6 USD) - 2016/04/17 19:30:51 ET
Table 'Mundleria III' 10-max Seat #10 is the button
Seat 6: 7 Huligan 7 ($30 in chips)
Seat 10: Zubasa07 ($500 in chips)
Zubasa07: posts small blind $1
7 Huligan 7: posts big blind $3
*** HOLE CARDS ***
Zubasa07: folds
Uncalled bet ($2) returned to 7 Huligan 7
7 Huligan 7 collected $2 from pot
7 Huligan 7: doesn't show hand
*** SUMMARY ***
Total pot $2 | Rake $0
Seat 6: 7 Huligan 7 (big blind) collected ($2)
Seat 10: Zubasa07 (button) (small blind) folded before Flop


PokerStars Hand #152074623472:  Hold'em Limit ($3/$6 USD) - 2016/04/17 19:31:06 ET
Table 'Mundleria III' 10-max Seat #6 is the button
Seat 6: 7 Huligan 7 ($31 in chips)
Seat 10: Zubasa07 ($499 in chips)
7 Huligan 7: posts small blind $1
Zubasa07: posts big blind $3
*** HOLE CARDS ***
7 Huligan 7: raises $3 to $6
Zubasa07: calls $3
*** FLOP *** [3c Qh Th]
Zubasa07: checks
7 Huligan 7: bets $3
Zubasa07: calls $3
*** TURN *** [3c Qh Th] [Jd]
Zubasa07: checks
7 Huligan 7: bets $6
Zubasa07: calls $6
*** RIVER *** [3c Qh Th Jd] [Qc]
Zubasa07: checks
7 Huligan 7: bets $6
Zubasa07: calls $6
*** SHOW DOWN ***
7 Huligan 7: shows [Kd As] (a straight, Ten to Ace)
Zubasa07: mucks hand
7 Huligan 7 collected $41.50 from pot
*** SUMMARY ***
Total pot $42 | Rake $0.50
Board [3c Qh Th Jd Qc]
Seat 6: 7 Huligan 7 (button) (small blind) showed [Kd As] and won ($41.50) with a straight, Ten to Ace
Seat 10: Zubasa07 (big blind) mucked


