PokerStars Hand #148427350404:  Hold'em Limit ($3/$6 USD) - 2016/02/07 20:55:51 ET
Table 'Munoz' 2-max Seat #1 is the button
Seat 1: rais181 ($15.52 in chips)
Seat 2: elifnur2008 ($145.50 in chips)
rais181: posts small blind $1
elifnur2008: posts big blind $3
*** HOLE CARDS ***
rais181: raises $3 to $6
elifnur2008: calls $3
*** FLOP *** [Td Jh 6c]
elifnur2008: checks
rais181: bets $3
elifnur2008: calls $3
*** TURN *** [Td Jh 6c] [Kd]
elifnur2008: checks
rais181: checks
*** RIVER *** [Td Jh 6c Kd] [7h]
elifnur2008: bets $6
rais181: folds
Uncalled bet ($6) returned to elifnur2008
elifnur2008 collected $17.64 from pot
elifnur2008: doesn't show hand
*** SUMMARY ***
Total pot $18 | Rake $0.36
Board [Td Jh 6c Kd 7h]
Seat 1: rais181 (button) (small blind) folded on the River
Seat 2: elifnur2008 (big blind) collected ($17.64)


PokerStars Hand #148427348554:  Hold'em Limit ($3/$6 USD) - 2016/02/07 20:55:45 ET
Table 'Munoz' 2-max Seat #2 is the button
Seat 1: rais181 ($14.52 in chips)
Seat 2: elifnur2008 ($146.50 in chips)
elifnur2008: posts small blind $1
rais181: posts big blind $3
*** HOLE CARDS ***
elifnur2008: folds
Uncalled bet ($2) returned to rais181
rais181 collected $2 from pot
rais181: doesn't show hand
*** SUMMARY ***
Total pot $2 | Rake $0
Seat 1: rais181 (big blind) collected ($2)
Seat 2: elifnur2008 (button) (small blind) folded before Flop


PokerStars Hand #148427344763:  Hold'em Limit ($3/$6 USD) - 2016/02/07 20:55:35 ET
Table 'Munoz' 2-max Seat #1 is the button
Seat 1: rais181 ($8.76 in chips)
Seat 2: elifnur2008 ($152.50 in chips)
rais181: posts small blind $1
elifnur2008: posts big blind $3
*** HOLE CARDS ***
rais181: raises $3 to $6
elifnur2008: calls $3
*** FLOP *** [Ac Jh 4c]
elifnur2008: checks
rais181: bets $2.76 and is all-in
elifnur2008: folds
Uncalled bet ($2.76) returned to rais181
rais181 collected $11.76 from pot
rais181: doesn't show hand
*** SUMMARY ***
Total pot $12 | Rake $0.24
Board [Ac Jh 4c]
Seat 1: rais181 (button) (small blind) collected ($11.76)
Seat 2: elifnur2008 (big blind) folded on the Flop


PokerStars Hand #148427335810:  Hold'em Limit ($3/$6 USD) - 2016/02/07 20:55:11 ET
Table 'Munoz' 2-max Seat #2 is the button
Seat 1: rais181 ($41.76 in chips)
Seat 2: elifnur2008 ($120 in chips)
elifnur2008: posts small blind $1
rais181: posts big blind $3
*** HOLE CARDS ***
elifnur2008: raises $3 to $6
rais181: raises $3 to $9
elifnur2008: raises $3 to $12
Betting is capped
rais181: calls $3
*** FLOP *** [7d Kc Qc]
rais181: bets $3
elifnur2008: calls $3
*** TURN *** [7d Kc Qc] [Jc]
rais181: bets $6
elifnur2008: calls $6
*** RIVER *** [7d Kc Qc Jc] [5h]
rais181: bets $6
elifnur2008: raises $6 to $12
rais181: calls $6
*** SHOW DOWN ***
elifnur2008: shows [Qs 6c] (a pair of Queens)
rais181: mucks hand
elifnur2008 collected $65.50 from pot
*** SUMMARY ***
Total pot $66 | Rake $0.50
Board [7d Kc Qc Jc 5h]
Seat 1: rais181 (big blind) mucked
Seat 2: elifnur2008 (button) (small blind) showed [Qs 6c] and won ($65.50) with a pair of Queens


PokerStars Hand #148427364838:  Hold'em Limit ($3/$6 USD) - 2016/02/07 20:56:30 ET
Table 'Munoz' 2-max Seat #2 is the button
Seat 1: rais181 ($15.78 in chips)
Seat 2: elifnur2008 ($144.62 in chips)
elifnur2008: posts small blind $1
rais181: posts big blind $3
*** HOLE CARDS ***
elifnur2008: raises $3 to $6
rais181: calls $3
*** FLOP *** [6d As 9s]
rais181: checks
elifnur2008: bets $3
rais181: calls $3
*** TURN *** [6d As 9s] [2h]
rais181: checks
elifnur2008: bets $6
rais181: calls $6
*** RIVER *** [6d As 9s 2h] [Jc]
rais181: bets $0.78 and is all-in
elifnur2008: calls $0.78
*** SHOW DOWN ***
rais181: shows [8s 5d] (high card Ace)
elifnur2008: shows [Ts 6s] (a pair of Sixes)
elifnur2008 collected $31.06 from pot
*** SUMMARY ***
Total pot $31.56 | Rake $0.50
Board [6d As 9s 2h Jc]
Seat 1: rais181 (big blind) showed [8s 5d] and lost with high card Ace
Seat 2: elifnur2008 (button) (small blind) showed [Ts 6s] and won ($31.06) with a pair of Sixes


PokerStars Hand #148427362346:  Hold'em Limit ($3/$6 USD) - 2016/02/07 20:56:24 ET
Table 'Munoz' 2-max Seat #1 is the button
Seat 1: rais181 ($12.78 in chips)
Seat 2: elifnur2008 ($147.62 in chips)
rais181: posts small blind $1
elifnur2008: posts big blind $3
*** HOLE CARDS ***
rais181: raises $3 to $6
elifnur2008: folds
Uncalled bet ($3) returned to rais181
rais181 collected $6 from pot
rais181: doesn't show hand
*** SUMMARY ***
Total pot $6 | Rake $0
Seat 1: rais181 (button) (small blind) collected ($6)
Seat 2: elifnur2008 (big blind) folded before Flop


PokerStars Hand #148427357479:  Hold'em Limit ($3/$6 USD) - 2016/02/07 20:56:10 ET
Table 'Munoz' 2-max Seat #2 is the button
Seat 1: rais181 ($6.52 in chips)
Seat 2: elifnur2008 ($154.14 in chips)
elifnur2008: posts small blind $1
rais181: posts big blind $3
*** HOLE CARDS ***
elifnur2008: raises $3 to $6
rais181: raises $0.52 to $6.52 and is all-in
elifnur2008: calls $0.52
*** FLOP *** [6c Ad 2s]
*** TURN *** [6c Ad 2s] [5d]
*** RIVER *** [6c Ad 2s 5d] [7s]
*** SHOW DOWN ***
rais181: shows [Jd 7c] (a pair of Sevens)
elifnur2008: shows [Td Jc] (high card Ace)
rais181 collected $12.78 from pot
*** SUMMARY ***
Total pot $13.04 | Rake $0.26
Board [6c Ad 2s 5d 7s]
Seat 1: rais181 (big blind) showed [Jd 7c] and won ($12.78) with a pair of Sevens
Seat 2: elifnur2008 (button) (small blind) showed [Td Jc] and lost with high card Ace


