PokerStars Hand #160168491584:  Hold'em Limit ($3/$6 USD) - 2016/10/19 18:52:37 ET
Table 'Munoz' 6-max Seat #1 is the button
Seat 1: GRAILKO ($187 in chips)
Seat 6: Chuckles1337 ($193.19 in chips)
GRAILKO: posts small blind $1
GoliafUa: is sitting out
Chuckles1337: posts big blind $3
*** HOLE CARDS ***
GRAILKO: raises $3 to $6
Chuckles1337: calls $3
*** FLOP *** [3d Qs 7s]
Chuckles1337: checks
GRAILKO: bets $3
Chuckles1337: folds
Uncalled bet ($3) returned to GRAILKO
GRAILKO collected $11.76 from pot
GRAILKO: doesn't show hand
*** SUMMARY ***
Total pot $12 | Rake $0.24
Board [3d Qs 7s]
Seat 1: GRAILKO (button) (small blind) collected ($11.76)
Seat 6: Chuckles1337 (big blind) folded on the Flop


PokerStars Hand #160168538073:  Hold'em Limit ($3/$6 USD) - 2016/10/19 18:53:51 ET
Table 'Munoz' 6-max Seat #1 is the button
Seat 1: GRAILKO ($180.40 in chips)
Seat 6: Chuckles1337 ($198.69 in chips)
GRAILKO: posts small blind $1
Chuckles1337: posts big blind $3
*** HOLE CARDS ***
GRAILKO: raises $3 to $6
Chuckles1337: folds
Uncalled bet ($3) returned to GRAILKO
GRAILKO collected $6 from pot
GRAILKO: doesn't show hand
*** SUMMARY ***
Total pot $6 | Rake $0
Seat 1: GRAILKO (button) (small blind) collected ($6)
Seat 6: Chuckles1337 (big blind) folded before Flop


PokerStars Hand #160168534837:  Hold'em Limit ($3/$6 USD) - 2016/10/19 18:53:45 ET
Table 'Munoz' 6-max Seat #6 is the button
Seat 1: GRAILKO ($179.40 in chips)
Seat 6: Chuckles1337 ($199.69 in chips)
Chuckles1337: posts small blind $1
GRAILKO: posts big blind $3
*** HOLE CARDS ***
Chuckles1337: folds
Uncalled bet ($2) returned to GRAILKO
GRAILKO collected $2 from pot
GRAILKO: doesn't show hand
*** SUMMARY ***
Total pot $2 | Rake $0
Seat 1: GRAILKO (big blind) collected ($2)
Seat 6: Chuckles1337 (button) (small blind) folded before Flop


PokerStars Hand #160168530447:  Hold'em Limit ($3/$6 USD) - 2016/10/19 18:53:39 ET
Table 'Munoz' 6-max Seat #1 is the button
Seat 1: GRAILKO ($180.40 in chips)
Seat 6: Chuckles1337 ($198.69 in chips)
GRAILKO: posts small blind $1
Chuckles1337: posts big blind $3
*** HOLE CARDS ***
GRAILKO: folds
Uncalled bet ($2) returned to Chuckles1337
Chuckles1337 collected $2 from pot
Chuckles1337: doesn't show hand
*** SUMMARY ***
Total pot $2 | Rake $0
Seat 1: GRAILKO (button) (small blind) folded before Flop
Seat 6: Chuckles1337 (big blind) collected ($2)


PokerStars Hand #160168518282:  Hold'em Limit ($3/$6 USD) - 2016/10/19 18:53:19 ET
Table 'Munoz' 6-max Seat #6 is the button
Seat 1: GRAILKO ($204.40 in chips)
Seat 6: Chuckles1337 ($175.19 in chips)
Chuckles1337: posts small blind $1
GRAILKO: posts big blind $3
*** HOLE CARDS ***
Chuckles1337: raises $3 to $6
GRAILKO: calls $3
*** FLOP *** [As 3s 4h]
GRAILKO: checks
Chuckles1337: bets $3
GRAILKO: raises $3 to $6
Chuckles1337: calls $3
*** TURN *** [As 3s 4h] [8d]
GRAILKO: bets $6
Chuckles1337: calls $6
*** RIVER *** [As 3s 4h 8d] [8s]
GRAILKO: bets $6
Chuckles1337: calls $6
*** SHOW DOWN ***
GRAILKO: shows [7c 5s] (a pair of Eights)
Chuckles1337: shows [Ad 7h] (two pair, Aces and Eights)
Chuckles1337 collected $47.50 from pot
*** SUMMARY ***
Total pot $48 | Rake $0.50
Board [As 3s 4h 8d 8s]
Seat 1: GRAILKO (big blind) showed [7c 5s] and lost with a pair of Eights
Seat 6: Chuckles1337 (button) (small blind) showed [Ad 7h] and won ($47.50) with two pair, Aces and Eights


PokerStars Hand #160168514074:  Hold'em Limit ($3/$6 USD) - 2016/10/19 18:53:13 ET
Table 'Munoz' 6-max Seat #1 is the button
Seat 1: GRAILKO ($201.40 in chips)
Seat 6: Chuckles1337 ($178.19 in chips)
GRAILKO: posts small blind $1
Chuckles1337: posts big blind $3
*** HOLE CARDS ***
GRAILKO: raises $3 to $6
Chuckles1337: folds
Uncalled bet ($3) returned to GRAILKO
GRAILKO collected $6 from pot
GRAILKO: doesn't show hand
*** SUMMARY ***
Total pot $6 | Rake $0
Seat 1: GRAILKO (button) (small blind) collected ($6)
Seat 6: Chuckles1337 (big blind) folded before Flop


PokerStars Hand #160168499588:  Hold'em Limit ($3/$6 USD) - 2016/10/19 18:52:50 ET
Table 'Munoz' 6-max Seat #6 is the button
Seat 1: GRAILKO ($192.76 in chips)
Seat 6: Chuckles1337 ($187.19 in chips)
Chuckles1337: posts small blind $1
GRAILKO: posts big blind $3
*** HOLE CARDS ***
Chuckles1337: raises $3 to $6
GRAILKO: calls $3
*** FLOP *** [Kd Kh 8c]
GRAILKO: checks
Chuckles1337: bets $3
GRAILKO: calls $3
*** TURN *** [Kd Kh 8c] [4s]
GRAILKO: checks
Chuckles1337: checks
*** RIVER *** [Kd Kh 8c 4s] [5h]
GRAILKO: bets $6
Chuckles1337: folds
Uncalled bet ($6) returned to GRAILKO
GRAILKO collected $17.64 from pot
GRAILKO: doesn't show hand
*** SUMMARY ***
Total pot $18 | Rake $0.36
Board [Kd Kh 8c 4s 5h]
Seat 1: GRAILKO (big blind) collected ($17.64)
Seat 6: Chuckles1337 (button) (small blind) folded on the River


PokerStars Hand #160168550892:  Hold'em Limit ($3/$6 USD) - 2016/10/19 18:54:10 ET
Table 'Munoz' 6-max Seat #1 is the button
Seat 1: GRAILKO ($177.40 in chips)
Seat 6: Chuckles1337 ($201.45 in chips)
GRAILKO: posts small blind $1
Chuckles1337: posts big blind $3
*** HOLE CARDS ***
GRAILKO: raises $3 to $6
Chuckles1337: calls $3
*** FLOP *** [9s Th 3c]
Chuckles1337: checks
GRAILKO: bets $3
Chuckles1337: raises $3 to $6
GRAILKO: folds
Uncalled bet ($3) returned to Chuckles1337
Chuckles1337 collected $17.64 from pot
Chuckles1337: doesn't show hand
*** SUMMARY ***
Total pot $18 | Rake $0.36
Board [9s Th 3c]
Seat 1: GRAILKO (button) (small blind) folded on the Flop
Seat 6: Chuckles1337 (big blind) collected ($17.64)


PokerStars Hand #160168542273:  Hold'em Limit ($3/$6 USD) - 2016/10/19 18:53:57 ET
Table 'Munoz' 6-max Seat #6 is the button
Seat 1: GRAILKO ($183.40 in chips)
Seat 6: Chuckles1337 ($195.69 in chips)
Chuckles1337: posts small blind $1
GRAILKO: posts big blind $3
*** HOLE CARDS ***
Chuckles1337: raises $3 to $6
GRAILKO: calls $3
*** FLOP *** [Ts Kc 4h]
GRAILKO: checks
Chuckles1337: bets $3
GRAILKO: folds
Uncalled bet ($3) returned to Chuckles1337
Chuckles1337 collected $11.76 from pot
Chuckles1337: doesn't show hand
*** SUMMARY ***
Total pot $12 | Rake $0.24
Board [Ts Kc 4h]
Seat 1: GRAILKO (big blind) folded on the Flop
Seat 6: Chuckles1337 (button) (small blind) collected ($11.76)


