PokerStars Hand #173140234694:  Hold'em Limit ($3/$6 USD) - 2017/07/17 3:57:50 ET
Table 'Munoz' 10-max Seat #7 is the button
Seat 7: VolkovDmitri ($120 in chips)
Seat 8: pyotrkay ($120 in chips)
VolkovDmitri: posts small blind $1
pyotrkay: posts big blind $3
*** HOLE CARDS ***
VolkovDmitri: raises $3 to $6
pyotrkay: folds
Uncalled bet ($3) returned to VolkovDmitri
VolkovDmitri collected $6 from pot
VolkovDmitri: doesn't show hand
*** SUMMARY ***
Total pot $6 | Rake $0
Seat 7: VolkovDmitri (button) (small blind) collected ($6)
Seat 8: pyotrkay (big blind) folded before Flop


PokerStars Hand #173140237021:  Hold'em Limit ($3/$6 USD) - 2017/07/17 3:58:00 ET
Table 'Munoz' 10-max Seat #8 is the button
Seat 7: VolkovDmitri ($123 in chips)
Seat 8: pyotrkay ($117 in chips)
pyotrkay: posts small blind $1
VolkovDmitri: posts big blind $3
*** HOLE CARDS ***
pyotrkay: folds
Uncalled bet ($2) returned to VolkovDmitri
VolkovDmitri collected $2 from pot
VolkovDmitri: doesn't show hand
*** SUMMARY ***
Total pot $2 | Rake $0
Seat 7: VolkovDmitri (big blind) collected ($2)
Seat 8: pyotrkay (button) (small blind) folded before Flop


PokerStars Hand #173140238449:  Hold'em Limit ($3/$6 USD) - 2017/07/17 3:58:05 ET
Table 'Munoz' 10-max Seat #7 is the button
Seat 7: VolkovDmitri ($124 in chips)
Seat 8: pyotrkay ($116 in chips)
VolkovDmitri: posts small blind $1
pyotrkay: posts big blind $3
*** HOLE CARDS ***
VolkovDmitri: raises $3 to $6
pyotrkay: raises $3 to $9
VolkovDmitri: calls $3
*** FLOP *** [2h Tc 4c]
pyotrkay: bets $3
VolkovDmitri: raises $3 to $6
pyotrkay: calls $3
*** TURN *** [2h Tc 4c] [Jh]
pyotrkay: checks
VolkovDmitri: bets $6
pyotrkay: calls $6
*** RIVER *** [2h Tc 4c Jh] [5c]
pyotrkay: checks
VolkovDmitri: bets $6
pyotrkay: calls $6
*** SHOW DOWN ***
VolkovDmitri: shows [Td 4h] (two pair, Tens and Fours)
pyotrkay: mucks hand
VolkovDmitri collected $53.50 from pot
*** SUMMARY ***
Total pot $54 | Rake $0.50
Board [2h Tc 4c Jh 5c]
Seat 7: VolkovDmitri (button) (small blind) showed [Td 4h] and won ($53.50) with two pair, Tens and Fours
Seat 8: pyotrkay (big blind) mucked


PokerStars Hand #173140247800:  Hold'em Limit ($3/$6 USD) - 2017/07/17 3:58:44 ET
Table 'Munoz' 10-max Seat #8 is the button
Seat 7: VolkovDmitri ($150.50 in chips)
Seat 8: pyotrkay ($89 in chips)
pyotrkay: posts small blind $1
VolkovDmitri: posts big blind $3
*** HOLE CARDS ***
pyotrkay: folds
Uncalled bet ($2) returned to VolkovDmitri
VolkovDmitri collected $2 from pot
VolkovDmitri: doesn't show hand
*** SUMMARY ***
Total pot $2 | Rake $0
Seat 7: VolkovDmitri (big blind) collected ($2)
Seat 8: pyotrkay (button) (small blind) folded before Flop


PokerStars Hand #173140249360:  Hold'em Limit ($3/$6 USD) - 2017/07/17 3:58:50 ET
Table 'Munoz' 10-max Seat #7 is the button
Seat 7: VolkovDmitri ($151.50 in chips)
Seat 8: pyotrkay ($88 in chips)
VolkovDmitri: posts small blind $1
pyotrkay: posts big blind $3
*** HOLE CARDS ***
VolkovDmitri: raises $3 to $6
pyotrkay: folds
Uncalled bet ($3) returned to VolkovDmitri
VolkovDmitri collected $6 from pot
VolkovDmitri: doesn't show hand
*** SUMMARY ***
Total pot $6 | Rake $0
Seat 7: VolkovDmitri (button) (small blind) collected ($6)
Seat 8: pyotrkay (big blind) folded before Flop


PokerStars Hand #173140251161:  Hold'em Limit ($3/$6 USD) - 2017/07/17 3:58:58 ET
Table 'Munoz' 10-max Seat #8 is the button
Seat 7: VolkovDmitri ($154.50 in chips)
Seat 8: pyotrkay ($85 in chips)
pyotrkay: posts small blind $1
VolkovDmitri: posts big blind $3
*** HOLE CARDS ***
pyotrkay: raises $3 to $6
VolkovDmitri: calls $3
*** FLOP *** [Td 8d 9s]
VolkovDmitri: checks
pyotrkay: checks
*** TURN *** [Td 8d 9s] [Qc]
VolkovDmitri: checks
pyotrkay: checks
*** RIVER *** [Td 8d 9s Qc] [Ks]
VolkovDmitri: bets $6
pyotrkay: calls $6
*** SHOW DOWN ***
VolkovDmitri: shows [Kc 4s] (a pair of Kings)
pyotrkay: mucks hand
VolkovDmitri collected $23.52 from pot
*** SUMMARY ***
Total pot $24 | Rake $0.48
Board [Td 8d 9s Qc Ks]
Seat 7: VolkovDmitri (big blind) showed [Kc 4s] and won ($23.52) with a pair of Kings
Seat 8: pyotrkay (button) (small blind) mucked


