PokerStars Hand #144691697281:  Hold'em Limit ($3/$6 USD) - 2015/12/01 21:18:34 ET
Table 'Munoz' 6-max Seat #3 is the button
Seat 2: karambakilla ($202.61 in chips)
Seat 3: LWNS ($102.56 in chips)
LWNS: posts small blind $1
SlickDickey: is sitting out
karambakilla: posts big blind $3
*** HOLE CARDS ***
LWNS: raises $3 to $6
karambakilla: calls $3
*** FLOP *** [Qh 9d 8c]
karambakilla: checks
LWNS: bets $3
karambakilla: calls $3
*** TURN *** [Qh 9d 8c] [2h]
karambakilla: checks
LWNS: checks
*** RIVER *** [Qh 9d 8c 2h] [Jh]
karambakilla: bets $6
LWNS: folds
Uncalled bet ($6) returned to karambakilla
gb2132 joins the table at seat #4
karambakilla collected $17.64 from pot
karambakilla: doesn't show hand
*** SUMMARY ***
Total pot $18 | Rake $0.36
Board [Qh 9d 8c 2h Jh]
Seat 2: karambakilla (big blind) collected ($17.64)
Seat 3: LWNS (button) (small blind) folded on the River


PokerStars Hand #144691711415:  Hold'em Limit ($3/$6 USD) - 2015/12/01 21:19:06 ET
Table 'Munoz' 6-max Seat #2 is the button
Seat 2: karambakilla ($211.25 in chips)
Seat 4: gb2132 ($153.20 in chips)
karambakilla: posts small blind $1
gb2132: posts big blind $3
*** HOLE CARDS ***
karambakilla: raises $3 to $6
gb2132: folds
Uncalled bet ($3) returned to karambakilla
karambakilla collected $6 from pot
karambakilla: doesn't show hand
*** SUMMARY ***
Total pot $6 | Rake $0
Seat 2: karambakilla (button) (small blind) collected ($6)
Seat 4: gb2132 (big blind) folded before Flop


PokerStars Hand #144691714811:  Hold'em Limit ($3/$6 USD) - 2015/12/01 21:19:14 ET
Table 'Munoz' 6-max Seat #4 is the button
Seat 2: karambakilla ($214.25 in chips)
Seat 4: gb2132 ($150.20 in chips)
gb2132: posts small blind $1
karambakilla: posts big blind $3
*** HOLE CARDS ***
gb2132: folds
Uncalled bet ($2) returned to karambakilla
karambakilla collected $2 from pot
karambakilla: doesn't show hand
*** SUMMARY ***
Total pot $2 | Rake $0
Seat 2: karambakilla (big blind) collected ($2)
Seat 4: gb2132 (button) (small blind) folded before Flop


