PokerStars Hand #155574026665:  Hold'em Limit ($3/$6 USD) - 2016/07/04 20:09:29 ET
Table 'Murzim' 6-max Seat #1 is the button
Seat 1: jackRizzar ($158.88 in chips)
Seat 6: AppelMoesje ($96.89 in chips)
jackRizzar: posts small blind $1
I M GOIN OFF: is sitting out
AppelMoesje: posts big blind $3
*** HOLE CARDS ***
jackRizzar: raises $3 to $6
AppelMoesje: calls $3
*** FLOP *** [8d Jh Kc]
AppelMoesje: checks
jackRizzar: bets $3
AppelMoesje: folds
Uncalled bet ($3) returned to jackRizzar
I M GOIN OFF leaves the table
jackRizzar collected $11.76 from pot
*** SUMMARY ***
Total pot $12 | Rake $0.24
Board [8d Jh Kc]
Seat 1: jackRizzar (button) (small blind) collected ($11.76)
Seat 6: AppelMoesje (big blind) folded on the Flop


PokerStars Hand #155574034729:  Hold'em Limit ($3/$6 USD) - 2016/07/04 20:09:45 ET
Table 'Murzim' 6-max Seat #6 is the button
Seat 1: jackRizzar ($164.64 in chips)
Seat 6: AppelMoesje ($90.89 in chips)
AppelMoesje: posts small blind $1
jackRizzar: posts big blind $3
*** HOLE CARDS ***
AppelMoesje: raises $3 to $6
jackRizzar: calls $3
*** FLOP *** [8s Qd 7c]
jackRizzar: checks
AppelMoesje: checks
*** TURN *** [8s Qd 7c] [5s]
jackRizzar: bets $6
AppelMoesje: calls $6
*** RIVER *** [8s Qd 7c 5s] [9h]
jackRizzar: checks
AppelMoesje: bets $6
jackRizzar: raises $6 to $12
AppelMoesje: calls $6
*** SHOW DOWN ***
jackRizzar: shows [6s Ah] (a straight, Five to Nine)
AppelMoesje: mucks hand
jackRizzar collected $47.50 from pot
*** SUMMARY ***
Total pot $48 | Rake $0.50
Board [8s Qd 7c 5s 9h]
Seat 1: jackRizzar (big blind) showed [6s Ah] and won ($47.50) with a straight, Five to Nine
Seat 6: AppelMoesje (button) (small blind) mucked


PokerStars Hand #155574047117:  Hold'em Limit ($3/$6 USD) - 2016/07/04 20:10:12 ET
Table 'Murzim' 6-max Seat #1 is the button
Seat 1: jackRizzar ($188.14 in chips)
Seat 6: AppelMoesje ($66.89 in chips)
jackRizzar: posts small blind $1
AppelMoesje: posts big blind $3
*** HOLE CARDS ***
jackRizzar: raises $3 to $6
AppelMoesje: calls $3
*** FLOP *** [8h 9c 7h]
AppelMoesje: checks
jackRizzar: bets $3
AppelMoesje: raises $3 to $6
jackRizzar: calls $3
*** TURN *** [8h 9c 7h] [8s]
AppelMoesje: bets $6
jackRizzar: calls $6
*** RIVER *** [8h 9c 7h 8s] [3d]
AppelMoesje: checks
jackRizzar: bets $6
AppelMoesje: calls $6
*** SHOW DOWN ***
jackRizzar: shows [6d 4d] (a pair of Eights)
AppelMoesje: shows [Kh 6h] (a pair of Eights - King kicker)
AppelMoesje collected $47.50 from pot
*** SUMMARY ***
Total pot $48 | Rake $0.50
Board [8h 9c 7h 8s 3d]
Seat 1: jackRizzar (button) (small blind) showed [6d 4d] and lost with a pair of Eights
Seat 6: AppelMoesje (big blind) showed [Kh 6h] and won ($47.50) with a pair of Eights


PokerStars Hand #155574062333:  Hold'em Limit ($3/$6 USD) - 2016/07/04 20:10:43 ET
Table 'Murzim' 6-max Seat #6 is the button
Seat 1: jackRizzar ($164.14 in chips)
Seat 6: AppelMoesje ($90.39 in chips)
AppelMoesje: posts small blind $1
jackRizzar: posts big blind $3
*** HOLE CARDS ***
AppelMoesje: raises $3 to $6
jackRizzar: raises $3 to $9
AppelMoesje: calls $3
*** FLOP *** [2h Kh 7c]
jackRizzar: bets $3
AppelMoesje: folds
Uncalled bet ($3) returned to jackRizzar
jackRizzar collected $17.64 from pot
*** SUMMARY ***
Total pot $18 | Rake $0.36
Board [2h Kh 7c]
Seat 1: jackRizzar (big blind) collected ($17.64)
Seat 6: AppelMoesje (button) (small blind) folded on the Flop


