PokerStars Hand #149457132023:  Hold'em Limit ($3/$6 USD) - 2016/02/26 14:52:25 ET
Table 'Murzim' 6-max Seat #4 is the button
Seat 3: lelala ($128.64 in chips)
Seat 4: AzureCaper ($73 in chips)
AzureCaper: posts small blind $1
lelala: posts big blind $3
*** HOLE CARDS ***
AzureCaper: raises $3 to $6
lelala: calls $3
*** FLOP *** [5s 7c Qd]
lelala: checks
AzureCaper: bets $3
lelala: calls $3
*** TURN *** [5s 7c Qd] [Jh]
lelala: checks
AzureCaper: checks
*** RIVER *** [5s 7c Qd Jh] [7d]
lelala: bets $6
AzureCaper: calls $6
*** SHOW DOWN ***
lelala: shows [Js 8c] (two pair, Jacks and Sevens)
AzureCaper: mucks hand
lelala collected $29.50 from pot
*** SUMMARY ***
Total pot $30 | Rake $0.50
Board [5s 7c Qd Jh 7d]
Seat 3: lelala (big blind) showed [Js 8c] and won ($29.50) with two pair, Jacks and Sevens
Seat 4: AzureCaper (button) (small blind) mucked


PokerStars Hand #149457155581:  Hold'em Limit ($3/$6 USD) - 2016/02/26 14:52:49 ET
Table 'Murzim' 6-max Seat #4 is the button
Seat 3: lelala ($142.14 in chips)
Seat 4: AzureCaper ($73 in chips)
AzureCaper: posts small blind $1
lelala: posts big blind $3
*** HOLE CARDS ***
AzureCaper: raises $3 to $6
lelala: raises $3 to $9
AzureCaper: raises $3 to $12
Betting is capped
lelala: calls $3
*** FLOP *** [7d 8h 2s]
lelala: checks
AzureCaper: bets $3
lelala: raises $3 to $6
AzureCaper: calls $3
*** TURN *** [7d 8h 2s] [Jc]
passat5 joins the table at seat #1
lelala: bets $6
AzureCaper: raises $6 to $12
lelala: calls $6
*** RIVER *** [7d 8h 2s Jc] [3d]
lelala: checks
AzureCaper: bets $6
lelala: calls $6
*** SHOW DOWN ***
AzureCaper: shows [Ah Ac] (a pair of Aces)
lelala: mucks hand
AzureCaper collected $71.50 from pot
*** SUMMARY ***
Total pot $72 | Rake $0.50
Board [7d 8h 2s Jc 3d]
Seat 3: lelala (big blind) mucked
Seat 4: AzureCaper (button) (small blind) showed [Ah Ac] and won ($71.50) with a pair of Aces


PokerStars Hand #149457150531:  Hold'em Limit ($3/$6 USD) - 2016/02/26 14:52:44 ET
Table 'Murzim' 6-max Seat #3 is the button
Seat 3: lelala ($143.14 in chips)
Seat 4: AzureCaper ($72 in chips)
lelala: posts small blind $1
AzureCaper: posts big blind $3
*** HOLE CARDS ***
lelala: folds
Uncalled bet ($2) returned to AzureCaper
AzureCaper collected $2 from pot
AzureCaper: doesn't show hand
*** SUMMARY ***
Total pot $2 | Rake $0
Seat 3: lelala (button) (small blind) folded before Flop
Seat 4: AzureCaper (big blind) collected ($2)


PokerStars Hand #149458086985:  Hold'em Limit ($3/$6 USD) - 2016/02/26 15:09:43 ET
Table 'Murzim' 6-max Seat #3 is the button
Seat 1: passat5 ($94.31 in chips)
Seat 3: lelala ($152.13 in chips)
lelala: posts small blind $1
passat5: posts big blind $3
*** HOLE CARDS ***
Azrarn leaves the table
lelala: folds
Uncalled bet ($2) returned to passat5
passat5 collected $2 from pot
*** SUMMARY ***
Total pot $2 | Rake $0
Seat 1: passat5 (big blind) collected ($2)
Seat 3: lelala (button) (small blind) folded before Flop


PokerStars Hand #149458080467:  Hold'em Limit ($3/$6 USD) - 2016/02/26 15:09:37 ET
Table 'Murzim' 6-max Seat #1 is the button
Seat 1: passat5 ($95.31 in chips)
Seat 3: lelala ($151.13 in chips)
passat5: posts small blind $1
Azrarn: is sitting out
lelala: posts big blind $3
*** HOLE CARDS ***
passat5: folds
Uncalled bet ($2) returned to lelala
lelala collected $2 from pot
*** SUMMARY ***
Total pot $2 | Rake $0
Seat 1: passat5 (button) (small blind) folded before Flop
Seat 3: lelala (big blind) collected ($2)


PokerStars Hand #149458126494:  Hold'em Limit ($3/$6 USD) - 2016/02/26 15:10:23 ET
Table 'Murzim' 6-max Seat #3 is the button
Seat 1: passat5 ($74.31 in chips)
Seat 3: lelala ($171.63 in chips)
lelala: posts small blind $1
passat5: posts big blind $3
*** HOLE CARDS ***
lelala: folds
Uncalled bet ($2) returned to passat5
_fayzulllo_ joins the table at seat #5
passat5 collected $2 from pot
*** SUMMARY ***
Total pot $2 | Rake $0
Seat 1: passat5 (big blind) collected ($2)
Seat 3: lelala (button) (small blind) folded before Flop


PokerStars Hand #149458093196:  Hold'em Limit ($3/$6 USD) - 2016/02/26 15:09:50 ET
Table 'Murzim' 6-max Seat #1 is the button
Seat 1: passat5 ($95.31 in chips)
Seat 3: lelala ($151.13 in chips)
passat5: posts small blind $1
lelala: posts big blind $3
*** HOLE CARDS ***
passat5: calls $2
lelala: raises $3 to $6
passat5: calls $3
*** FLOP *** [8h 3c 5s]
lelala: bets $3
passat5: calls $3
*** TURN *** [8h 3c 5s] [Ts]
lelala: bets $6
passat5: calls $6
*** RIVER *** [8h 3c 5s Ts] [6c]
lelala: bets $6
passat5: calls $6
*** SHOW DOWN ***
lelala: shows [Kh 8d] (a pair of Eights)
passat5: mucks hand
lelala collected $41.50 from pot
*** SUMMARY ***
Total pot $42 | Rake $0.50
Board [8h 3c 5s Ts 6c]
Seat 1: passat5 (button) (small blind) mucked
Seat 3: lelala (big blind) showed [Kh 8d] and won ($41.50) with a pair of Eights


PokerStars Hand #149458132624:  Hold'em Limit ($3/$6 USD) - 2016/02/26 15:10:29 ET
Table 'Murzim' 6-max Seat #1 is the button
Seat 1: passat5 ($75.31 in chips)
Seat 3: lelala ($170.63 in chips)
passat5: posts small blind $1
lelala: posts big blind $3
*** HOLE CARDS ***
passat5: folds
Uncalled bet ($2) returned to lelala
lelala collected $2 from pot
*** SUMMARY ***
Total pot $2 | Rake $0
Seat 1: passat5 (button) (small blind) folded before Flop
Seat 3: lelala (big blind) collected ($2)


PokerStars Hand #149459310254:  Hold'em Limit ($3/$6 USD) - 2016/02/26 15:30:14 ET
Table 'Murzim' 6-max Seat #1 is the button
Seat 1: Chessnok ($60 in chips)
Seat 4: a.v.kopli ($324.34 in chips)
Chessnok: posts small blind $1
a.v.kopli: posts big blind $3
*** HOLE CARDS ***
Chessnok: raises $3 to $6
a.v.kopli: folds
Uncalled bet ($3) returned to Chessnok
Chessnok collected $6 from pot
Chessnok: doesn't show hand
*** SUMMARY ***
Total pot $6 | Rake $0
Seat 1: Chessnok (button) (small blind) collected ($6)
Seat 4: a.v.kopli (big blind) folded before Flop


