PokerStars Hand #145311938801:  Hold'em Limit ($3/$6 USD) - 2015/12/13 21:34:43 ET
Table 'Murzim' 6-max Seat #2 is the button
Seat 2: Aceshigh4me ($120 in chips)
Seat 3: BelSv ($78 in chips)
Aceshigh4me: posts small blind $1
BelSv: posts big blind $3
*** HOLE CARDS ***
Aceshigh4me: raises $3 to $6
BelSv: calls $3
*** FLOP *** [6s Kd Jd]
BelSv: checks
Aceshigh4me: bets $3
BelSv: calls $3
*** TURN *** [6s Kd Jd] [Ks]
BelSv: checks
Aceshigh4me: bets $6
BelSv: calls $6
*** RIVER *** [6s Kd Jd Ks] [8c]
BelSv: checks
Aceshigh4me: bets $6
BelSv: calls $6
*** SHOW DOWN ***
Aceshigh4me: shows [Kh Ac] (three of a kind, Kings)
BelSv: mucks hand
Aceshigh4me collected $41.50 from pot
*** SUMMARY ***
Total pot $42 | Rake $0.50
Board [6s Kd Jd Ks 8c]
Seat 2: Aceshigh4me (button) (small blind) showed [Kh Ac] and won ($41.50) with three of a kind, Kings
Seat 3: BelSv (big blind) mucked


PokerStars Hand #145311958474:  Hold'em Limit ($3/$6 USD) - 2015/12/13 21:35:31 ET
Table 'Murzim' 6-max Seat #2 is the button
Seat 2: Aceshigh4me ($119.50 in chips)
Seat 3: BelSv ($98.50 in chips)
Aceshigh4me: posts small blind $1
BelSv: posts big blind $3
*** HOLE CARDS ***
matsgram joins the table at seat #6
Aceshigh4me: raises $3 to $6
BelSv: folds
Uncalled bet ($3) returned to Aceshigh4me
Aceshigh4me collected $6 from pot
Aceshigh4me: doesn't show hand
*** SUMMARY ***
Total pot $6 | Rake $0
Seat 2: Aceshigh4me (button) (small blind) collected ($6)
Seat 3: BelSv (big blind) folded before Flop


PokerStars Hand #145311949369:  Hold'em Limit ($3/$6 USD) - 2015/12/13 21:35:09 ET
Table 'Murzim' 6-max Seat #3 is the button
Seat 2: Aceshigh4me ($140.50 in chips)
Seat 3: BelSv ($78 in chips)
BelSv: posts small blind $1
Aceshigh4me: posts big blind $3
*** HOLE CARDS ***
BelSv: raises $3 to $6
ziaro22 joins the table at seat #4
Aceshigh4me: calls $3
*** FLOP *** [4c 4s Tc]
Aceshigh4me: checks
BelSv: bets $3
Velbor107 joins the table at seat #5
Aceshigh4me: calls $3
*** TURN *** [4c 4s Tc] [2c]
Aceshigh4me: checks
BelSv: bets $6
Aceshigh4me: calls $6
*** RIVER *** [4c 4s Tc 2c] [5s]
Aceshigh4me: checks
BelSv: bets $6
Aceshigh4me: calls $6
*** SHOW DOWN ***
BelSv: shows [6s 4h] (three of a kind, Fours)
Aceshigh4me: mucks hand
BelSv collected $41.50 from pot
*** SUMMARY ***
Total pot $42 | Rake $0.50
Board [4c 4s Tc 2c 5s]
Seat 2: Aceshigh4me (big blind) mucked
Seat 3: BelSv (button) (small blind) showed [6s 4h] and won ($41.50) with three of a kind, Fours


PokerStars Hand #145313156406:  Hold'em Limit ($3/$6 USD) - 2015/12/13 22:30:32 ET
Table 'Murzim' 6-max Seat #1 is the button
Seat 1: Chessnok ($156.82 in chips)
Seat 4: oj_pimpson ($106.72 in chips)
Chessnok: posts small blind $1
oj_pimpson: posts big blind $3
*** HOLE CARDS ***
Chessnok: raises $3 to $6
oj_pimpson: calls $3
*** FLOP *** [8h 5d 6s]
Silentium111 leaves the table
oj_pimpson: checks
Chessnok: bets $3
oj_pimpson: folds
Uncalled bet ($3) returned to Chessnok
Chessnok collected $11.76 from pot
Chessnok: doesn't show hand
PycV leaves the table
*** SUMMARY ***
Total pot $12 | Rake $0.24
Board [8h 5d 6s]
Seat 1: Chessnok (button) (small blind) collected ($11.76)
Seat 4: oj_pimpson (big blind) folded on the Flop


