PokerStars Hand #147094465705:  Hold'em Limit ($3/$6 USD) - 2016/01/15 15:13:02 ET
Table 'Murzim' 6-max Seat #2 is the button
Seat 1: PelonCabelao ($87.50 in chips)
Seat 2: Puzanchik 11 ($35.94 in chips)
Puzanchik 11: posts small blind $1
PelonCabelao: posts big blind $3
*** HOLE CARDS ***
Puzanchik 11: raises $3 to $6
PelonCabelao: raises $3 to $9
Puzanchik 11: calls $3
*** FLOP *** [7h 2d 4c]
PelonCabelao: bets $3
Puzanchik 11: calls $3
*** TURN *** [7h 2d 4c] [Th]
PelonCabelao: checks
Puzanchik 11: bets $6
PelonCabelao: calls $6
*** RIVER *** [7h 2d 4c Th] [Jd]
PelonCabelao: checks
Puzanchik 11: bets $6
PelonCabelao: calls $6
*** SHOW DOWN ***
Puzanchik 11: shows [6c Tc] (a pair of Tens)
PelonCabelao: mucks hand
Puzanchik 11 collected $47.50 from pot
*** SUMMARY ***
Total pot $48 | Rake $0.50
Board [7h 2d 4c Th Jd]
Seat 1: PelonCabelao (big blind) mucked
Seat 2: Puzanchik 11 (button) (small blind) showed [6c Tc] and won ($47.50) with a pair of Tens


PokerStars Hand #147094564380:  Hold'em Limit ($3/$6 USD) - 2016/01/15 15:14:36 ET
Table 'Murzim' 6-max Seat #2 is the button
Seat 1: PelonCabelao ($72 in chips)
Seat 2: Puzanchik 11 ($70.96 in chips)
Puzanchik 11: posts small blind $1
PelonCabelao: posts big blind $3
*** HOLE CARDS ***
Puzanchik 11: folds
Uncalled bet ($2) returned to PelonCabelao
PelonCabelao collected $2 from pot
PelonCabelao: doesn't show hand
*** SUMMARY ***
Total pot $2 | Rake $0
Seat 1: PelonCabelao (big blind) collected ($2)
Seat 2: Puzanchik 11 (button) (small blind) folded before Flop


PokerStars Hand #147094521342:  Hold'em Limit ($3/$6 USD) - 2016/01/15 15:13:55 ET
Table 'Murzim' 6-max Seat #1 is the button
Seat 1: PelonCabelao ($72 in chips)
Seat 2: Puzanchik 11 ($59.44 in chips)
PelonCabelao: posts small blind $1
Puzanchik 11: posts big blind $3
*** HOLE CARDS ***
PelonCabelao: raises $3 to $6
Puzanchik 11: raises $3 to $9
PelonCabelao: calls $3
*** FLOP *** [6h 5c Kd]
Puzanchik 11: bets $3
PelonCabelao: calls $3
*** TURN *** [6h 5c Kd] [9c]
Puzanchik 11: checks
PelonCabelao: checks
*** RIVER *** [6h 5c Kd 9c] [8s]
Puzanchik 11: checks
PelonCabelao: checks
*** SHOW DOWN ***
Puzanchik 11: shows [3s Ah] (high card Ace)
PelonCabelao: mucks hand
Puzanchik 11 collected $23.52 from pot
*** SUMMARY ***
Total pot $24 | Rake $0.48
Board [6h 5c Kd 9c 8s]
Seat 1: PelonCabelao (button) (small blind) mucked
Seat 2: Puzanchik 11 (big blind) showed [3s Ah] and won ($23.52) with high card Ace


PokerStars Hand #147094576145:  Hold'em Limit ($3/$6 USD) - 2016/01/15 15:14:47 ET
Table 'Murzim' 6-max Seat #2 is the button
Seat 1: PelonCabelao ($76 in chips)
Seat 2: Puzanchik 11 ($66.96 in chips)
Puzanchik 11: posts small blind $1
PelonCabelao: posts big blind $3
*** HOLE CARDS ***
Puzanchik 11: folds
Uncalled bet ($2) returned to PelonCabelao
PelonCabelao collected $2 from pot
PelonCabelao: doesn't show hand
*** SUMMARY ***
Total pot $2 | Rake $0
Seat 1: PelonCabelao (big blind) collected ($2)
Seat 2: Puzanchik 11 (button) (small blind) folded before Flop


PokerStars Hand #147094569473:  Hold'em Limit ($3/$6 USD) - 2016/01/15 15:14:41 ET
Table 'Murzim' 6-max Seat #1 is the button
Seat 1: PelonCabelao ($73 in chips)
Seat 2: Puzanchik 11 ($69.96 in chips)
PelonCabelao: posts small blind $1
Puzanchik 11: posts big blind $3
*** HOLE CARDS ***
PelonCabelao: raises $3 to $6
Puzanchik 11: folds
Uncalled bet ($3) returned to PelonCabelao
PelonCabelao collected $6 from pot
*** SUMMARY ***
Total pot $6 | Rake $0
Seat 1: PelonCabelao (button) (small blind) collected ($6)
Seat 2: Puzanchik 11 (big blind) folded before Flop


PokerStars Hand #147094580922:  Hold'em Limit ($3/$6 USD) - 2016/01/15 15:14:51 ET
Table 'Murzim' 6-max Seat #1 is the button
Seat 1: PelonCabelao ($77 in chips)
Seat 2: Puzanchik 11 ($65.96 in chips)
PelonCabelao: posts small blind $1
Puzanchik 11: posts big blind $3
*** HOLE CARDS ***
PelonCabelao: raises $3 to $6
Puzanchik 11: folds
Uncalled bet ($3) returned to PelonCabelao
PelonCabelao collected $6 from pot
PelonCabelao: doesn't show hand
*** SUMMARY ***
Total pot $6 | Rake $0
Seat 1: PelonCabelao (button) (small blind) collected ($6)
Seat 2: Puzanchik 11 (big blind) folded before Flop


PokerStars Hand #147094589868:  Hold'em Limit ($3/$6 USD) - 2016/01/15 15:15:00 ET
Table 'Murzim' 6-max Seat #2 is the button
Seat 1: PelonCabelao ($80 in chips)
Seat 2: Puzanchik 11 ($62.96 in chips)
Puzanchik 11: posts small blind $1
PelonCabelao: posts big blind $3
*** HOLE CARDS ***
Puzanchik 11: calls $2
PelonCabelao: checks
*** FLOP *** [3c Ts Tc]
PelonCabelao: checks
Puzanchik 11: bets $3
PelonCabelao: folds
Uncalled bet ($3) returned to Puzanchik 11
Puzanchik 11 collected $5.88 from pot
Puzanchik 11: doesn't show hand
*** SUMMARY ***
Total pot $6 | Rake $0.12
Board [3c Ts Tc]
Seat 1: PelonCabelao (big blind) folded on the Flop
Seat 2: Puzanchik 11 (button) (small blind) collected ($5.88)


PokerStars Hand #147094666524:  Hold'em Limit ($3/$6 USD) - 2016/01/15 15:16:12 ET
Table 'Murzim' 6-max Seat #2 is the button
Seat 1: PelonCabelao ($85.64 in chips)
Seat 2: Puzanchik 11 ($56.84 in chips)
Puzanchik 11: posts small blind $1
PelonCabelao: posts big blind $3
*** HOLE CARDS ***
Puzanchik 11: folds
Uncalled bet ($2) returned to PelonCabelao
PelonCabelao collected $2 from pot
PelonCabelao: doesn't show hand
*** SUMMARY ***
Total pot $2 | Rake $0
Seat 1: PelonCabelao (big blind) collected ($2)
Seat 2: Puzanchik 11 (button) (small blind) folded before Flop


PokerStars Hand #147094627969:  Hold'em Limit ($3/$6 USD) - 2016/01/15 15:15:36 ET
Table 'Murzim' 6-max Seat #1 is the button
Seat 1: PelonCabelao ($77 in chips)
Seat 2: Puzanchik 11 ($65.84 in chips)
PelonCabelao: posts small blind $1
Puzanchik 11: posts big blind $3
*** HOLE CARDS ***
PelonCabelao: raises $3 to $6
Puzanchik 11: calls $3
*** FLOP *** [Tc 7h 4s]
Puzanchik 11: checks
PelonCabelao: bets $3
Puzanchik 11: calls $3
*** TURN *** [Tc 7h 4s] [3s]
Puzanchik 11: checks
PelonCabelao: bets $6
Puzanchik 11: folds
Uncalled bet ($6) returned to PelonCabelao
PelonCabelao collected $17.64 from pot
PelonCabelao: doesn't show hand
*** SUMMARY ***
Total pot $18 | Rake $0.36
Board [Tc 7h 4s 3s]
Seat 1: PelonCabelao (button) (small blind) collected ($17.64)
Seat 2: Puzanchik 11 (big blind) folded on the Turn


PokerStars Hand #147094672922:  Hold'em Limit ($3/$6 USD) - 2016/01/15 15:16:19 ET
Table 'Murzim' 6-max Seat #1 is the button
Seat 1: PelonCabelao ($86.64 in chips)
Seat 2: Puzanchik 11 ($55.84 in chips)
Nijadperest joins the table at seat #3
PelonCabelao: posts small blind $1
Puzanchik 11: posts big blind $3
*** HOLE CARDS ***
PelonCabelao: raises $3 to $6
Puzanchik 11: folds
Uncalled bet ($3) returned to PelonCabelao
PelonCabelao collected $6 from pot
PelonCabelao: doesn't show hand
*** SUMMARY ***
Total pot $6 | Rake $0
Seat 1: PelonCabelao (button) (small blind) collected ($6)
Seat 2: Puzanchik 11 (big blind) folded before Flop


PokerStars Hand #147097122142:  Hold'em Limit ($3/$6 USD) - 2016/01/15 15:55:14 ET
Table 'Murzim' 6-max Seat #5 is the button
Seat 3: Nijadperest ($138.75 in chips)
Seat 5: AzureCaper ($230.21 in chips)
AzureCaper: posts small blind $1
ZinZar: is sitting out
ZinZar leaves the table
Nijadperest: posts big blind $3
*** HOLE CARDS ***
AzureCaper: folds
Uncalled bet ($2) returned to Nijadperest
Nijadperest collected $2 from pot
Nijadperest: doesn't show hand
*** SUMMARY ***
Total pot $2 | Rake $0
Seat 3: Nijadperest (big blind) collected ($2)
Seat 5: AzureCaper (button) (small blind) folded before Flop


PokerStars Hand #147097140470:  Hold'em Limit ($3/$6 USD) - 2016/01/15 15:55:37 ET
Table 'Murzim' 6-max Seat #5 is the button
Seat 3: Nijadperest ($154.25 in chips)
Seat 5: AzureCaper ($214.21 in chips)
AzureCaper: posts small blind $1
Nijadperest: posts big blind $3
*** HOLE CARDS ***
AzureCaper: raises $3 to $6
Nijadperest: calls $3
*** FLOP *** [9c 2h 4s]
Nijadperest: checks
AzureCaper: bets $3
Nijadperest: raises $3 to $6
AzureCaper: calls $3
*** TURN *** [9c 2h 4s] [8d]
Nijadperest: bets $6
AzureCaper: calls $6
*** RIVER *** [9c 2h 4s 8d] [5s]
Nijadperest: bets $6
AzureCaper: folds
Uncalled bet ($6) returned to Nijadperest
Nijadperest collected $35.50 from pot
Nijadperest: doesn't show hand
*** SUMMARY ***
Total pot $36 | Rake $0.50
Board [9c 2h 4s 8d 5s]
Seat 3: Nijadperest (big blind) collected ($35.50)
Seat 5: AzureCaper (button) (small blind) folded on the River


PokerStars Hand #147097168188:  Hold'em Limit ($3/$6 USD) - 2016/01/15 15:56:11 ET
Table 'Murzim' 6-max Seat #3 is the button
Seat 1: Humtum81 ($36.66 in chips)
Seat 3: Nijadperest ($171.75 in chips)
Nijadperest: posts small blind $1
Humtum81: posts big blind $3
*** HOLE CARDS ***
Nijadperest: raises $3 to $6
Humtum81: folds
Uncalled bet ($3) returned to Nijadperest
Nijadperest collected $6 from pot
Nijadperest: doesn't show hand
*** SUMMARY ***
Total pot $6 | Rake $0
Seat 1: Humtum81 (big blind) folded before Flop
Seat 3: Nijadperest (button) (small blind) collected ($6)


PokerStars Hand #147097126351:  Hold'em Limit ($3/$6 USD) - 2016/01/15 15:55:19 ET
Table 'Murzim' 6-max Seat #3 is the button
Seat 3: Nijadperest ($139.75 in chips)
Seat 5: AzureCaper ($229.21 in chips)
Nijadperest: posts small blind $1
AzureCaper: posts big blind $3
*** HOLE CARDS ***
Nijadperest: raises $3 to $6
AzureCaper: calls $3
*** FLOP *** [5c 8h 3d]
AzureCaper: checks
Nijadperest: bets $3
AzureCaper: calls $3
*** TURN *** [5c 8h 3d] [7c]
AzureCaper: checks
Nijadperest: bets $6
AzureCaper: calls $6
*** RIVER *** [5c 8h 3d 7c] [7h]
AzureCaper: checks
Nijadperest: checks
*** SHOW DOWN ***
AzureCaper: shows [3s 4s] (two pair, Sevens and Threes)
Nijadperest: shows [Kd 5h] (two pair, Sevens and Fives)
Nijadperest collected $29.50 from pot
*** SUMMARY ***
Total pot $30 | Rake $0.50
Board [5c 8h 3d 7c 7h]
Seat 3: Nijadperest (button) (small blind) showed [Kd 5h] and won ($29.50) with two pair, Sevens and Fives
Seat 5: AzureCaper (big blind) showed [3s 4s] and lost with two pair, Sevens and Threes


PokerStars Hand #147097191805:  Hold'em Limit ($3/$6 USD) - 2016/01/15 15:56:40 ET
Table 'Murzim' 6-max Seat #1 is the button
Seat 1: Humtum81 ($21.66 in chips)
Seat 3: Nijadperest ($186.39 in chips)
Humtum81: posts small blind $1
Nijadperest: posts big blind $3
*** HOLE CARDS ***
Humtum81: folds
Uncalled bet ($2) returned to Nijadperest
Nijadperest collected $2 from pot
Nijadperest: doesn't show hand
*** SUMMARY ***
Total pot $2 | Rake $0
Seat 1: Humtum81 (button) (small blind) folded before Flop
Seat 3: Nijadperest (big blind) collected ($2)


PokerStars Hand #147097186659:  Hold'em Limit ($3/$6 USD) - 2016/01/15 15:56:34 ET
Table 'Murzim' 6-max Seat #3 is the button
Seat 1: Humtum81 ($24.66 in chips)
Seat 3: Nijadperest ($183.39 in chips)
Nijadperest: posts small blind $1
chezlaw was removed from the table for failing to post
Humtum81: posts big blind $3
*** HOLE CARDS ***
Nijadperest: raises $3 to $6
Humtum81: folds
Uncalled bet ($3) returned to Nijadperest
Nijadperest collected $6 from pot
Nijadperest: doesn't show hand
*** SUMMARY ***
Total pot $6 | Rake $0
Seat 1: Humtum81 (big blind) folded before Flop
Seat 3: Nijadperest (button) (small blind) collected ($6)


PokerStars Hand #147097173224:  Hold'em Limit ($3/$6 USD) - 2016/01/15 15:56:17 ET
Table 'Murzim' 6-max Seat #1 is the button
Seat 1: Humtum81 ($33.66 in chips)
Seat 3: Nijadperest ($174.75 in chips)
Humtum81: posts small blind $1
Nijadperest: posts big blind $3
*** HOLE CARDS ***
Humtum81: raises $3 to $6
Nijadperest: calls $3
*** FLOP *** [3h Kd 3c]
Nijadperest: checks
Humtum81: bets $3
Nijadperest: calls $3
*** TURN *** [3h Kd 3c] [9d]
Nijadperest: checks
Humtum81: checks
*** RIVER *** [3h Kd 3c 9d] [8d]
Nijadperest: bets $6
Humtum81: folds
Uncalled bet ($6) returned to Nijadperest
Nijadperest collected $17.64 from pot
Nijadperest: doesn't show hand
*** SUMMARY ***
Total pot $18 | Rake $0.36
Board [3h Kd 3c 9d 8d]
Seat 1: Humtum81 (button) (small blind) folded on the River
Seat 3: Nijadperest (big blind) collected ($17.64)


