PokerStars Hand #163928172469:  Hold'em Limit ($3/$6 USD) - 2017/01/02 15:10:58 ET
Table 'Muscida II' 6-max Seat #4 is the button
Seat 2: cola26licht ($95 in chips)
Seat 4: dragon1893 ($150 in chips)
dragon1893: posts small blind $1
cola26licht: posts big blind $3
*** HOLE CARDS ***
dragon1893: raises $3 to $6
cola26licht: calls $3
*** FLOP *** [9d 2d 7s]
cola26licht: bets $3
dragon1893: calls $3
*** TURN *** [9d 2d 7s] [8d]
cola26licht: bets $6
dragon1893: calls $6
*** RIVER *** [9d 2d 7s 8d] [7c]
cola26licht: bets $6
dragon1893: calls $6
*** SHOW DOWN ***
cola26licht: shows [9c Kh] (two pair, Nines and Sevens)
dragon1893: mucks hand
cola26licht collected $41.50 from pot
*** SUMMARY ***
Total pot $42 | Rake $0.50
Board [9d 2d 7s 8d 7c]
Seat 2: cola26licht (big blind) showed [9c Kh] and won ($41.50) with two pair, Nines and Sevens
Seat 4: dragon1893 (button) (small blind) mucked


PokerStars Hand #163928207727:  Hold'em Limit ($3/$6 USD) - 2017/01/02 15:11:32 ET
Table 'Muscida II' 6-max Seat #4 is the button
Seat 2: cola26licht ($127.02 in chips)
Seat 4: dragon1893 ($150 in chips)
dragon1893: posts small blind $1
cola26licht: posts big blind $3
*** HOLE CARDS ***
dragon1893: raises $3 to $6
cola26licht: calls $3
*** FLOP *** [2c Kd Ad]
cola26licht: checks
dragon1893: bets $3
cola26licht: calls $3
*** TURN *** [2c Kd Ad] [2s]
cola26licht: checks
dragon1893: bets $6
cola26licht: folds
Uncalled bet ($6) returned to dragon1893
dragon1893 collected $17.64 from pot
dragon1893: doesn't show hand
*** SUMMARY ***
Total pot $18 | Rake $0.36
Board [2c Kd Ad 2s]
Seat 2: cola26licht (big blind) folded on the Turn
Seat 4: dragon1893 (button) (small blind) collected ($17.64)


PokerStars Hand #163928221441:  Hold'em Limit ($3/$6 USD) - 2017/01/02 15:11:45 ET
Table 'Muscida II' 6-max Seat #2 is the button
Seat 2: cola26licht ($118.02 in chips)
Seat 4: dragon1893 ($158.64 in chips)
cola26licht: posts small blind $1
dragon1893: posts big blind $3
*** HOLE CARDS ***
cola26licht: folds
Uncalled bet ($2) returned to dragon1893
dragon1893 collected $2 from pot
dragon1893: doesn't show hand
*** SUMMARY ***
Total pot $2 | Rake $0
Seat 2: cola26licht (button) (small blind) folded before Flop
Seat 4: dragon1893 (big blind) collected ($2)


PokerStars Hand #163928187603:  Hold'em Limit ($3/$6 USD) - 2017/01/02 15:11:13 ET
Table 'Muscida II' 6-max Seat #2 is the button
Seat 2: cola26licht ($115.50 in chips)
Seat 4: dragon1893 ($150 in chips)
cola26licht: posts small blind $1
dragon1893: posts big blind $3
*** HOLE CARDS ***
cola26licht: calls $2
dragon1893: checks
*** FLOP *** [9d 3s 8h]
dragon1893: checks
cola26licht: bets $3
dragon1893: calls $3
*** TURN *** [9d 3s 8h] [8c]
dragon1893: checks
cola26licht: checks
*** RIVER *** [9d 3s 8h 8c] [2d]
dragon1893: checks
cola26licht: bets $6
dragon1893: calls $6
*** SHOW DOWN ***
cola26licht: shows [Jd 9c] (two pair, Nines and Eights)
dragon1893: mucks hand
cola26licht collected $23.52 from pot
*** SUMMARY ***
Total pot $24 | Rake $0.48
Board [9d 3s 8h 8c 2d]
Seat 2: cola26licht (button) (small blind) showed [Jd 9c] and won ($23.52) with two pair, Nines and Eights
Seat 4: dragon1893 (big blind) mucked


PokerStars Hand #163928226053:  Hold'em Limit ($3/$6 USD) - 2017/01/02 15:11:50 ET
Table 'Muscida II' 6-max Seat #4 is the button
Seat 2: cola26licht ($117.02 in chips)
Seat 4: dragon1893 ($159.64 in chips)
dragon1893: posts small blind $1
cola26licht: posts big blind $3
*** HOLE CARDS ***
dragon1893: raises $3 to $6
cola26licht: folds
Uncalled bet ($3) returned to dragon1893
dragon1893 collected $6 from pot
dragon1893: doesn't show hand
*** SUMMARY ***
Total pot $6 | Rake $0
Seat 2: cola26licht (big blind) folded before Flop
Seat 4: dragon1893 (button) (small blind) collected ($6)


PokerStars Hand #163928233050:  Hold'em Limit ($3/$6 USD) - 2017/01/02 15:11:56 ET
Table 'Muscida II' 6-max Seat #2 is the button
Seat 2: cola26licht ($114.02 in chips)
Seat 4: dragon1893 ($162.64 in chips)
cola26licht: posts small blind $1
dragon1893: posts big blind $3
*** HOLE CARDS ***
cola26licht: calls $2
chrisr666255 joins the table at seat #3
dragon1893: checks
*** FLOP *** [Ts 3s Tc]
dragon1893: checks
cola26licht: bets $3
dragon1893: calls $3
*** TURN *** [Ts 3s Tc] [Ks]
dragon1893: checks
cola26licht: bets $6
dragon1893: calls $6
*** RIVER *** [Ts 3s Tc Ks] [2c]
dragon1893: checks
cola26licht: checks
*** SHOW DOWN ***
dragon1893: shows [4h Ad] (a pair of Tens)
cola26licht: shows [3c 8c] (two pair, Tens and Threes)
cola26licht collected $23.52 from pot
%Lijn5% joins the table at seat #5
*** SUMMARY ***
Total pot $24 | Rake $0.48
Board [Ts 3s Tc Ks 2c]
Seat 2: cola26licht (button) (small blind) showed [3c 8c] and won ($23.52) with two pair, Tens and Threes
Seat 4: dragon1893 (big blind) showed [4h Ad] and lost with a pair of Tens


