PokerStars Hand #172501800987:  Hold'em Limit ($3/$6 USD) - 2017/07/02 6:10:18 ET
Table 'Muscida' 6-max Seat #6 is the button
Seat 1: whu1688 ($120 in chips)
Seat 6: StoneFace007 ($120 in chips)
StoneFace007: posts small blind $1
whu1688: posts big blind $3
*** HOLE CARDS ***
StoneFace007: raises $3 to $6
whu1688: folds
Uncalled bet ($3) returned to StoneFace007
StoneFace007 collected $6 from pot
*** SUMMARY ***
Total pot $6 | Rake $0
Seat 1: whu1688 (big blind) folded before Flop
Seat 6: StoneFace007 (button) (small blind) collected ($6)


PokerStars Hand #172501804732:  Hold'em Limit ($3/$6 USD) - 2017/07/02 6:10:26 ET
Table 'Muscida' 6-max Seat #1 is the button
Seat 1: whu1688 ($117 in chips)
Seat 6: StoneFace007 ($123 in chips)
whu1688: posts small blind $1
StoneFace007: posts big blind $3
*** HOLE CARDS ***
whu1688: raises $3 to $6
StoneFace007: raises $3 to $9
whu1688: calls $3
*** FLOP *** [7h Th 9h]
StoneFace007: bets $3
whu1688: calls $3
*** TURN *** [7h Th 9h] [Ad]
StoneFace007: bets $6
whu1688: raises $6 to $12
StoneFace007: calls $6
*** RIVER *** [7h Th 9h Ad] [Kh]
StoneFace007: checks
whu1688: checks
*** SHOW DOWN ***
StoneFace007: shows [Qd Ah] (a flush, Ace high)
whu1688: mucks hand
StoneFace007 collected $47.50 from pot
*** SUMMARY ***
Total pot $48 | Rake $0.50
Board [7h Th 9h Ad Kh]
Seat 1: whu1688 (button) (small blind) mucked
Seat 6: StoneFace007 (big blind) showed [Qd Ah] and won ($47.50) with a flush, Ace high


PokerStars Hand #172501833206:  Hold'em Limit ($3/$6 USD) - 2017/07/02 6:11:33 ET
Table 'Muscida' 6-max Seat #1 is the button
Seat 1: whu1688 ($65 in chips)
Seat 6: StoneFace007 ($174 in chips)
whu1688: posts small blind $1
StoneFace007: posts big blind $3
*** HOLE CARDS ***
whu1688: folds
Uncalled bet ($2) returned to StoneFace007
StoneFace007 collected $2 from pot
*** SUMMARY ***
Total pot $2 | Rake $0
Seat 1: whu1688 (button) (small blind) folded before Flop
Seat 6: StoneFace007 (big blind) collected ($2)


PokerStars Hand #172501830635:  Hold'em Limit ($3/$6 USD) - 2017/07/02 6:11:27 ET
Table 'Muscida' 6-max Seat #6 is the button
Seat 1: whu1688 ($68 in chips)
Seat 6: StoneFace007 ($171 in chips)
StoneFace007: posts small blind $1
whu1688: posts big blind $3
*** HOLE CARDS ***
StoneFace007: raises $3 to $6
whu1688: folds
Uncalled bet ($3) returned to StoneFace007
StoneFace007 collected $6 from pot
*** SUMMARY ***
Total pot $6 | Rake $0
Seat 1: whu1688 (big blind) folded before Flop
Seat 6: StoneFace007 (button) (small blind) collected ($6)


PokerStars Hand #172501817033:  Hold'em Limit ($3/$6 USD) - 2017/07/02 6:10:55 ET
Table 'Muscida' 6-max Seat #6 is the button
Seat 1: whu1688 ($93 in chips)
Seat 6: StoneFace007 ($146.50 in chips)
StoneFace007: posts small blind $1
whu1688: posts big blind $3
*** HOLE CARDS ***
StoneFace007: raises $3 to $6
whu1688: calls $3
*** FLOP *** [6s 7d Jh]
whu1688: checks
StoneFace007: bets $3
whu1688: raises $3 to $6
StoneFace007: calls $3
*** TURN *** [6s 7d Jh] [3c]
whu1688: bets $6
StoneFace007: calls $6
*** RIVER *** [6s 7d Jh 3c] [3h]
whu1688: bets $6
StoneFace007: calls $6
*** SHOW DOWN ***
whu1688: shows [2s 6d] (two pair, Sixes and Threes)
StoneFace007: shows [7s Td] (two pair, Sevens and Threes)
StoneFace007 collected $47.50 from pot
*** SUMMARY ***
Total pot $48 | Rake $0.50
Board [6s 7d Jh 3c 3h]
Seat 1: whu1688 (big blind) showed [2s 6d] and lost with two pair, Sixes and Threes
Seat 6: StoneFace007 (button) (small blind) showed [7s Td] and won ($47.50) with two pair, Sevens and Threes


PokerStars Hand #172501827976:  Hold'em Limit ($3/$6 USD) - 2017/07/02 6:11:21 ET
Table 'Muscida' 6-max Seat #1 is the button
Seat 1: whu1688 ($69 in chips)
Seat 6: StoneFace007 ($170 in chips)
whu1688: posts small blind $1
StoneFace007: posts big blind $3
*** HOLE CARDS ***
whu1688: folds
Uncalled bet ($2) returned to StoneFace007
StoneFace007 collected $2 from pot
*** SUMMARY ***
Total pot $2 | Rake $0
Seat 1: whu1688 (button) (small blind) folded before Flop
Seat 6: StoneFace007 (big blind) collected ($2)


PokerStars Hand #172501835560:  Hold'em Limit ($3/$6 USD) - 2017/07/02 6:11:39 ET
Table 'Muscida' 6-max Seat #6 is the button
Seat 1: whu1688 ($64 in chips)
Seat 6: StoneFace007 ($175 in chips)
StoneFace007: posts small blind $1
whu1688: posts big blind $3
*** HOLE CARDS ***
StoneFace007: raises $3 to $6
whu1688: calls $3
*** FLOP *** [Th 7s 3c]
Krazy90 joins the table at seat #2
whu1688: bets $3
StoneFace007: calls $3
*** TURN *** [Th 7s 3c] [Qc]
whu1688: bets $6
StoneFace007: raises $6 to $12
whu1688: calls $6
*** RIVER *** [Th 7s 3c Qc] [5h]
whu1688: checks
StoneFace007: bets $6
whu1688: raises $6 to $12
StoneFace007: calls $6
*** SHOW DOWN ***
whu1688: shows [5s Qh] (two pair, Queens and Fives)
StoneFace007: mucks hand
whu1688 collected $65.50 from pot
*** SUMMARY ***
Total pot $66 | Rake $0.50
Board [Th 7s 3c Qc 5h]
Seat 1: whu1688 (big blind) showed [5s Qh] and won ($65.50) with two pair, Queens and Fives
Seat 6: StoneFace007 (button) (small blind) mucked


PokerStars Hand #172504308196:  Hold'em Limit ($3/$6 USD) - 2017/07/02 7:43:42 ET
Table 'Muscida' 6-max Seat #6 is the button
Seat 4: kiwi/mike ($159.52 in chips)
Seat 6: StoneFace007 ($213.09 in chips)
StoneFace007: posts small blind $1
kiwi/mike: posts big blind $3
*** HOLE CARDS ***
StoneFace007: raises $3 to $6
kiwi/mike: calls $3
*** FLOP *** [8c 4c 3h]
kiwi/mike: checks
StoneFace007: checks
*** TURN *** [8c 4c 3h] [As]
kiwi/mike: checks
StoneFace007: checks
*** RIVER *** [8c 4c 3h As] [Kc]
kiwi/mike: checks
StoneFace007: checks
*** SHOW DOWN ***
kiwi/mike: shows [7c 9d] (high card Ace)
StoneFace007: shows [Qs 7d] (high card Ace - King+Queen kicker)
StoneFace007 collected $11.76 from pot
*** SUMMARY ***
Total pot $12 | Rake $0.24
Board [8c 4c 3h As Kc]
Seat 4: kiwi/mike (big blind) showed [7c 9d] and lost with high card Ace
Seat 6: StoneFace007 (button) (small blind) showed [Qs 7d] and won ($11.76) with high card Ace


PokerStars Hand #172504300874:  Hold'em Limit ($3/$6 USD) - 2017/07/02 7:43:27 ET
Table 'Muscida' 6-max Seat #6 is the button
Seat 4: kiwi/mike ($163.52 in chips)
Seat 6: StoneFace007 ($209.09 in chips)
StoneFace007: posts small blind $1
Airbag999: is sitting out
kiwi/mike: posts big blind $3
*** HOLE CARDS ***
StoneFace007: raises $3 to $6
kiwi/mike: folds
Uncalled bet ($3) returned to StoneFace007
Airbag999 leaves the table
StoneFace007 collected $6 from pot
*** SUMMARY ***
Total pot $6 | Rake $0
Seat 4: kiwi/mike (big blind) folded before Flop
Seat 6: StoneFace007 (button) (small blind) collected ($6)


PokerStars Hand #172504303919:  Hold'em Limit ($3/$6 USD) - 2017/07/02 7:43:33 ET
Table 'Muscida' 6-max Seat #4 is the button
Seat 4: kiwi/mike ($160.52 in chips)
Seat 6: StoneFace007 ($212.09 in chips)
kiwi/mike: posts small blind $1
StoneFace007: posts big blind $3
*** HOLE CARDS ***
kiwi/mike: folds
Uncalled bet ($2) returned to StoneFace007
StoneFace007 collected $2 from pot
*** SUMMARY ***
Total pot $2 | Rake $0
Seat 4: kiwi/mike (button) (small blind) folded before Flop
Seat 6: StoneFace007 (big blind) collected ($2)


PokerStars Hand #172504320056:  Hold'em Limit ($3/$6 USD) - 2017/07/02 7:44:06 ET
Table 'Muscida' 6-max Seat #6 is the button
Seat 4: kiwi/mike ($156.52 in chips)
Seat 6: StoneFace007 ($215.85 in chips)
StoneFace007: posts small blind $1
kiwi/mike: posts big blind $3
*** HOLE CARDS ***
StoneFace007: raises $3 to $6
kiwi/mike: calls $3
*** FLOP *** [8s Td 7s]
kiwi/mike: checks
StoneFace007: bets $3
kiwi/mike: calls $3
*** TURN *** [8s Td 7s] [8h]
kiwi/mike: checks
StoneFace007: checks
*** RIVER *** [8s Td 7s 8h] [Kc]
kiwi/mike: bets $6
StoneFace007: calls $6
*** SHOW DOWN ***
kiwi/mike: shows [Ks 9h] (two pair, Kings and Eights)
StoneFace007: mucks hand
kiwi/mike collected $29.50 from pot
*** SUMMARY ***
Total pot $30 | Rake $0.50
Board [8s Td 7s 8h Kc]
Seat 4: kiwi/mike (big blind) showed [Ks 9h] and won ($29.50) with two pair, Kings and Eights
Seat 6: StoneFace007 (button) (small blind) mucked


PokerStars Hand #172504346727:  Hold'em Limit ($3/$6 USD) - 2017/07/02 7:45:01 ET
Table 'Muscida' 6-max Seat #6 is the button
Seat 4: kiwi/mike ($179.66 in chips)
Seat 6: StoneFace007 ($191.85 in chips)
StoneFace007: posts small blind $1
kiwi/mike: posts big blind $3
*** HOLE CARDS ***
StoneFace007: raises $3 to $6
kiwi/mike: calls $3
*** FLOP *** [6c 8c Jc]
kiwi/mike: checks
StoneFace007: checks
*** TURN *** [6c 8c Jc] [3s]
kiwi/mike: bets $6
StoneFace007: calls $6
*** RIVER *** [6c 8c Jc 3s] [Th]
kiwi/mike: checks
StoneFace007: checks
*** SHOW DOWN ***
kiwi/mike: shows [9d Kc] (high card King)
StoneFace007: shows [6h Kd] (a pair of Sixes)
StoneFace007 collected $23.52 from pot
*** SUMMARY ***
Total pot $24 | Rake $0.48
Board [6c 8c Jc 3s Th]
Seat 4: kiwi/mike (big blind) showed [9d Kc] and lost with high card King
Seat 6: StoneFace007 (button) (small blind) showed [6h Kd] and won ($23.52) with a pair of Sixes


PokerStars Hand #172504329689:  Hold'em Limit ($3/$6 USD) - 2017/07/02 7:44:26 ET
Table 'Muscida' 6-max Seat #4 is the button
Seat 4: kiwi/mike ($171.02 in chips)
Seat 6: StoneFace007 ($200.85 in chips)
kiwi/mike: posts small blind $1
StoneFace007: posts big blind $3
*** HOLE CARDS ***
kiwi/mike: raises $3 to $6
StoneFace007: calls $3
*** FLOP *** [7d Qh Th]
StoneFace007: checks
kiwi/mike: bets $3
StoneFace007: calls $3
*** TURN *** [7d Qh Th] [2c]
StoneFace007: checks
kiwi/mike: checks
*** RIVER *** [7d Qh Th 2c] [Ad]
StoneFace007: checks
kiwi/mike: bets $6
StoneFace007: folds
Uncalled bet ($6) returned to kiwi/mike
kiwi/mike collected $17.64 from pot
kiwi/mike: doesn't show hand
*** SUMMARY ***
Total pot $18 | Rake $0.36
Board [7d Qh Th 2c Ad]
Seat 4: kiwi/mike (button) (small blind) collected ($17.64)
Seat 6: StoneFace007 (big blind) folded on the River


PokerStars Hand #172504344318:  Hold'em Limit ($3/$6 USD) - 2017/07/02 7:44:56 ET
Table 'Muscida' 6-max Seat #4 is the button
Seat 4: kiwi/mike ($180.66 in chips)
Seat 6: StoneFace007 ($190.85 in chips)
kiwi/mike: posts small blind $1
StoneFace007: posts big blind $3
*** HOLE CARDS ***
kiwi/mike: folds
Uncalled bet ($2) returned to StoneFace007
StoneFace007 collected $2 from pot
*** SUMMARY ***
Total pot $2 | Rake $0
Seat 4: kiwi/mike (button) (small blind) folded before Flop
Seat 6: StoneFace007 (big blind) collected ($2)


PokerStars Hand #172504341106:  Hold'em Limit ($3/$6 USD) - 2017/07/02 7:44:49 ET
Table 'Muscida' 6-max Seat #6 is the button
Seat 4: kiwi/mike ($179.66 in chips)
Seat 6: StoneFace007 ($191.85 in chips)
StoneFace007: posts small blind $1
kiwi/mike: posts big blind $3
*** HOLE CARDS ***
StoneFace007: folds
Uncalled bet ($2) returned to kiwi/mike
kiwi/mike collected $2 from pot
kiwi/mike: doesn't show hand
*** SUMMARY ***
Total pot $2 | Rake $0
Seat 4: kiwi/mike (big blind) collected ($2)
Seat 6: StoneFace007 (button) (small blind) folded before Flop


PokerStars Hand #172504372805:  Hold'em Limit ($3/$6 USD) - 2017/07/02 7:45:53 ET
Table 'Muscida' 6-max Seat #6 is the button
Seat 4: kiwi/mike ($183.18 in chips)
Seat 6: StoneFace007 ($187.37 in chips)
StoneFace007: posts small blind $1
kiwi/mike: posts big blind $3
*** HOLE CARDS ***
StoneFace007: folds
Uncalled bet ($2) returned to kiwi/mike
kiwi/mike collected $2 from pot
kiwi/mike: doesn't show hand
*** SUMMARY ***
Total pot $2 | Rake $0
Seat 4: kiwi/mike (big blind) collected ($2)
Seat 6: StoneFace007 (button) (small blind) folded before Flop


PokerStars Hand #172504362839:  Hold'em Limit ($3/$6 USD) - 2017/07/02 7:45:33 ET
Table 'Muscida' 6-max Seat #4 is the button
Seat 4: kiwi/mike ($171.66 in chips)
Seat 6: StoneFace007 ($199.37 in chips)
kiwi/mike: posts small blind $1
StoneFace007: posts big blind $3
*** HOLE CARDS ***
kiwi/mike: raises $3 to $6
StoneFace007: raises $3 to $9
kiwi/mike: calls $3
*** FLOP *** [6c Ad 9d]
StoneFace007: bets $3
kiwi/mike: calls $3
*** TURN *** [6c Ad 9d] [8h]
StoneFace007: checks
kiwi/mike: bets $6
StoneFace007: folds
Uncalled bet ($6) returned to kiwi/mike
kiwi/mike collected $23.52 from pot
kiwi/mike: doesn't show hand
*** SUMMARY ***
Total pot $24 | Rake $0.48
Board [6c Ad 9d 8h]
Seat 4: kiwi/mike (button) (small blind) collected ($23.52)
Seat 6: StoneFace007 (big blind) folded on the Turn


PokerStars Hand #172504360466:  Hold'em Limit ($3/$6 USD) - 2017/07/02 7:45:28 ET
Table 'Muscida' 6-max Seat #6 is the button
Seat 4: kiwi/mike ($170.66 in chips)
Seat 6: StoneFace007 ($200.37 in chips)
StoneFace007: posts small blind $1
kiwi/mike: posts big blind $3
*** HOLE CARDS ***
StoneFace007: folds
Uncalled bet ($2) returned to kiwi/mike
kiwi/mike collected $2 from pot
kiwi/mike: doesn't show hand
*** SUMMARY ***
Total pot $2 | Rake $0
Seat 4: kiwi/mike (big blind) collected ($2)
Seat 6: StoneFace007 (button) (small blind) folded before Flop


PokerStars Hand #172504399984:  Hold'em Limit ($3/$6 USD) - 2017/07/02 7:46:48 ET
Table 'Muscida' 6-max Seat #4 is the button
Seat 4: kiwi/mike ($188.68 in chips)
Seat 6: StoneFace007 ($181.13 in chips)
kiwi/mike: posts small blind $1
StoneFace007: posts big blind $3
*** HOLE CARDS ***
kiwi/mike: folds
Uncalled bet ($2) returned to StoneFace007
StoneFace007 collected $2 from pot
*** SUMMARY ***
Total pot $2 | Rake $0
Seat 4: kiwi/mike (button) (small blind) folded before Flop
Seat 6: StoneFace007 (big blind) collected ($2)


PokerStars Hand #172504375723:  Hold'em Limit ($3/$6 USD) - 2017/07/02 7:45:59 ET
Table 'Muscida' 6-max Seat #4 is the button
Seat 4: kiwi/mike ($184.18 in chips)
Seat 6: StoneFace007 ($186.37 in chips)
kiwi/mike: posts small blind $1
StoneFace007: posts big blind $3
*** HOLE CARDS ***
kiwi/mike: raises $3 to $6
StoneFace007: calls $3
*** FLOP *** [6s Qc Ks]
StoneFace007: checks
kiwi/mike: bets $3
StoneFace007: calls $3
*** TURN *** [6s Qc Ks] [Th]
StoneFace007: checks
kiwi/mike: bets $6
StoneFace007: calls $6
*** RIVER *** [6s Qc Ks Th] [8s]
StoneFace007: checks
kiwi/mike: bets $6
StoneFace007: folds
Uncalled bet ($6) returned to kiwi/mike
kiwi/mike collected $29.50 from pot
kiwi/mike: doesn't show hand
*** SUMMARY ***
Total pot $30 | Rake $0.50
Board [6s Qc Ks Th 8s]
Seat 4: kiwi/mike (button) (small blind) collected ($29.50)
Seat 6: StoneFace007 (big blind) folded on the River


PokerStars Hand #172504403546:  Hold'em Limit ($3/$6 USD) - 2017/07/02 7:46:55 ET
Table 'Muscida' 6-max Seat #6 is the button
Seat 4: kiwi/mike ($187.68 in chips)
Seat 6: StoneFace007 ($182.13 in chips)
StoneFace007: posts small blind $1
kiwi/mike: posts big blind $3
*** HOLE CARDS ***
StoneFace007: raises $3 to $6
NewRocker joins the table at seat #3
kiwi/mike: folds
Uncalled bet ($3) returned to StoneFace007
StoneFace007 collected $6 from pot
*** SUMMARY ***
Total pot $6 | Rake $0
Seat 4: kiwi/mike (big blind) folded before Flop
Seat 6: StoneFace007 (button) (small blind) collected ($6)


PokerStars Hand #172504396332:  Hold'em Limit ($3/$6 USD) - 2017/07/02 7:46:41 ET
Table 'Muscida' 6-max Seat #6 is the button
Seat 4: kiwi/mike ($191.68 in chips)
Seat 6: StoneFace007 ($178.13 in chips)
StoneFace007: posts small blind $1
kiwi/mike: posts big blind $3
*** HOLE CARDS ***
StoneFace007: raises $3 to $6
kiwi/mike: folds
Uncalled bet ($3) returned to StoneFace007
StoneFace007 collected $6 from pot
*** SUMMARY ***
Total pot $6 | Rake $0
Seat 4: kiwi/mike (big blind) folded before Flop
Seat 6: StoneFace007 (button) (small blind) collected ($6)


PokerStars Hand #172504393560:  Hold'em Limit ($3/$6 USD) - 2017/07/02 7:46:35 ET
Table 'Muscida' 6-max Seat #4 is the button
Seat 4: kiwi/mike ($192.68 in chips)
Seat 6: StoneFace007 ($177.13 in chips)
kiwi/mike: posts small blind $1
StoneFace007: posts big blind $3
*** HOLE CARDS ***
kiwi/mike: folds
Uncalled bet ($2) returned to StoneFace007
StoneFace007 collected $2 from pot
*** SUMMARY ***
Total pot $2 | Rake $0
Seat 4: kiwi/mike (button) (small blind) folded before Flop
Seat 6: StoneFace007 (big blind) collected ($2)


PokerStars Hand #172504387378:  Hold'em Limit ($3/$6 USD) - 2017/07/02 7:46:23 ET
Table 'Muscida' 6-max Seat #6 is the button
Seat 4: kiwi/mike ($198.68 in chips)
Seat 6: StoneFace007 ($171.37 in chips)
StoneFace007: posts small blind $1
kiwi/mike: posts big blind $3
*** HOLE CARDS ***
StoneFace007: raises $3 to $6
kiwi/mike: calls $3
*** FLOP *** [Js 2d Qs]
kiwi/mike: checks
StoneFace007: bets $3
kiwi/mike: folds
Uncalled bet ($3) returned to StoneFace007
StoneFace007 collected $11.76 from pot
*** SUMMARY ***
Total pot $12 | Rake $0.24
Board [Js 2d Qs]
Seat 4: kiwi/mike (big blind) folded on the Flop
Seat 6: StoneFace007 (button) (small blind) collected ($11.76)


PokerStars Hand #172504411500:  Hold'em Limit ($3/$6 USD) - 2017/07/02 7:47:11 ET
Table 'Muscida' 6-max Seat #4 is the button
Seat 4: kiwi/mike ($184.68 in chips)
Seat 6: StoneFace007 ($185.13 in chips)
kiwi/mike: posts small blind $1
StoneFace007: posts big blind $3
*** HOLE CARDS ***
kiwi/mike: raises $3 to $6
StoneFace007: calls $3
*** FLOP *** [6d 5d 8d]
StoneFace007: checks
kiwi/mike: checks
*** TURN *** [6d 5d 8d] [Ad]
StoneFace007: checks
kiwi/mike: checks
*** RIVER *** [6d 5d 8d Ad] [2c]
StoneFace007: checks
kiwi/mike: checks
*** SHOW DOWN ***
StoneFace007: shows [5h Jc] (a pair of Fives)
kiwi/mike: mucks hand
StoneFace007 collected $11.76 from pot
*** SUMMARY ***
Total pot $12 | Rake $0.24
Board [6d 5d 8d Ad 2c]
Seat 4: kiwi/mike (button) (small blind) mucked
Seat 6: StoneFace007 (big blind) showed [5h Jc] and won ($11.76) with a pair of Fives


PokerStars Hand #172504511407:  Hold'em Limit ($3/$6 USD) - 2017/07/02 7:50:35 ET
Table 'Muscida' 6-max Seat #4 is the button
Seat 4: kiwi/mike ($187.24 in chips)
Seat 6: StoneFace007 ($187.50 in chips)
kiwi/mike: posts small blind $1
StoneFace007: posts big blind $3
*** HOLE CARDS ***
kiwi/mike: calls $2
StoneFace007: raises $3 to $6
kiwi/mike: calls $3
*** FLOP *** [Ks 9h Ah]
StoneFace007: bets $3
kiwi/mike: folds
Uncalled bet ($3) returned to StoneFace007
StoneFace007 collected $11.76 from pot
*** SUMMARY ***
Total pot $12 | Rake $0.24
Board [Ks 9h Ah]
Seat 4: kiwi/mike (button) (small blind) folded on the Flop
Seat 6: StoneFace007 (big blind) collected ($11.76)


PokerStars Hand #172504517233:  Hold'em Limit ($3/$6 USD) - 2017/07/02 7:50:47 ET
Table 'Muscida' 6-max Seat #6 is the button
Seat 4: kiwi/mike ($181.24 in chips)
Seat 6: StoneFace007 ($193.26 in chips)
StoneFace007: posts small blind $1
kiwi/mike: posts big blind $3
*** HOLE CARDS ***
StoneFace007: raises $3 to $6
kiwi/mike: folds
Uncalled bet ($3) returned to StoneFace007
StoneFace007 collected $6 from pot
*** SUMMARY ***
Total pot $6 | Rake $0
Seat 4: kiwi/mike (big blind) folded before Flop
Seat 6: StoneFace007 (button) (small blind) collected ($6)


PokerStars Hand #172504508928:  Hold'em Limit ($3/$6 USD) - 2017/07/02 7:50:30 ET
Table 'Muscida' 6-max Seat #6 is the button
Seat 4: kiwi/mike ($186.24 in chips)
Seat 6: StoneFace007 ($188.50 in chips)
StoneFace007: posts small blind $1
kiwi/mike: posts big blind $3
*** HOLE CARDS ***
StoneFace007: folds
Uncalled bet ($2) returned to kiwi/mike
kiwi/mike collected $2 from pot
kiwi/mike: doesn't show hand
*** SUMMARY ***
Total pot $2 | Rake $0
Seat 4: kiwi/mike (big blind) collected ($2)
Seat 6: StoneFace007 (button) (small blind) folded before Flop


PokerStars Hand #172504522447:  Hold'em Limit ($3/$6 USD) - 2017/07/02 7:50:58 ET
Table 'Muscida' 6-max Seat #4 is the button
Seat 4: kiwi/mike ($178.24 in chips)
Seat 6: StoneFace007 ($196.26 in chips)
kiwi/mike: posts small blind $1
StoneFace007: posts big blind $3
*** HOLE CARDS ***
kiwi/mike: raises $3 to $6
StoneFace007: calls $3
*** FLOP *** [8c Th 6h]
StoneFace007: checks
kiwi/mike: bets $3
StoneFace007: calls $3
*** TURN *** [8c Th 6h] [6d]
StoneFace007: checks
kiwi/mike: checks
*** RIVER *** [8c Th 6h 6d] [5c]
StoneFace007: checks
kiwi/mike: checks
*** SHOW DOWN ***
StoneFace007: shows [Jd Qc] (a pair of Sixes)
kiwi/mike: shows [Kc Ad] (a pair of Sixes - Ace kicker)
kiwi/mike collected $17.64 from pot
*** SUMMARY ***
Total pot $18 | Rake $0.36
Board [8c Th 6h 6d 5c]
Seat 4: kiwi/mike (button) (small blind) showed [Kc Ad] and won ($17.64) with a pair of Sixes
Seat 6: StoneFace007 (big blind) showed [Jd Qc] and lost with a pair of Sixes


PokerStars Hand #172504545824:  Hold'em Limit ($3/$6 USD) - 2017/07/02 7:51:45 ET
Table 'Muscida' 6-max Seat #4 is the button
Seat 4: kiwi/mike ($183.88 in chips)
Seat 6: StoneFace007 ($190.26 in chips)
kiwi/mike: posts small blind $1
StoneFace007: posts big blind $3
*** HOLE CARDS ***
kiwi/mike: raises $3 to $6
StoneFace007: raises $3 to $9
kiwi/mike: calls $3
*** FLOP *** [6d 3h 5c]
StoneFace007: bets $3
kiwi/mike: folds
Uncalled bet ($3) returned to StoneFace007
StoneFace007 collected $17.64 from pot
*** SUMMARY ***
Total pot $18 | Rake $0.36
Board [6d 3h 5c]
Seat 4: kiwi/mike (button) (small blind) folded on the Flop
Seat 6: StoneFace007 (big blind) collected ($17.64)


PokerStars Hand #172504538775:  Hold'em Limit ($3/$6 USD) - 2017/07/02 7:51:31 ET
Table 'Muscida' 6-max Seat #6 is the button
Seat 4: kiwi/mike ($186.88 in chips)
Seat 6: StoneFace007 ($187.26 in chips)
StoneFace007: posts small blind $1
Mercer29 joins the table at seat #2
kiwi/mike: posts big blind $3
*** HOLE CARDS ***
StoneFace007: raises $3 to $6
kiwi/mike: folds
Uncalled bet ($3) returned to StoneFace007
StoneFace007 collected $6 from pot
*** SUMMARY ***
Total pot $6 | Rake $0
Seat 4: kiwi/mike (big blind) folded before Flop
Seat 6: StoneFace007 (button) (small blind) collected ($6)


PokerStars Hand #172504608295:  Hold'em Limit ($3/$6 USD) - 2017/07/02 7:53:53 ET
Table 'Muscida' 6-max Seat #3 is the button
Seat 2: Mercer29 ($116 in chips)
Seat 3: NewRocker ($88.99 in chips)
NewRocker: posts small blind $1
kiwi/mike: is sitting out
Mercer29: posts big blind $3
*** HOLE CARDS ***
NewRocker: raises $3 to $6
kiwi/mike leaves the table
Mercer29: calls $3
*** FLOP *** [6d Jh 5h]
Mercer29: bets $3
NewRocker: calls $3
*** TURN *** [6d Jh 5h] [2d]
Mercer29: bets $6
NewRocker: raises $6 to $12
Mercer29: raises $6 to $18
NewRocker: calls $6
*** RIVER *** [6d Jh 5h 2d] [7h]
Mercer29: bets $6
NewRocker: raises $6 to $12
Mercer29: raises $6 to $18
NewRocker: raises $6 to $24
Betting is capped
Mercer29: calls $6
*** SHOW DOWN ***
NewRocker: shows [7s Jd] (two pair, Jacks and Sevens)
Mercer29: shows [Th 2h] (a flush, Jack high)
Mercer29 collected $101.50 from pot
*** SUMMARY ***
Total pot $102 | Rake $0.50
Board [6d Jh 5h 2d 7h]
Seat 2: Mercer29 (big blind) showed [Th 2h] and won ($101.50) with a flush, Jack high
Seat 3: NewRocker (button) (small blind) showed [7s Jd] and lost with two pair, Jacks and Sevens


PokerStars Hand #172504633170:  Hold'em Limit ($3/$6 USD) - 2017/07/02 7:54:43 ET
Table 'Muscida' 6-max Seat #3 is the button
Seat 2: Mercer29 ($169.50 in chips)
Seat 3: NewRocker ($34.99 in chips)
NewRocker: posts small blind $1
Mercer29: posts big blind $3
*** HOLE CARDS ***
NewRocker: raises $3 to $6
Mercer29: calls $3
*** FLOP *** [4h 7c Tc]
Mercer29: checks
NewRocker: bets $3
Mercer29: calls $3
*** TURN *** [4h 7c Tc] [6s]
Mercer29: checks
NewRocker: bets $6
Mercer29: raises $6 to $12
NewRocker: calls $6
*** RIVER *** [4h 7c Tc 6s] [6c]
Mercer29: bets $6
NewRocker: calls $6
*** SHOW DOWN ***
Mercer29: shows [4s Td] (two pair, Tens and Sixes)
NewRocker: mucks hand
Mercer29 collected $53.50 from pot
*** SUMMARY ***
Total pot $54 | Rake $0.50
Board [4h 7c Tc 6s 6c]
Seat 2: Mercer29 (big blind) showed [4s Td] and won ($53.50) with two pair, Tens and Sixes
Seat 3: NewRocker (button) (small blind) mucked


PokerStars Hand #172504624641:  Hold'em Limit ($3/$6 USD) - 2017/07/02 7:54:26 ET
Table 'Muscida' 6-max Seat #2 is the button
Seat 2: Mercer29 ($166.50 in chips)
Seat 3: NewRocker ($37.99 in chips)
Mercer29: posts small blind $1
NewRocker: posts big blind $3
*** HOLE CARDS ***
Mercer29: raises $3 to $6
NewRocker: folds
Uncalled bet ($3) returned to Mercer29
Mercer29 collected $6 from pot
Mercer29: doesn't show hand
*** SUMMARY ***
Total pot $6 | Rake $0
Seat 2: Mercer29 (button) (small blind) collected ($6)
Seat 3: NewRocker (big blind) folded before Flop


PokerStars Hand #172504648059:  Hold'em Limit ($3/$6 USD) - 2017/07/02 7:55:15 ET
Table 'Muscida' 6-max Seat #2 is the button
Seat 2: Mercer29 ($196 in chips)
Seat 3: NewRocker ($7.99 in chips)
Mercer29: posts small blind $1
NewRocker: posts big blind $3
*** HOLE CARDS ***
Mercer29: folds
Uncalled bet ($2) returned to NewRocker
NewRocker said, "nice luck"
NewRocker collected $2 from pot
NewRocker: doesn't show hand
*** SUMMARY ***
Total pot $2 | Rake $0
Seat 2: Mercer29 (button) (small blind) folded before Flop
Seat 3: NewRocker (big blind) collected ($2)


PokerStars Hand #172504670961:  Hold'em Limit ($3/$6 USD) - 2017/07/02 7:56:10 ET
Table 'Muscida' 6-max Seat #2 is the button
Seat 2: Mercer29 ($194.01 in chips)
Seat 3: NewRocker ($9.78 in chips)
Mercer29: posts small blind $1
NewRocker: posts big blind $3
*** HOLE CARDS ***
Mercer29: folds
Uncalled bet ($2) returned to NewRocker
NewRocker collected $2 from pot
NewRocker: doesn't show hand
*** SUMMARY ***
Total pot $2 | Rake $0
Seat 2: Mercer29 (button) (small blind) folded before Flop
Seat 3: NewRocker (big blind) collected ($2)


PokerStars Hand #172504657735:  Hold'em Limit ($3/$6 USD) - 2017/07/02 7:55:39 ET
Table 'Muscida' 6-max Seat #2 is the button
Seat 2: Mercer29 ($196 in chips)
Seat 3: NewRocker ($7.99 in chips)
Mercer29: posts small blind $1
NewRocker: posts big blind $3
*** HOLE CARDS ***
Mercer29: raises $3 to $6
NewRocker: folds
Uncalled bet ($3) returned to Mercer29
Mercer29 collected $6 from pot
Mercer29: doesn't show hand
*** SUMMARY ***
Total pot $6 | Rake $0
Seat 2: Mercer29 (button) (small blind) collected ($6)
Seat 3: NewRocker (big blind) folded before Flop


PokerStars Hand #172504661204:  Hold'em Limit ($3/$6 USD) - 2017/07/02 7:55:47 ET
Table 'Muscida' 6-max Seat #3 is the button
Seat 2: Mercer29 ($199 in chips)
Seat 3: NewRocker ($4.99 in chips)
NewRocker: posts small blind $1
Mercer29: posts big blind $3
*** HOLE CARDS ***
NewRocker: raises $1.99 to $4.99 and is all-in
Mercer29: calls $1.99
*** FLOP *** [5s 8d 4c]
*** TURN *** [5s 8d 4c] [9s]
*** RIVER *** [5s 8d 4c 9s] [3s]
*** SHOW DOWN ***
Mercer29: shows [3d Qc] (a pair of Threes)
NewRocker: shows [As 5c] (a pair of Fives)
NewRocker collected $9.78 from pot
*** SUMMARY ***
Total pot $9.98 | Rake $0.20
Board [5s 8d 4c 9s 3s]
Seat 2: Mercer29 (big blind) showed [3d Qc] and lost with a pair of Threes
Seat 3: NewRocker (button) (small blind) showed [As 5c] and won ($9.78) with a pair of Fives


PokerStars Hand #172504651706:  Hold'em Limit ($3/$6 USD) - 2017/07/02 7:55:24 ET
Table 'Muscida' 6-max Seat #3 is the button
Seat 2: Mercer29 ($195 in chips)
Seat 3: NewRocker ($8.99 in chips)
NewRocker: posts small blind $1
Mercer29: posts big blind $3
*** HOLE CARDS ***
NewRocker: folds
Uncalled bet ($2) returned to Mercer29
Mercer29 collected $2 from pot
Mercer29: doesn't show hand
*** SUMMARY ***
Total pot $2 | Rake $0
Seat 2: Mercer29 (big blind) collected ($2)
Seat 3: NewRocker (button) (small blind) folded before Flop


PokerStars Hand #172504673307:  Hold'em Limit ($3/$6 USD) - 2017/07/02 7:56:16 ET
Table 'Muscida' 6-max Seat #3 is the button
Seat 2: Mercer29 ($193.01 in chips)
Seat 3: NewRocker ($10.78 in chips)
NewRocker: posts small blind $1
Mercer29: posts big blind $3
*** HOLE CARDS ***
NewRocker: raises $3 to $6
Mercer29: raises $3 to $9
NewRocker: raises $1.78 to $10.78 and is all-in
Betting is capped
Mercer29: calls $1.78
*** FLOP *** [Qc 5c 2s]
*** TURN *** [Qc 5c 2s] [Ad]
*** RIVER *** [Qc 5c 2s Ad] [Jd]
*** SHOW DOWN ***
Mercer29: shows [Kc Ac] (a pair of Aces)
NewRocker: shows [Kd 7h] (high card Ace)
Mercer29 collected $21.13 from pot
*** SUMMARY ***
Total pot $21.56 | Rake $0.43
Board [Qc 5c 2s Ad Jd]
Seat 2: Mercer29 (big blind) showed [Kc Ac] and won ($21.13) with a pair of Aces
Seat 3: NewRocker (button) (small blind) showed [Kd 7h] and lost with high card Ace


