PokerStars Hand #174643918904:  Hold'em Limit ($3/$6 USD) - 2017/08/22 4:28:50 ET
Table 'Muscida' 6-max Seat #4 is the button
Seat 2: Stanivuk92 ($47.32 in chips)
Seat 4: VolkovDmitri ($130.44 in chips)
VolkovDmitri: posts small blind $1
Stanivuk92: posts big blind $3
*** HOLE CARDS ***
VolkovDmitri: raises $3 to $6
Stanivuk92: raises $3 to $9
VolkovDmitri: calls $3
*** FLOP *** [3c Td Jd]
Stanivuk92: bets $3
VolkovDmitri: calls $3
*** TURN *** [3c Td Jd] [5c]
Ale4o leaves the table
Stanivuk92: bets $6
VolkovDmitri: calls $6
*** RIVER *** [3c Td Jd 5c] [4d]
Stanivuk92: bets $6
VolkovDmitri: calls $6
*** SHOW DOWN ***
Stanivuk92: shows [4h 4s] (three of a kind, Fours)
VolkovDmitri: mucks hand
Stanivuk92 collected $47.50 from pot
*** SUMMARY ***
Total pot $48 | Rake $0.50
Board [3c Td Jd 5c 4d]
Seat 2: Stanivuk92 (big blind) showed [4h 4s] and won ($47.50) with three of a kind, Fours
Seat 4: VolkovDmitri (button) (small blind) mucked


PokerStars Hand #174643917497:  Hold'em Limit ($3/$6 USD) - 2017/08/22 4:28:45 ET
Table 'Muscida' 6-max Seat #2 is the button
Seat 2: Stanivuk92 ($48.32 in chips)
Seat 4: VolkovDmitri ($129.44 in chips)
Stanivuk92: posts small blind $1
VolkovDmitri: posts big blind $3
*** HOLE CARDS ***
Stanivuk92: folds
Uncalled bet ($2) returned to VolkovDmitri
VolkovDmitri collected $2 from pot
VolkovDmitri: doesn't show hand
*** SUMMARY ***
Total pot $2 | Rake $0
Seat 2: Stanivuk92 (button) (small blind) folded before Flop
Seat 4: VolkovDmitri (big blind) collected ($2)


PokerStars Hand #174643910591:  Hold'em Limit ($3/$6 USD) - 2017/08/22 4:28:21 ET
Table 'Muscida' 6-max Seat #4 is the button
Seat 2: Stanivuk92 ($54.32 in chips)
Seat 4: VolkovDmitri ($123.68 in chips)
VolkovDmitri: posts small blind $1
Ale4o: is sitting out
Stanivuk92: posts big blind $3
*** HOLE CARDS ***
VolkovDmitri: raises $3 to $6
Stanivuk92: calls $3
*** FLOP *** [9s As Kd]
Stanivuk92: checks
VolkovDmitri: bets $3
Stanivuk92: folds
Uncalled bet ($3) returned to VolkovDmitri
VolkovDmitri collected $11.76 from pot
VolkovDmitri: doesn't show hand
*** SUMMARY ***
Total pot $12 | Rake $0.24
Board [9s As Kd]
Seat 2: Stanivuk92 (big blind) folded on the Flop
Seat 4: VolkovDmitri (button) (small blind) collected ($11.76)


PokerStars Hand #174643933242:  Hold'em Limit ($3/$6 USD) - 2017/08/22 4:29:39 ET
Table 'Muscida' 6-max Seat #4 is the button
Seat 2: Stanivuk92 ($85.32 in chips)
Seat 4: VolkovDmitri ($120 in chips)
VolkovDmitri: posts small blind $1
Stanivuk92: posts big blind $3
*** HOLE CARDS ***
VolkovDmitri: raises $3 to $6
Stanivuk92: calls $3
*** FLOP *** [8c 9d 2d]
Stanivuk92: checks
VolkovDmitri: bets $3
Stanivuk92: folds
Uncalled bet ($3) returned to VolkovDmitri
VolkovDmitri collected $11.76 from pot
VolkovDmitri: doesn't show hand
*** SUMMARY ***
Total pot $12 | Rake $0.24
Board [8c 9d 2d]
Seat 2: Stanivuk92 (big blind) folded on the Flop
Seat 4: VolkovDmitri (button) (small blind) collected ($11.76)


PokerStars Hand #174643925027:  Hold'em Limit ($3/$6 USD) - 2017/08/22 4:29:11 ET
Table 'Muscida' 6-max Seat #2 is the button
Seat 2: Stanivuk92 ($70.82 in chips)
Seat 4: VolkovDmitri ($120 in chips)
Stanivuk92: posts small blind $1
VolkovDmitri: posts big blind $3
*** HOLE CARDS ***
Stanivuk92: raises $3 to $6
VolkovDmitri: calls $3
*** FLOP *** [Ks 3h Kd]
VolkovDmitri: checks
Stanivuk92: bets $3
VolkovDmitri: calls $3
*** TURN *** [Ks 3h Kd] [4h]
VolkovDmitri: checks
Stanivuk92: bets $6
VolkovDmitri: calls $6
*** RIVER *** [Ks 3h Kd 4h] [9d]
VolkovDmitri: checks
Stanivuk92: bets $6
VolkovDmitri: folds
Uncalled bet ($6) returned to Stanivuk92
Stanivuk92 collected $29.50 from pot
Stanivuk92: doesn't show hand
*** SUMMARY ***
Total pot $30 | Rake $0.50
Board [Ks 3h Kd 4h 9d]
Seat 2: Stanivuk92 (button) (small blind) collected ($29.50)
Seat 4: VolkovDmitri (big blind) folded on the River


PokerStars Hand #174643937835:  Hold'em Limit ($3/$6 USD) - 2017/08/22 4:29:55 ET
Table 'Muscida' 6-max Seat #2 is the button
Seat 2: Stanivuk92 ($79.32 in chips)
Seat 4: VolkovDmitri ($125.76 in chips)
Stanivuk92: posts small blind $1
VolkovDmitri: posts big blind $3
*** HOLE CARDS ***
Stanivuk92: raises $3 to $6
VolkovDmitri: calls $3
*** FLOP *** [Kc 2h Ac]
VolkovDmitri: checks
Stanivuk92: bets $3
VolkovDmitri: folds
Uncalled bet ($3) returned to Stanivuk92
Stanivuk92 collected $11.76 from pot
Stanivuk92: doesn't show hand
*** SUMMARY ***
Total pot $12 | Rake $0.24
Board [Kc 2h Ac]
Seat 2: Stanivuk92 (button) (small blind) collected ($11.76)
Seat 4: VolkovDmitri (big blind) folded on the Flop


PokerStars Hand #174643959033:  Hold'em Limit ($3/$6 USD) - 2017/08/22 4:31:07 ET
Table 'Muscida' 6-max Seat #2 is the button
Seat 2: Stanivuk92 ($64.08 in chips)
Seat 4: VolkovDmitri ($140.50 in chips)
Stanivuk92: posts small blind $1
VolkovDmitri: posts big blind $3
*** HOLE CARDS ***
Stanivuk92: raises $3 to $6
VolkovDmitri: raises $3 to $9
Stanivuk92: calls $3
*** FLOP *** [Jh 3h 5d]
VolkovDmitri: bets $3
Stanivuk92: folds
Uncalled bet ($3) returned to VolkovDmitri
VolkovDmitri collected $17.64 from pot
VolkovDmitri: doesn't show hand
*** SUMMARY ***
Total pot $18 | Rake $0.36
Board [Jh 3h 5d]
Seat 2: Stanivuk92 (button) (small blind) folded on the Flop
Seat 4: VolkovDmitri (big blind) collected ($17.64)


PokerStars Hand #174643947716:  Hold'em Limit ($3/$6 USD) - 2017/08/22 4:30:28 ET
Table 'Muscida' 6-max Seat #4 is the button
Seat 2: Stanivuk92 ($85.08 in chips)
Seat 4: VolkovDmitri ($120 in chips)
VolkovDmitri: posts small blind $1
Stanivuk92: posts big blind $3
*** HOLE CARDS ***
VolkovDmitri: raises $3 to $6
Stanivuk92: calls $3
*** FLOP *** [Tc 4c Th]
Stanivuk92: checks
VolkovDmitri: bets $3
Stanivuk92: calls $3
*** TURN *** [Tc 4c Th] [8c]
Stanivuk92: bets $6
VolkovDmitri: calls $6
*** RIVER *** [Tc 4c Th 8c] [3d]
Stanivuk92: bets $6
VolkovDmitri: calls $6
*** SHOW DOWN ***
Stanivuk92: shows [7h 9s] (a pair of Tens)
VolkovDmitri: shows [7d 8h] (two pair, Tens and Eights)
VolkovDmitri collected $41.50 from pot
*** SUMMARY ***
Total pot $42 | Rake $0.50
Board [Tc 4c Th 8c 3d]
Seat 2: Stanivuk92 (big blind) showed [7h 9s] and lost with a pair of Tens
Seat 4: VolkovDmitri (button) (small blind) showed [7d 8h] and won ($41.50) with two pair, Tens and Eights


PokerStars Hand #174643968678:  Hold'em Limit ($3/$6 USD) - 2017/08/22 4:31:40 ET
Table 'Muscida' 6-max Seat #2 is the button
Seat 2: Stanivuk92 ($63.72 in chips)
Seat 4: VolkovDmitri ($140.14 in chips)
Stanivuk92: posts small blind $1
VolkovDmitri: posts big blind $3
*** HOLE CARDS ***
Stanivuk92: raises $3 to $6
VolkovDmitri: calls $3
*** FLOP *** [7s Qs 9c]
VolkovDmitri: checks
Stanivuk92: checks
*** TURN *** [7s Qs 9c] [Kc]
VolkovDmitri: bets $6
Stanivuk92: raises $6 to $12
VolkovDmitri: calls $6
*** RIVER *** [7s Qs 9c Kc] [8d]
VolkovDmitri: checks
Stanivuk92: bets $6
VolkovDmitri: raises $6 to $12
Stanivuk92: calls $6
*** SHOW DOWN ***
VolkovDmitri: shows [6c 5c] (a straight, Five to Nine)
Stanivuk92: mucks hand
VolkovDmitri collected $59.50 from pot
*** SUMMARY ***
Total pot $60 | Rake $0.50
Board [7s Qs 9c Kc 8d]
Seat 2: Stanivuk92 (button) (small blind) mucked
Seat 4: VolkovDmitri (big blind) showed [6c 5c] and won ($59.50) with a straight, Five to Nine


PokerStars Hand #174643977980:  Hold'em Limit ($3/$6 USD) - 2017/08/22 4:32:12 ET
Table 'Muscida' 6-max Seat #4 is the button
Seat 2: Stanivuk92 ($33.72 in chips)
Seat 4: VolkovDmitri ($169.64 in chips)
VolkovDmitri: posts small blind $1
Stanivuk92: posts big blind $3
*** HOLE CARDS ***
VolkovDmitri: raises $3 to $6
Stanivuk92: raises $3 to $9
VolkovDmitri: raises $3 to $12
Betting is capped
Stanivuk92: calls $3
*** FLOP *** [4s 7d Ad]
Stanivuk92: bets $3
VolkovDmitri: calls $3
*** TURN *** [4s 7d Ad] [2s]
Stanivuk92: checks
VolkovDmitri: bets $6
Stanivuk92: folds
Uncalled bet ($6) returned to VolkovDmitri
VolkovDmitri collected $29.50 from pot
VolkovDmitri: doesn't show hand
*** SUMMARY ***
Total pot $30 | Rake $0.50
Board [4s 7d Ad 2s]
Seat 2: Stanivuk92 (big blind) folded on the Turn
Seat 4: VolkovDmitri (button) (small blind) collected ($29.50)


PokerStars Hand #174643962007:  Hold'em Limit ($3/$6 USD) - 2017/08/22 4:31:17 ET
Table 'Muscida' 6-max Seat #4 is the button
Seat 2: Stanivuk92 ($55.08 in chips)
Seat 4: VolkovDmitri ($149.14 in chips)
VolkovDmitri: posts small blind $1
Stanivuk92: posts big blind $3
*** HOLE CARDS ***
VolkovDmitri: raises $3 to $6
Stanivuk92: calls $3
*** FLOP *** [3h 5h Ah]
Stanivuk92: checks
VolkovDmitri: bets $3
Stanivuk92: calls $3
*** TURN *** [3h 5h Ah] [Kc]
Stanivuk92: checks
VolkovDmitri: checks
*** RIVER *** [3h 5h Ah Kc] [9h]
Stanivuk92: checks
VolkovDmitri: checks
*** SHOW DOWN ***
Stanivuk92: shows [Jc 3c] (a pair of Threes)
VolkovDmitri: mucks hand
Stanivuk92 collected $17.64 from pot
*** SUMMARY ***
Total pot $18 | Rake $0.36
Board [3h 5h Ah Kc 9h]
Seat 2: Stanivuk92 (big blind) showed [Jc 3c] and won ($17.64) with a pair of Threes
Seat 4: VolkovDmitri (button) (small blind) mucked


PokerStars Hand #174643982936:  Hold'em Limit ($3/$6 USD) - 2017/08/22 4:32:28 ET
Table 'Muscida' 6-max Seat #2 is the button
Seat 2: Stanivuk92 ($18.72 in chips)
Seat 4: VolkovDmitri ($184.14 in chips)
Stanivuk92: posts small blind $1
VolkovDmitri: posts big blind $3
*** HOLE CARDS ***
Stanivuk92: raises $3 to $6
VolkovDmitri: folds
Uncalled bet ($3) returned to Stanivuk92
Stanivuk92 collected $6 from pot
Stanivuk92: doesn't show hand
*** SUMMARY ***
Total pot $6 | Rake $0
Seat 2: Stanivuk92 (button) (small blind) collected ($6)
Seat 4: VolkovDmitri (big blind) folded before Flop


PokerStars Hand #174643985584:  Hold'em Limit ($3/$6 USD) - 2017/08/22 4:32:38 ET
Table 'Muscida' 6-max Seat #4 is the button
Seat 2: Stanivuk92 ($21.72 in chips)
Seat 4: VolkovDmitri ($181.14 in chips)
VolkovDmitri: posts small blind $1
Stanivuk92: posts big blind $3
*** HOLE CARDS ***
VolkovDmitri: folds
Uncalled bet ($2) returned to Stanivuk92
Stanivuk92 collected $2 from pot
Stanivuk92: doesn't show hand
*** SUMMARY ***
Total pot $2 | Rake $0
Seat 2: Stanivuk92 (big blind) collected ($2)
Seat 4: VolkovDmitri (button) (small blind) folded before Flop


PokerStars Hand #174643986957:  Hold'em Limit ($3/$6 USD) - 2017/08/22 4:32:42 ET
Table 'Muscida' 6-max Seat #2 is the button
Seat 2: Stanivuk92 ($22.72 in chips)
Seat 4: VolkovDmitri ($180.14 in chips)
Stanivuk92: posts small blind $1
VolkovDmitri: posts big blind $3
*** HOLE CARDS ***
Stanivuk92: raises $3 to $6
VolkovDmitri: raises $3 to $9
Stanivuk92: calls $3
*** FLOP *** [5s 7h Ts]
VolkovDmitri: bets $3
Stanivuk92: calls $3
*** TURN *** [5s 7h Ts] [3s]
VolkovDmitri: bets $6
Stanivuk92: raises $4.72 to $10.72 and is all-in
VolkovDmitri: calls $4.72
*** RIVER *** [5s 7h Ts 3s] [8s]
*** SHOW DOWN ***
VolkovDmitri: shows [Ad 8c] (a pair of Eights)
Stanivuk92: shows [6c 9d] (a straight, Six to Ten)
Stanivuk92 collected $44.94 from pot
*** SUMMARY ***
Total pot $45.44 | Rake $0.50
Board [5s 7h Ts 3s 8s]
Seat 2: Stanivuk92 (button) (small blind) showed [6c 9d] and won ($44.94) with a straight, Six to Ten
Seat 4: VolkovDmitri (big blind) showed [Ad 8c] and lost with a pair of Eights


PokerStars Hand #174643991218:  Hold'em Limit ($3/$6 USD) - 2017/08/22 4:32:57 ET
Table 'Muscida' 6-max Seat #4 is the button
Seat 2: Stanivuk92 ($44.94 in chips)
Seat 4: VolkovDmitri ($157.42 in chips)
VolkovDmitri: posts small blind $1
Stanivuk92: posts big blind $3
*** HOLE CARDS ***
VolkovDmitri: raises $3 to $6
Stanivuk92: folds
Uncalled bet ($3) returned to VolkovDmitri
VolkovDmitri collected $6 from pot
VolkovDmitri: doesn't show hand
*** SUMMARY ***
Total pot $6 | Rake $0
Seat 2: Stanivuk92 (big blind) folded before Flop
Seat 4: VolkovDmitri (button) (small blind) collected ($6)


PokerStars Hand #174644010195:  Hold'em Limit ($3/$6 USD) - 2017/08/22 4:34:02 ET
Table 'Muscida' 6-max Seat #2 is the button
Seat 2: Stanivuk92 ($35.38 in chips)
Seat 4: VolkovDmitri ($165.98 in chips)
Stanivuk92: posts small blind $1
VolkovDmitri: posts big blind $3
*** HOLE CARDS ***
Stanivuk92: folds
Uncalled bet ($2) returned to VolkovDmitri
VolkovDmitri collected $2 from pot
VolkovDmitri: doesn't show hand
*** SUMMARY ***
Total pot $2 | Rake $0
Seat 2: Stanivuk92 (button) (small blind) folded before Flop
Seat 4: VolkovDmitri (big blind) collected ($2)


PokerStars Hand #174644002298:  Hold'em Limit ($3/$6 USD) - 2017/08/22 4:33:35 ET
Table 'Muscida' 6-max Seat #4 is the button
Seat 2: Stanivuk92 ($17.94 in chips)
Seat 4: VolkovDmitri ($183.92 in chips)
VolkovDmitri: posts small blind $1
Stanivuk92: posts big blind $3
*** HOLE CARDS ***
VolkovDmitri: raises $3 to $6
Stanivuk92: raises $3 to $9
Whatze Phuck leaves the table
VolkovDmitri: raises $3 to $12
Betting is capped
Stanivuk92: calls $3
*** FLOP *** [6h 3s 2d]
Stanivuk92: bets $3
VolkovDmitri: raises $3 to $6
Stanivuk92: calls $2.94 and is all-in
Uncalled bet ($0.06) returned to VolkovDmitri
*** TURN *** [6h 3s 2d] [2s]
*** RIVER *** [6h 3s 2d 2s] [6s]
*** SHOW DOWN ***
Stanivuk92: shows [Qc 6d] (a full house, Sixes full of Deuces)
VolkovDmitri: shows [As 5s] (a flush, Ace high)
Stanivuk92 collected $35.38 from pot
*** SUMMARY ***
Total pot $35.88 | Rake $0.50
Board [6h 3s 2d 2s 6s]
Seat 2: Stanivuk92 (big blind) showed [Qc 6d] and won ($35.38) with a full house, Sixes full of Deuces
Seat 4: VolkovDmitri (button) (small blind) showed [As 5s] and lost with a flush, Ace high


PokerStars Hand #174644011494:  Hold'em Limit ($3/$6 USD) - 2017/08/22 4:34:07 ET
Table 'Muscida' 6-max Seat #4 is the button
Seat 2: Stanivuk92 ($34.38 in chips)
Seat 4: VolkovDmitri ($166.98 in chips)
VolkovDmitri: posts small blind $1
Stanivuk92: posts big blind $3
*** HOLE CARDS ***
VolkovDmitri: raises $3 to $6
Stanivuk92: raises $3 to $9
VolkovDmitri: calls $3
*** FLOP *** [Ac Th Tc]
Stanivuk92: bets $3
VolkovDmitri: folds
Uncalled bet ($3) returned to Stanivuk92
Stanivuk92 collected $17.64 from pot
Stanivuk92: doesn't show hand
*** SUMMARY ***
Total pot $18 | Rake $0.36
Board [Ac Th Tc]
Seat 2: Stanivuk92 (big blind) collected ($17.64)
Seat 4: VolkovDmitri (button) (small blind) folded on the Flop


PokerStars Hand #174643992995:  Hold'em Limit ($3/$6 USD) - 2017/08/22 4:33:03 ET
Table 'Muscida' 6-max Seat #2 is the button
Seat 2: Stanivuk92 ($41.94 in chips)
Seat 4: VolkovDmitri ($160.42 in chips)
Stanivuk92: posts small blind $1
VolkovDmitri: posts big blind $3
*** HOLE CARDS ***
Whatze Phuck joins the table at seat #3
Stanivuk92: raises $3 to $6
VolkovDmitri: raises $3 to $9
Stanivuk92: calls $3
*** FLOP *** [2d Ts Qc]
VolkovDmitri: bets $3
Stanivuk92: calls $3
*** TURN *** [2d Ts Qc] [6s]
VolkovDmitri: bets $6
Stanivuk92: calls $6
*** RIVER *** [2d Ts Qc 6s] [6c]
VolkovDmitri: bets $6
Stanivuk92: calls $6
*** SHOW DOWN ***
VolkovDmitri: shows [Td Kh] (two pair, Tens and Sixes)
Stanivuk92: mucks hand
VolkovDmitri collected $47.50 from pot
*** SUMMARY ***
Total pot $48 | Rake $0.50
Board [2d Ts Qc 6s 6c]
Seat 2: Stanivuk92 (button) (small blind) mucked
Seat 4: VolkovDmitri (big blind) showed [Td Kh] and won ($47.50) with two pair, Tens and Sixes


PokerStars Hand #174644027491:  Hold'em Limit ($3/$6 USD) - 2017/08/22 4:35:01 ET
Table 'Muscida' 6-max Seat #4 is the button
Seat 2: Stanivuk92 ($54.54 in chips)
Seat 4: VolkovDmitri ($145.98 in chips)
VolkovDmitri: posts small blind $1
Stanivuk92: posts big blind $3
*** HOLE CARDS ***
VolkovDmitri: folds
Uncalled bet ($2) returned to Stanivuk92
Stanivuk92 collected $2 from pot
Stanivuk92: doesn't show hand
*** SUMMARY ***
Total pot $2 | Rake $0
Seat 2: Stanivuk92 (big blind) collected ($2)
Seat 4: VolkovDmitri (button) (small blind) folded before Flop


PokerStars Hand #174644015664:  Hold'em Limit ($3/$6 USD) - 2017/08/22 4:34:21 ET
Table 'Muscida' 6-max Seat #2 is the button
Seat 2: Stanivuk92 ($43.02 in chips)
Seat 4: VolkovDmitri ($157.98 in chips)
Stanivuk92: posts small blind $1
VolkovDmitri: posts big blind $3
*** HOLE CARDS ***
Stanivuk92: raises $3 to $6
VolkovDmitri: raises $3 to $9
Stanivuk92: calls $3
*** FLOP *** [9d Ad 2c]
VolkovDmitri: bets $3
Stanivuk92: calls $3
*** TURN *** [9d Ad 2c] [8d]
VolkovDmitri: checks
Stanivuk92: bets $6
VolkovDmitri: folds
Uncalled bet ($6) returned to Stanivuk92
Stanivuk92 collected $23.52 from pot
Stanivuk92: doesn't show hand
*** SUMMARY ***
Total pot $24 | Rake $0.48
Board [9d Ad 2c 8d]
Seat 2: Stanivuk92 (button) (small blind) collected ($23.52)
Seat 4: VolkovDmitri (big blind) folded on the Turn


PokerStars Hand #174644029004:  Hold'em Limit ($3/$6 USD) - 2017/08/22 4:35:06 ET
Table 'Muscida' 6-max Seat #2 is the button
Seat 2: Stanivuk92 ($55.54 in chips)
Seat 4: VolkovDmitri ($144.98 in chips)
Stanivuk92: posts small blind $1
VolkovDmitri: posts big blind $3
*** HOLE CARDS ***
Stanivuk92: folds
Uncalled bet ($2) returned to VolkovDmitri
VolkovDmitri collected $2 from pot
VolkovDmitri: doesn't show hand
*** SUMMARY ***
Total pot $2 | Rake $0
Seat 2: Stanivuk92 (button) (small blind) folded before Flop
Seat 4: VolkovDmitri (big blind) collected ($2)


PokerStars Hand #174644030494:  Hold'em Limit ($3/$6 USD) - 2017/08/22 4:35:12 ET
Table 'Muscida' 6-max Seat #4 is the button
Seat 2: Stanivuk92 ($54.54 in chips)
Seat 4: VolkovDmitri ($145.98 in chips)
VolkovDmitri: posts small blind $1
Stanivuk92: posts big blind $3
*** HOLE CARDS ***
VolkovDmitri: raises $3 to $6
Stanivuk92: calls $3
*** FLOP *** [7d 5h 5c]
Stanivuk92: checks
VolkovDmitri: bets $3
Stanivuk92: raises $3 to $6
VolkovDmitri: calls $3
*** TURN *** [7d 5h 5c] [Th]
Stanivuk92: bets $6
Whatze Phuck joins the table at seat #3
VolkovDmitri: raises $6 to $12
Stanivuk92: calls $6
*** RIVER *** [7d 5h 5c Th] [2d]
Stanivuk92: checks
VolkovDmitri: bets $6
Stanivuk92: calls $6
*** SHOW DOWN ***
VolkovDmitri: shows [Ts 7h] (two pair, Tens and Sevens)
Stanivuk92: mucks hand
VolkovDmitri collected $59.50 from pot
*** SUMMARY ***
Total pot $60 | Rake $0.50
Board [7d 5h 5c Th 2d]
Seat 2: Stanivuk92 (big blind) mucked
Seat 4: VolkovDmitri (button) (small blind) showed [Ts 7h] and won ($59.50) with two pair, Tens and Sevens


PokerStars Hand #174644053033:  Hold'em Limit ($3/$6 USD) - 2017/08/22 4:36:28 ET
Table 'Muscida' 6-max Seat #2 is the button
Seat 2: Stanivuk92 ($18.46 in chips)
Seat 3: Whatze Phuck ($79 in chips)
Stanivuk92: posts small blind $1
Whatze Phuck: posts big blind $3
*** HOLE CARDS ***
VolkovDmitri leaves the table
Stanivuk92: raises $3 to $6
Whatze Phuck: calls $3
*** FLOP *** [4s 7c Th]
Whatze Phuck: checks
Stanivuk92: bets $3
Whatze Phuck: calls $3
*** TURN *** [4s 7c Th] [8s]
Whatze Phuck: checks
Stanivuk92: bets $6
Whatze Phuck: calls $6
*** RIVER *** [4s 7c Th 8s] [Td]
Whatze Phuck: checks
Stanivuk92: bets $3.46 and is all-in
Whatze Phuck: folds
Uncalled bet ($3.46) returned to Stanivuk92
Stanivuk92 collected $29.50 from pot
Stanivuk92: doesn't show hand
*** SUMMARY ***
Total pot $30 | Rake $0.50
Board [4s 7c Th 8s Td]
Seat 2: Stanivuk92 (button) (small blind) collected ($29.50)
Seat 3: Whatze Phuck (big blind) folded on the River


PokerStars Hand #174644058867:  Hold'em Limit ($3/$6 USD) - 2017/08/22 4:36:48 ET
Table 'Muscida' 6-max Seat #3 is the button
Seat 2: Stanivuk92 ($32.96 in chips)
Seat 3: Whatze Phuck ($79 in chips)
Whatze Phuck: posts small blind $1
Stanivuk92: posts big blind $3
*** HOLE CARDS ***
Whatze Phuck: raises $3 to $6
Stanivuk92: calls $3
*** FLOP *** [Th 9c 8h]
Stanivuk92: checks
Whatze Phuck: checks
*** TURN *** [Th 9c 8h] [Qh]
Stanivuk92: checks
Whatze Phuck: checks
*** RIVER *** [Th 9c 8h Qh] [6d]
Stanivuk92: checks
Whatze Phuck: checks
*** SHOW DOWN ***
Stanivuk92: shows [Ad 3s] (high card Ace)
Whatze Phuck: shows [5d 8c] (a pair of Eights)
Whatze Phuck collected $11.76 from pot
*** SUMMARY ***
Total pot $12 | Rake $0.24
Board [Th 9c 8h Qh 6d]
Seat 2: Stanivuk92 (big blind) showed [Ad 3s] and lost with high card Ace
Seat 3: Whatze Phuck (button) (small blind) showed [5d 8c] and won ($11.76) with a pair of Eights


PokerStars Hand #174644066445:  Hold'em Limit ($3/$6 USD) - 2017/08/22 4:37:13 ET
Table 'Muscida' 6-max Seat #3 is the button
Seat 2: Stanivuk92 ($25.96 in chips)
Seat 3: Whatze Phuck ($85.76 in chips)
Whatze Phuck: posts small blind $1
Stanivuk92: posts big blind $3
*** HOLE CARDS ***
Whatze Phuck: raises $3 to $6
Stanivuk92: folds
Uncalled bet ($3) returned to Whatze Phuck
Whatze Phuck collected $6 from pot
Whatze Phuck: doesn't show hand
*** SUMMARY ***
Total pot $6 | Rake $0
Seat 2: Stanivuk92 (big blind) folded before Flop
Seat 3: Whatze Phuck (button) (small blind) collected ($6)


PokerStars Hand #174644064717:  Hold'em Limit ($3/$6 USD) - 2017/08/22 4:37:08 ET
Table 'Muscida' 6-max Seat #2 is the button
Seat 2: Stanivuk92 ($26.96 in chips)
Seat 3: Whatze Phuck ($84.76 in chips)
Stanivuk92: posts small blind $1
Whatze Phuck: posts big blind $3
*** HOLE CARDS ***
Stanivuk92: folds
Uncalled bet ($2) returned to Whatze Phuck
Whatze Phuck collected $2 from pot
Whatze Phuck: doesn't show hand
*** SUMMARY ***
Total pot $2 | Rake $0
Seat 2: Stanivuk92 (button) (small blind) folded before Flop
Seat 3: Whatze Phuck (big blind) collected ($2)


PokerStars Hand #174644072351:  Hold'em Limit ($3/$6 USD) - 2017/08/22 4:37:33 ET
Table 'Muscida' 6-max Seat #3 is the button
Seat 2: Stanivuk92 ($31.60 in chips)
Seat 3: Whatze Phuck ($79.76 in chips)
Whatze Phuck: posts small blind $1
Stanivuk92: posts big blind $3
*** HOLE CARDS ***
Whatze Phuck: raises $3 to $6
Stanivuk92: folds
Uncalled bet ($3) returned to Whatze Phuck
Whatze Phuck collected $6 from pot
Whatze Phuck: doesn't show hand
*** SUMMARY ***
Total pot $6 | Rake $0
Seat 2: Stanivuk92 (big blind) folded before Flop
Seat 3: Whatze Phuck (button) (small blind) collected ($6)


PokerStars Hand #174644068004:  Hold'em Limit ($3/$6 USD) - 2017/08/22 4:37:18 ET
Table 'Muscida' 6-max Seat #2 is the button
Seat 2: Stanivuk92 ($22.96 in chips)
Seat 3: Whatze Phuck ($88.76 in chips)
Stanivuk92: posts small blind $1
Whatze Phuck: posts big blind $3
*** HOLE CARDS ***
Stanivuk92: raises $3 to $6
Whatze Phuck: calls $3
*** FLOP *** [Ks Ac 2d]
Whatze Phuck: checks
Stanivuk92: bets $3
Whatze Phuck: calls $3
*** TURN *** [Ks Ac 2d] [Td]
Whatze Phuck: checks
Stanivuk92: bets $6
Whatze Phuck: folds
Uncalled bet ($6) returned to Stanivuk92
Stanivuk92 collected $17.64 from pot
Stanivuk92: doesn't show hand
*** SUMMARY ***
Total pot $18 | Rake $0.36
Board [Ks Ac 2d Td]
Seat 2: Stanivuk92 (button) (small blind) collected ($17.64)
Seat 3: Whatze Phuck (big blind) folded on the Turn


PokerStars Hand #174644073852:  Hold'em Limit ($3/$6 USD) - 2017/08/22 4:37:39 ET
Table 'Muscida' 6-max Seat #2 is the button
Seat 2: Stanivuk92 ($28.60 in chips)
Seat 3: Whatze Phuck ($82.76 in chips)
Stanivuk92: posts small blind $1
Whatze Phuck: posts big blind $3
*** HOLE CARDS ***
Stanivuk92: raises $3 to $6
Whatze Phuck: calls $3
*** FLOP *** [2c 5h 3d]
Whatze Phuck: checks
Stanivuk92: bets $3
Whatze Phuck: raises $3 to $6
Stanivuk92: calls $3
*** TURN *** [2c 5h 3d] [7h]
Whatze Phuck: bets $6
Stanivuk92: raises $6 to $12
Whatze Phuck: raises $6 to $18
Stanivuk92: calls $4.60 and is all-in
Uncalled bet ($1.40) returned to Whatze Phuck
*** RIVER *** [2c 5h 3d 7h] [Ks]
*** SHOW DOWN ***
Whatze Phuck: shows [5c 6h] (a pair of Fives)
Stanivuk92: shows [4c Tc] (high card King)
Whatze Phuck collected $56.70 from pot
Stanivuk92 leaves the table
*** SUMMARY ***
Total pot $57.20 | Rake $0.50
Board [2c 5h 3d 7h Ks]
Seat 2: Stanivuk92 (button) (small blind) showed [4c Tc] and lost with high card King
Seat 3: Whatze Phuck (big blind) showed [5c 6h] and won ($56.70) with a pair of Fives


