PokerStars Hand #171895972688:  Hold'em Limit ($3/$6 USD) - 2017/06/17 13:55:40 ET
Table 'Muscida II' 6-max Seat #3 is the button
Seat 3: NewRocker ($109.50 in chips)
Seat 5: vestimokrec ($107.76 in chips)
NewRocker: posts small blind $1
vestimokrec: posts big blind $3
*** HOLE CARDS ***
NewRocker: folds
Uncalled bet ($2) returned to vestimokrec
Krazy90 joins the table at seat #2
vestimokrec collected $2 from pot
vestimokrec: doesn't show hand
*** SUMMARY ***
Total pot $2 | Rake $0
Seat 3: NewRocker (button) (small blind) folded before Flop
Seat 5: vestimokrec (big blind) collected ($2)


PokerStars Hand #171895924712:  Hold'em Limit ($3/$6 USD) - 2017/06/17 13:54:23 ET
Table 'Muscida II' 6-max Seat #3 is the button
Seat 3: NewRocker ($98 in chips)
Seat 5: vestimokrec ($120 in chips)
NewRocker: posts small blind $1
vestimokrec: posts big blind $3
*** HOLE CARDS ***
NewRocker: raises $3 to $6
vestimokrec: calls $3
*** FLOP *** [6h 4c Th]
vestimokrec: checks
NewRocker: checks
*** TURN *** [6h 4c Th] [Jh]
vestimokrec: bets $6
NewRocker: folds
Uncalled bet ($6) returned to vestimokrec
vestimokrec collected $11.76 from pot
vestimokrec: doesn't show hand
*** SUMMARY ***
Total pot $12 | Rake $0.24
Board [6h 4c Th Jh]
Seat 3: NewRocker (button) (small blind) folded on the Turn
Seat 5: vestimokrec (big blind) collected ($11.76)


PokerStars Hand #171895947080:  Hold'em Limit ($3/$6 USD) - 2017/06/17 13:54:55 ET
Table 'Muscida II' 6-max Seat #5 is the button
Seat 3: NewRocker ($92 in chips)
Seat 5: vestimokrec ($125.76 in chips)
vestimokrec: posts small blind $1
NewRocker: posts big blind $3
*** HOLE CARDS ***
vestimokrec: raises $3 to $6
NewRocker: calls $3
*** FLOP *** [8c 7s Qd]
NewRocker: checks
TUBATAA joins the table at seat #6
vestimokrec: checks
*** TURN *** [8c 7s Qd] [5d]
EVBET joins the table at seat #1
NewRocker: bets $6
vestimokrec: calls $6
*** RIVER *** [8c 7s Qd 5d] [Kc]
NewRocker: checks
vestimokrec: bets $6
NewRocker: raises $6 to $12
vestimokrec: folds
Uncalled bet ($6) returned to NewRocker
NewRocker collected $35.50 from pot
NewRocker: doesn't show hand
*** SUMMARY ***
Total pot $36 | Rake $0.50
Board [8c 7s Qd 5d Kc]
Seat 3: NewRocker (big blind) collected ($35.50)
Seat 5: vestimokrec (button) (small blind) folded on the River


PokerStars Hand #171901290346:  Hold'em Limit ($3/$6 USD) - 2017/06/17 15:58:30 ET
Table 'Muscida II' 6-max Seat #1 is the button
Seat 1: Hannibal2211 ($94.96 in chips)
Seat 6: scorpio04 ($521.02 in chips)
Hannibal2211: posts small blind $1
scorpio04: posts big blind $3
*** HOLE CARDS ***
oldtimers XX leaves the table
Hannibal2211: raises $3 to $6
scorpio04: calls $3
*** FLOP *** [Kc 3d 5d]
scorpio04: checks
Hannibal2211: bets $3
scorpio04: calls $3
*** TURN *** [Kc 3d 5d] [2s]
scorpio04: checks
Hannibal2211: bets $6
scorpio04: calls $6
*** RIVER *** [Kc 3d 5d 2s] [Td]
scorpio04: checks
Hannibal2211: checks
*** SHOW DOWN ***
scorpio04: shows [4h 4c] (a pair of Fours)
Hannibal2211: shows [6d 5c] (a pair of Fives)
Hannibal2211 collected $29.50 from pot
*** SUMMARY ***
Total pot $30 | Rake $0.50
Board [Kc 3d 5d 2s Td]
Seat 1: Hannibal2211 (button) (small blind) showed [6d 5c] and won ($29.50) with a pair of Fives
Seat 6: scorpio04 (big blind) showed [4h 4c] and lost with a pair of Fours


