PokerStars Hand #155578189090:  Hold'em Limit ($3/$6 USD) - 2016/07/04 23:14:26 ET
Table 'Muscida' 10-max Seat #6 is the button
Seat 6: Jrracc1 ($120 in chips)
Seat 7: BuzovaPro ($72 in chips)
Jrracc1: posts small blind $1
BuzovaPro: posts big blind $3
*** HOLE CARDS ***
Jrracc1: raises $3 to $6
BuzovaPro: calls $3
*** FLOP *** [8h 5c 7d]
BuzovaPro: checks
Jrracc1: bets $3
BuzovaPro: calls $3
*** TURN *** [8h 5c 7d] [6h]
BuzovaPro: checks
Jrracc1: checks
*** RIVER *** [8h 5c 7d 6h] [5d]
BuzovaPro: bets $6
Jrracc1: folds
Uncalled bet ($6) returned to BuzovaPro
BuzovaPro collected $17.64 from pot
BuzovaPro: doesn't show hand
*** SUMMARY ***
Total pot $18 | Rake $0.36
Board [8h 5c 7d 6h 5d]
Seat 6: Jrracc1 (button) (small blind) folded on the River
Seat 7: BuzovaPro (big blind) collected ($17.64)


PokerStars Hand #155578206330:  Hold'em Limit ($3/$6 USD) - 2016/07/04 23:15:26 ET
Table 'Muscida' 10-max Seat #7 is the button
Seat 6: Jrracc1 ($111 in chips)
Seat 7: BuzovaPro ($80.64 in chips)
BuzovaPro: posts small blind $1
Jrracc1: posts big blind $3
*** HOLE CARDS ***
BuzovaPro: raises $3 to $6
Jrracc1: folds
Uncalled bet ($3) returned to BuzovaPro
BuzovaPro collected $6 from pot
BuzovaPro: doesn't show hand
*** SUMMARY ***
Total pot $6 | Rake $0
Seat 6: Jrracc1 (big blind) folded before Flop
Seat 7: BuzovaPro (button) (small blind) collected ($6)


PokerStars Hand #155578217728:  Hold'em Limit ($3/$6 USD) - 2016/07/04 23:16:05 ET
Table 'Muscida' 10-max Seat #7 is the button
Seat 6: Jrracc1 ($116.64 in chips)
Seat 7: BuzovaPro ($74.64 in chips)
BuzovaPro: posts small blind $1
Jrracc1: posts big blind $3
*** HOLE CARDS ***
BuzovaPro: raises $3 to $6
Jrracc1: folds
Uncalled bet ($3) returned to BuzovaPro
BuzovaPro collected $6 from pot
BuzovaPro: doesn't show hand
*** SUMMARY ***
Total pot $6 | Rake $0
Seat 6: Jrracc1 (big blind) folded before Flop
Seat 7: BuzovaPro (button) (small blind) collected ($6)


PokerStars Hand #155588275523:  Hold'em Limit ($3/$6 USD) - 2016/07/05 8:21:38 ET
Table 'Muscida' 10-max Seat #7 is the button
Seat 6: Simpiwe ($119 in chips)
Seat 7: Murrrr_@T ($101 in chips)
Murrrr_@T: posts small blind $1
Simpiwe: posts big blind $3
*** HOLE CARDS ***
Murrrr_@T: raises $3 to $6
Simpiwe: calls $3
*** FLOP *** [2d 5c Ah]
Simpiwe: checks
Murrrr_@T: bets $3
Simpiwe: calls $3
*** TURN *** [2d 5c Ah] [8h]
Simpiwe: checks
Murrrr_@T: checks
*** RIVER *** [2d 5c Ah 8h] [Jh]
Simpiwe: bets $6
Murrrr_@T: raises $6 to $12
Simpiwe: calls $6
*** SHOW DOWN ***
Murrrr_@T: shows [3h Kh] (a flush, Ace high)
Simpiwe: mucks hand
Murrrr_@T collected $41.50 from pot
*** SUMMARY ***
Total pot $42 | Rake $0.50
Board [2d 5c Ah 8h Jh]
Seat 6: Simpiwe (big blind) mucked
Seat 7: Murrrr_@T (button) (small blind) showed [3h Kh] and won ($41.50) with a flush, Ace high


PokerStars Hand #155588282620:  Hold'em Limit ($3/$6 USD) - 2016/07/05 8:21:52 ET
Table 'Muscida' 10-max Seat #6 is the button
Seat 6: Simpiwe ($98 in chips)
Seat 7: Murrrr_@T ($121.50 in chips)
Simpiwe: posts small blind $1
Murrrr_@T: posts big blind $3
*** HOLE CARDS ***
Simpiwe: raises $3 to $6
Murrrr_@T: raises $3 to $9
Simpiwe: raises $3 to $12
Betting is capped
Murrrr_@T: calls $3
*** FLOP *** [4s 2s 5s]
Murrrr_@T: checks
Simpiwe: bets $3
Murrrr_@T: calls $3
*** TURN *** [4s 2s 5s] [6s]
Murrrr_@T: checks
Simpiwe: bets $6
Murrrr_@T: folds
Uncalled bet ($6) returned to Simpiwe
Simpiwe collected $29.50 from pot
Simpiwe: doesn't show hand
*** SUMMARY ***
Total pot $30 | Rake $0.50
Board [4s 2s 5s 6s]
Seat 6: Simpiwe (button) (small blind) collected ($29.50)
Seat 7: Murrrr_@T (big blind) folded on the Turn


PokerStars Hand #155588290163:  Hold'em Limit ($3/$6 USD) - 2016/07/05 8:22:09 ET
Table 'Muscida' 10-max Seat #7 is the button
Seat 6: Simpiwe ($112.50 in chips)
Seat 7: Murrrr_@T ($106.50 in chips)
Murrrr_@T: posts small blind $1
Simpiwe: posts big blind $3
*** HOLE CARDS ***
Murrrr_@T: raises $3 to $6
Simpiwe: raises $3 to $9
Murrrr_@T: calls $3
*** FLOP *** [Tc Kh 3d]
Simpiwe: bets $3
Murrrr_@T: calls $3
*** TURN *** [Tc Kh 3d] [2s]
Simpiwe: bets $6
Murrrr_@T: calls $6
*** RIVER *** [Tc Kh 3d 2s] [Kc]
Simpiwe: bets $6
Murrrr_@T: calls $6
*** SHOW DOWN ***
Simpiwe: shows [4h 4d] (two pair, Kings and Fours)
Murrrr_@T: shows [4s Ts] (two pair, Kings and Tens)
Murrrr_@T collected $47.50 from pot
*** SUMMARY ***
Total pot $48 | Rake $0.50
Board [Tc Kh 3d 2s Kc]
Seat 6: Simpiwe (big blind) showed [4h 4d] and lost with two pair, Kings and Fours
Seat 7: Murrrr_@T (button) (small blind) showed [4s Ts] and won ($47.50) with two pair, Kings and Tens


PokerStars Hand #155588314809:  Hold'em Limit ($3/$6 USD) - 2016/07/05 8:23:01 ET
Table 'Muscida' 10-max Seat #7 is the button
Seat 6: Simpiwe ($106 in chips)
Seat 7: Murrrr_@T ($111.64 in chips)
Murrrr_@T: posts small blind $1
Simpiwe: posts big blind $3
*** HOLE CARDS ***
Murrrr_@T: raises $3 to $6
Simpiwe: folds
Uncalled bet ($3) returned to Murrrr_@T
Murrrr_@T collected $6 from pot
Murrrr_@T: doesn't show hand
*** SUMMARY ***
Total pot $6 | Rake $0
Seat 6: Simpiwe (big blind) folded before Flop
Seat 7: Murrrr_@T (button) (small blind) collected ($6)


PokerStars Hand #155588309979:  Hold'em Limit ($3/$6 USD) - 2016/07/05 8:22:51 ET
Table 'Muscida' 10-max Seat #6 is the button
Seat 6: Simpiwe ($115 in chips)
Seat 7: Murrrr_@T ($103 in chips)
Simpiwe: posts small blind $1
Murrrr_@T: posts big blind $3
*** HOLE CARDS ***
Simpiwe: raises $3 to $6
Murrrr_@T: calls $3
*** FLOP *** [3h 8s 4s]
Murrrr_@T: checks
Simpiwe: bets $3
Murrrr_@T: calls $3
*** TURN *** [3h 8s 4s] [2d]
Murrrr_@T: checks
Simpiwe: checks
*** RIVER *** [3h 8s 4s 2d] [Kd]
Murrrr_@T: checks
Simpiwe: checks
*** SHOW DOWN ***
Murrrr_@T: shows [Td 3d] (a pair of Threes)
Simpiwe: mucks hand
Murrrr_@T collected $17.64 from pot
*** SUMMARY ***
Total pot $18 | Rake $0.36
Board [3h 8s 4s 2d Kd]
Seat 6: Simpiwe (button) (small blind) mucked
Seat 7: Murrrr_@T (big blind) showed [Td 3d] and won ($17.64) with a pair of Threes


PokerStars Hand #155588307121:  Hold'em Limit ($3/$6 USD) - 2016/07/05 8:22:45 ET
Table 'Muscida' 10-max Seat #7 is the button
Seat 6: Simpiwe ($118 in chips)
Seat 7: Murrrr_@T ($100 in chips)
Murrrr_@T: posts small blind $1
Simpiwe: posts big blind $3
*** HOLE CARDS ***
Murrrr_@T: raises $3 to $6
Simpiwe: folds
Uncalled bet ($3) returned to Murrrr_@T
Murrrr_@T collected $6 from pot
Murrrr_@T: doesn't show hand
*** SUMMARY ***
Total pot $6 | Rake $0
Seat 6: Simpiwe (big blind) folded before Flop
Seat 7: Murrrr_@T (button) (small blind) collected ($6)


PokerStars Hand #155588295466:  Hold'em Limit ($3/$6 USD) - 2016/07/05 8:22:20 ET
Table 'Muscida' 10-max Seat #6 is the button
Seat 6: Simpiwe ($88.50 in chips)
Seat 7: Murrrr_@T ($130 in chips)
Simpiwe: posts small blind $1
Murrrr_@T: posts big blind $3
*** HOLE CARDS ***
Simpiwe: raises $3 to $6
Murrrr_@T: raises $3 to $9
Simpiwe: calls $3
*** FLOP *** [3d Js 2s]
Murrrr_@T: bets $3
Simpiwe: calls $3
*** TURN *** [3d Js 2s] [4h]
Murrrr_@T: bets $6
Simpiwe: raises $6 to $12
Murrrr_@T: calls $6
*** RIVER *** [3d Js 2s 4h] [Kh]
Murrrr_@T: checks
Simpiwe: bets $6
Murrrr_@T: calls $6
*** SHOW DOWN ***
Simpiwe: shows [6s 3s] (a pair of Threes)
Murrrr_@T: mucks hand
Simpiwe collected $59.50 from pot
*** SUMMARY ***
Total pot $60 | Rake $0.50
Board [3d Js 2s 4h Kh]
Seat 6: Simpiwe (button) (small blind) showed [6s 3s] and won ($59.50) with a pair of Threes
Seat 7: Murrrr_@T (big blind) mucked


PokerStars Hand #155588327252:  Hold'em Limit ($3/$6 USD) - 2016/07/05 8:23:28 ET
Table 'Muscida' 10-max Seat #7 is the button
Seat 6: Simpiwe ($105.88 in chips)
Seat 7: Murrrr_@T ($111.64 in chips)
Murrrr_@T: posts small blind $1
Simpiwe: posts big blind $3
*** HOLE CARDS ***
Murrrr_@T: raises $3 to $6
Simpiwe: raises $3 to $9
Murrrr_@T: calls $3
*** FLOP *** [5c Kh 6s]
Simpiwe: bets $3
Murrrr_@T: raises $3 to $6
Simpiwe: calls $3
*** TURN *** [5c Kh 6s] [9h]
Simpiwe: checks
Murrrr_@T: bets $6
Simpiwe: raises $6 to $12
Murrrr_@T: calls $6
*** RIVER *** [5c Kh 6s 9h] [Js]
Simpiwe: bets $6
Murrrr_@T: folds
Uncalled bet ($6) returned to Simpiwe
Simpiwe collected $53.50 from pot
Simpiwe: doesn't show hand
*** SUMMARY ***
Total pot $54 | Rake $0.50
Board [5c Kh 6s 9h Js]
Seat 6: Simpiwe (big blind) collected ($53.50)
Seat 7: Murrrr_@T (button) (small blind) folded on the River


PokerStars Hand #155588341276:  Hold'em Limit ($3/$6 USD) - 2016/07/05 8:23:58 ET
Table 'Muscida' 10-max Seat #7 is the button
Seat 6: Simpiwe ($173.88 in chips)
Seat 7: Murrrr_@T ($42.64 in chips)
Murrrr_@T: posts small blind $1
Simpiwe: posts big blind $3
*** HOLE CARDS ***
Murrrr_@T: raises $3 to $6
Simpiwe: raises $3 to $9
Murrrr_@T: calls $3
*** FLOP *** [4s 7h Jc]
Simpiwe: bets $3
Murrrr_@T: calls $3
*** TURN *** [4s 7h Jc] [4d]
Simpiwe: checks
Murrrr_@T: bets $6
Simpiwe: calls $6
*** RIVER *** [4s 7h Jc 4d] [9h]
Simpiwe: checks
Murrrr_@T: bets $6
Simpiwe: folds
Uncalled bet ($6) returned to Murrrr_@T
Murrrr_@T collected $35.50 from pot
Murrrr_@T: doesn't show hand
*** SUMMARY ***
Total pot $36 | Rake $0.50
Board [4s 7h Jc 4d 9h]
Seat 6: Simpiwe (big blind) folded on the River
Seat 7: Murrrr_@T (button) (small blind) collected ($35.50)


PokerStars Hand #155588317504:  Hold'em Limit ($3/$6 USD) - 2016/07/05 8:23:07 ET
Table 'Muscida' 10-max Seat #6 is the button
Seat 6: Simpiwe ($103 in chips)
Seat 7: Murrrr_@T ($114.64 in chips)
Simpiwe: posts small blind $1
Murrrr_@T: posts big blind $3
*** HOLE CARDS ***
Simpiwe: calls $2
Murrrr_@T: checks
*** FLOP *** [Kd Td 7c]
Murrrr_@T: checks
Simpiwe: checks
*** TURN *** [Kd Td 7c] [Jc]
Murrrr_@T: checks
Simpiwe: bets $6
Murrrr_@T: folds
Uncalled bet ($6) returned to Simpiwe
Simpiwe collected $5.88 from pot
Simpiwe: doesn't show hand
*** SUMMARY ***
Total pot $6 | Rake $0.12
Board [Kd Td 7c Jc]
Seat 6: Simpiwe (button) (small blind) collected ($5.88)
Seat 7: Murrrr_@T (big blind) folded on the Turn


PokerStars Hand #155588335005:  Hold'em Limit ($3/$6 USD) - 2016/07/05 8:23:45 ET
Table 'Muscida' 10-max Seat #6 is the button
Seat 6: Simpiwe ($132.38 in chips)
Seat 7: Murrrr_@T ($84.64 in chips)
Simpiwe: posts small blind $1
Murrrr_@T: posts big blind $3
*** HOLE CARDS ***
Simpiwe: raises $3 to $6
Murrrr_@T: raises $3 to $9
Simpiwe: calls $3
*** FLOP *** [8s 3d 3h]
Murrrr_@T: bets $3
Simpiwe: calls $3
*** TURN *** [8s 3d 3h] [5s]
Murrrr_@T: bets $6
Simpiwe: raises $6 to $12
Murrrr_@T: calls $6
*** RIVER *** [8s 3d 3h 5s] [Qd]
Murrrr_@T: checks
Simpiwe: bets $6
Murrrr_@T: raises $6 to $12
Simpiwe: raises $6 to $18
Murrrr_@T: calls $6
*** SHOW DOWN ***
Simpiwe: shows [3c 5h] (a full house, Threes full of Fives)
Murrrr_@T: mucks hand
Simpiwe collected $83.50 from pot
*** SUMMARY ***
Total pot $84 | Rake $0.50
Board [8s 3d 3h 5s Qd]
Seat 6: Simpiwe (button) (small blind) showed [3c 5h] and won ($83.50) with a full house, Threes full of Fives
Seat 7: Murrrr_@T (big blind) mucked


PokerStars Hand #155588361764:  Hold'em Limit ($3/$6 USD) - 2016/07/05 8:24:41 ET
Table 'Muscida' 10-max Seat #7 is the button
Seat 6: Simpiwe ($149.40 in chips)
Seat 7: Murrrr_@T ($125.42 in chips)
Murrrr_@T: posts small blind $1
Simpiwe: posts big blind $3
*** HOLE CARDS ***
Murrrr_@T: raises $3 to $6
Simpiwe: calls $3
*** FLOP *** [8c 2s Qs]
Simpiwe: checks
Murrrr_@T: bets $3
Simpiwe: calls $3
*** TURN *** [8c 2s Qs] [Kd]
Simpiwe: checks
Murrrr_@T: bets $6
Simpiwe: folds
Uncalled bet ($6) returned to Murrrr_@T
Murrrr_@T collected $17.64 from pot
Murrrr_@T: doesn't show hand
*** SUMMARY ***
Total pot $18 | Rake $0.36
Board [8c 2s Qs Kd]
Seat 6: Simpiwe (big blind) folded on the Turn
Seat 7: Murrrr_@T (button) (small blind) collected ($17.64)


PokerStars Hand #155588367246:  Hold'em Limit ($3/$6 USD) - 2016/07/05 8:24:53 ET
Table 'Muscida' 10-max Seat #6 is the button
Seat 6: Simpiwe ($140.40 in chips)
Seat 7: Murrrr_@T ($134.06 in chips)
Simpiwe: posts small blind $1
Murrrr_@T: posts big blind $3
*** HOLE CARDS ***
Simpiwe: calls $2
Murrrr_@T: checks
*** FLOP *** [8s Ah Qh]
Murrrr_@T: bets $3
Simpiwe: raises $3 to $6
Murrrr_@T: folds
Uncalled bet ($3) returned to Simpiwe
Simpiwe collected $11.76 from pot
Simpiwe: doesn't show hand
*** SUMMARY ***
Total pot $12 | Rake $0.24
Board [8s Ah Qh]
Seat 6: Simpiwe (button) (small blind) collected ($11.76)
Seat 7: Murrrr_@T (big blind) folded on the Flop


PokerStars Hand #155588348185:  Hold'em Limit ($3/$6 USD) - 2016/07/05 8:24:12 ET
Table 'Muscida' 10-max Seat #6 is the button
Seat 6: Simpiwe ($155.88 in chips)
Seat 7: Murrrr_@T ($120.14 in chips)
Simpiwe: posts small blind $1
Murrrr_@T: posts big blind $3
*** HOLE CARDS ***
Simpiwe: raises $3 to $6
Murrrr_@T: raises $3 to $9
Simpiwe: calls $3
*** FLOP *** [6d Jc 5d]
Murrrr_@T: bets $3
Simpiwe: folds
Uncalled bet ($3) returned to Murrrr_@T
Murrrr_@T collected $17.64 from pot
Murrrr_@T: doesn't show hand
*** SUMMARY ***
Total pot $18 | Rake $0.36
Board [6d Jc 5d]
Seat 6: Simpiwe (button) (small blind) folded on the Flop
Seat 7: Murrrr_@T (big blind) collected ($17.64)


PokerStars Hand #155588351483:  Hold'em Limit ($3/$6 USD) - 2016/07/05 8:24:19 ET
Table 'Muscida' 10-max Seat #7 is the button
Seat 6: Simpiwe ($146.88 in chips)
Seat 7: Murrrr_@T ($128.78 in chips)
Murrrr_@T: posts small blind $1
Simpiwe: posts big blind $3
*** HOLE CARDS ***
Murrrr_@T: raises $3 to $6
Simpiwe: calls $3
*** FLOP *** [Ks Ad Qh]
Simpiwe: checks
Murrrr_@T: bets $3
Simpiwe: calls $3
*** TURN *** [Ks Ad Qh] [9d]
Simpiwe: checks
Murrrr_@T: bets $6
Simpiwe: folds
Uncalled bet ($6) returned to Murrrr_@T
Murrrr_@T collected $17.64 from pot
Murrrr_@T: doesn't show hand
*** SUMMARY ***
Total pot $18 | Rake $0.36
Board [Ks Ad Qh 9d]
Seat 6: Simpiwe (big blind) folded on the Turn
Seat 7: Murrrr_@T (button) (small blind) collected ($17.64)


PokerStars Hand #155588355311:  Hold'em Limit ($3/$6 USD) - 2016/07/05 8:24:28 ET
Table 'Muscida' 10-max Seat #6 is the button
Seat 6: Simpiwe ($137.88 in chips)
Seat 7: Murrrr_@T ($137.42 in chips)
Simpiwe: posts small blind $1
Murrrr_@T: posts big blind $3
*** HOLE CARDS ***
Simpiwe: raises $3 to $6
Murrrr_@T: calls $3
*** FLOP *** [5s 7d 4s]
Murrrr_@T: checks
Simpiwe: checks
*** TURN *** [5s 7d 4s] [3d]
Murrrr_@T: bets $6
Simpiwe: calls $6
*** RIVER *** [5s 7d 4s 3d] [7c]
Murrrr_@T: checks
Simpiwe: bets $6
Murrrr_@T: folds
Uncalled bet ($6) returned to Simpiwe
Simpiwe collected $23.52 from pot
Simpiwe: doesn't show hand
*** SUMMARY ***
Total pot $24 | Rake $0.48
Board [5s 7d 4s 3d 7c]
Seat 6: Simpiwe (button) (small blind) collected ($23.52)
Seat 7: Murrrr_@T (big blind) folded on the River


PokerStars Hand #155588397730:  Hold'em Limit ($3/$6 USD) - 2016/07/05 8:25:58 ET
Table 'Muscida' 10-max Seat #7 is the button
Seat 6: Simpiwe ($136.16 in chips)
Seat 7: Murrrr_@T ($136.32 in chips)
Murrrr_@T: posts small blind $1
Simpiwe: posts big blind $3
*** HOLE CARDS ***
Murrrr_@T: raises $3 to $6
Simpiwe: calls $3
*** FLOP *** [8s Ac Ad]
Simpiwe: checks
Murrrr_@T: bets $3
Simpiwe: calls $3
*** TURN *** [8s Ac Ad] [7s]
Simpiwe: checks
Murrrr_@T: bets $6
Simpiwe: folds
Uncalled bet ($6) returned to Murrrr_@T
Murrrr_@T collected $17.64 from pot
Murrrr_@T: doesn't show hand
*** SUMMARY ***
Total pot $18 | Rake $0.36
Board [8s Ac Ad 7s]
Seat 6: Simpiwe (big blind) folded on the Turn
Seat 7: Murrrr_@T (button) (small blind) collected ($17.64)


PokerStars Hand #155588374037:  Hold'em Limit ($3/$6 USD) - 2016/07/05 8:25:08 ET
Table 'Muscida' 10-max Seat #7 is the button
Seat 6: Simpiwe ($146.16 in chips)
Seat 7: Murrrr_@T ($128.06 in chips)
Murrrr_@T: posts small blind $1
Simpiwe: posts big blind $3
*** HOLE CARDS ***
Murrrr_@T: raises $3 to $6
Simpiwe: calls $3
*** FLOP *** [6c Ks 7h]
Simpiwe: checks
Murrrr_@T: bets $3
Simpiwe: folds
Uncalled bet ($3) returned to Murrrr_@T
Murrrr_@T collected $11.76 from pot
Murrrr_@T: doesn't show hand
*** SUMMARY ***
Total pot $12 | Rake $0.24
Board [6c Ks 7h]
Seat 6: Simpiwe (big blind) folded on the Flop
Seat 7: Murrrr_@T (button) (small blind) collected ($11.76)


PokerStars Hand #155588379057:  Hold'em Limit ($3/$6 USD) - 2016/07/05 8:25:18 ET
Table 'Muscida' 10-max Seat #6 is the button
Seat 6: Simpiwe ($140.16 in chips)
Seat 7: Murrrr_@T ($133.82 in chips)
Simpiwe: posts small blind $1
Murrrr_@T: posts big blind $3
*** HOLE CARDS ***
Simpiwe: calls $2
Murrrr_@T: raises $3 to $6
Simpiwe: calls $3
*** FLOP *** [6h Qd Js]
Murrrr_@T: bets $3
Simpiwe: calls $3
*** TURN *** [6h Qd Js] [4h]
Murrrr_@T: checks
Simpiwe: checks
*** RIVER *** [6h Qd Js 4h] [Kh]
Murrrr_@T: bets $6
Simpiwe: calls $6
*** SHOW DOWN ***
Murrrr_@T: shows [7s 7d] (a pair of Sevens)
Simpiwe: shows [Kd Tc] (a pair of Kings)
Simpiwe collected $29.50 from pot
*** SUMMARY ***
Total pot $30 | Rake $0.50
Board [6h Qd Js 4h Kh]
Seat 6: Simpiwe (button) (small blind) showed [Kd Tc] and won ($29.50) with a pair of Kings
Seat 7: Murrrr_@T (big blind) showed [7s 7d] and lost with a pair of Sevens


PokerStars Hand #155588386231:  Hold'em Limit ($3/$6 USD) - 2016/07/05 8:25:34 ET
Table 'Muscida' 10-max Seat #7 is the button
Seat 6: Simpiwe ($154.66 in chips)
Seat 7: Murrrr_@T ($118.82 in chips)
Murrrr_@T: posts small blind $1
Simpiwe: posts big blind $3
*** HOLE CARDS ***
Murrrr_@T: raises $3 to $6
Simpiwe: calls $3
*** FLOP *** [9s 7c 5d]
Simpiwe: checks
Murrrr_@T: checks
*** TURN *** [9s 7c 5d] [3d]
Simpiwe: bets $6
Murrrr_@T: calls $6
*** RIVER *** [9s 7c 5d 3d] [Jh]
Simpiwe: bets $6
Murrrr_@T: calls $6
*** SHOW DOWN ***
Simpiwe: shows [4d 9h] (a pair of Nines)
Murrrr_@T: mucks hand
Simpiwe collected $35.50 from pot
*** SUMMARY ***
Total pot $36 | Rake $0.50
Board [9s 7c 5d 3d Jh]
Seat 6: Simpiwe (big blind) showed [4d 9h] and won ($35.50) with a pair of Nines
Seat 7: Murrrr_@T (button) (small blind) mucked


PokerStars Hand #155588402130:  Hold'em Limit ($3/$6 USD) - 2016/07/05 8:26:07 ET
Table 'Muscida' 10-max Seat #6 is the button
Seat 6: Simpiwe ($127.16 in chips)
Seat 7: Murrrr_@T ($144.96 in chips)
Simpiwe: posts small blind $1
Murrrr_@T: posts big blind $3
*** HOLE CARDS ***
Simpiwe: raises $3 to $6
Murrrr_@T: raises $3 to $9
Simpiwe: calls $3
*** FLOP *** [Jd Ac Qs]
Murrrr_@T: bets $3
Simpiwe: calls $3
*** TURN *** [Jd Ac Qs] [9h]
Murrrr_@T: bets $6
Simpiwe: calls $6
*** RIVER *** [Jd Ac Qs 9h] [Qh]
Murrrr_@T: bets $6
Simpiwe: calls $6
*** SHOW DOWN ***
Murrrr_@T: shows [Ad As] (a full house, Aces full of Queens)
Simpiwe: mucks hand
Murrrr_@T collected $47.50 from pot
*** SUMMARY ***
Total pot $48 | Rake $0.50
Board [Jd Ac Qs 9h Qh]
Seat 6: Simpiwe (button) (small blind) mucked
Seat 7: Murrrr_@T (big blind) showed [Ad As] and won ($47.50) with a full house, Aces full of Queens


PokerStars Hand #155588417480:  Hold'em Limit ($3/$6 USD) - 2016/07/05 8:26:40 ET
Table 'Muscida' 10-max Seat #7 is the button
Seat 6: Simpiwe ($96.66 in chips)
Seat 7: Murrrr_@T ($173.96 in chips)
Murrrr_@T: posts small blind $1
Simpiwe: posts big blind $3
*** HOLE CARDS ***
Murrrr_@T: raises $3 to $6
Simpiwe: raises $3 to $9
Murrrr_@T: calls $3
*** FLOP *** [6d 2s 5d]
Simpiwe: bets $3
Murrrr_@T: raises $3 to $6
Simpiwe: raises $3 to $9
Murrrr_@T: calls $3
*** TURN *** [6d 2s 5d] [Qc]
Simpiwe: checks
Murrrr_@T: checks
*** RIVER *** [6d 2s 5d Qc] [Qh]
Simpiwe: bets $6
Murrrr_@T: folds
Uncalled bet ($6) returned to Simpiwe
Simpiwe collected $35.50 from pot
Simpiwe: doesn't show hand
*** SUMMARY ***
Total pot $36 | Rake $0.50
Board [6d 2s 5d Qc Qh]
Seat 6: Simpiwe (big blind) collected ($35.50)
Seat 7: Murrrr_@T (button) (small blind) folded on the River


PokerStars Hand #155588412244:  Hold'em Limit ($3/$6 USD) - 2016/07/05 8:26:29 ET
Table 'Muscida' 10-max Seat #6 is the button
Seat 6: Simpiwe ($120.66 in chips)
Seat 7: Murrrr_@T ($150.46 in chips)
Simpiwe: posts small blind $1
Murrrr_@T: posts big blind $3
*** HOLE CARDS ***
Simpiwe: raises $3 to $6
Murrrr_@T: raises $3 to $9
Simpiwe: calls $3
*** FLOP *** [Jh Qs 9c]
Murrrr_@T: bets $3
Simpiwe: calls $3
*** TURN *** [Jh Qs 9c] [4s]
Murrrr_@T: bets $6
Simpiwe: calls $6
*** RIVER *** [Jh Qs 9c 4s] [As]
Murrrr_@T: bets $6
Simpiwe: calls $6
*** SHOW DOWN ***
Murrrr_@T: shows [Td Qh] (a pair of Queens)
Simpiwe: mucks hand
Murrrr_@T collected $47.50 from pot
*** SUMMARY ***
Total pot $48 | Rake $0.50
Board [Jh Qs 9c 4s As]
Seat 6: Simpiwe (button) (small blind) mucked
Seat 7: Murrrr_@T (big blind) showed [Td Qh] and won ($47.50) with a pair of Queens


PokerStars Hand #155588425330:  Hold'em Limit ($3/$6 USD) - 2016/07/05 8:26:57 ET
Table 'Muscida' 10-max Seat #6 is the button
Seat 6: Simpiwe ($114.16 in chips)
Seat 7: Murrrr_@T ($155.96 in chips)
Simpiwe: posts small blind $1
Murrrr_@T: posts big blind $3
*** HOLE CARDS ***
Simpiwe: raises $3 to $6
Murrrr_@T: raises $3 to $9
Simpiwe: calls $3
*** FLOP *** [6d Jd Ts]
Murrrr_@T: bets $3
Simpiwe: calls $3
*** TURN *** [6d Jd Ts] [4s]
Murrrr_@T: bets $6
Simpiwe: calls $6
*** RIVER *** [6d Jd Ts 4s] [9c]
Murrrr_@T: checks
Simpiwe: checks
*** SHOW DOWN ***
Murrrr_@T: shows [Kc Ah] (high card Ace)
Simpiwe: mucks hand
Murrrr_@T collected $35.50 from pot
*** SUMMARY ***
Total pot $36 | Rake $0.50
Board [6d Jd Ts 4s 9c]
Seat 6: Simpiwe (button) (small blind) mucked
Seat 7: Murrrr_@T (big blind) showed [Kc Ah] and won ($35.50) with high card Ace


PokerStars Hand #155588435680:  Hold'em Limit ($3/$6 USD) - 2016/07/05 8:27:19 ET
Table 'Muscida' 10-max Seat #6 is the button
Seat 6: Simpiwe ($104.80 in chips)
Seat 7: Murrrr_@T ($164.46 in chips)
Simpiwe: posts small blind $1
Murrrr_@T: posts big blind $3
*** HOLE CARDS ***
Simpiwe: calls $2
Murrrr_@T: raises $3 to $6
Simpiwe: calls $3
*** FLOP *** [7h 2h Ad]
Murrrr_@T: bets $3
Simpiwe: calls $3
*** TURN *** [7h 2h Ad] [2c]
Murrrr_@T: bets $6
Simpiwe: folds
Uncalled bet ($6) returned to Murrrr_@T
Murrrr_@T collected $17.64 from pot
Murrrr_@T: doesn't show hand
*** SUMMARY ***
Total pot $18 | Rake $0.36
Board [7h 2h Ad 2c]
Seat 6: Simpiwe (button) (small blind) folded on the Turn
Seat 7: Murrrr_@T (big blind) collected ($17.64)


PokerStars Hand #155588440880:  Hold'em Limit ($3/$6 USD) - 2016/07/05 8:27:30 ET
Table 'Muscida' 10-max Seat #7 is the button
Seat 6: Simpiwe ($95.80 in chips)
Seat 7: Murrrr_@T ($173.10 in chips)
Murrrr_@T: posts small blind $1
Simpiwe: posts big blind $3
*** HOLE CARDS ***
Murrrr_@T: raises $3 to $6
Simpiwe: calls $3
*** FLOP *** [As 5s 7c]
Simpiwe: checks
Murrrr_@T: bets $3
Simpiwe: folds
Uncalled bet ($3) returned to Murrrr_@T
Murrrr_@T collected $11.76 from pot
Murrrr_@T: doesn't show hand
*** SUMMARY ***
Total pot $12 | Rake $0.24
Board [As 5s 7c]
Seat 6: Simpiwe (big blind) folded on the Flop
Seat 7: Murrrr_@T (button) (small blind) collected ($11.76)


PokerStars Hand #155588451017:  Hold'em Limit ($3/$6 USD) - 2016/07/05 8:27:52 ET
Table 'Muscida' 10-max Seat #7 is the button
Seat 6: Simpiwe ($95.56 in chips)
Seat 7: Murrrr_@T ($172.86 in chips)
Murrrr_@T: posts small blind $1
Simpiwe: posts big blind $3
*** HOLE CARDS ***
Murrrr_@T: raises $3 to $6
Simpiwe: calls $3
*** FLOP *** [3s Qh 9d]
Simpiwe: checks
Murrrr_@T: bets $3
Simpiwe: folds
Uncalled bet ($3) returned to Murrrr_@T
Murrrr_@T collected $11.76 from pot
Murrrr_@T: doesn't show hand
*** SUMMARY ***
Total pot $12 | Rake $0.24
Board [3s Qh 9d]
Seat 6: Simpiwe (big blind) folded on the Flop
Seat 7: Murrrr_@T (button) (small blind) collected ($11.76)


PokerStars Hand #155588454478:  Hold'em Limit ($3/$6 USD) - 2016/07/05 8:27:59 ET
Table 'Muscida' 10-max Seat #6 is the button
Seat 6: Simpiwe ($89.56 in chips)
Seat 7: Murrrr_@T ($178.62 in chips)
Simpiwe: posts small blind $1
Murrrr_@T: posts big blind $3
*** HOLE CARDS ***
Simpiwe: raises $3 to $6
Murrrr_@T: calls $3
*** FLOP *** [8c 8s 6c]
Murrrr_@T: checks
Simpiwe: checks
*** TURN *** [8c 8s 6c] [4c]
Murrrr_@T: bets $6
Simpiwe: calls $6
*** RIVER *** [8c 8s 6c 4c] [Ad]
Murrrr_@T: checks
Simpiwe: checks
*** SHOW DOWN ***
Murrrr_@T: shows [5c 2d] (a pair of Eights)
Simpiwe: shows [Td 9d] (a pair of Eights - Ace+Ten kicker)
Simpiwe collected $23.52 from pot
*** SUMMARY ***
Total pot $24 | Rake $0.48
Board [8c 8s 6c 4c Ad]
Seat 6: Simpiwe (button) (small blind) showed [Td 9d] and won ($23.52) with a pair of Eights
Seat 7: Murrrr_@T (big blind) showed [5c 2d] and lost with a pair of Eights


PokerStars Hand #155588430445:  Hold'em Limit ($3/$6 USD) - 2016/07/05 8:27:08 ET
Table 'Muscida' 10-max Seat #7 is the button
Seat 6: Simpiwe ($96.16 in chips)
Seat 7: Murrrr_@T ($173.46 in chips)
Murrrr_@T: posts small blind $1
Simpiwe: posts big blind $3
*** HOLE CARDS ***
Murrrr_@T: raises $3 to $6
Simpiwe: calls $3
*** FLOP *** [Kh Js 7c]
Simpiwe: checks
Murrrr_@T: bets $3
Simpiwe: calls $3
*** TURN *** [Kh Js 7c] [9c]
Simpiwe: checks
Murrrr_@T: checks
*** RIVER *** [Kh Js 7c 9c] [9h]
Simpiwe: bets $6
Murrrr_@T: folds
Uncalled bet ($6) returned to Simpiwe
Simpiwe collected $17.64 from pot
Simpiwe: doesn't show hand
*** SUMMARY ***
Total pot $18 | Rake $0.36
Board [Kh Js 7c 9c 9h]
Seat 6: Simpiwe (big blind) collected ($17.64)
Seat 7: Murrrr_@T (button) (small blind) folded on the River


PokerStars Hand #155588445268:  Hold'em Limit ($3/$6 USD) - 2016/07/05 8:27:40 ET
Table 'Muscida' 10-max Seat #6 is the button
Seat 6: Simpiwe ($89.80 in chips)
Seat 7: Murrrr_@T ($178.86 in chips)
Simpiwe: posts small blind $1
Murrrr_@T: posts big blind $3
*** HOLE CARDS ***
Simpiwe: raises $3 to $6
Murrrr_@T: calls $3
*** FLOP *** [Qs 7d 7s]
Murrrr_@T: checks
Simpiwe: bets $3
Murrrr_@T: folds
Uncalled bet ($3) returned to Simpiwe
Simpiwe collected $11.76 from pot
Simpiwe: doesn't show hand
*** SUMMARY ***
Total pot $12 | Rake $0.24
Board [Qs 7d 7s]
Seat 6: Simpiwe (button) (small blind) collected ($11.76)
Seat 7: Murrrr_@T (big blind) folded on the Flop


PokerStars Hand #155588460859:  Hold'em Limit ($3/$6 USD) - 2016/07/05 8:28:13 ET
Table 'Muscida' 10-max Seat #7 is the button
Seat 6: Simpiwe ($101.08 in chips)
Seat 7: Murrrr_@T ($166.62 in chips)
Murrrr_@T: posts small blind $1
Simpiwe: posts big blind $3
*** HOLE CARDS ***
Murrrr_@T: raises $3 to $6
Simpiwe: calls $3
*** FLOP *** [4d Qc 6h]
Simpiwe: checks
Murrrr_@T: bets $3
Simpiwe: raises $3 to $6
Murrrr_@T: calls $3
*** TURN *** [4d Qc 6h] [Ah]
Simpiwe: bets $6
Murrrr_@T: raises $6 to $12
Simpiwe: raises $6 to $18
Murrrr_@T: calls $6
*** RIVER *** [4d Qc 6h Ah] [8d]
Simpiwe: bets $6
Murrrr_@T: folds
Uncalled bet ($6) returned to Simpiwe
Simpiwe collected $59.50 from pot
Simpiwe: doesn't show hand
*** SUMMARY ***
Total pot $60 | Rake $0.50
Board [4d Qc 6h Ah 8d]
Seat 6: Simpiwe (big blind) collected ($59.50)
Seat 7: Murrrr_@T (button) (small blind) folded on the River


PokerStars Hand #155588491851:  Hold'em Limit ($3/$6 USD) - 2016/07/05 8:29:19 ET
Table 'Muscida' 10-max Seat #6 is the button
Seat 6: Simpiwe ($156.72 in chips)
Seat 7: Murrrr_@T ($109.62 in chips)
Simpiwe: posts small blind $1
Murrrr_@T: posts big blind $3
*** HOLE CARDS ***
Simpiwe: calls $2
Murrrr_@T: checks
*** FLOP *** [5d 8s Tc]
Murrrr_@T: checks
Simpiwe: checks
*** TURN *** [5d 8s Tc] [7d]
Murrrr_@T: bets $6
Simpiwe: folds
Uncalled bet ($6) returned to Murrrr_@T
Murrrr_@T collected $5.88 from pot
Murrrr_@T: doesn't show hand
*** SUMMARY ***
Total pot $6 | Rake $0.12
Board [5d 8s Tc 7d]
Seat 6: Simpiwe (button) (small blind) folded on the Turn
Seat 7: Murrrr_@T (big blind) collected ($5.88)


PokerStars Hand #155588487128:  Hold'em Limit ($3/$6 USD) - 2016/07/05 8:29:09 ET
Table 'Muscida' 10-max Seat #7 is the button
Seat 6: Simpiwe ($148.08 in chips)
Seat 7: Murrrr_@T ($118.62 in chips)
Murrrr_@T: posts small blind $1
Simpiwe: posts big blind $3
*** HOLE CARDS ***
Murrrr_@T: raises $3 to $6
Simpiwe: calls $3
*** FLOP *** [Jh 3h Td]
Simpiwe: checks
Murrrr_@T: bets $3
Simpiwe: calls $3
*** TURN *** [Jh 3h Td] [Qc]
Simpiwe: checks
Murrrr_@T: checks
*** RIVER *** [Jh 3h Td Qc] [2s]
Simpiwe: bets $6
Murrrr_@T: folds
Uncalled bet ($6) returned to Simpiwe
Simpiwe collected $17.64 from pot
Simpiwe: doesn't show hand
*** SUMMARY ***
Total pot $18 | Rake $0.36
Board [Jh 3h Td Qc 2s]
Seat 6: Simpiwe (big blind) collected ($17.64)
Seat 7: Murrrr_@T (button) (small blind) folded on the River


