PokerStars Hand #175084413453:  Hold'em Limit ($3/$6 USD) - 2017/09/01 18:58:24 ET
Table 'Musca II' 6-max Seat #5 is the button
Seat 1: HislopHignfy ($63 in chips)
Seat 5: GoliafUa ($120 in chips)
GoliafUa: posts small blind $1
HislopHignfy: posts big blind $3
*** HOLE CARDS ***
GoliafUa: raises $3 to $6
HislopHignfy: folds
Uncalled bet ($3) returned to GoliafUa
GoliafUa collected $6 from pot
*** SUMMARY ***
Total pot $6 | Rake $0
Seat 1: HislopHignfy (big blind) folded before Flop
Seat 5: GoliafUa (button) (small blind) collected ($6)


PokerStars Hand #175084407880:  Hold'em Limit ($3/$6 USD) - 2017/09/01 18:58:14 ET
Table 'Musca II' 6-max Seat #1 is the button
Seat 1: HislopHignfy ($60 in chips)
Seat 5: GoliafUa ($120 in chips)
HislopHignfy: posts small blind $1
GoliafUa: posts big blind $3
*** HOLE CARDS ***
HislopHignfy: raises $3 to $6
GoliafUa: folds
Uncalled bet ($3) returned to HislopHignfy
HislopHignfy collected $6 from pot
HislopHignfy: doesn't show hand
*** SUMMARY ***
Total pot $6 | Rake $0
Seat 1: HislopHignfy (button) (small blind) collected ($6)
Seat 5: GoliafUa (big blind) folded before Flop


PokerStars Hand #175084425271:  Hold'em Limit ($3/$6 USD) - 2017/09/01 18:58:47 ET
Table 'Musca II' 6-max Seat #5 is the button
Seat 1: HislopHignfy ($77.50 in chips)
Seat 5: GoliafUa ($120 in chips)
GoliafUa: posts small blind $1
HislopHignfy: posts big blind $3
*** HOLE CARDS ***
GoliafUa: raises $3 to $6
HislopHignfy: calls $3
*** FLOP *** [Jc 8s 4h]
HislopHignfy: checks
GoliafUa: bets $3
HislopHignfy: calls $3
*** TURN *** [Jc 8s 4h] [5s]
HislopHignfy: checks
GoliafUa: checks
*** RIVER *** [Jc 8s 4h 5s] [Jh]
HislopHignfy: bets $6
GoliafUa: calls $6
*** SHOW DOWN ***
HislopHignfy: shows [2s 4s] (two pair, Jacks and Fours)
@92gara42@ joins the table at seat #3
GoliafUa: mucks hand
HislopHignfy collected $29.50 from pot
*** SUMMARY ***
Total pot $30 | Rake $0.50
Board [Jc 8s 4h 5s Jh]
Seat 1: HislopHignfy (big blind) showed [2s 4s] and won ($29.50) with two pair, Jacks and Fours
Seat 5: GoliafUa (button) (small blind) mucked


PokerStars Hand #175084416937:  Hold'em Limit ($3/$6 USD) - 2017/09/01 18:58:31 ET
Table 'Musca II' 6-max Seat #1 is the button
Seat 1: HislopHignfy ($60 in chips)
Seat 5: GoliafUa ($123 in chips)
HislopHignfy: posts small blind $1
GoliafUa: posts big blind $3
*** HOLE CARDS ***
HislopHignfy: raises $3 to $6
GoliafUa: calls $3
*** FLOP *** [As 6s 3d]
GoliafUa: checks
HislopHignfy: bets $3
GoliafUa: raises $3 to $6
HislopHignfy: calls $3
*** TURN *** [As 6s 3d] [Js]
GoliafUa: bets $6
HislopHignfy: raises $6 to $12
GoliafUa: folds
Uncalled bet ($6) returned to HislopHignfy
HislopHignfy collected $35.50 from pot
HislopHignfy: doesn't show hand
*** SUMMARY ***
Total pot $36 | Rake $0.50
Board [As 6s 3d Js]
Seat 1: HislopHignfy (button) (small blind) collected ($35.50)
Seat 5: GoliafUa (big blind) folded on the Turn


PokerStars Hand #175084581438:  Hold'em Limit ($3/$6 USD) - 2017/09/01 19:03:18 ET
Table 'Musca II' 6-max Seat #2 is the button
Seat 1: HislopHignfy ($23 in chips)
Seat 2: Pelurile ($72 in chips)
Pelurile: posts small blind $1
Velbor107: is sitting out
GoliafUa: is sitting out
HislopHignfy: posts big blind $3
*** HOLE CARDS ***
Velbor107 leaves the table
Pelurile: raises $3 to $6
HislopHignfy: calls $3
*** FLOP *** [Js 6h 5c]
HislopHignfy: checks
Pelurile: bets $3
HislopHignfy: calls $3
*** TURN *** [Js 6h 5c] [Jd]
HislopHignfy: checks
Pelurile: bets $6
HislopHignfy: folds
Uncalled bet ($6) returned to Pelurile
Pelurile collected $17.64 from pot
Pelurile: doesn't show hand
*** SUMMARY ***
Total pot $18 | Rake $0.36
Board [Js 6h 5c Jd]
Seat 1: HislopHignfy (big blind) folded on the Turn
Seat 2: Pelurile (button) (small blind) collected ($17.64)


PokerStars Hand #175084612254:  Hold'em Limit ($3/$6 USD) - 2017/09/01 19:04:08 ET
Table 'Musca II' 6-max Seat #1 is the button
Seat 1: HislopHignfy ($14 in chips)
Seat 2: Pelurile ($80.64 in chips)
HislopHignfy: posts small blind $1
Pelurile: posts big blind $3
*** HOLE CARDS ***
HislopHignfy: raises $3 to $6
@92gara42@ joins the table at seat #3
Pelurile: folds
Uncalled bet ($3) returned to HislopHignfy
HislopHignfy collected $6 from pot
HislopHignfy: doesn't show hand
*** SUMMARY ***
Total pot $6 | Rake $0
Seat 1: HislopHignfy (button) (small blind) collected ($6)
Seat 2: Pelurile (big blind) folded before Flop


PokerStars Hand #175084607889:  Hold'em Limit ($3/$6 USD) - 2017/09/01 19:04:01 ET
Table 'Musca II' 6-max Seat #2 is the button
Seat 1: HislopHignfy ($13 in chips)
Seat 2: Pelurile ($81.64 in chips)
Pelurile: posts small blind $1
HislopHignfy: posts big blind $3
*** HOLE CARDS ***
Pelurile: folds
Uncalled bet ($2) returned to HislopHignfy
HislopHignfy collected $2 from pot
HislopHignfy: doesn't show hand
*** SUMMARY ***
Total pot $2 | Rake $0
Seat 1: HislopHignfy (big blind) collected ($2)
Seat 2: Pelurile (button) (small blind) folded before Flop


PokerStars Hand #175084602169:  Hold'em Limit ($3/$6 USD) - 2017/09/01 19:03:52 ET
Table 'Musca II' 6-max Seat #1 is the button
Seat 1: HislopHignfy ($14 in chips)
Seat 2: Pelurile ($80.64 in chips)
HislopHignfy: posts small blind $1
Pelurile: posts big blind $3
*** HOLE CARDS ***
GoliafUa leaves the table
HislopHignfy: folds
Uncalled bet ($2) returned to Pelurile
Pelurile collected $2 from pot
Pelurile: doesn't show hand
*** SUMMARY ***
Total pot $2 | Rake $0
Seat 1: HislopHignfy (button) (small blind) folded before Flop
Seat 2: Pelurile (big blind) collected ($2)


