PokerStars Hand #147081482227:  Hold'em Limit ($3/$6 USD) - 2016/01/15 11:21:18 ET
Table 'Mussorgskia' 6-max Seat #2 is the button
Seat 2: SLK500 ($126.50 in chips)
Seat 3: viviangle ($112.50 in chips)
SLK500: posts small blind $1
viviangle: posts big blind $3
*** HOLE CARDS ***
SLK500: folds
Uncalled bet ($2) returned to viviangle
viviangle collected $2 from pot
viviangle: doesn't show hand
*** SUMMARY ***
Total pot $2 | Rake $0
Seat 2: SLK500 (button) (small blind) folded before Flop
Seat 3: viviangle (big blind) collected ($2)


PokerStars Hand #147081460672:  Hold'em Limit ($3/$6 USD) - 2016/01/15 11:20:53 ET
Table 'Mussorgskia' 6-max Seat #3 is the button
Seat 2: SLK500 ($112 in chips)
Seat 3: viviangle ($127.50 in chips)
viviangle: posts small blind $1
SLK500: posts big blind $3
*** HOLE CARDS ***
viviangle: raises $3 to $6
SLK500: calls $3
*** FLOP *** [Qc 9s Ad]
SLK500: checks
viviangle: bets $3
SLK500: calls $3
*** TURN *** [Qc 9s Ad] [Kd]
SLK500: checks
viviangle: bets $6
SLK500: calls $6
*** RIVER *** [Qc 9s Ad Kd] [Jd]
SLK500: checks
viviangle: checks
*** SHOW DOWN ***
SLK500: shows [2d Ah] (a pair of Aces)
viviangle: mucks hand
SLK500 collected $29.50 from pot
*** SUMMARY ***
Total pot $30 | Rake $0.50
Board [Qc 9s Ad Kd Jd]
Seat 2: SLK500 (big blind) showed [2d Ah] and won ($29.50) with a pair of Aces
Seat 3: viviangle (button) (small blind) mucked


PokerStars Hand #147081528706:  Hold'em Limit ($3/$6 USD) - 2016/01/15 11:22:13 ET
Table 'Mussorgskia' 6-max Seat #2 is the button
Seat 2: SLK500 ($134.14 in chips)
Seat 3: viviangle ($104.50 in chips)
SLK500: posts small blind $1
viviangle: posts big blind $3
*** HOLE CARDS ***
ucenicul joins the table at seat #5
SLK500: folds
Uncalled bet ($2) returned to viviangle
viviangle collected $2 from pot
viviangle: doesn't show hand
*** SUMMARY ***
Total pot $2 | Rake $0
Seat 2: SLK500 (button) (small blind) folded before Flop
Seat 3: viviangle (big blind) collected ($2)


PokerStars Hand #147081509078:  Hold'em Limit ($3/$6 USD) - 2016/01/15 11:21:50 ET
Table 'Mussorgskia' 6-max Seat #3 is the button
Seat 2: SLK500 ($125.50 in chips)
Seat 3: viviangle ($113.50 in chips)
viviangle: posts small blind $1
SLK500: posts big blind $3
*** HOLE CARDS ***
viviangle: raises $3 to $6
SLK500: calls $3
*** FLOP *** [4c 6d 8d]
SLK500: bets $3
viviangle: calls $3
*** TURN *** [4c 6d 8d] [8h]
SLK500: bets $6
viviangle: folds
Uncalled bet ($6) returned to SLK500
SLK500 collected $17.64 from pot
SLK500: doesn't show hand
*** SUMMARY ***
Total pot $18 | Rake $0.36
Board [4c 6d 8d 8h]
Seat 2: SLK500 (big blind) collected ($17.64)
Seat 3: viviangle (button) (small blind) folded on the Turn


PokerStars Hand #147081504580:  Hold'em Limit ($3/$6 USD) - 2016/01/15 11:21:45 ET
Table 'Mussorgskia' 6-max Seat #2 is the button
Seat 2: SLK500 ($126.50 in chips)
Seat 3: viviangle ($112.50 in chips)
SLK500: posts small blind $1
viviangle: posts big blind $3
*** HOLE CARDS ***
SLK500: folds
Uncalled bet ($2) returned to viviangle
viviangle collected $2 from pot
viviangle: doesn't show hand
*** SUMMARY ***
Total pot $2 | Rake $0
Seat 2: SLK500 (button) (small blind) folded before Flop
Seat 3: viviangle (big blind) collected ($2)


PokerStars Hand #147081500180:  Hold'em Limit ($3/$6 USD) - 2016/01/15 11:21:40 ET
Table 'Mussorgskia' 6-max Seat #3 is the button
Seat 2: SLK500 ($125.50 in chips)
Seat 3: viviangle ($113.50 in chips)
viviangle: posts small blind $1
SLK500: posts big blind $3
*** HOLE CARDS ***
viviangle: folds
Uncalled bet ($2) returned to SLK500
SLK500 collected $2 from pot
SLK500: doesn't show hand
*** SUMMARY ***
Total pot $2 | Rake $0
Seat 2: SLK500 (big blind) collected ($2)
Seat 3: viviangle (button) (small blind) folded before Flop


PokerStars Hand #147081495728:  Hold'em Limit ($3/$6 USD) - 2016/01/15 11:21:34 ET
Table 'Mussorgskia' 6-max Seat #2 is the button
Seat 2: SLK500 ($126.50 in chips)
Seat 3: viviangle ($112.50 in chips)
SLK500: posts small blind $1
viviangle: posts big blind $3
*** HOLE CARDS ***
SLK500: folds
Uncalled bet ($2) returned to viviangle
viviangle collected $2 from pot
viviangle: doesn't show hand
*** SUMMARY ***
Total pot $2 | Rake $0
Seat 2: SLK500 (button) (small blind) folded before Flop
Seat 3: viviangle (big blind) collected ($2)


PokerStars Hand #147081491098:  Hold'em Limit ($3/$6 USD) - 2016/01/15 11:21:29 ET
Table 'Mussorgskia' 6-max Seat #3 is the button
Seat 2: SLK500 ($125.50 in chips)
Seat 3: viviangle ($113.50 in chips)
viviangle: posts small blind $1
SLK500: posts big blind $3
*** HOLE CARDS ***
viviangle: folds
Uncalled bet ($2) returned to SLK500
SLK500 collected $2 from pot
SLK500: doesn't show hand
*** SUMMARY ***
Total pot $2 | Rake $0
Seat 2: SLK500 (big blind) collected ($2)
Seat 3: viviangle (button) (small blind) folded before Flop


PokerStars Hand #147086364666:  Hold'em Limit ($3/$6 USD) - 2016/01/15 12:53:42 ET
Table 'Mussorgskia' 6-max Seat #2 is the button
Seat 2: Frank2Neue ($369.48 in chips)
Seat 4: Dubris144 ($57.48 in chips)
Frank2Neue: posts small blind $1
Dubris144: posts big blind $3
*** HOLE CARDS ***
Frank2Neue: raises $3 to $6
Dubris144: folds
Uncalled bet ($3) returned to Frank2Neue
Frank2Neue collected $6 from pot
Frank2Neue: doesn't show hand
*** SUMMARY ***
Total pot $6 | Rake $0
Seat 2: Frank2Neue (button) (small blind) collected ($6)
Seat 4: Dubris144 (big blind) folded before Flop


PokerStars Hand #147086359539:  Hold'em Limit ($3/$6 USD) - 2016/01/15 12:53:36 ET
Table 'Mussorgskia' 6-max Seat #4 is the button
Seat 2: Frank2Neue ($368.48 in chips)
Seat 4: Dubris144 ($58.48 in chips)
Dubris144: posts small blind $1
bentinck113: is sitting out
Mordnilap was removed from the table for failing to post
Frank2Neue: posts big blind $3
*** HOLE CARDS ***
Dubris144: folds
Uncalled bet ($2) returned to Frank2Neue
bentinck113 leaves the table
Frank2Neue collected $2 from pot
Frank2Neue: doesn't show hand
*** SUMMARY ***
Total pot $2 | Rake $0
Seat 2: Frank2Neue (big blind) collected ($2)
Seat 4: Dubris144 (button) (small blind) folded before Flop


PokerStars Hand #147086369838:  Hold'em Limit ($3/$6 USD) - 2016/01/15 12:53:47 ET
Table 'Mussorgskia' 6-max Seat #4 is the button
Seat 2: Frank2Neue ($372.48 in chips)
Seat 4: Dubris144 ($54.48 in chips)
Dubris144: posts small blind $1
Frank2Neue: posts big blind $3
*** HOLE CARDS ***
Dubris144: folds
Uncalled bet ($2) returned to Frank2Neue
Frank2Neue collected $2 from pot
Frank2Neue: doesn't show hand
*** SUMMARY ***
Total pot $2 | Rake $0
Seat 2: Frank2Neue (big blind) collected ($2)
Seat 4: Dubris144 (button) (small blind) folded before Flop


PokerStars Hand #147086400519:  Hold'em Limit ($3/$6 USD) - 2016/01/15 12:54:19 ET
Table 'Mussorgskia' 6-max Seat #2 is the button
Seat 2: Frank2Neue ($383.12 in chips)
Seat 4: Dubris144 ($103.48 in chips)
Frank2Neue: posts small blind $1
Dubris144: posts big blind $3
*** HOLE CARDS ***
Frank2Neue: folds
Uncalled bet ($2) returned to Dubris144
Dubris144 collected $2 from pot
Dubris144: doesn't show hand
*** SUMMARY ***
Total pot $2 | Rake $0
Seat 2: Frank2Neue (button) (small blind) folded before Flop
Seat 4: Dubris144 (big blind) collected ($2)


PokerStars Hand #147086395518:  Hold'em Limit ($3/$6 USD) - 2016/01/15 12:54:13 ET
Table 'Mussorgskia' 6-max Seat #4 is the button
Seat 2: Frank2Neue ($382.12 in chips)
Seat 4: Dubris144 ($104.48 in chips)
Dubris144: posts small blind $1
Frank2Neue: posts big blind $3
*** HOLE CARDS ***
Dubris144: folds
Uncalled bet ($2) returned to Frank2Neue
Frank2Neue collected $2 from pot
Frank2Neue: doesn't show hand
*** SUMMARY ***
Total pot $2 | Rake $0
Seat 2: Frank2Neue (big blind) collected ($2)
Seat 4: Dubris144 (button) (small blind) folded before Flop


PokerStars Hand #147086374045:  Hold'em Limit ($3/$6 USD) - 2016/01/15 12:53:51 ET
Table 'Mussorgskia' 6-max Seat #2 is the button
Seat 2: Frank2Neue ($373.48 in chips)
Seat 4: Dubris144 ($113.48 in chips)
Frank2Neue: posts small blind $1
Dubris144: posts big blind $3
*** HOLE CARDS ***
Frank2Neue: raises $3 to $6
Dubris144: calls $3
*** FLOP *** [As 2h Th]
Dubris144: checks
Frank2Neue: bets $3
Dubris144: calls $3
*** TURN *** [As 2h Th] [Kc]
Dubris144: checks
Frank2Neue: checks
*** RIVER *** [As 2h Th Kc] [8s]
Dubris144: checks
Frank2Neue: checks
*** SHOW DOWN ***
Dubris144: shows [5d Jh] (high card Ace)
Frank2Neue: shows [Qs 8c] (a pair of Eights)
Frank2Neue collected $17.64 from pot
*** SUMMARY ***
Total pot $18 | Rake $0.36
Board [As 2h Th Kc 8s]
Seat 2: Frank2Neue (button) (small blind) showed [Qs 8c] and won ($17.64) with a pair of Eights
Seat 4: Dubris144 (big blind) showed [5d Jh] and lost with high card Ace


PokerStars Hand #147086405767:  Hold'em Limit ($3/$6 USD) - 2016/01/15 12:54:24 ET
Table 'Mussorgskia' 6-max Seat #4 is the button
Seat 2: Frank2Neue ($382.12 in chips)
Seat 4: Dubris144 ($104.48 in chips)
Dubris144: posts small blind $1
Frank2Neue: posts big blind $3
*** HOLE CARDS ***
Dubris144: raises $3 to $6
Frank2Neue: raises $3 to $9
Dubris144: calls $3
*** FLOP *** [6s 7h 9s]
Frank2Neue: bets $3
Dubris144: raises $3 to $6
Frank2Neue: raises $3 to $9
Dubris144: raises $3 to $12
Betting is capped
Frank2Neue: calls $3
*** TURN *** [6s 7h 9s] [7c]
Frank2Neue: checks
Dubris144: bets $6
Frank2Neue: raises $6 to $12
Dubris144: raises $6 to $18
Frank2Neue: calls $6
*** RIVER *** [6s 7h 9s 7c] [2h]
Frank2Neue: checks
Dubris144: bets $6
Frank2Neue: calls $6
*** SHOW DOWN ***
Dubris144: shows [7d 9c] (a full house, Sevens full of Nines)
Frank2Neue: mucks hand
Dubris144 collected $89.50 from pot
*** SUMMARY ***
Total pot $90 | Rake $0.50
Board [6s 7h 9s 7c 2h]
Seat 2: Frank2Neue (big blind) mucked
Seat 4: Dubris144 (button) (small blind) showed [7d 9c] and won ($89.50) with a full house, Sevens full of Nines


PokerStars Hand #147086457929:  Hold'em Limit ($3/$6 USD) - 2016/01/15 12:55:20 ET
Table 'Mussorgskia' 6-max Seat #2 is the button
Seat 2: Frank2Neue ($354.40 in chips)
Seat 4: Dubris144 ($130.98 in chips)
Frank2Neue: posts small blind $1
Dubris144: posts big blind $3
*** HOLE CARDS ***
Frank2Neue: raises $3 to $6
Dubris144: folds
Uncalled bet ($3) returned to Frank2Neue
Frank2Neue collected $6 from pot
Frank2Neue: doesn't show hand
*** SUMMARY ***
Total pot $6 | Rake $0
Seat 2: Frank2Neue (button) (small blind) collected ($6)
Seat 4: Dubris144 (big blind) folded before Flop


PokerStars Hand #147086444406:  Hold'em Limit ($3/$6 USD) - 2016/01/15 12:55:04 ET
Table 'Mussorgskia' 6-max Seat #4 is the button
Seat 2: Frank2Neue ($342.88 in chips)
Seat 4: Dubris144 ($142.98 in chips)
Dubris144: posts small blind $1
Frank2Neue: posts big blind $3
*** HOLE CARDS ***
Dubris144: raises $3 to $6
Frank2Neue: raises $3 to $9
Dubris144: calls $3
*** FLOP *** [9c 3d 8c]
Frank2Neue: bets $3
Dubris144: calls $3
*** TURN *** [9c 3d 8c] [6c]
Frank2Neue: checks
Dubris144: checks
*** RIVER *** [9c 3d 8c 6c] [4s]
Frank2Neue: checks
Dubris144: checks
*** SHOW DOWN ***
Frank2Neue: shows [Td Ks] (high card King)
Dubris144: mucks hand
Frank2Neue collected $23.52 from pot
*** SUMMARY ***
Total pot $24 | Rake $0.48
Board [9c 3d 8c 6c 4s]
Seat 2: Frank2Neue (big blind) showed [Td Ks] and won ($23.52) with high card King
Seat 4: Dubris144 (button) (small blind) mucked


PokerStars Hand #147086435385:  Hold'em Limit ($3/$6 USD) - 2016/01/15 12:54:55 ET
Table 'Mussorgskia' 6-max Seat #2 is the button
Seat 2: Frank2Neue ($337.12 in chips)
Seat 4: Dubris144 ($148.98 in chips)
Frank2Neue: posts small blind $1
Dubris144: posts big blind $3
*** HOLE CARDS ***
Frank2Neue: raises $3 to $6
Dubris144: calls $3
*** FLOP *** [Kh Kd Qs]
Dubris144: checks
Frank2Neue: bets $3
Dubris144: folds
Uncalled bet ($3) returned to Frank2Neue
Frank2Neue collected $11.76 from pot
Frank2Neue: doesn't show hand
*** SUMMARY ***
Total pot $12 | Rake $0.24
Board [Kh Kd Qs]
Seat 2: Frank2Neue (button) (small blind) collected ($11.76)
Seat 4: Dubris144 (big blind) folded on the Flop


PokerStars Hand #147086480694:  Hold'em Limit ($3/$6 USD) - 2016/01/15 12:55:51 ET
Table 'Mussorgskia' 6-max Seat #2 is the button
Seat 2: Frank2Neue ($339.40 in chips)
Seat 4: Dubris144 ($145.48 in chips)
Frank2Neue: posts small blind $1
Dubris144: posts big blind $3
*** HOLE CARDS ***
Frank2Neue: raises $3 to $6
Dubris144: folds
Uncalled bet ($3) returned to Frank2Neue
Frank2Neue collected $6 from pot
Frank2Neue: doesn't show hand
*** SUMMARY ***
Total pot $6 | Rake $0
Seat 2: Frank2Neue (button) (small blind) collected ($6)
Seat 4: Dubris144 (big blind) folded before Flop


PokerStars Hand #147086461257:  Hold'em Limit ($3/$6 USD) - 2016/01/15 12:55:25 ET
Table 'Mussorgskia' 6-max Seat #4 is the button
Seat 2: Frank2Neue ($357.40 in chips)
Seat 4: Dubris144 ($127.98 in chips)
Dubris144: posts small blind $1
Frank2Neue: posts big blind $3
*** HOLE CARDS ***
Dubris144: raises $3 to $6
Frank2Neue: calls $3
*** FLOP *** [Ac Ks Kh]
Frank2Neue: checks
yayaya joins the table at seat #6
Dubris144: checks
*** TURN *** [Ac Ks Kh] [Qc]
Frank2Neue: bets $6
Dubris144: calls $6
*** RIVER *** [Ac Ks Kh Qc] [Th]
Frank2Neue: bets $6
Dubris144: raises $6 to $12
Frank2Neue: folds
Uncalled bet ($6) returned to Dubris144
Dubris144 collected $35.50 from pot
Dubris144: doesn't show hand
*** SUMMARY ***
Total pot $36 | Rake $0.50
Board [Ac Ks Kh Qc Th]
Seat 2: Frank2Neue (big blind) folded on the River
Seat 4: Dubris144 (button) (small blind) collected ($35.50)


PokerStars Hand #147089414474:  Hold'em Limit ($3/$6 USD) - 2016/01/15 13:47:30 ET
Table 'Mussorgskia' 6-max Seat #4 is the button
Seat 4: Dubris144 ($128.57 in chips)
Seat 5: Krazy90 ($171.84 in chips)
Dubris144: posts small blind $1
Krazy90: posts big blind $3
*** HOLE CARDS ***
Dubris144: folds
Uncalled bet ($2) returned to Krazy90
Krazy90 collected $2 from pot
Krazy90: doesn't show hand
*** SUMMARY ***
Total pot $2 | Rake $0
Seat 4: Dubris144 (button) (small blind) folded before Flop
Seat 5: Krazy90 (big blind) collected ($2)


PokerStars Hand #147089418875:  Hold'em Limit ($3/$6 USD) - 2016/01/15 13:47:35 ET
Table 'Mussorgskia' 6-max Seat #5 is the button
Seat 4: Dubris144 ($127.57 in chips)
Seat 5: Krazy90 ($172.84 in chips)
Krazy90: posts small blind $1
Dubris144: posts big blind $3
*** HOLE CARDS ***
vladal 888 leaves the table
Krazy90: raises $3 to $6
Dubris144: calls $3
*** FLOP *** [6h 5c 4h]
Dubris144: checks
Krazy90: bets $3
Dubris144: raises $3 to $6
Krazy90: calls $3
*** TURN *** [6h 5c 4h] [2s]
Dubris144: bets $6
Krazy90: folds
Uncalled bet ($6) returned to Dubris144
Dubris144 collected $23.52 from pot
Dubris144: doesn't show hand
*** SUMMARY ***
Total pot $24 | Rake $0.48
Board [6h 5c 4h 2s]
Seat 4: Dubris144 (big blind) collected ($23.52)
Seat 5: Krazy90 (button) (small blind) folded on the Turn


PokerStars Hand #147089447329:  Hold'em Limit ($3/$6 USD) - 2016/01/15 13:48:04 ET
Table 'Mussorgskia' 6-max Seat #4 is the button
Seat 4: Dubris144 ($139.09 in chips)
Seat 5: Krazy90 ($160.84 in chips)
Dubris144: posts small blind $1
Krazy90: posts big blind $3
*** HOLE CARDS ***
Dubris144: folds
Uncalled bet ($2) returned to Krazy90
Krazy90 collected $2 from pot
Krazy90: doesn't show hand
*** SUMMARY ***
Total pot $2 | Rake $0
Seat 4: Dubris144 (button) (small blind) folded before Flop
Seat 5: Krazy90 (big blind) collected ($2)


PokerStars Hand #147089452589:  Hold'em Limit ($3/$6 USD) - 2016/01/15 13:48:09 ET
Table 'Mussorgskia' 6-max Seat #5 is the button
Seat 4: Dubris144 ($138.09 in chips)
Seat 5: Krazy90 ($161.84 in chips)
Krazy90: posts small blind $1
Dubris144: posts big blind $3
*** HOLE CARDS ***
Krazy90: raises $3 to $6
Dubris144: calls $3
*** FLOP *** [Kh Ks Qh]
Dubris144: checks
Krazy90: bets $3
Dubris144: calls $3
*** TURN *** [Kh Ks Qh] [8c]
Dubris144: checks
Krazy90: checks
*** RIVER *** [Kh Ks Qh 8c] [Js]
Dubris144: bets $6
Krazy90: folds
Uncalled bet ($6) returned to Dubris144
Dubris144 collected $17.64 from pot
Dubris144: doesn't show hand
*** SUMMARY ***
Total pot $18 | Rake $0.36
Board [Kh Ks Qh 8c Js]
Seat 4: Dubris144 (big blind) collected ($17.64)
Seat 5: Krazy90 (button) (small blind) folded on the River


PokerStars Hand #147090381213:  Hold'em Limit ($3/$6 USD) - 2016/01/15 14:05:00 ET
Table 'Mussorgskia' 6-max Seat #2 is the button
Seat 1: lelala ($80.13 in chips)
Seat 2: MusicalClown ($104.45 in chips)
MusicalClown: posts small blind $1
lelala: posts big blind $3
*** HOLE CARDS ***
MusicalClown: raises $3 to $6
lelala: folds
Uncalled bet ($3) returned to MusicalClown
MusicalClown collected $6 from pot
MusicalClown: doesn't show hand
*** SUMMARY ***
Total pot $6 | Rake $0
Seat 1: lelala (big blind) folded before Flop
Seat 2: MusicalClown (button) (small blind) collected ($6)


PokerStars Hand #147090368265:  Hold'em Limit ($3/$6 USD) - 2016/01/15 14:04:47 ET
Table 'Mussorgskia' 6-max Seat #1 is the button
Seat 1: lelala ($74.37 in chips)
Seat 2: MusicalClown ($110.45 in chips)
lelala: posts small blind $1
MusicalClown: posts big blind $3
*** HOLE CARDS ***
lelala: raises $3 to $6
MusicalClown: calls $3
*** FLOP *** [Ah Th 9c]
MusicalClown: checks
lelala: bets $3
MusicalClown: folds
Uncalled bet ($3) returned to lelala
lelala collected $11.76 from pot
*** SUMMARY ***
Total pot $12 | Rake $0.24
Board [Ah Th 9c]
Seat 1: lelala (button) (small blind) collected ($11.76)
Seat 2: MusicalClown (big blind) folded on the Flop


PokerStars Hand #147090355444:  Hold'em Limit ($3/$6 USD) - 2016/01/15 14:04:34 ET
Table 'Mussorgskia' 6-max Seat #2 is the button
Seat 1: lelala ($80.37 in chips)
Seat 2: MusicalClown ($104.69 in chips)
MusicalClown: posts small blind $1
kolaz03: is sitting out
lelala: posts big blind $3
*** HOLE CARDS ***
MusicalClown: raises $3 to $6
lelala: calls $3
*** FLOP *** [Kd Ts 6d]
lelala: checks
kolaz03 leaves the table
MusicalClown: bets $3
lelala: folds
Uncalled bet ($3) returned to MusicalClown
MusicalClown collected $11.76 from pot
MusicalClown: doesn't show hand
*** SUMMARY ***
Total pot $12 | Rake $0.24
Board [Kd Ts 6d]
Seat 1: lelala (big blind) folded on the Flop
Seat 2: MusicalClown (button) (small blind) collected ($11.76)


PokerStars Hand #147090386523:  Hold'em Limit ($3/$6 USD) - 2016/01/15 14:05:05 ET
Table 'Mussorgskia' 6-max Seat #1 is the button
Seat 1: lelala ($77.13 in chips)
Seat 2: MusicalClown ($107.45 in chips)
lelala: posts small blind $1
MusicalClown: posts big blind $3
*** HOLE CARDS ***
lelala: raises $3 to $6
MusicalClown: calls $3
*** FLOP *** [9s Th 8c]
MusicalClown: checks
lelala: bets $3
MusicalClown: calls $3
*** TURN *** [9s Th 8c] [3h]
MusicalClown: checks
lelala: bets $6
MusicalClown: calls $6
*** RIVER *** [9s Th 8c 3h] [9c]
MusicalClown: checks
lelala: checks
*** SHOW DOWN ***
MusicalClown: shows [8s 4d] (two pair, Nines and Eights)
lelala: mucks hand
MusicalClown collected $29.50 from pot
*** SUMMARY ***
Total pot $30 | Rake $0.50
Board [9s Th 8c 3h 9c]
Seat 1: lelala (button) (small blind) mucked
Seat 2: MusicalClown (big blind) showed [8s 4d] and won ($29.50) with two pair, Nines and Eights


PokerStars Hand #147090433133:  Hold'em Limit ($3/$6 USD) - 2016/01/15 14:05:52 ET
Table 'Mussorgskia' 6-max Seat #1 is the button
Seat 1: lelala ($70.77 in chips)
Seat 2: MusicalClown ($112.95 in chips)
lelala: posts small blind $1
MusicalClown: posts big blind $3
*** HOLE CARDS ***
lelala: folds
Uncalled bet ($2) returned to MusicalClown
MusicalClown collected $2 from pot
MusicalClown: doesn't show hand
*** SUMMARY ***
Total pot $2 | Rake $0
Seat 1: lelala (button) (small blind) folded before Flop
Seat 2: MusicalClown (big blind) collected ($2)


PokerStars Hand #147090437945:  Hold'em Limit ($3/$6 USD) - 2016/01/15 14:05:57 ET
Table 'Mussorgskia' 6-max Seat #2 is the button
Seat 1: lelala ($69.77 in chips)
Seat 2: MusicalClown ($113.95 in chips)
MusicalClown: posts small blind $1
lelala: posts big blind $3
*** HOLE CARDS ***
MusicalClown: raises $3 to $6
lelala: folds
Uncalled bet ($3) returned to MusicalClown
MusicalClown collected $6 from pot
MusicalClown: doesn't show hand
*** SUMMARY ***
Total pot $6 | Rake $0
Seat 1: lelala (big blind) folded before Flop
Seat 2: MusicalClown (button) (small blind) collected ($6)


PokerStars Hand #147090414039:  Hold'em Limit ($3/$6 USD) - 2016/01/15 14:05:32 ET
Table 'Mussorgskia' 6-max Seat #2 is the button
Seat 1: lelala ($62.13 in chips)
Seat 2: MusicalClown ($121.95 in chips)
MusicalClown: posts small blind $1
lelala: posts big blind $3
*** HOLE CARDS ***
MusicalClown: raises $3 to $6
lelala: raises $3 to $9
MusicalClown: calls $3
*** FLOP *** [2s 8d 9d]
lelala: bets $3
MusicalClown: folds
Uncalled bet ($3) returned to lelala
lelala collected $17.64 from pot
*** SUMMARY ***
Total pot $18 | Rake $0.36
Board [2s 8d 9d]
Seat 1: lelala (big blind) collected ($17.64)
Seat 2: MusicalClown (button) (small blind) folded on the Flop


PokerStars Hand #147090445091:  Hold'em Limit ($3/$6 USD) - 2016/01/15 14:06:04 ET
Table 'Mussorgskia' 6-max Seat #1 is the button
Seat 1: lelala ($66.77 in chips)
Seat 2: MusicalClown ($116.95 in chips)
lelala: posts small blind $1
MusicalClown: posts big blind $3
*** HOLE CARDS ***
lelala: raises $3 to $6
MusicalClown: calls $3
*** FLOP *** [Kh Js Jd]
MusicalClown: checks
lelala: bets $3
MusicalClown: calls $3
*** TURN *** [Kh Js Jd] [4d]
MusicalClown: checks
lelala: bets $6
MusicalClown: calls $6
*** RIVER *** [Kh Js Jd 4d] [8s]
MusicalClown: checks
lelala: bets $6
MusicalClown: calls $6
*** SHOW DOWN ***
lelala: shows [Td Ts] (two pair, Jacks and Tens)
MusicalClown: mucks hand
lelala collected $41.50 from pot
*** SUMMARY ***
Total pot $42 | Rake $0.50
Board [Kh Js Jd 4d 8s]
Seat 1: lelala (button) (small blind) showed [Td Ts] and won ($41.50) with two pair, Jacks and Tens
Seat 2: MusicalClown (big blind) mucked


PokerStars Hand #147090498285:  Hold'em Limit ($3/$6 USD) - 2016/01/15 14:06:58 ET
Table 'Mussorgskia' 6-max Seat #1 is the button
Seat 1: lelala ($98.79 in chips)
Seat 2: MusicalClown ($83.95 in chips)
lelala: posts small blind $1
MusicalClown: posts big blind $3
*** HOLE CARDS ***
lelala: folds
Uncalled bet ($2) returned to MusicalClown
MusicalClown collected $2 from pot
MusicalClown: doesn't show hand
*** SUMMARY ***
Total pot $2 | Rake $0
Seat 1: lelala (button) (small blind) folded before Flop
Seat 2: MusicalClown (big blind) collected ($2)


PokerStars Hand #147090479640:  Hold'em Limit ($3/$6 USD) - 2016/01/15 14:06:39 ET
Table 'Mussorgskia' 6-max Seat #2 is the button
Seat 1: lelala ($87.27 in chips)
Seat 2: MusicalClown ($95.95 in chips)
MusicalClown: posts small blind $1
lelala: posts big blind $3
*** HOLE CARDS ***
MusicalClown: raises $3 to $6
lelala: raises $3 to $9
MusicalClown: calls $3
*** FLOP *** [3h 3s 4c]
lelala: bets $3
MusicalClown: calls $3
*** TURN *** [3h 3s 4c] [Qh]
lelala: bets $6
MusicalClown: folds
Uncalled bet ($6) returned to lelala
lelala collected $23.52 from pot
*** SUMMARY ***
Total pot $24 | Rake $0.48
Board [3h 3s 4c Qh]
Seat 1: lelala (big blind) collected ($23.52)
Seat 2: MusicalClown (button) (small blind) folded on the Turn


PokerStars Hand #147090502762:  Hold'em Limit ($3/$6 USD) - 2016/01/15 14:07:02 ET
Table 'Mussorgskia' 6-max Seat #2 is the button
Seat 1: lelala ($97.79 in chips)
Seat 2: MusicalClown ($84.95 in chips)
MusicalClown: posts small blind $1
lelala: posts big blind $3
*** HOLE CARDS ***
MusicalClown: raises $3 to $6
lelala: folds
Uncalled bet ($3) returned to MusicalClown
MusicalClown collected $6 from pot
MusicalClown: doesn't show hand
*** SUMMARY ***
Total pot $6 | Rake $0
Seat 1: lelala (big blind) folded before Flop
Seat 2: MusicalClown (button) (small blind) collected ($6)


PokerStars Hand #147090518802:  Hold'em Limit ($3/$6 USD) - 2016/01/15 14:07:18 ET
Table 'Mussorgskia' 6-max Seat #2 is the button
Seat 1: lelala ($93.79 in chips)
Seat 2: MusicalClown ($88.95 in chips)
MusicalClown: posts small blind $1
lelala: posts big blind $3
*** HOLE CARDS ***
MusicalClown: raises $3 to $6
lelala: calls $3
*** FLOP *** [Kd Tc 3c]
lelala: checks
MusicalClown: bets $3
lelala: folds
Uncalled bet ($3) returned to MusicalClown
MusicalClown collected $11.76 from pot
MusicalClown: doesn't show hand
*** SUMMARY ***
Total pot $12 | Rake $0.24
Board [Kd Tc 3c]
Seat 1: lelala (big blind) folded on the Flop
Seat 2: MusicalClown (button) (small blind) collected ($11.76)


PokerStars Hand #147090511530:  Hold'em Limit ($3/$6 USD) - 2016/01/15 14:07:11 ET
Table 'Mussorgskia' 6-max Seat #1 is the button
Seat 1: lelala ($94.79 in chips)
Seat 2: MusicalClown ($87.95 in chips)
lelala: posts small blind $1
MusicalClown: posts big blind $3
*** HOLE CARDS ***
lelala: folds
Uncalled bet ($2) returned to MusicalClown
MusicalClown collected $2 from pot
MusicalClown: doesn't show hand
*** SUMMARY ***
Total pot $2 | Rake $0
Seat 1: lelala (button) (small blind) folded before Flop
Seat 2: MusicalClown (big blind) collected ($2)


PokerStars Hand #147090533898:  Hold'em Limit ($3/$6 USD) - 2016/01/15 14:07:34 ET
Table 'Mussorgskia' 6-max Seat #2 is the button
Seat 1: lelala ($86.79 in chips)
Seat 2: MusicalClown ($95.71 in chips)
MusicalClown: posts small blind $1
lelala: posts big blind $3
*** HOLE CARDS ***
MusicalClown: raises $3 to $6
lelala: calls $3
*** FLOP *** [Ac 5c 8s]
lelala: checks
MusicalClown: bets $3
lelala: raises $3 to $6
MusicalClown: calls $3
*** TURN *** [Ac 5c 8s] [4d]
lelala: bets $6
MusicalClown: raises $6 to $12
lelala: calls $6
*** RIVER *** [Ac 5c 8s 4d] [7c]
lelala: checks
MusicalClown: bets $6
lelala: folds
Uncalled bet ($6) returned to MusicalClown
MusicalClown collected $47.50 from pot
MusicalClown: doesn't show hand
*** SUMMARY ***
Total pot $48 | Rake $0.50
Board [Ac 5c 8s 4d 7c]
Seat 1: lelala (big blind) folded on the River
Seat 2: MusicalClown (button) (small blind) collected ($47.50)


PokerStars Hand #147090529318:  Hold'em Limit ($3/$6 USD) - 2016/01/15 14:07:29 ET
Table 'Mussorgskia' 6-max Seat #1 is the button
Seat 1: lelala ($87.79 in chips)
Seat 2: MusicalClown ($94.71 in chips)
lelala: posts small blind $1
MusicalClown: posts big blind $3
*** HOLE CARDS ***
lelala: folds
Uncalled bet ($2) returned to MusicalClown
MusicalClown collected $2 from pot
MusicalClown: doesn't show hand
*** SUMMARY ***
Total pot $2 | Rake $0
Seat 1: lelala (button) (small blind) folded before Flop
Seat 2: MusicalClown (big blind) collected ($2)


PokerStars Hand #147090557506:  Hold'em Limit ($3/$6 USD) - 2016/01/15 14:07:58 ET
Table 'Mussorgskia' 6-max Seat #1 is the button
Seat 1: lelala ($62.79 in chips)
Seat 2: MusicalClown ($119.21 in chips)
lelala: posts small blind $1
MusicalClown: posts big blind $3
*** HOLE CARDS ***
lelala: raises $3 to $6
MusicalClown: calls $3
*** FLOP *** [3s 4s 3d]
MusicalClown: checks
lelala: bets $3
MusicalClown: calls $3
*** TURN *** [3s 4s 3d] [2d]
MusicalClown: checks
lelala: bets $6
MusicalClown: raises $6 to $12
lelala: calls $6
*** RIVER *** [3s 4s 3d 2d] [Kc]
MusicalClown: bets $6
lelala: calls $6
*** SHOW DOWN ***
MusicalClown: shows [Js 4d] (two pair, Fours and Threes)
lelala: mucks hand
MusicalClown collected $53.50 from pot
*** SUMMARY ***
Total pot $54 | Rake $0.50
Board [3s 4s 3d 2d Kc]
Seat 1: lelala (button) (small blind) mucked
Seat 2: MusicalClown (big blind) showed [Js 4d] and won ($53.50) with two pair, Fours and Threes


