PokerStars Hand #169152743342:  Hold'em Limit ($3/$6 USD) - 2017/04/17 0:28:37 ET
Table 'Mussorgskia' 6-max Seat #1 is the button
Seat 1: kirste78 ($120 in chips)
Seat 2: TbIP-TbIP 88 ($72 in chips)
kirste78: posts small blind $1
TbIP-TbIP 88: posts big blind $3
*** HOLE CARDS ***
kirste78: raises $3 to $6
TbIP-TbIP 88: calls $3
*** FLOP *** [8s Tc Ad]
Chessnok joins the table at seat #3
TbIP-TbIP 88: checks
kirste78: bets $3
TbIP-TbIP 88: folds
Uncalled bet ($3) returned to kirste78
kirste78 collected $11.76 from pot
*** SUMMARY ***
Total pot $12 | Rake $0.24
Board [8s Tc Ad]
Seat 1: kirste78 (button) (small blind) collected ($11.76)
Seat 2: TbIP-TbIP 88 (big blind) folded on the Flop


PokerStars Hand #169152805052:  Hold'em Limit ($3/$6 USD) - 2017/04/17 0:32:37 ET
Table 'Mussorgskia' 6-max Seat #1 is the button
Seat 1: kirste78 ($163.85 in chips)
Seat 3: Chessnok ($60 in chips)
kirste78: posts small blind $1
TbIP-TbIP 88: is sitting out
Chessnok: posts big blind $3
*** HOLE CARDS ***
kirste78: folds
Uncalled bet ($2) returned to Chessnok
Chessnok collected $2 from pot
Chessnok: doesn't show hand
*** SUMMARY ***
Total pot $2 | Rake $0
Seat 1: kirste78 (button) (small blind) folded before Flop
Seat 3: Chessnok (big blind) collected ($2)


PokerStars Hand #169152809256:  Hold'em Limit ($3/$6 USD) - 2017/04/17 0:32:54 ET
Table 'Mussorgskia' 6-max Seat #3 is the button
Seat 1: kirste78 ($162.85 in chips)
Seat 3: Chessnok ($61 in chips)
Chessnok: posts small blind $1
kirste78: posts big blind $3
*** HOLE CARDS ***
Chessnok: raises $3 to $6
kirste78: calls $3
*** FLOP *** [2c 3d Th]
kirste78: bets $3
Chessnok: raises $3 to $6
kirste78: calls $3
*** TURN *** [2c 3d Th] [5h]
kirste78: bets $6
Chessnok: calls $6
*** RIVER *** [2c 3d Th 5h] [8c]
kirste78: bets $6
Chessnok: calls $6
*** SHOW DOWN ***
kirste78: shows [Ts 9c] (a pair of Tens)
Chessnok: mucks hand
kirste78 collected $47.50 from pot
*** SUMMARY ***
Total pot $48 | Rake $0.50
Board [2c 3d Th 5h 8c]
Seat 1: kirste78 (big blind) showed [Ts 9c] and won ($47.50) with a pair of Tens
Seat 3: Chessnok (button) (small blind) mucked


PokerStars Hand #169152806551:  Hold'em Limit ($3/$6 USD) - 2017/04/17 0:32:43 ET
Table 'Mussorgskia' 6-max Seat #3 is the button
Seat 1: kirste78 ($162.85 in chips)
Seat 3: Chessnok ($61 in chips)
Chessnok: posts small blind $1
kirste78: posts big blind $3
*** HOLE CARDS ***
Chessnok: folds
Uncalled bet ($2) returned to kirste78
kirste78 collected $2 from pot
*** SUMMARY ***
Total pot $2 | Rake $0
Seat 1: kirste78 (big blind) collected ($2)
Seat 3: Chessnok (button) (small blind) folded before Flop


PokerStars Hand #169152814970:  Hold'em Limit ($3/$6 USD) - 2017/04/17 0:33:16 ET
Table 'Mussorgskia' 6-max Seat #3 is the button
Seat 1: kirste78 ($185.35 in chips)
Seat 3: Chessnok ($61 in chips)
Chessnok: posts small blind $1
kirste78: posts big blind $3
*** HOLE CARDS ***
Chessnok: raises $3 to $6
kirste78: calls $3
*** FLOP *** [Jh Ac 5h]
kirste78: bets $3
Chessnok: folds
Uncalled bet ($3) returned to kirste78
kirste78 collected $11.76 from pot
*** SUMMARY ***
Total pot $12 | Rake $0.24
Board [Jh Ac 5h]
Seat 1: kirste78 (big blind) collected ($11.76)
Seat 3: Chessnok (button) (small blind) folded on the Flop


PokerStars Hand #169152813605:  Hold'em Limit ($3/$6 USD) - 2017/04/17 0:33:10 ET
Table 'Mussorgskia' 6-max Seat #1 is the button
Seat 1: kirste78 ($186.35 in chips)
Seat 3: Chessnok ($60 in chips)
kirste78: posts small blind $1
Chessnok: posts big blind $3
*** HOLE CARDS ***
kirste78: folds
Uncalled bet ($2) returned to Chessnok
Chessnok collected $2 from pot
Chessnok: doesn't show hand
*** SUMMARY ***
Total pot $2 | Rake $0
Seat 1: kirste78 (button) (small blind) folded before Flop
Seat 3: Chessnok (big blind) collected ($2)


PokerStars Hand #169152824971:  Hold'em Limit ($3/$6 USD) - 2017/04/17 0:33:55 ET
Table 'Mussorgskia' 6-max Seat #3 is the button
Seat 1: kirste78 ($214.61 in chips)
Seat 3: Chessnok ($60 in chips)
Chessnok: posts small blind $1
kirste78: posts big blind $3
*** HOLE CARDS ***
Chessnok: raises $3 to $6
kirste78: folds
Uncalled bet ($3) returned to Chessnok
Chessnok collected $6 from pot
Chessnok: doesn't show hand
*** SUMMARY ***
Total pot $6 | Rake $0
Seat 1: kirste78 (big blind) folded before Flop
Seat 3: Chessnok (button) (small blind) collected ($6)


PokerStars Hand #169152818295:  Hold'em Limit ($3/$6 USD) - 2017/04/17 0:33:29 ET
Table 'Mussorgskia' 6-max Seat #1 is the button
Seat 1: kirste78 ($191.11 in chips)
Seat 3: Chessnok ($60 in chips)
kirste78: posts small blind $1
Chessnok: posts big blind $3
*** HOLE CARDS ***
kirste78: calls $2
Chessnok: raises $3 to $6
kirste78: calls $3
*** FLOP *** [Qh 3h 9c]
Chessnok: bets $3
kirste78: raises $3 to $6
Chessnok: calls $3
*** TURN *** [Qh 3h 9c] [4c]
Chessnok: checks
kirste78: bets $6
Chessnok: calls $6
*** RIVER *** [Qh 3h 9c 4c] [6c]
Chessnok: checks
kirste78: bets $6
Chessnok: calls $6
*** SHOW DOWN ***
kirste78: shows [Ts Qd] (a pair of Queens)
Chessnok: mucks hand
kirste78 collected $47.50 from pot
*** SUMMARY ***
Total pot $48 | Rake $0.50
Board [Qh 3h 9c 4c 6c]
Seat 1: kirste78 (button) (small blind) showed [Ts Qd] and won ($47.50) with a pair of Queens
Seat 3: Chessnok (big blind) mucked


PokerStars Hand #169152841151:  Hold'em Limit ($3/$6 USD) - 2017/04/17 0:34:59 ET
Table 'Mussorgskia' 6-max Seat #3 is the button
Seat 1: kirste78 ($193.37 in chips)
Seat 3: Chessnok ($80.26 in chips)
Chessnok: posts small blind $1
kirste78: posts big blind $3
*** HOLE CARDS ***
Chessnok: folds
Uncalled bet ($2) returned to kirste78
kirste78 collected $2 from pot
*** SUMMARY ***
Total pot $2 | Rake $0
Seat 1: kirste78 (big blind) collected ($2)
Seat 3: Chessnok (button) (small blind) folded before Flop


PokerStars Hand #169152836278:  Hold'em Limit ($3/$6 USD) - 2017/04/17 0:34:40 ET
Table 'Mussorgskia' 6-max Seat #1 is the button
Seat 1: kirste78 ($211.37 in chips)
Seat 3: Chessnok ($62.76 in chips)
kirste78: posts small blind $1
Chessnok: posts big blind $3
*** HOLE CARDS ***
kirste78: raises $3 to $6
Chessnok: raises $3 to $9
kirste78: calls $3
*** FLOP *** [3c 8d 9d]
Chessnok: bets $3
kirste78: calls $3
*** TURN *** [3c 8d 9d] [Jd]
Chessnok: checks
kirste78: checks
*** RIVER *** [3c 8d 9d Jd] [6c]
Chessnok: bets $6
kirste78: calls $6
*** SHOW DOWN ***
Chessnok: shows [8h Qh] (a pair of Eights)
kirste78: mucks hand
Chessnok collected $35.50 from pot
*** SUMMARY ***
Total pot $36 | Rake $0.50
Board [3c 8d 9d Jd 6c]
Seat 1: kirste78 (button) (small blind) mucked
Seat 3: Chessnok (big blind) showed [8h Qh] and won ($35.50) with a pair of Eights


PokerStars Hand #169152842492:  Hold'em Limit ($3/$6 USD) - 2017/04/17 0:35:04 ET
Table 'Mussorgskia' 6-max Seat #1 is the button
Seat 1: kirste78 ($194.37 in chips)
Seat 3: Chessnok ($79.26 in chips)
kirste78: posts small blind $1
Chessnok: posts big blind $3
*** HOLE CARDS ***
kirste78: folds
Uncalled bet ($2) returned to Chessnok
Chessnok collected $2 from pot
Chessnok: doesn't show hand
*** SUMMARY ***
Total pot $2 | Rake $0
Seat 1: kirste78 (button) (small blind) folded before Flop
Seat 3: Chessnok (big blind) collected ($2)


PokerStars Hand #169152834854:  Hold'em Limit ($3/$6 USD) - 2017/04/17 0:34:34 ET
Table 'Mussorgskia' 6-max Seat #3 is the button
Seat 1: kirste78 ($210.37 in chips)
Seat 3: Chessnok ($63.76 in chips)
Chessnok: posts small blind $1
kirste78: posts big blind $3
*** HOLE CARDS ***
Chessnok: folds
Uncalled bet ($2) returned to kirste78
kirste78 collected $2 from pot
*** SUMMARY ***
Total pot $2 | Rake $0
Seat 1: kirste78 (big blind) collected ($2)
Seat 3: Chessnok (button) (small blind) folded before Flop


PokerStars Hand #169152833424:  Hold'em Limit ($3/$6 USD) - 2017/04/17 0:34:28 ET
Table 'Mussorgskia' 6-max Seat #1 is the button
Seat 1: kirste78 ($211.37 in chips)
Seat 3: Chessnok ($62.76 in chips)
kirste78: posts small blind $1
Chessnok: posts big blind $3
*** HOLE CARDS ***
kirste78: folds
Uncalled bet ($2) returned to Chessnok
Chessnok collected $2 from pot
Chessnok: doesn't show hand
*** SUMMARY ***
Total pot $2 | Rake $0
Seat 1: kirste78 (button) (small blind) folded before Flop
Seat 3: Chessnok (big blind) collected ($2)


PokerStars Hand #169152831149:  Hold'em Limit ($3/$6 USD) - 2017/04/17 0:34:19 ET
Table 'Mussorgskia' 6-max Seat #3 is the button
Seat 1: kirste78 ($205.61 in chips)
Seat 3: Chessnok ($68.76 in chips)
Chessnok: posts small blind $1
kirste78: posts big blind $3
*** HOLE CARDS ***
Chessnok: raises $3 to $6
kirste78: calls $3
*** FLOP *** [Kc 8d Tc]
kirste78: bets $3
Chessnok: folds
Uncalled bet ($3) returned to kirste78
kirste78 collected $11.76 from pot
*** SUMMARY ***
Total pot $12 | Rake $0.24
Board [Kc 8d Tc]
Seat 1: kirste78 (big blind) collected ($11.76)
Seat 3: Chessnok (button) (small blind) folded on the Flop


PokerStars Hand #169152827560:  Hold'em Limit ($3/$6 USD) - 2017/04/17 0:34:05 ET
Table 'Mussorgskia' 6-max Seat #1 is the button
Seat 1: kirste78 ($211.61 in chips)
Seat 3: Chessnok ($63 in chips)
kirste78: posts small blind $1
Chessnok: posts big blind $3
*** HOLE CARDS ***
kirste78: calls $2
Chessnok: checks
*** FLOP *** [2c Qc 6h]
Chessnok: bets $3
kirste78: calls $3
*** TURN *** [2c Qc 6h] [8h]
Chessnok: bets $6
kirste78: folds
Uncalled bet ($6) returned to Chessnok
Chessnok collected $11.76 from pot
Chessnok: doesn't show hand
*** SUMMARY ***
Total pot $12 | Rake $0.24
Board [2c Qc 6h 8h]
Seat 1: kirste78 (button) (small blind) folded on the Turn
Seat 3: Chessnok (big blind) collected ($11.76)


PokerStars Hand #169152851349:  Hold'em Limit ($3/$6 USD) - 2017/04/17 0:35:39 ET
Table 'Mussorgskia' 6-max Seat #3 is the button
Seat 1: kirste78 ($163.37 in chips)
Seat 3: Chessnok ($109.76 in chips)
Chessnok: posts small blind $1
kirste78: posts big blind $3
*** HOLE CARDS ***
Chessnok: raises $3 to $6
kirste78: calls $3
*** FLOP *** [As 4d 3s]
kirste78: checks
Chessnok: bets $3
kirste78: raises $3 to $6
Chessnok: calls $3
*** TURN *** [As 4d 3s] [6d]
kirste78: bets $6
Chessnok: calls $6
*** RIVER *** [As 4d 3s 6d] [5c]
kirste78: bets $6
Chessnok: raises $6 to $12
kirste78: raises $6 to $18
Chessnok: raises $6 to $24
Betting is capped
kirste78: calls $6
*** SHOW DOWN ***
Chessnok: shows [7d Ad] (a straight, Three to Seven)
kirste78: mucks hand
Chessnok collected $83.50 from pot
*** SUMMARY ***
Total pot $84 | Rake $0.50
Board [As 4d 3s 6d 5c]
Seat 1: kirste78 (big blind) mucked
Seat 3: Chessnok (button) (small blind) showed [7d Ad] and won ($83.50) with a straight, Three to Seven


PokerStars Hand #169152845577:  Hold'em Limit ($3/$6 USD) - 2017/04/17 0:35:16 ET
Table 'Mussorgskia' 6-max Seat #1 is the button
Seat 1: kirste78 ($190.37 in chips)
Seat 3: Chessnok ($83.26 in chips)
kirste78: posts small blind $1
Chessnok: posts big blind $3
*** HOLE CARDS ***
kirste78: calls $2
Chessnok: raises $3 to $6
kirste78: calls $3
*** FLOP *** [4s 7c 2c]
Chessnok: bets $3
kirste78: raises $3 to $6
Chessnok: raises $3 to $9
kirste78: calls $3
*** TURN *** [4s 7c 2c] [Qd]
Chessnok: bets $6
kirste78: calls $6
*** RIVER *** [4s 7c 2c Qd] [9c]
Chessnok: checks
kirste78: bets $6
Chessnok: calls $6
*** SHOW DOWN ***
kirste78: shows [2h Kc] (a pair of Deuces)
Chessnok: shows [8c 7s] (a pair of Sevens)
Chessnok collected $53.50 from pot
*** SUMMARY ***
Total pot $54 | Rake $0.50
Board [4s 7c 2c Qd 9c]
Seat 1: kirste78 (button) (small blind) showed [2h Kc] and lost with a pair of Deuces
Seat 3: Chessnok (big blind) showed [8c 7s] and won ($53.50) with a pair of Sevens


PokerStars Hand #169152843915:  Hold'em Limit ($3/$6 USD) - 2017/04/17 0:35:09 ET
Table 'Mussorgskia' 6-max Seat #3 is the button
Seat 1: kirste78 ($193.37 in chips)
Seat 3: Chessnok ($80.26 in chips)
Chessnok: posts small blind $1
kirste78: posts big blind $3
*** HOLE CARDS ***
Chessnok: raises $3 to $6
kirste78: folds
Uncalled bet ($3) returned to Chessnok
Chessnok collected $6 from pot
Chessnok: doesn't show hand
*** SUMMARY ***
Total pot $6 | Rake $0
Seat 1: kirste78 (big blind) folded before Flop
Seat 3: Chessnok (button) (small blind) collected ($6)


PokerStars Hand #169152872211:  Hold'em Limit ($3/$6 USD) - 2017/04/17 0:37:00 ET
Table 'Mussorgskia' 6-max Seat #3 is the button
Seat 1: kirste78 ($66.37 in chips)
Seat 3: Chessnok ($205.26 in chips)
Chessnok: posts small blind $1
kirste78: posts big blind $3
*** HOLE CARDS ***
Chessnok: raises $3 to $6
kirste78: raises $3 to $9
Chessnok: calls $3
*** FLOP *** [Tc Jd Th]
kirste78: bets $3
Chessnok: folds
Uncalled bet ($3) returned to kirste78
kirste78 collected $17.64 from pot
*** SUMMARY ***
Total pot $18 | Rake $0.36
Board [Tc Jd Th]
Seat 1: kirste78 (big blind) collected ($17.64)
Seat 3: Chessnok (button) (small blind) folded on the Flop


PokerStars Hand #169152864565:  Hold'em Limit ($3/$6 USD) - 2017/04/17 0:36:30 ET
Table 'Mussorgskia' 6-max Seat #3 is the button
Seat 1: kirste78 ($97.37 in chips)
Seat 3: Chessnok ($174.76 in chips)
Chessnok: posts small blind $1
kirste78: posts big blind $3
*** HOLE CARDS ***
Chessnok: raises $3 to $6
kirste78: raises $3 to $9
Chessnok: calls $3
*** FLOP *** [6c Td 5s]
kirste78: checks
Chessnok: bets $3
kirste78: calls $3
*** TURN *** [6c Td 5s] [Th]
kirste78: checks
Chessnok: bets $6
kirste78: raises $6 to $12
Chessnok: raises $6 to $18
kirste78: calls $6
*** RIVER *** [6c Td 5s Th] [5h]
kirste78: checks
Chessnok: bets $6
kirste78: folds
Uncalled bet ($6) returned to Chessnok
Chessnok collected $59.50 from pot
Chessnok: doesn't show hand
*** SUMMARY ***
Total pot $60 | Rake $0.50
Board [6c Td 5s Th 5h]
Seat 1: kirste78 (big blind) folded on the River
Seat 3: Chessnok (button) (small blind) collected ($59.50)


PokerStars Hand #169152870852:  Hold'em Limit ($3/$6 USD) - 2017/04/17 0:36:55 ET
Table 'Mussorgskia' 6-max Seat #1 is the button
Seat 1: kirste78 ($67.37 in chips)
Seat 3: Chessnok ($204.26 in chips)
kirste78: posts small blind $1
Chessnok: posts big blind $3
*** HOLE CARDS ***
kirste78: folds
Uncalled bet ($2) returned to Chessnok
Chessnok collected $2 from pot
Chessnok: doesn't show hand
*** SUMMARY ***
Total pot $2 | Rake $0
Seat 1: kirste78 (button) (small blind) folded before Flop
Seat 3: Chessnok (big blind) collected ($2)


PokerStars Hand #169152857297:  Hold'em Limit ($3/$6 USD) - 2017/04/17 0:36:02 ET
Table 'Mussorgskia' 6-max Seat #1 is the button
Seat 1: kirste78 ($121.37 in chips)
Seat 3: Chessnok ($151.26 in chips)
kirste78: posts small blind $1
Chessnok: posts big blind $3
*** HOLE CARDS ***
kirste78: calls $2
Chessnok: checks
*** FLOP *** [6d Ac Qc]
Chessnok: checks
kirste78: bets $3
Chessnok: calls $3
*** TURN *** [6d Ac Qc] [Kd]
Chessnok: checks
kirste78: bets $6
Chessnok: raises $6 to $12
kirste78: calls $6
*** RIVER *** [6d Ac Qc Kd] [3c]
Chessnok: bets $6
kirste78: calls $6
*** SHOW DOWN ***
Chessnok: shows [5s Kh] (a pair of Kings)
kirste78: mucks hand
Chessnok collected $47.50 from pot
*** SUMMARY ***
Total pot $48 | Rake $0.50
Board [6d Ac Qc Kd 3c]
Seat 1: kirste78 (button) (small blind) mucked
Seat 3: Chessnok (big blind) showed [5s Kh] and won ($47.50) with a pair of Kings


PokerStars Hand #169152874864:  Hold'em Limit ($3/$6 USD) - 2017/04/17 0:37:10 ET
Table 'Mussorgskia' 6-max Seat #1 is the button
Seat 1: kirste78 ($75.01 in chips)
Seat 3: Chessnok ($196.26 in chips)
kirste78: posts small blind $1
Chessnok: posts big blind $3
*** HOLE CARDS ***
kirste78: raises $3 to $6
Chessnok: calls $3
*** FLOP *** [Qd 8h 6c]
Chessnok: checks
kirste78: bets $3
Chessnok: calls $3
*** TURN *** [Qd 8h 6c] [6d]
Chessnok: checks
kirste78: bets $6
Chessnok: calls $6
*** RIVER *** [Qd 8h 6c 6d] [4c]
Chessnok: checks
kirste78: bets $6
Chessnok: folds
Uncalled bet ($6) returned to kirste78
kirste78 collected $29.50 from pot
*** SUMMARY ***
Total pot $30 | Rake $0.50
Board [Qd 8h 6c 6d 4c]
Seat 1: kirste78 (button) (small blind) collected ($29.50)
Seat 3: Chessnok (big blind) folded on the River


PokerStars Hand #169152887080:  Hold'em Limit ($3/$6 USD) - 2017/04/17 0:37:58 ET
Table 'Mussorgskia' 6-max Seat #1 is the button
Seat 1: kirste78 ($101.03 in chips)
Seat 3: Chessnok ($169.26 in chips)
kirste78: posts small blind $1
Chessnok: posts big blind $3
*** HOLE CARDS ***
kirste78: folds
Uncalled bet ($2) returned to Chessnok
Chessnok collected $2 from pot
Chessnok: doesn't show hand
*** SUMMARY ***
Total pot $2 | Rake $0
Seat 1: kirste78 (button) (small blind) folded before Flop
Seat 3: Chessnok (big blind) collected ($2)


PokerStars Hand #169152885127:  Hold'em Limit ($3/$6 USD) - 2017/04/17 0:37:50 ET
Table 'Mussorgskia' 6-max Seat #3 is the button
Seat 1: kirste78 ($100.03 in chips)
Seat 3: Chessnok ($170.26 in chips)
Chessnok: posts small blind $1
kirste78: posts big blind $3
*** HOLE CARDS ***
Chessnok: folds
Uncalled bet ($2) returned to kirste78
kirste78 collected $2 from pot
*** SUMMARY ***
Total pot $2 | Rake $0
Seat 1: kirste78 (big blind) collected ($2)
Seat 3: Chessnok (button) (small blind) folded before Flop


PokerStars Hand #169152878882:  Hold'em Limit ($3/$6 USD) - 2017/04/17 0:37:26 ET
Table 'Mussorgskia' 6-max Seat #3 is the button
Seat 1: kirste78 ($89.51 in chips)
Seat 3: Chessnok ($181.26 in chips)
Chessnok: posts small blind $1
kirste78: posts big blind $3
*** HOLE CARDS ***
Chessnok: raises $3 to $6
kirste78: calls $3
*** FLOP *** [9c 8c 7d]
kirste78: checks
Chessnok: checks
*** TURN *** [9c 8c 7d] [8d]
kirste78: checks
Chessnok: bets $6
kirste78: calls $6
*** RIVER *** [9c 8c 7d 8d] [Js]
kirste78: bets $6
Chessnok: folds
Uncalled bet ($6) returned to kirste78
kirste78 collected $23.52 from pot
*** SUMMARY ***
Total pot $24 | Rake $0.48
Board [9c 8c 7d 8d Js]
Seat 1: kirste78 (big blind) collected ($23.52)
Seat 3: Chessnok (button) (small blind) folded on the River


PokerStars Hand #169152883710:  Hold'em Limit ($3/$6 USD) - 2017/04/17 0:37:45 ET
Table 'Mussorgskia' 6-max Seat #1 is the button
Seat 1: kirste78 ($101.03 in chips)
Seat 3: Chessnok ($169.26 in chips)
kirste78: posts small blind $1
Chessnok: posts big blind $3
*** HOLE CARDS ***
kirste78: folds
Uncalled bet ($2) returned to Chessnok
Chessnok collected $2 from pot
Chessnok: doesn't show hand
*** SUMMARY ***
Total pot $2 | Rake $0
Seat 1: kirste78 (button) (small blind) folded before Flop
Seat 3: Chessnok (big blind) collected ($2)


PokerStars Hand #169152903524:  Hold'em Limit ($3/$6 USD) - 2017/04/17 0:39:02 ET
Table 'Mussorgskia' 6-max Seat #1 is the button
Seat 1: kirste78 ($79.67 in chips)
Seat 3: Chessnok ($189.76 in chips)
kirste78: posts small blind $1
Chessnok: posts big blind $3
*** HOLE CARDS ***
kirste78: folds
Uncalled bet ($2) returned to Chessnok
Chessnok collected $2 from pot
Chessnok: doesn't show hand
*** SUMMARY ***
Total pot $2 | Rake $0
Seat 1: kirste78 (button) (small blind) folded before Flop
Seat 3: Chessnok (big blind) collected ($2)


PokerStars Hand #169152895816:  Hold'em Limit ($3/$6 USD) - 2017/04/17 0:38:32 ET
Table 'Mussorgskia' 6-max Seat #3 is the button
Seat 1: kirste78 ($103.67 in chips)
Seat 3: Chessnok ($166.26 in chips)
Chessnok: posts small blind $1
kirste78: posts big blind $3
*** HOLE CARDS ***
Chessnok: raises $3 to $6
kirste78: calls $3
*** FLOP *** [7d 9s 4c]
kirste78: checks
Chessnok: bets $3
kirste78: raises $3 to $6
Chessnok: calls $3
*** TURN *** [7d 9s 4c] [8h]
kirste78: bets $6
Chessnok: calls $6
*** RIVER *** [7d 9s 4c 8h] [Qs]
kirste78: bets $6
Chessnok: raises $6 to $12
kirste78: folds
Uncalled bet ($6) returned to Chessnok
Chessnok collected $47.50 from pot
Chessnok: doesn't show hand
*** SUMMARY ***
Total pot $48 | Rake $0.50
Board [7d 9s 4c 8h Qs]
Seat 1: kirste78 (big blind) folded on the River
Seat 3: Chessnok (button) (small blind) collected ($47.50)


PokerStars Hand #169152902166:  Hold'em Limit ($3/$6 USD) - 2017/04/17 0:38:57 ET
Table 'Mussorgskia' 6-max Seat #3 is the button
Seat 1: kirste78 ($78.67 in chips)
Seat 3: Chessnok ($190.76 in chips)
Chessnok: posts small blind $1
kirste78: posts big blind $3
*** HOLE CARDS ***
Chessnok: folds
Uncalled bet ($2) returned to kirste78
kirste78 collected $2 from pot
*** SUMMARY ***
Total pot $2 | Rake $0
Seat 1: kirste78 (big blind) collected ($2)
Seat 3: Chessnok (button) (small blind) folded before Flop


PokerStars Hand #169152900786:  Hold'em Limit ($3/$6 USD) - 2017/04/17 0:38:52 ET
Table 'Mussorgskia' 6-max Seat #1 is the button
Seat 1: kirste78 ($79.67 in chips)
Seat 3: Chessnok ($189.76 in chips)
kirste78: posts small blind $1
Chessnok: posts big blind $3
*** HOLE CARDS ***
kirste78: folds
Uncalled bet ($2) returned to Chessnok
Chessnok collected $2 from pot
Chessnok: doesn't show hand
*** SUMMARY ***
Total pot $2 | Rake $0
Seat 1: kirste78 (button) (small blind) folded before Flop
Seat 3: Chessnok (big blind) collected ($2)


PokerStars Hand #169152894451:  Hold'em Limit ($3/$6 USD) - 2017/04/17 0:38:27 ET
Table 'Mussorgskia' 6-max Seat #1 is the button
Seat 1: kirste78 ($104.67 in chips)
Seat 3: Chessnok ($165.26 in chips)
kirste78: posts small blind $1
Chessnok: posts big blind $3
*** HOLE CARDS ***
kirste78: folds
Uncalled bet ($2) returned to Chessnok
Chessnok collected $2 from pot
Chessnok: doesn't show hand
*** SUMMARY ***
Total pot $2 | Rake $0
Seat 1: kirste78 (button) (small blind) folded before Flop
Seat 3: Chessnok (big blind) collected ($2)


PokerStars Hand #169152892969:  Hold'em Limit ($3/$6 USD) - 2017/04/17 0:38:21 ET
Table 'Mussorgskia' 6-max Seat #3 is the button
Seat 1: kirste78 ($107.67 in chips)
Seat 3: Chessnok ($162.26 in chips)
Chessnok: posts small blind $1
kirste78: posts big blind $3
*** HOLE CARDS ***
Chessnok: raises $3 to $6
kirste78: folds
Uncalled bet ($3) returned to Chessnok
Chessnok collected $6 from pot
Chessnok: doesn't show hand
*** SUMMARY ***
Total pot $6 | Rake $0
Seat 1: kirste78 (big blind) folded before Flop
Seat 3: Chessnok (button) (small blind) collected ($6)


PokerStars Hand #169152891462:  Hold'em Limit ($3/$6 USD) - 2017/04/17 0:38:15 ET
Table 'Mussorgskia' 6-max Seat #1 is the button
Seat 1: kirste78 ($108.67 in chips)
Seat 3: Chessnok ($161.26 in chips)
kirste78: posts small blind $1
Chessnok: posts big blind $3
*** HOLE CARDS ***
kirste78: folds
Uncalled bet ($2) returned to Chessnok
Chessnok collected $2 from pot
Chessnok: doesn't show hand
*** SUMMARY ***
Total pot $2 | Rake $0
Seat 1: kirste78 (button) (small blind) folded before Flop
Seat 3: Chessnok (big blind) collected ($2)


PokerStars Hand #169152904990:  Hold'em Limit ($3/$6 USD) - 2017/04/17 0:39:08 ET
Table 'Mussorgskia' 6-max Seat #3 is the button
Seat 1: kirste78 ($78.67 in chips)
Seat 3: Chessnok ($190.76 in chips)
Chessnok: posts small blind $1
kirste78: posts big blind $3
*** HOLE CARDS ***
Chessnok: raises $3 to $6
kirste78: calls $3
*** FLOP *** [3h Td 5c]
kirste78: checks
Chessnok: bets $3
kirste78: calls $3
*** TURN *** [3h Td 5c] [Kh]
kirste78: bets $6
Chessnok: calls $6
*** RIVER *** [3h Td 5c Kh] [Th]
kirste78: bets $6
Chessnok: calls $6
*** SHOW DOWN ***
kirste78: shows [Qh 8s] (a pair of Tens)
Chessnok: shows [4h 4d] (two pair, Tens and Fours)
Chessnok collected $41.50 from pot
*** SUMMARY ***
Total pot $42 | Rake $0.50
Board [3h Td 5c Kh Th]
Seat 1: kirste78 (big blind) showed [Qh 8s] and lost with a pair of Tens
Seat 3: Chessnok (button) (small blind) showed [4h 4d] and won ($41.50) with two pair, Tens and Fours


PokerStars Hand #169152909488:  Hold'em Limit ($3/$6 USD) - 2017/04/17 0:39:26 ET
Table 'Mussorgskia' 6-max Seat #1 is the button
Seat 1: kirste78 ($57.67 in chips)
Seat 3: Chessnok ($211.26 in chips)
kirste78: posts small blind $1
Chessnok: posts big blind $3
*** HOLE CARDS ***
kirste78: folds
Uncalled bet ($2) returned to Chessnok
Chessnok collected $2 from pot
Chessnok: doesn't show hand
kirste78 leaves the table
*** SUMMARY ***
Total pot $2 | Rake $0
Seat 1: kirste78 (button) (small blind) folded before Flop
Seat 3: Chessnok (big blind) collected ($2)


