PokerStars Hand #149588869424:  Hold'em Limit ($3/$6 USD) - 2016/02/28 19:01:07 ET
Table 'Myrrha II' 6-max Seat #3 is the button
Seat 3: Chessnok ($77.69 in chips)
Seat 6: siliciom ($115.02 in chips)
Chessnok: posts small blind $1
wkfatboy: is sitting out
siliciom: posts big blind $3
*** HOLE CARDS ***
wkfatboy leaves the table
Chessnok: folds
Uncalled bet ($2) returned to siliciom
siliciom collected $2 from pot
siliciom: doesn't show hand
*** SUMMARY ***
Total pot $2 | Rake $0
Seat 3: Chessnok (button) (small blind) folded before Flop
Seat 6: siliciom (big blind) collected ($2)


PokerStars Hand #149594192423:  Hold'em Limit ($3/$6 USD) - 2016/02/28 21:47:32 ET
Table 'Myrrha II' 6-max Seat #3 is the button
Seat 3: Snuffymo ($39.93 in chips)
Seat 4: $i1ver ($102.17 in chips)
Snuffymo: posts small blind $1
$i1ver: posts big blind $3
*** HOLE CARDS ***
Snuffymo: raises $3 to $6
$i1ver: folds
Uncalled bet ($3) returned to Snuffymo
$i1ver leaves the table
Snuffymo collected $6 from pot
Snuffymo: doesn't show hand
*** SUMMARY ***
Total pot $6 | Rake $0
Seat 3: Snuffymo (button) (small blind) collected ($6)
Seat 4: $i1ver (big blind) folded before Flop


PokerStars Hand #149594185088:  Hold'em Limit ($3/$6 USD) - 2016/02/28 21:47:14 ET
Table 'Myrrha II' 6-max Seat #4 is the button
Seat 3: Snuffymo ($66.93 in chips)
Seat 4: $i1ver ($75.67 in chips)
$i1ver: posts small blind $1
Snuffymo: posts big blind $3
*** HOLE CARDS ***
$i1ver: calls $2
Snuffymo: raises $3 to $6
$i1ver: calls $3
*** FLOP *** [7c 7h 5c]
Snuffymo: bets $3
$i1ver: calls $3
*** TURN *** [7c 7h 5c] [Tc]
Snuffymo: bets $6
$i1ver: raises $6 to $12
Snuffymo: calls $6
*** RIVER *** [7c 7h 5c Tc] [9s]
Snuffymo: checks
$i1ver: bets $6
Snuffymo: calls $6
*** SHOW DOWN ***
$i1ver: shows [7s 4s] (three of a kind, Sevens)
Snuffymo: mucks hand
$i1ver collected $53.50 from pot
*** SUMMARY ***
Total pot $54 | Rake $0.50
Board [7c 7h 5c Tc 9s]
Seat 3: Snuffymo (big blind) mucked
Seat 4: $i1ver (button) (small blind) showed [7s 4s] and won ($53.50) with three of a kind, Sevens


PokerStars Hand #149594182801:  Hold'em Limit ($3/$6 USD) - 2016/02/28 21:47:08 ET
Table 'Myrrha II' 6-max Seat #3 is the button
Seat 3: Snuffymo ($67.93 in chips)
Seat 4: $i1ver ($74.67 in chips)
Snuffymo: posts small blind $1
$i1ver: posts big blind $3
*** HOLE CARDS ***
Snuffymo: folds
Uncalled bet ($2) returned to $i1ver
$i1ver collected $2 from pot
$i1ver: doesn't show hand
*** SUMMARY ***
Total pot $2 | Rake $0
Seat 3: Snuffymo (button) (small blind) folded before Flop
Seat 4: $i1ver (big blind) collected ($2)


PokerStars Hand #149594291950:  Hold'em Limit ($3/$6 USD) - 2016/02/28 21:51:43 ET
Table 'Myrrha II' 6-max Seat #3 is the button
Seat 3: Snuffymo ($47.58 in chips)
Seat 4: LifeisagameX ($65.76 in chips)
Snuffymo: posts small blind $1
LifeisagameX: posts big blind $3
*** HOLE CARDS ***
Snuffymo: folds
Uncalled bet ($2) returned to LifeisagameX
LifeisagameX collected $2 from pot
LifeisagameX: doesn't show hand
*** SUMMARY ***
Total pot $2 | Rake $0
Seat 3: Snuffymo (button) (small blind) folded before Flop
Seat 4: LifeisagameX (big blind) collected ($2)


PokerStars Hand #149594281477:  Hold'em Limit ($3/$6 USD) - 2016/02/28 21:51:17 ET
Table 'Myrrha II' 6-max Seat #4 is the button
Seat 3: Snuffymo ($53.58 in chips)
Seat 4: LifeisagameX ($60 in chips)
LifeisagameX: posts small blind $1
Snuffymo: posts big blind $3
*** HOLE CARDS ***
LifeisagameX: raises $3 to $6
Snuffymo: calls $3
*** FLOP *** [4d Jc 4c]
Snuffymo: checks
LifeisagameX: bets $3
Snuffymo: folds
Uncalled bet ($3) returned to LifeisagameX
LifeisagameX collected $11.76 from pot
LifeisagameX: doesn't show hand
*** SUMMARY ***
Total pot $12 | Rake $0.24
Board [4d Jc 4c]
Seat 3: Snuffymo (big blind) folded on the Flop
Seat 4: LifeisagameX (button) (small blind) collected ($11.76)


PokerStars Hand #149594294591:  Hold'em Limit ($3/$6 USD) - 2016/02/28 21:51:50 ET
Table 'Myrrha II' 6-max Seat #4 is the button
Seat 3: Snuffymo ($46.58 in chips)
Seat 4: LifeisagameX ($66.76 in chips)
LifeisagameX: posts small blind $1
Snuffymo: posts big blind $3
*** HOLE CARDS ***
LifeisagameX: raises $3 to $6
Snuffymo: calls $3
*** FLOP *** [9c 6d Js]
Snuffymo: checks
LifeisagameX: bets $3
Snuffymo: raises $3 to $6
LifeisagameX: calls $3
*** TURN *** [9c 6d Js] [6s]
Snuffymo: bets $6
LifeisagameX: raises $6 to $12
Snuffymo: calls $6
*** RIVER *** [9c 6d Js 6s] [4s]
Snuffymo: checks
LifeisagameX: bets $6
Snuffymo: raises $6 to $12
LifeisagameX: raises $6 to $18
Snuffymo: raises $4.58 to $22.58 and is all-in
Betting is capped
LifeisagameX: calls $4.58
*** SHOW DOWN ***
Snuffymo: shows [3s Ks] (a flush, King high)
LifeisagameX: shows [6h Jh] (a full house, Sixes full of Jacks)
LifeisagameX collected $92.66 from pot
*** SUMMARY ***
Total pot $93.16 | Rake $0.50
Board [9c 6d Js 6s 4s]
Seat 3: Snuffymo (big blind) showed [3s Ks] and lost with a flush, King high
Seat 4: LifeisagameX (button) (small blind) showed [6h Jh] and won ($92.66) with a full house, Sixes full of Jacks


