PokerStars Hand #149580673678:  Hold'em Limit ($3/$6 USD) - 2016/02/28 16:30:56 ET
Table 'Myrrha II' 6-max Seat #4 is the button
Seat 3: minigus575 ($107.37 in chips)
Seat 4: REZOLUTION84 ($60 in chips)
REZOLUTION84: posts small blind $1
anetkaapro: is sitting out
minigus575: posts big blind $3
*** HOLE CARDS ***
REZOLUTION84: raises $3 to $6
minigus575: raises $3 to $9
REZOLUTION84: calls $3
*** FLOP *** [3h Ac 9d]
minigus575: bets $3
REZOLUTION84: folds
Uncalled bet ($3) returned to minigus575
minigus575 collected $17.64 from pot
minigus575: doesn't show hand
FaStBluff joins the table at seat #5
*** SUMMARY ***
Total pot $18 | Rake $0.36
Board [3h Ac 9d]
Seat 3: minigus575 (big blind) collected ($17.64)
Seat 4: REZOLUTION84 (button) (small blind) folded on the Flop


PokerStars Hand #149580681175:  Hold'em Limit ($3/$6 USD) - 2016/02/28 16:31:04 ET
Table 'Myrrha II' 6-max Seat #3 is the button
Seat 3: minigus575 ($116.01 in chips)
Seat 4: REZOLUTION84 ($60 in chips)
minigus575: posts small blind $1
REZOLUTION84: posts big blind $3
*** HOLE CARDS ***
minigus575: raises $3 to $6
REZOLUTION84: calls $3
*** FLOP *** [As Td 6h]
REZOLUTION84: checks
minigus575: bets $3
REZOLUTION84: calls $3
*** TURN *** [As Td 6h] [5h]
REZOLUTION84: checks
minigus575: bets $6
REZOLUTION84: folds
Uncalled bet ($6) returned to minigus575
minigus575 collected $17.64 from pot
minigus575: doesn't show hand
*** SUMMARY ***
Total pot $18 | Rake $0.36
Board [As Td 6h 5h]
Seat 3: minigus575 (button) (small blind) collected ($17.64)
Seat 4: REZOLUTION84 (big blind) folded on the Turn


PokerStars Hand #149580852588:  Hold'em Limit ($3/$6 USD) - 2016/02/28 16:33:46 ET
Table 'Myrrha II' 6-max Seat #3 is the button
Seat 3: minigus575 ($88.87 in chips)
Seat 4: REZOLUTION84 ($149.24 in chips)
minigus575: posts small blind $1
REZOLUTION84: posts big blind $3
*** HOLE CARDS ***
minigus575: raises $3 to $6
REZOLUTION84: calls $3
*** FLOP *** [8c 6c Ac]
FaStBluff leaves the table
REZOLUTION84: checks
minigus575: bets $3
REZOLUTION84: calls $3
*** TURN *** [8c 6c Ac] [Ad]
REZOLUTION84: checks
minigus575: checks
*** RIVER *** [8c 6c Ac Ad] [Kh]
REZOLUTION84: bets $6
minigus575: folds
Uncalled bet ($6) returned to REZOLUTION84
REZOLUTION84 collected $17.64 from pot
REZOLUTION84: doesn't show hand
*** SUMMARY ***
Total pot $18 | Rake $0.36
Board [8c 6c Ac Ad Kh]
Seat 3: minigus575 (button) (small blind) folded on the River
Seat 4: REZOLUTION84 (big blind) collected ($17.64)


PokerStars Hand #149580865773:  Hold'em Limit ($3/$6 USD) - 2016/02/28 16:33:58 ET
Table 'Myrrha II' 6-max Seat #4 is the button
Seat 3: minigus575 ($79.87 in chips)
Seat 4: REZOLUTION84 ($157.88 in chips)
REZOLUTION84: posts small blind $1
minigus575: posts big blind $3
*** HOLE CARDS ***
REZOLUTION84: raises $3 to $6
minigus575: raises $3 to $9
REZOLUTION84: calls $3
*** FLOP *** [6d 3d 9s]
minigus575: bets $3
REZOLUTION84: calls $3
*** TURN *** [6d 3d 9s] [Qh]
minigus575: bets $6
REZOLUTION84: calls $6
*** RIVER *** [6d 3d 9s Qh] [Jc]
minigus575: bets $6
REZOLUTION84: calls $6
*** SHOW DOWN ***
minigus575: shows [Th 9h] (a pair of Nines)
REZOLUTION84: mucks hand
minigus575 collected $47.50 from pot
*** SUMMARY ***
Total pot $48 | Rake $0.50
Board [6d 3d 9s Qh Jc]
Seat 3: minigus575 (big blind) showed [Th 9h] and won ($47.50) with a pair of Nines
Seat 4: REZOLUTION84 (button) (small blind) mucked


PokerStars Hand #149584576721:  Hold'em Limit ($3/$6 USD) - 2016/02/28 17:34:33 ET
Table 'Myrrha II' 6-max Seat #2 is the button
Seat 2: niccy69 ($203.36 in chips)
Seat 3: Chessnok ($83.30 in chips)
alexslep will be allowed to play after the button
PROFI8088 will be allowed to play after the button
niccy69: posts small blind $1
Chessnok: posts big blind $3
*** HOLE CARDS ***
niccy69: raises $3 to $6
Chessnok: calls $3
*** FLOP *** [8h 8d 7s]
Chessnok: checks
niccy69: bets $3
Chessnok: calls $3
*** TURN *** [8h 8d 7s] [8s]
Chessnok: checks
niccy69: bets $6
Chessnok: raises $6 to $12
niccy69: folds
Uncalled bet ($6) returned to Chessnok
Chessnok collected $29.50 from pot
Chessnok: doesn't show hand
*** SUMMARY ***
Total pot $30 | Rake $0.50
Board [8h 8d 7s 8s]
Seat 2: niccy69 (button) (small blind) folded on the Turn
Seat 3: Chessnok (big blind) collected ($29.50)


