PokerStars Hand #145152498628:  Hold'em Limit ($3/$6 USD) - 2015/12/10 19:53:03 ET
Table 'Myrrha' 6-max Seat #1 is the button
Seat 1: Pandakey ($65.30 in chips)
Seat 5: scorpio04 ($109.93 in chips)
Pandakey: posts small blind $1
scorpio04: posts big blind $3
*** HOLE CARDS ***
Pandakey: raises $3 to $6
scorpio04: raises $3 to $9
Pandakey: calls $3
*** FLOP *** [Jd 9s Td]
LukaSteel leaves the table
scorpio04: bets $3
HappyHb95 joins the table at seat #2
Pandakey: calls $3
*** TURN *** [Jd 9s Td] [Ks]
ilia789 leaves the table
scorpio04: bets $6
Pandakey: raises $6 to $12
scorpio04: calls $6
*** RIVER *** [Jd 9s Td Ks] [5s]
scorpio04: checks
Pandakey: bets $6
scorpio04: folds
Uncalled bet ($6) returned to Pandakey
Pandakey collected $47.50 from pot
Pandakey: doesn't show hand
Sunflavor joins the table at seat #6
*** SUMMARY ***
Total pot $48 | Rake $0.50
Board [Jd 9s Td Ks 5s]
Seat 1: Pandakey (button) (small blind) collected ($47.50)
Seat 5: scorpio04 (big blind) folded on the River


PokerStars Hand #145152541003:  Hold'em Limit ($3/$6 USD) - 2015/12/10 19:54:17 ET
Table 'Myrrha' 6-max Seat #6 is the button
Seat 5: scorpio04 ($94.39 in chips)
Seat 6: Sunflavor ($45 in chips)
Sunflavor: posts small blind $1
Pandakey: is sitting out
scorpio04: posts big blind $3
*** HOLE CARDS ***
Sunflavor: folds
Uncalled bet ($2) returned to scorpio04
scorpio04 collected $2 from pot
scorpio04: doesn't show hand
*** SUMMARY ***
Total pot $2 | Rake $0
Seat 5: scorpio04 (big blind) collected ($2)
Seat 6: Sunflavor (button) (small blind) folded before Flop


PokerStars Hand #145152543713:  Hold'em Limit ($3/$6 USD) - 2015/12/10 19:54:22 ET
Table 'Myrrha' 6-max Seat #5 is the button
Seat 5: scorpio04 ($95.39 in chips)
Seat 6: Sunflavor ($44 in chips)
scorpio04: posts small blind $1
Sunflavor: posts big blind $3
*** HOLE CARDS ***
scorpio04: raises $3 to $6
Sunflavor: calls $3
*** FLOP *** [Ts 8s Tc]
HappyHb95 leaves the table
HAL9QQQ joins the table at seat #4
Sunflavor: checks
scorpio04: bets $3
Sunflavor: calls $3
*** TURN *** [Ts 8s Tc] [Qd]
Sunflavor: checks
scorpio04: bets $6
Sunflavor: folds
Uncalled bet ($6) returned to scorpio04
scorpio04 collected $17.64 from pot
scorpio04: doesn't show hand
*** SUMMARY ***
Total pot $18 | Rake $0.36
Board [Ts 8s Tc Qd]
Seat 5: scorpio04 (button) (small blind) collected ($17.64)
Seat 6: Sunflavor (big blind) folded on the Turn


PokerStars Hand #145152568580:  Hold'em Limit ($3/$6 USD) - 2015/12/10 19:55:08 ET
Table 'Myrrha' 6-max Seat #6 is the button
Seat 5: scorpio04 ($108.03 in chips)
Seat 6: Sunflavor ($35 in chips)
Sunflavor: posts small blind $1
HAL9QQQ: is sitting out
scorpio04: posts big blind $3
*** HOLE CARDS ***
Sunflavor: raises $3 to $6
scorpio04: folds
Uncalled bet ($3) returned to Sunflavor
HAL9QQQ leaves the table
Sunflavor collected $6 from pot
*** SUMMARY ***
Total pot $6 | Rake $0
Seat 5: scorpio04 (big blind) folded before Flop
Seat 6: Sunflavor (button) (small blind) collected ($6)


PokerStars Hand #145152570922:  Hold'em Limit ($3/$6 USD) - 2015/12/10 19:55:13 ET
Table 'Myrrha' 6-max Seat #5 is the button
Seat 5: scorpio04 ($105.03 in chips)
Seat 6: Sunflavor ($38 in chips)
scorpio04: posts small blind $1
Sunflavor: posts big blind $3
*** HOLE CARDS ***
scorpio04: raises $3 to $6
Sunflavor: folds
Uncalled bet ($3) returned to scorpio04
scorpio04 collected $6 from pot
scorpio04: doesn't show hand
cnholio joins the table at seat #2
*** SUMMARY ***
Total pot $6 | Rake $0
Seat 5: scorpio04 (button) (small blind) collected ($6)
Seat 6: Sunflavor (big blind) folded before Flop


PokerStars Hand #145154485723:  Hold'em Limit ($3/$6 USD) - 2015/12/10 20:58:49 ET
Table 'Myrrha' 6-max Seat #5 is the button
Seat 1: pecs680 ($128.44 in chips)
Seat 5: scorpio04 ($226.91 in chips)
scorpio04: posts small blind $1
pecs680: posts big blind $3
*** HOLE CARDS ***
scorpio04: raises $3 to $6
pecs680: calls $3
*** FLOP *** [9h 3c Ac]
pecs680: checks
scorpio04: bets $3
pecs680: folds
Uncalled bet ($3) returned to scorpio04
scorpio04 collected $11.76 from pot
scorpio04: doesn't show hand
*** SUMMARY ***
Total pot $12 | Rake $0.24
Board [9h 3c Ac]
Seat 1: pecs680 (big blind) folded on the Flop
Seat 5: scorpio04 (button) (small blind) collected ($11.76)


PokerStars Hand #145154483039:  Hold'em Limit ($3/$6 USD) - 2015/12/10 20:58:42 ET
Table 'Myrrha' 6-max Seat #1 is the button
Seat 1: pecs680 ($129.44 in chips)
Seat 5: scorpio04 ($225.91 in chips)
pecs680: posts small blind $1
HAL9QQQ: is sitting out
scorpio04: posts big blind $3
*** HOLE CARDS ***
HAL9QQQ leaves the table
pecs680: folds
Uncalled bet ($2) returned to scorpio04
scorpio04 collected $2 from pot
scorpio04: doesn't show hand
*** SUMMARY ***
Total pot $2 | Rake $0
Seat 1: pecs680 (button) (small blind) folded before Flop
Seat 5: scorpio04 (big blind) collected ($2)


PokerStars Hand #145154509976:  Hold'em Limit ($3/$6 USD) - 2015/12/10 20:59:51 ET
Table 'Myrrha' 6-max Seat #1 is the button
Seat 1: pecs680 ($120 in chips)
Seat 5: scorpio04 ($259.17 in chips)
pecs680: posts small blind $1
scorpio04: posts big blind $3
*** HOLE CARDS ***
pecs680: raises $3 to $6
scorpio04: calls $3
*** FLOP *** [Th 8d 7s]
scorpio04: checks
pecs680: bets $3
scorpio04: calls $3
*** TURN *** [Th 8d 7s] [7h]
scorpio04: checks
pecs680: checks
*** RIVER *** [Th 8d 7s 7h] [2c]
scorpio04: bets $6
pecs680: calls $6
*** SHOW DOWN ***
scorpio04: shows [8s 5d] (two pair, Eights and Sevens)
pecs680: mucks hand
scorpio04 collected $29.50 from pot
*** SUMMARY ***
Total pot $30 | Rake $0.50
Board [Th 8d 7s 7h 2c]
Seat 1: pecs680 (button) (small blind) mucked
Seat 5: scorpio04 (big blind) showed [8s 5d] and won ($29.50) with two pair, Eights and Sevens


PokerStars Hand #145154505653:  Hold'em Limit ($3/$6 USD) - 2015/12/10 20:59:40 ET
Table 'Myrrha' 6-max Seat #5 is the button
Seat 1: pecs680 ($120 in chips)
Seat 5: scorpio04 ($256.17 in chips)
scorpio04: posts small blind $1
pecs680: posts big blind $3
*** HOLE CARDS ***
scorpio04: raises $3 to $6
pecs680: folds
Uncalled bet ($3) returned to scorpio04
scorpio04 collected $6 from pot
scorpio04: doesn't show hand
*** SUMMARY ***
Total pot $6 | Rake $0
Seat 1: pecs680 (big blind) folded before Flop
Seat 5: scorpio04 (button) (small blind) collected ($6)


PokerStars Hand #145154492342:  Hold'em Limit ($3/$6 USD) - 2015/12/10 20:59:05 ET
Table 'Myrrha' 6-max Seat #1 is the button
Seat 1: pecs680 ($122.44 in chips)
Seat 5: scorpio04 ($232.67 in chips)
pecs680: posts small blind $1
scorpio04: posts big blind $3
*** HOLE CARDS ***
pecs680: raises $3 to $6
scorpio04: calls $3
*** FLOP *** [5c Ad 4h]
scorpio04: checks
pecs680: bets $3
scorpio04: raises $3 to $6
pecs680: calls $3
*** TURN *** [5c Ad 4h] [Qs]
scorpio04: bets $6
pecs680: calls $6
*** RIVER *** [5c Ad 4h Qs] [2h]
scorpio04: bets $6
pecs680: calls $6
*** SHOW DOWN ***
scorpio04: shows [Ac 2s] (two pair, Aces and Deuces)
pecs680: mucks hand
scorpio04 collected $47.50 from pot
*** SUMMARY ***
Total pot $48 | Rake $0.50
Board [5c Ad 4h Qs 2h]
Seat 1: pecs680 (button) (small blind) mucked
Seat 5: scorpio04 (big blind) showed [Ac 2s] and won ($47.50) with two pair, Aces and Deuces


PokerStars Hand #145154521113:  Hold'em Limit ($3/$6 USD) - 2015/12/10 21:00:16 ET
Table 'Myrrha' 6-max Seat #5 is the button
Seat 1: pecs680 ($120 in chips)
Seat 5: scorpio04 ($273.67 in chips)
scorpio04: posts small blind $1
pecs680: posts big blind $3
*** HOLE CARDS ***
scorpio04: folds
Uncalled bet ($2) returned to pecs680
pecs680 collected $2 from pot
*** SUMMARY ***
Total pot $2 | Rake $0
Seat 1: pecs680 (big blind) collected ($2)
Seat 5: scorpio04 (button) (small blind) folded before Flop


PokerStars Hand #145154523869:  Hold'em Limit ($3/$6 USD) - 2015/12/10 21:00:22 ET
Table 'Myrrha' 6-max Seat #1 is the button
Seat 1: pecs680 ($121 in chips)
Seat 5: scorpio04 ($272.67 in chips)
pecs680: posts small blind $1
scorpio04: posts big blind $3
*** HOLE CARDS ***
pecs680: raises $3 to $6
scorpio04: calls $3
*** FLOP *** [Qh Ac 3h]
scorpio04: checks
pecs680: bets $3
scorpio04: calls $3
*** TURN *** [Qh Ac 3h] [9d]
scorpio04: checks
pecs680: bets $6
scorpio04: calls $6
*** RIVER *** [Qh Ac 3h 9d] [3d]
scorpio04: checks
pecs680: checks
*** SHOW DOWN ***
scorpio04: shows [Qc 8s] (two pair, Queens and Threes)
pecs680: mucks hand
scorpio04 collected $29.50 from pot
*** SUMMARY ***
Total pot $30 | Rake $0.50
Board [Qh Ac 3h 9d 3d]
Seat 1: pecs680 (button) (small blind) mucked
Seat 5: scorpio04 (big blind) showed [Qc 8s] and won ($29.50) with two pair, Queens and Threes


PokerStars Hand #145154536565:  Hold'em Limit ($3/$6 USD) - 2015/12/10 21:00:52 ET
Table 'Myrrha' 6-max Seat #5 is the button
Seat 1: pecs680 ($120 in chips)
Seat 5: scorpio04 ($287.17 in chips)
scorpio04: posts small blind $1
pecs680: posts big blind $3
*** HOLE CARDS ***
scorpio04: raises $3 to $6
pecs680: calls $3
*** FLOP *** [3h 3s Qs]
pecs680: checks
scorpio04: bets $3
pecs680: calls $3
*** TURN *** [3h 3s Qs] [Kd]
pecs680: checks
scorpio04: checks
*** RIVER *** [3h 3s Qs Kd] [2s]
pecs680: bets $6
scorpio04: calls $6
*** SHOW DOWN ***
pecs680: shows [7s Kh] (two pair, Kings and Threes)
scorpio04: mucks hand
pecs680 collected $29.50 from pot
*** SUMMARY ***
Total pot $30 | Rake $0.50
Board [3h 3s Qs Kd 2s]
Seat 1: pecs680 (big blind) showed [7s Kh] and won ($29.50) with two pair, Kings and Threes
Seat 5: scorpio04 (button) (small blind) mucked


PokerStars Hand #145154555434:  Hold'em Limit ($3/$6 USD) - 2015/12/10 21:01:33 ET
Table 'Myrrha' 6-max Seat #1 is the button
Seat 1: pecs680 ($134.50 in chips)
Seat 5: scorpio04 ($272.17 in chips)
pecs680: posts small blind $1
scorpio04: posts big blind $3
*** HOLE CARDS ***
pecs680: raises $3 to $6
scorpio04: calls $3
*** FLOP *** [4c 6d 6h]
scorpio04: checks
pecs680: bets $3
scorpio04: raises $3 to $6
pecs680: calls $3
*** TURN *** [4c 6d 6h] [4d]
scorpio04: bets $6
pecs680: calls $6
*** RIVER *** [4c 6d 6h 4d] [4s]
scorpio04: checks
pecs680: checks
*** SHOW DOWN ***
scorpio04: shows [8h 7s] (a full house, Fours full of Sixes)
pecs680: shows [Kc Qs] (a full house, Fours full of Sixes)
scorpio04 collected $17.75 from pot
pecs680 collected $17.75 from pot
*** SUMMARY ***
Total pot $36 | Rake $0.50
Board [4c 6d 6h 4d 4s]
Seat 1: pecs680 (button) (small blind) showed [Kc Qs] and won ($17.75) with a full house, Fours full of Sixes
Seat 5: scorpio04 (big blind) showed [8h 7s] and won ($17.75) with a full house, Fours full of Sixes


PokerStars Hand #145154584395:  Hold'em Limit ($3/$6 USD) - 2015/12/10 21:02:35 ET
Table 'Myrrha' 6-max Seat #1 is the button
Seat 1: pecs680 ($131.25 in chips)
Seat 5: scorpio04 ($274.92 in chips)
pecs680: posts small blind $1
scorpio04: posts big blind $3
*** HOLE CARDS ***
pecs680: raises $3 to $6
scorpio04: calls $3
*** FLOP *** [8s 5c Jh]
scorpio04: checks
pecs680: bets $3
scorpio04: calls $3
*** TURN *** [8s 5c Jh] [9s]
scorpio04: checks
pecs680: bets $6
scorpio04: folds
Uncalled bet ($6) returned to pecs680
pecs680 collected $17.64 from pot
*** SUMMARY ***
Total pot $18 | Rake $0.36
Board [8s 5c Jh 9s]
Seat 1: pecs680 (button) (small blind) collected ($17.64)
Seat 5: scorpio04 (big blind) folded on the Turn


PokerStars Hand #145154579931:  Hold'em Limit ($3/$6 USD) - 2015/12/10 21:02:26 ET
Table 'Myrrha' 6-max Seat #5 is the button
Seat 1: pecs680 ($134.25 in chips)
Seat 5: scorpio04 ($271.92 in chips)
scorpio04: posts small blind $1
pecs680: posts big blind $3
*** HOLE CARDS ***
scorpio04: raises $3 to $6
pecs680: folds
Uncalled bet ($3) returned to scorpio04
scorpio04 collected $6 from pot
scorpio04: doesn't show hand
*** SUMMARY ***
Total pot $6 | Rake $0
Seat 1: pecs680 (big blind) folded before Flop
Seat 5: scorpio04 (button) (small blind) collected ($6)


PokerStars Hand #145154598067:  Hold'em Limit ($3/$6 USD) - 2015/12/10 21:03:04 ET
Table 'Myrrha' 6-max Seat #5 is the button
Seat 1: pecs680 ($139.89 in chips)
Seat 5: scorpio04 ($265.92 in chips)
scorpio04: posts small blind $1
pecs680: posts big blind $3
*** HOLE CARDS ***
scorpio04: raises $3 to $6
pecs680: calls $3
*** FLOP *** [6c 7c 2s]
pecs680: checks
scorpio04: checks
*** TURN *** [6c 7c 2s] [6d]
pecs680: bets $6
scorpio04: folds
Uncalled bet ($6) returned to pecs680
pecs680 collected $11.76 from pot
*** SUMMARY ***
Total pot $12 | Rake $0.24
Board [6c 7c 2s 6d]
Seat 1: pecs680 (big blind) collected ($11.76)
Seat 5: scorpio04 (button) (small blind) folded on the Turn


PokerStars Hand #145154609562:  Hold'em Limit ($3/$6 USD) - 2015/12/10 21:03:29 ET
Table 'Myrrha' 6-max Seat #1 is the button
Seat 1: pecs680 ($145.65 in chips)
Seat 5: scorpio04 ($259.92 in chips)
pecs680: posts small blind $1
scorpio04: posts big blind $3
*** HOLE CARDS ***
pecs680: raises $3 to $6
scorpio04: calls $3
*** FLOP *** [9s 6c 3s]
scorpio04: checks
pecs680: bets $3
scorpio04: raises $3 to $6
pecs680: calls $3
*** TURN *** [9s 6c 3s] [Jc]
scorpio04: bets $6
pecs680: calls $6
*** RIVER *** [9s 6c 3s Jc] [8h]
scorpio04: bets $6
pecs680: folds
Uncalled bet ($6) returned to scorpio04
scorpio04 collected $35.50 from pot
scorpio04: doesn't show hand
*** SUMMARY ***
Total pot $36 | Rake $0.50
Board [9s 6c 3s Jc 8h]
Seat 1: pecs680 (button) (small blind) folded on the River
Seat 5: scorpio04 (big blind) collected ($35.50)


PokerStars Hand #145154651567:  Hold'em Limit ($3/$6 USD) - 2015/12/10 21:04:59 ET
Table 'Myrrha' 6-max Seat #5 is the button
Seat 1: pecs680 ($120 in chips)
Seat 5: scorpio04 ($295.92 in chips)
scorpio04: posts small blind $1
pecs680: posts big blind $3
*** HOLE CARDS ***
scorpio04: raises $3 to $6
pecs680: folds
Uncalled bet ($3) returned to scorpio04
scorpio04 collected $6 from pot
scorpio04: doesn't show hand
*** SUMMARY ***
Total pot $6 | Rake $0
Seat 1: pecs680 (big blind) folded before Flop
Seat 5: scorpio04 (button) (small blind) collected ($6)


PokerStars Hand #145154648506:  Hold'em Limit ($3/$6 USD) - 2015/12/10 21:04:52 ET
Table 'Myrrha' 6-max Seat #1 is the button
Seat 1: pecs680 ($120 in chips)
Seat 5: scorpio04 ($294.92 in chips)
pecs680: posts small blind $1
scorpio04: posts big blind $3
*** HOLE CARDS ***
pecs680: folds
Uncalled bet ($2) returned to scorpio04
scorpio04 collected $2 from pot
scorpio04: doesn't show hand
*** SUMMARY ***
Total pot $2 | Rake $0
Seat 1: pecs680 (button) (small blind) folded before Flop
Seat 5: scorpio04 (big blind) collected ($2)


PokerStars Hand #145154634681:  Hold'em Limit ($3/$6 USD) - 2015/12/10 21:04:23 ET
Table 'Myrrha' 6-max Seat #5 is the button
Seat 1: pecs680 ($127.65 in chips)
Seat 5: scorpio04 ($277.42 in chips)
scorpio04: posts small blind $1
pecs680: posts big blind $3
*** HOLE CARDS ***
scorpio04: raises $3 to $6
pecs680: raises $3 to $9
scorpio04: calls $3
*** FLOP *** [Ad 9s Ts]
pecs680: bets $3
scorpio04: calls $3
*** TURN *** [Ad 9s Ts] [3c]
pecs680: bets $6
scorpio04: calls $6
*** RIVER *** [Ad 9s Ts 3c] [Kh]
pecs680: checks
scorpio04: checks
*** SHOW DOWN ***
pecs680: shows [4h 4s] (a pair of Fours)
scorpio04: shows [Qc 9d] (a pair of Nines)
scorpio04 collected $35.50 from pot
*** SUMMARY ***
Total pot $36 | Rake $0.50
Board [Ad 9s Ts 3c Kh]
Seat 1: pecs680 (big blind) showed [4h 4s] and lost with a pair of Fours
Seat 5: scorpio04 (button) (small blind) showed [Qc 9d] and won ($35.50) with a pair of Nines


PokerStars Hand #145154656356:  Hold'em Limit ($3/$6 USD) - 2015/12/10 21:05:09 ET
Table 'Myrrha' 6-max Seat #1 is the button
Seat 1: pecs680 ($120 in chips)
Seat 5: scorpio04 ($298.92 in chips)
pecs680: posts small blind $1
scorpio04: posts big blind $3
*** HOLE CARDS ***
pecs680: folds
Uncalled bet ($2) returned to scorpio04
scorpio04 collected $2 from pot
scorpio04: doesn't show hand
*** SUMMARY ***
Total pot $2 | Rake $0
Seat 1: pecs680 (button) (small blind) folded before Flop
Seat 5: scorpio04 (big blind) collected ($2)


PokerStars Hand #145154660234:  Hold'em Limit ($3/$6 USD) - 2015/12/10 21:05:18 ET
Table 'Myrrha' 6-max Seat #5 is the button
Seat 1: pecs680 ($120 in chips)
Seat 5: scorpio04 ($299.92 in chips)
scorpio04: posts small blind $1
pecs680: posts big blind $3
*** HOLE CARDS ***
scorpio04: raises $3 to $6
pecs680: calls $3
*** FLOP *** [Jc 2c Ts]
pecs680: checks
scorpio04: bets $3
pecs680: folds
Uncalled bet ($3) returned to scorpio04
scorpio04 collected $11.76 from pot
scorpio04: doesn't show hand
*** SUMMARY ***
Total pot $12 | Rake $0.24
Board [Jc 2c Ts]
Seat 1: pecs680 (big blind) folded on the Flop
Seat 5: scorpio04 (button) (small blind) collected ($11.76)


PokerStars Hand #145154675037:  Hold'em Limit ($3/$6 USD) - 2015/12/10 21:05:49 ET
Table 'Myrrha' 6-max Seat #5 is the button
Seat 1: pecs680 ($125.76 in chips)
Seat 5: scorpio04 ($299.68 in chips)
scorpio04: posts small blind $1
pecs680: posts big blind $3
*** HOLE CARDS ***
scorpio04: raises $3 to $6
pecs680: calls $3
*** FLOP *** [6d Kc Jd]
pecs680: checks
HAL9QQQ joins the table at seat #3
scorpio04: bets $3
pecs680: folds
Uncalled bet ($3) returned to scorpio04
scorpio04 collected $11.76 from pot
scorpio04: doesn't show hand
*** SUMMARY ***
Total pot $12 | Rake $0.24
Board [6d Kc Jd]
Seat 1: pecs680 (big blind) folded on the Flop
Seat 5: scorpio04 (button) (small blind) collected ($11.76)


PokerStars Hand #145154666226:  Hold'em Limit ($3/$6 USD) - 2015/12/10 21:05:30 ET
Table 'Myrrha' 6-max Seat #1 is the button
Seat 1: pecs680 ($120 in chips)
Seat 5: scorpio04 ($305.68 in chips)
pecs680: posts small blind $1
scorpio04: posts big blind $3
*** HOLE CARDS ***
hmpx71 joins the table at seat #2
pecs680: raises $3 to $6
scorpio04: calls $3
*** FLOP *** [Td 8c 2s]
scorpio04: checks
pecs680: bets $3
scorpio04: folds
Uncalled bet ($3) returned to pecs680
pecs680 collected $11.76 from pot
pecs680: doesn't show hand
*** SUMMARY ***
Total pot $12 | Rake $0.24
Board [Td 8c 2s]
Seat 1: pecs680 (button) (small blind) collected ($11.76)
Seat 5: scorpio04 (big blind) folded on the Flop


PokerStars Hand #145155126152:  Hold'em Limit ($3/$6 USD) - 2015/12/10 21:22:22 ET
Table 'Myrrha' 6-max Seat #1 is the button
Seat 1: pecs680 ($161.78 in chips)
Seat 5: scorpio04 ($328.76 in chips)
pecs680: posts small blind $1
HAL9QQQ: is sitting out
scorpio04: posts big blind $3
*** HOLE CARDS ***
pecs680: raises $3 to $6
scorpio04: calls $3
*** FLOP *** [Kc 6c 9c]
scorpio04: checks
pecs680: bets $3
scorpio04: raises $3 to $6
pecs680: folds
Uncalled bet ($3) returned to scorpio04
scorpio04 collected $17.64 from pot
scorpio04: doesn't show hand
*** SUMMARY ***
Total pot $18 | Rake $0.36
Board [Kc 6c 9c]
Seat 1: pecs680 (button) (small blind) folded on the Flop
Seat 5: scorpio04 (big blind) collected ($17.64)


PokerStars Hand #145155135483:  Hold'em Limit ($3/$6 USD) - 2015/12/10 21:22:44 ET
Table 'Myrrha' 6-max Seat #5 is the button
Seat 1: pecs680 ($152.78 in chips)
Seat 5: scorpio04 ($337.40 in chips)
scorpio04: posts small blind $1
pecs680: posts big blind $3
*** HOLE CARDS ***
scorpio04: raises $3 to $6
pecs680: raises $3 to $9
HAL9QQQ leaves the table
scorpio04: calls $3
*** FLOP *** [6d 3h 5h]
pecs680: bets $3
scorpio04: calls $3
*** TURN *** [6d 3h 5h] [4d]
pecs680: bets $6
scorpio04: calls $6
*** RIVER *** [6d 3h 5h 4d] [6h]
pecs680: checks
scorpio04: checks
*** SHOW DOWN ***
pecs680: shows [Kh Jc] (a pair of Sixes)
scorpio04: shows [As Kc] (a pair of Sixes - Ace kicker)
scorpio04 collected $35.50 from pot
*** SUMMARY ***
Total pot $36 | Rake $0.50
Board [6d 3h 5h 4d 6h]
Seat 1: pecs680 (big blind) showed [Kh Jc] and lost with a pair of Sixes
Seat 5: scorpio04 (button) (small blind) showed [As Kc] and won ($35.50) with a pair of Sixes


PokerStars Hand #145155154224:  Hold'em Limit ($3/$6 USD) - 2015/12/10 21:23:27 ET
Table 'Myrrha' 6-max Seat #1 is the button
Seat 1: pecs680 ($134.78 in chips)
Seat 5: scorpio04 ($354.90 in chips)
pecs680: posts small blind $1
scorpio04: posts big blind $3
*** HOLE CARDS ***
pecs680: raises $3 to $6
scorpio04: raises $3 to $9
pecs680: calls $3
*** FLOP *** [9c 3h 7h]
scorpio04: bets $3
pecs680: calls $3
*** TURN *** [9c 3h 7h] [Jc]
scorpio04: bets $6
pecs680: calls $6
*** RIVER *** [9c 3h 7h Jc] [6h]
scorpio04: bets $6
pecs680: calls $6
*** SHOW DOWN ***
scorpio04: shows [Qd Kc] (high card King)
pecs680: shows [3d As] (a pair of Threes)
pecs680 collected $47.50 from pot
*** SUMMARY ***
Total pot $48 | Rake $0.50
Board [9c 3h 7h Jc 6h]
Seat 1: pecs680 (button) (small blind) showed [3d As] and won ($47.50) with a pair of Threes
Seat 5: scorpio04 (big blind) showed [Qd Kc] and lost with high card King


PokerStars Hand #145155170073:  Hold'em Limit ($3/$6 USD) - 2015/12/10 21:24:03 ET
Table 'Myrrha' 6-max Seat #5 is the button
Seat 1: pecs680 ($158.28 in chips)
Seat 5: scorpio04 ($330.90 in chips)
scorpio04: posts small blind $1
pecs680: posts big blind $3
*** HOLE CARDS ***
scorpio04: raises $3 to $6
pecs680: raises $3 to $9
scorpio04: calls $3
*** FLOP *** [Jh 4c 8c]
pecs680: bets $3
scorpio04: calls $3
*** TURN *** [Jh 4c 8c] [Kh]
pecs680: bets $6
scorpio04: folds
Uncalled bet ($6) returned to pecs680
pecs680 collected $23.52 from pot
pecs680: doesn't show hand
*** SUMMARY ***
Total pot $24 | Rake $0.48
Board [Jh 4c 8c Kh]
Seat 1: pecs680 (big blind) collected ($23.52)
Seat 5: scorpio04 (button) (small blind) folded on the Turn


PokerStars Hand #145155219545:  Hold'em Limit ($3/$6 USD) - 2015/12/10 21:25:57 ET
Table 'Myrrha' 6-max Seat #1 is the button
Seat 1: pecs680 ($201.94 in chips)
Seat 5: scorpio04 ($285.90 in chips)
pecs680: posts small blind $1
scorpio04: posts big blind $3
*** HOLE CARDS ***
pecs680: raises $3 to $6
scorpio04: calls $3
*** FLOP *** [3s Ah Kd]
scorpio04: checks
pecs680: bets $3
scorpio04: folds
Uncalled bet ($3) returned to pecs680
pecs680 collected $11.76 from pot
pecs680: doesn't show hand
*** SUMMARY ***
Total pot $12 | Rake $0.24
Board [3s Ah Kd]
Seat 1: pecs680 (button) (small blind) collected ($11.76)
Seat 5: scorpio04 (big blind) folded on the Flop


PokerStars Hand #145155189764:  Hold'em Limit ($3/$6 USD) - 2015/12/10 21:24:49 ET
Table 'Myrrha' 6-max Seat #1 is the button
Seat 1: pecs680 ($169.80 in chips)
Seat 5: scorpio04 ($318.90 in chips)
pecs680: posts small blind $1
scorpio04: posts big blind $3
*** HOLE CARDS ***
pecs680: raises $3 to $6
scorpio04: calls $3
*** FLOP *** [Kh Jh 5d]
scorpio04: checks
pecs680: bets $3
scorpio04: raises $3 to $6
pecs680: calls $3
*** TURN *** [Kh Jh 5d] [Qs]
scorpio04: checks
pecs680: bets $6
scorpio04: calls $6
*** RIVER *** [Kh Jh 5d Qs] [Qh]
scorpio04: checks
pecs680: bets $6
scorpio04: calls $6
*** SHOW DOWN ***
pecs680: shows [Kd 4s] (two pair, Kings and Queens)
scorpio04: mucks hand
pecs680 collected $47.50 from pot
*** SUMMARY ***
Total pot $48 | Rake $0.50
Board [Kh Jh 5d Qs Qh]
Seat 1: pecs680 (button) (small blind) showed [Kd 4s] and won ($47.50) with two pair, Kings and Queens
Seat 5: scorpio04 (big blind) mucked


PokerStars Hand #145155210415:  Hold'em Limit ($3/$6 USD) - 2015/12/10 21:25:36 ET
Table 'Myrrha' 6-max Seat #5 is the button
Seat 1: pecs680 ($193.30 in chips)
Seat 5: scorpio04 ($294.90 in chips)
scorpio04: posts small blind $1
pecs680: posts big blind $3
*** HOLE CARDS ***
scorpio04: raises $3 to $6
pecs680: calls $3
*** FLOP *** [3s Td Ac]
pecs680: checks
scorpio04: bets $3
pecs680: raises $3 to $6
scorpio04: folds
Uncalled bet ($3) returned to pecs680
pecs680 collected $17.64 from pot
pecs680: doesn't show hand
*** SUMMARY ***
Total pot $18 | Rake $0.36
Board [3s Td Ac]
Seat 1: pecs680 (big blind) collected ($17.64)
Seat 5: scorpio04 (button) (small blind) folded on the Flop


PokerStars Hand #145155229718:  Hold'em Limit ($3/$6 USD) - 2015/12/10 21:26:21 ET
Table 'Myrrha' 6-max Seat #5 is the button
Seat 1: pecs680 ($207.70 in chips)
Seat 5: scorpio04 ($279.90 in chips)
scorpio04: posts small blind $1
pecs680: posts big blind $3
*** HOLE CARDS ***
scorpio04: raises $3 to $6
pecs680: calls $3
*** FLOP *** [5s 2c Kd]
pecs680: checks
scorpio04: bets $3
pecs680: calls $3
*** TURN *** [5s 2c Kd] [9d]
pecs680: checks
scorpio04: bets $6
pecs680: calls $6
*** RIVER *** [5s 2c Kd 9d] [8d]
pecs680: checks
scorpio04: bets $6
pecs680: calls $6
*** SHOW DOWN ***
scorpio04: shows [8h 8s] (three of a kind, Eights)
pecs680: mucks hand
scorpio04 collected $41.50 from pot
*** SUMMARY ***
Total pot $42 | Rake $0.50
Board [5s 2c Kd 9d 8d]
Seat 1: pecs680 (big blind) mucked
Seat 5: scorpio04 (button) (small blind) showed [8h 8s] and won ($41.50) with three of a kind, Eights


PokerStars Hand #145155250786:  Hold'em Limit ($3/$6 USD) - 2015/12/10 21:27:10 ET
Table 'Myrrha' 6-max Seat #1 is the button
Seat 1: pecs680 ($186.70 in chips)
Seat 5: scorpio04 ($300.40 in chips)
pecs680: posts small blind $1
scorpio04: posts big blind $3
*** HOLE CARDS ***
pecs680: raises $3 to $6
scorpio04: raises $3 to $9
pecs680: calls $3
*** FLOP *** [5c Tc 6c]
scorpio04: bets $3
pecs680: calls $3
*** TURN *** [5c Tc 6c] [Ah]
scorpio04: bets $6
pecs680: folds
Uncalled bet ($6) returned to scorpio04
scorpio04 collected $23.52 from pot
scorpio04: doesn't show hand
*** SUMMARY ***
Total pot $24 | Rake $0.48
Board [5c Tc 6c Ah]
Seat 1: pecs680 (button) (small blind) folded on the Turn
Seat 5: scorpio04 (big blind) collected ($23.52)


PokerStars Hand #145155263282:  Hold'em Limit ($3/$6 USD) - 2015/12/10 21:27:39 ET
Table 'Myrrha' 6-max Seat #5 is the button
Seat 1: pecs680 ($174.70 in chips)
Seat 5: scorpio04 ($311.92 in chips)
scorpio04: posts small blind $1
pecs680: posts big blind $3
*** HOLE CARDS ***
scorpio04: raises $3 to $6
pecs680: calls $3
*** FLOP *** [8c Kd 8d]
pecs680: checks
scorpio04: bets $3
pecs680: raises $3 to $6
scorpio04: folds
Uncalled bet ($3) returned to pecs680
pecs680 collected $17.64 from pot
pecs680: doesn't show hand
*** SUMMARY ***
Total pot $18 | Rake $0.36
Board [8c Kd 8d]
Seat 1: pecs680 (big blind) collected ($17.64)
Seat 5: scorpio04 (button) (small blind) folded on the Flop


PokerStars Hand #145155278370:  Hold'em Limit ($3/$6 USD) - 2015/12/10 21:28:14 ET
Table 'Myrrha' 6-max Seat #1 is the button
Seat 1: pecs680 ($183.34 in chips)
Seat 5: scorpio04 ($302.92 in chips)
pecs680: posts small blind $1
scorpio04: posts big blind $3
*** HOLE CARDS ***
pecs680: raises $3 to $6
scorpio04: calls $3
*** FLOP *** [9d 4s 8s]
scorpio04: checks
pecs680: bets $3
scorpio04: calls $3
*** TURN *** [9d 4s 8s] [Th]
scorpio04: checks
pecs680: checks
*** RIVER *** [9d 4s 8s Th] [Qc]
scorpio04: bets $6
pecs680: raises $6 to $12
scorpio04: folds
Uncalled bet ($6) returned to pecs680
pecs680 collected $29.50 from pot
pecs680: doesn't show hand
*** SUMMARY ***
Total pot $30 | Rake $0.50
Board [9d 4s 8s Th Qc]
Seat 1: pecs680 (button) (small blind) collected ($29.50)
Seat 5: scorpio04 (big blind) folded on the River


PokerStars Hand #145155304536:  Hold'em Limit ($3/$6 USD) - 2015/12/10 21:29:16 ET
Table 'Myrrha' 6-max Seat #5 is the button
Seat 1: pecs680 ($197.84 in chips)
Seat 5: scorpio04 ($287.92 in chips)
scorpio04: posts small blind $1
pecs680: posts big blind $3
*** HOLE CARDS ***
scorpio04: raises $3 to $6
pecs680: calls $3
*** FLOP *** [Qs Qc 7h]
pecs680: checks
scorpio04: bets $3
pecs680: folds
Uncalled bet ($3) returned to scorpio04
scorpio04 collected $11.76 from pot
scorpio04: doesn't show hand
*** SUMMARY ***
Total pot $12 | Rake $0.24
Board [Qs Qc 7h]
Seat 1: pecs680 (big blind) folded on the Flop
Seat 5: scorpio04 (button) (small blind) collected ($11.76)


PokerStars Hand #145155314168:  Hold'em Limit ($3/$6 USD) - 2015/12/10 21:29:39 ET
Table 'Myrrha' 6-max Seat #1 is the button
Seat 1: pecs680 ($191.84 in chips)
Seat 5: scorpio04 ($293.68 in chips)
pecs680: posts small blind $1
scorpio04: posts big blind $3
*** HOLE CARDS ***
pecs680: raises $3 to $6
scorpio04: calls $3
*** FLOP *** [7c Td 4h]
scorpio04: checks
pecs680: bets $3
scorpio04: calls $3
*** TURN *** [7c Td 4h] [As]
scorpio04: checks
pecs680: checks
*** RIVER *** [7c Td 4h As] [3d]
scorpio04: bets $6
pecs680: calls $6
*** SHOW DOWN ***
scorpio04: shows [5d Ah] (a pair of Aces)
pecs680: mucks hand
scorpio04 collected $29.50 from pot
*** SUMMARY ***
Total pot $30 | Rake $0.50
Board [7c Td 4h As 3d]
Seat 1: pecs680 (button) (small blind) mucked
Seat 5: scorpio04 (big blind) showed [5d Ah] and won ($29.50) with a pair of Aces


PokerStars Hand #145155337216:  Hold'em Limit ($3/$6 USD) - 2015/12/10 21:30:34 ET
Table 'Myrrha' 6-max Seat #5 is the button
Seat 1: pecs680 ($176.84 in chips)
Seat 5: scorpio04 ($308.18 in chips)
scorpio04: posts small blind $1
pecs680: posts big blind $3
*** HOLE CARDS ***
scorpio04: raises $3 to $6
pecs680: raises $3 to $9
scorpio04: calls $3
*** FLOP *** [3h Jh 6c]
pecs680: bets $3
scorpio04: calls $3
*** TURN *** [3h Jh 6c] [5c]
pecs680: bets $6
scorpio04: calls $6
*** RIVER *** [3h Jh 6c 5c] [2s]
pecs680: bets $6
scorpio04: calls $6
*** SHOW DOWN ***
pecs680: shows [7d 7s] (a pair of Sevens)
scorpio04: mucks hand
pecs680 collected $47.50 from pot
*** SUMMARY ***
Total pot $48 | Rake $0.50
Board [3h Jh 6c 5c 2s]
Seat 1: pecs680 (big blind) showed [7d 7s] and won ($47.50) with a pair of Sevens
Seat 5: scorpio04 (button) (small blind) mucked


PokerStars Hand #145155349924:  Hold'em Limit ($3/$6 USD) - 2015/12/10 21:31:04 ET
Table 'Myrrha' 6-max Seat #1 is the button
Seat 1: pecs680 ($200.34 in chips)
Seat 5: scorpio04 ($284.18 in chips)
pecs680: posts small blind $1
scorpio04: posts big blind $3
*** HOLE CARDS ***
pecs680: raises $3 to $6
scorpio04: calls $3
*** FLOP *** [7c As 9c]
scorpio04: checks
pecs680: bets $3
scorpio04: folds
Uncalled bet ($3) returned to pecs680
pecs680 collected $11.76 from pot
pecs680: doesn't show hand
*** SUMMARY ***
Total pot $12 | Rake $0.24
Board [7c As 9c]
Seat 1: pecs680 (button) (small blind) collected ($11.76)
Seat 5: scorpio04 (big blind) folded on the Flop


PokerStars Hand #145155364165:  Hold'em Limit ($3/$6 USD) - 2015/12/10 21:31:38 ET
Table 'Myrrha' 6-max Seat #1 is the button
Seat 1: pecs680 ($203.10 in chips)
Seat 5: scorpio04 ($281.18 in chips)
pecs680: posts small blind $1
scorpio04: posts big blind $3
*** HOLE CARDS ***
pecs680: folds
Uncalled bet ($2) returned to scorpio04
scorpio04 collected $2 from pot
scorpio04: doesn't show hand
*** SUMMARY ***
Total pot $2 | Rake $0
Seat 1: pecs680 (button) (small blind) folded before Flop
Seat 5: scorpio04 (big blind) collected ($2)


PokerStars Hand #145155360987:  Hold'em Limit ($3/$6 USD) - 2015/12/10 21:31:30 ET
Table 'Myrrha' 6-max Seat #5 is the button
Seat 1: pecs680 ($206.10 in chips)
Seat 5: scorpio04 ($278.18 in chips)
scorpio04: posts small blind $1
pecs680: posts big blind $3
*** HOLE CARDS ***
scorpio04: raises $3 to $6
pecs680: folds
Uncalled bet ($3) returned to scorpio04
scorpio04 collected $6 from pot
scorpio04: doesn't show hand
*** SUMMARY ***
Total pot $6 | Rake $0
Seat 1: pecs680 (big blind) folded before Flop
Seat 5: scorpio04 (button) (small blind) collected ($6)


PokerStars Hand #145155367753:  Hold'em Limit ($3/$6 USD) - 2015/12/10 21:31:47 ET
Table 'Myrrha' 6-max Seat #5 is the button
Seat 1: pecs680 ($202.10 in chips)
Seat 5: scorpio04 ($282.18 in chips)
scorpio04: posts small blind $1
pecs680: posts big blind $3
*** HOLE CARDS ***
scorpio04: raises $3 to $6
pecs680: raises $3 to $9
scorpio04: calls $3
*** FLOP *** [8c Tc 9h]
pecs680: bets $3
scorpio04: raises $3 to $6
pecs680: calls $3
*** TURN *** [8c Tc 9h] [Js]
pecs680: checks
scorpio04: bets $6
pecs680: calls $6
*** RIVER *** [8c Tc 9h Js] [2c]
pecs680: checks
scorpio04: bets $6
pecs680: calls $6
*** SHOW DOWN ***
scorpio04: shows [Ks Qc] (a straight, Nine to King)
pecs680: mucks hand
scorpio04 collected $53.50 from pot
*** SUMMARY ***
Total pot $54 | Rake $0.50
Board [8c Tc 9h Js 2c]
Seat 1: pecs680 (big blind) mucked
Seat 5: scorpio04 (button) (small blind) showed [Ks Qc] and won ($53.50) with a straight, Nine to King


PokerStars Hand #145155395463:  Hold'em Limit ($3/$6 USD) - 2015/12/10 21:32:52 ET
Table 'Myrrha' 6-max Seat #1 is the button
Seat 1: pecs680 ($175.10 in chips)
Seat 5: scorpio04 ($308.68 in chips)
pecs680: posts small blind $1
scorpio04: posts big blind $3
*** HOLE CARDS ***
pecs680: raises $3 to $6
scorpio04: calls $3
*** FLOP *** [4h Qc Kh]
scorpio04: checks
pecs680: bets $3
scorpio04: folds
Uncalled bet ($3) returned to pecs680
pecs680 collected $11.76 from pot
pecs680: doesn't show hand
*** SUMMARY ***
Total pot $12 | Rake $0.24
Board [4h Qc Kh]
Seat 1: pecs680 (button) (small blind) collected ($11.76)
Seat 5: scorpio04 (big blind) folded on the Flop


PokerStars Hand #145155406491:  Hold'em Limit ($3/$6 USD) - 2015/12/10 21:33:19 ET
Table 'Myrrha' 6-max Seat #5 is the button
Seat 1: pecs680 ($180.86 in chips)
Seat 5: scorpio04 ($302.68 in chips)
scorpio04: posts small blind $1
pecs680: posts big blind $3
*** HOLE CARDS ***
scorpio04: raises $3 to $6
pecs680: folds
Uncalled bet ($3) returned to scorpio04
scorpio04 collected $6 from pot
scorpio04: doesn't show hand
*** SUMMARY ***
Total pot $6 | Rake $0
Seat 1: pecs680 (big blind) folded before Flop
Seat 5: scorpio04 (button) (small blind) collected ($6)


PokerStars Hand #145155428825:  Hold'em Limit ($3/$6 USD) - 2015/12/10 21:34:12 ET
Table 'Myrrha' 6-max Seat #5 is the button
Seat 1: pecs680 ($135.86 in chips)
Seat 5: scorpio04 ($347.18 in chips)
scorpio04: posts small blind $1
pecs680: posts big blind $3
*** HOLE CARDS ***
scorpio04: folds
Uncalled bet ($2) returned to pecs680
pecs680 collected $2 from pot
pecs680: doesn't show hand
*** SUMMARY ***
Total pot $2 | Rake $0
Seat 1: pecs680 (big blind) collected ($2)
Seat 5: scorpio04 (button) (small blind) folded before Flop


PokerStars Hand #145155410515:  Hold'em Limit ($3/$6 USD) - 2015/12/10 21:33:28 ET
Table 'Myrrha' 6-max Seat #1 is the button
Seat 1: pecs680 ($177.86 in chips)
Seat 5: scorpio04 ($305.68 in chips)
pecs680: posts small blind $1
scorpio04: posts big blind $3
*** HOLE CARDS ***
pecs680: raises $3 to $6
scorpio04: raises $3 to $9
pecs680: raises $3 to $12
Betting is capped
scorpio04: calls $3
*** FLOP *** [Th 8h 8d]
scorpio04: checks
pecs680: bets $3
scorpio04: raises $3 to $6
pecs680: calls $3
*** TURN *** [Th 8h 8d] [6c]
scorpio04: bets $6
pecs680: raises $6 to $12
scorpio04: raises $6 to $18
pecs680: calls $6
*** RIVER *** [Th 8h 8d 6c] [Qs]
scorpio04: bets $6
pecs680: calls $6
*** SHOW DOWN ***
scorpio04: shows [As Ad] (two pair, Aces and Eights)
pecs680: mucks hand
scorpio04 collected $83.50 from pot
*** SUMMARY ***
Total pot $84 | Rake $0.50
Board [Th 8h 8d 6c Qs]
Seat 1: pecs680 (button) (small blind) mucked
Seat 5: scorpio04 (big blind) showed [As Ad] and won ($83.50) with two pair, Aces and Eights


PokerStars Hand #145155440364:  Hold'em Limit ($3/$6 USD) - 2015/12/10 21:34:40 ET
Table 'Myrrha' 6-max Seat #5 is the button
Seat 1: pecs680 ($127.86 in chips)
Seat 5: scorpio04 ($354.82 in chips)
scorpio04: posts small blind $1
pecs680: posts big blind $3
*** HOLE CARDS ***
scorpio04: folds
Uncalled bet ($2) returned to pecs680
pecs680 collected $2 from pot
*** SUMMARY ***
Total pot $2 | Rake $0
Seat 1: pecs680 (big blind) collected ($2)
Seat 5: scorpio04 (button) (small blind) folded before Flop


PokerStars Hand #145155442784:  Hold'em Limit ($3/$6 USD) - 2015/12/10 21:34:46 ET
Table 'Myrrha' 6-max Seat #1 is the button
Seat 1: pecs680 ($128.86 in chips)
Seat 5: scorpio04 ($353.82 in chips)
pecs680: posts small blind $1
scorpio04: posts big blind $3
*** HOLE CARDS ***
pecs680: raises $3 to $6
scorpio04: raises $3 to $9
pecs680: calls $3
*** FLOP *** [2s 9s 7c]
scorpio04: bets $3
pecs680: calls $3
*** TURN *** [2s 9s 7c] [6h]
scorpio04: bets $6
pecs680: calls $6
*** RIVER *** [2s 9s 7c 6h] [9d]
scorpio04: checks
pecs680: checks
*** SHOW DOWN ***
scorpio04: shows [Ac Ts] (a pair of Nines)
pecs680: mucks hand
scorpio04 collected $35.50 from pot
*** SUMMARY ***
Total pot $36 | Rake $0.50
Board [2s 9s 7c 6h 9d]
Seat 1: pecs680 (button) (small blind) mucked
Seat 5: scorpio04 (big blind) showed [Ac Ts] and won ($35.50) with a pair of Nines


PokerStars Hand #145155430868:  Hold'em Limit ($3/$6 USD) - 2015/12/10 21:34:17 ET
Table 'Myrrha' 6-max Seat #1 is the button
Seat 1: pecs680 ($136.86 in chips)
Seat 5: scorpio04 ($346.18 in chips)
pecs680: posts small blind $1
scorpio04: posts big blind $3
*** HOLE CARDS ***
pecs680: raises $3 to $6
scorpio04: raises $3 to $9
pecs680: calls $3
*** FLOP *** [Qd 4c Ks]
scorpio04: bets $3
pecs680: folds
Uncalled bet ($3) returned to scorpio04
scorpio04 collected $17.64 from pot
scorpio04: doesn't show hand
*** SUMMARY ***
Total pot $18 | Rake $0.36
Board [Qd 4c Ks]
Seat 1: pecs680 (button) (small blind) folded on the Flop
Seat 5: scorpio04 (big blind) collected ($17.64)


PokerStars Hand #145155466098:  Hold'em Limit ($3/$6 USD) - 2015/12/10 21:35:41 ET
Table 'Myrrha' 6-max Seat #5 is the button
Seat 1: pecs680 ($131.64 in chips)
Seat 5: scorpio04 ($359.32 in chips)
scorpio04: posts small blind $1
pecs680: posts big blind $3
*** HOLE CARDS ***
scorpio04: folds
Uncalled bet ($2) returned to pecs680
pecs680 collected $2 from pot
*** SUMMARY ***
Total pot $2 | Rake $0
Seat 1: pecs680 (big blind) collected ($2)
Seat 5: scorpio04 (button) (small blind) folded before Flop


PokerStars Hand #145155463296:  Hold'em Limit ($3/$6 USD) - 2015/12/10 21:35:35 ET
Table 'Myrrha' 6-max Seat #1 is the button
Seat 1: pecs680 ($128.64 in chips)
Seat 5: scorpio04 ($362.32 in chips)
pecs680: posts small blind $1
scorpio04: posts big blind $3
*** HOLE CARDS ***
pecs680: raises $3 to $6
scorpio04: folds
Uncalled bet ($3) returned to pecs680
pecs680 collected $6 from pot
*** SUMMARY ***
Total pot $6 | Rake $0
Seat 1: pecs680 (button) (small blind) collected ($6)
Seat 5: scorpio04 (big blind) folded before Flop


PokerStars Hand #145155455787:  Hold'em Limit ($3/$6 USD) - 2015/12/10 21:35:17 ET
Table 'Myrrha' 6-max Seat #5 is the button
Seat 1: pecs680 ($120 in chips)
Seat 5: scorpio04 ($371.32 in chips)
scorpio04: posts small blind $1
pecs680: posts big blind $3
*** HOLE CARDS ***
scorpio04: raises $3 to $6
pecs680: calls $3
*** FLOP *** [Kc 7s Ah]
pecs680: checks
scorpio04: bets $3
pecs680: raises $3 to $6
scorpio04: folds
Uncalled bet ($3) returned to pecs680
pecs680 collected $17.64 from pot
pecs680: doesn't show hand
*** SUMMARY ***
Total pot $18 | Rake $0.36
Board [Kc 7s Ah]
Seat 1: pecs680 (big blind) collected ($17.64)
Seat 5: scorpio04 (button) (small blind) folded on the Flop


PokerStars Hand #145155483764:  Hold'em Limit ($3/$6 USD) - 2015/12/10 21:36:24 ET
Table 'Myrrha' 6-max Seat #5 is the button
Seat 1: pecs680 ($120 in chips)
Seat 5: scorpio04 ($384.82 in chips)
scorpio04: posts small blind $1
pecs680: posts big blind $3
*** HOLE CARDS ***
scorpio04: raises $3 to $6
pecs680: calls $3
*** FLOP *** [7s 5c 7c]
pecs680: checks
scorpio04: bets $3
pecs680: raises $3 to $6
scorpio04: calls $3
*** TURN *** [7s 5c 7c] [Tc]
pecs680: bets $6
scorpio04: raises $6 to $12
pecs680: calls $6
*** RIVER *** [7s 5c 7c Tc] [9c]
pecs680: checks
scorpio04: bets $6
pecs680: folds
Uncalled bet ($6) returned to scorpio04
scorpio04 collected $47.50 from pot
scorpio04: doesn't show hand
*** SUMMARY ***
Total pot $48 | Rake $0.50
Board [7s 5c 7c Tc 9c]
Seat 1: pecs680 (big blind) folded on the River
Seat 5: scorpio04 (button) (small blind) collected ($47.50)


PokerStars Hand #145155467982:  Hold'em Limit ($3/$6 USD) - 2015/12/10 21:35:46 ET
Table 'Myrrha' 6-max Seat #1 is the button
Seat 1: pecs680 ($132.64 in chips)
Seat 5: scorpio04 ($358.32 in chips)
pecs680: posts small blind $1
scorpio04: posts big blind $3
*** HOLE CARDS ***
pecs680: raises $3 to $6
scorpio04: calls $3
*** FLOP *** [3h 3s 7c]
scorpio04: checks
pecs680: bets $3
scorpio04: calls $3
*** TURN *** [3h 3s 7c] [4d]
scorpio04: checks
pecs680: bets $6
scorpio04: calls $6
*** RIVER *** [3h 3s 7c 4d] [2s]
scorpio04: checks
pecs680: bets $6
scorpio04: raises $6 to $12
pecs680: calls $6
*** SHOW DOWN ***
scorpio04: shows [5d As] (a straight, Ace to Five)
pecs680: mucks hand
scorpio04 collected $53.50 from pot
*** SUMMARY ***
Total pot $54 | Rake $0.50
Board [3h 3s 7c 4d 2s]
Seat 1: pecs680 (button) (small blind) mucked
Seat 5: scorpio04 (big blind) showed [5d As] and won ($53.50) with a straight, Ace to Five


PokerStars Hand #145155499599:  Hold'em Limit ($3/$6 USD) - 2015/12/10 21:37:01 ET
Table 'Myrrha' 6-max Seat #5 is the button
Seat 1: pecs680 ($120 in chips)
Seat 5: scorpio04 ($409.32 in chips)
scorpio04: posts small blind $1
pecs680: posts big blind $3
*** HOLE CARDS ***
scorpio04: raises $3 to $6
pecs680: folds
Uncalled bet ($3) returned to scorpio04
scorpio04 collected $6 from pot
scorpio04: doesn't show hand
*** SUMMARY ***
Total pot $6 | Rake $0
Seat 1: pecs680 (big blind) folded before Flop
Seat 5: scorpio04 (button) (small blind) collected ($6)


PokerStars Hand #145155495786:  Hold'em Limit ($3/$6 USD) - 2015/12/10 21:36:52 ET
Table 'Myrrha' 6-max Seat #1 is the button
Seat 1: pecs680 ($120 in chips)
Seat 5: scorpio04 ($408.32 in chips)
pecs680: posts small blind $1
scorpio04: posts big blind $3
*** HOLE CARDS ***
pecs680: folds
Uncalled bet ($2) returned to scorpio04
scorpio04 collected $2 from pot
scorpio04: doesn't show hand
*** SUMMARY ***
Total pot $2 | Rake $0
Seat 1: pecs680 (button) (small blind) folded before Flop
Seat 5: scorpio04 (big blind) collected ($2)


PokerStars Hand #145155502512:  Hold'em Limit ($3/$6 USD) - 2015/12/10 21:37:08 ET
Table 'Myrrha' 6-max Seat #1 is the button
Seat 1: pecs680 ($120 in chips)
Seat 5: scorpio04 ($412.32 in chips)
pecs680: posts small blind $1
scorpio04: posts big blind $3
*** HOLE CARDS ***
pecs680: raises $3 to $6
scorpio04: calls $3
*** FLOP *** [4c 2h 8h]
scorpio04: checks
pecs680: bets $3
scorpio04: raises $3 to $6
pecs680: calls $3
*** TURN *** [4c 2h 8h] [4s]
scorpio04: bets $6
pecs680: calls $6
*** RIVER *** [4c 2h 8h 4s] [3c]
scorpio04: bets $6
pecs680: folds
Uncalled bet ($6) returned to scorpio04
scorpio04 collected $35.50 from pot
scorpio04: doesn't show hand
*** SUMMARY ***
Total pot $36 | Rake $0.50
Board [4c 2h 8h 4s 3c]
Seat 1: pecs680 (button) (small blind) folded on the River
Seat 5: scorpio04 (big blind) collected ($35.50)


PokerStars Hand #145155513981:  Hold'em Limit ($3/$6 USD) - 2015/12/10 21:37:36 ET
Table 'Myrrha' 6-max Seat #5 is the button
Seat 1: pecs680 ($120 in chips)
Seat 5: scorpio04 ($429.82 in chips)
scorpio04: posts small blind $1
pecs680: posts big blind $3
*** HOLE CARDS ***
scorpio04: folds
Uncalled bet ($2) returned to pecs680
pecs680 collected $2 from pot
*** SUMMARY ***
Total pot $2 | Rake $0
Seat 1: pecs680 (big blind) collected ($2)
Seat 5: scorpio04 (button) (small blind) folded before Flop


PokerStars Hand #145155517256:  Hold'em Limit ($3/$6 USD) - 2015/12/10 21:37:43 ET
Table 'Myrrha' 6-max Seat #1 is the button
Seat 1: pecs680 ($121 in chips)
Seat 5: scorpio04 ($428.82 in chips)
pecs680: posts small blind $1
scorpio04: posts big blind $3
*** HOLE CARDS ***
pecs680: raises $3 to $6
scorpio04: calls $3
*** FLOP *** [6d 7c 6h]
scorpio04: checks
pecs680: bets $3
scorpio04: calls $3
*** TURN *** [6d 7c 6h] [Qs]
scorpio04: checks
pecs680: bets $6
scorpio04: calls $6
*** RIVER *** [6d 7c 6h Qs] [2c]
scorpio04: checks
pecs680: bets $6
scorpio04: calls $6
*** SHOW DOWN ***
pecs680: shows [Jh 7h] (two pair, Sevens and Sixes)
scorpio04: shows [3s 7d] (two pair, Sevens and Sixes)
scorpio04 collected $20.75 from pot
pecs680 collected $20.75 from pot
*** SUMMARY ***
Total pot $42 | Rake $0.50
Board [6d 7c 6h Qs 2c]
Seat 1: pecs680 (button) (small blind) showed [Jh 7h] and won ($20.75) with two pair, Sevens and Sixes
Seat 5: scorpio04 (big blind) showed [3s 7d] and won ($20.75) with two pair, Sevens and Sixes


PokerStars Hand #145155529349:  Hold'em Limit ($3/$6 USD) - 2015/12/10 21:38:12 ET
Table 'Myrrha' 6-max Seat #5 is the button
Seat 1: pecs680 ($120.75 in chips)
Seat 5: scorpio04 ($428.57 in chips)
scorpio04: posts small blind $1
pecs680: posts big blind $3
*** HOLE CARDS ***
scorpio04: raises $3 to $6
pecs680: calls $3
*** FLOP *** [5h 2s 2d]
pecs680: checks
scorpio04: bets $3
pecs680: calls $3
*** TURN *** [5h 2s 2d] [4c]
pecs680: checks
scorpio04: bets $6
pecs680: calls $6
*** RIVER *** [5h 2s 2d 4c] [Kd]
pecs680: checks
scorpio04: bets $6
pecs680: calls $6
*** SHOW DOWN ***
scorpio04: shows [6d 6h] (two pair, Sixes and Deuces)
pecs680: mucks hand
scorpio04 collected $41.50 from pot
*** SUMMARY ***
Total pot $42 | Rake $0.50
Board [5h 2s 2d 4c Kd]
Seat 1: pecs680 (big blind) mucked
Seat 5: scorpio04 (button) (small blind) showed [6d 6h] and won ($41.50) with two pair, Sixes and Deuces


PokerStars Hand #145155542104:  Hold'em Limit ($3/$6 USD) - 2015/12/10 21:38:43 ET
Table 'Myrrha' 6-max Seat #1 is the button
Seat 1: pecs680 ($120 in chips)
Seat 5: scorpio04 ($449.07 in chips)
pecs680: posts small blind $1
scorpio04: posts big blind $3
*** HOLE CARDS ***
pecs680: raises $3 to $6
scorpio04: calls $3
*** FLOP *** [Ad 3h 7h]
scorpio04: checks
pecs680: bets $3
scorpio04: calls $3
*** TURN *** [Ad 3h 7h] [7c]
scorpio04: checks
pecs680: checks
*** RIVER *** [Ad 3h 7h 7c] [Tc]
scorpio04: checks
pecs680: checks
*** SHOW DOWN ***
scorpio04: shows [4c 4h] (two pair, Sevens and Fours)
pecs680: mucks hand
scorpio04 collected $17.64 from pot
*** SUMMARY ***
Total pot $18 | Rake $0.36
Board [Ad 3h 7h 7c Tc]
Seat 1: pecs680 (button) (small blind) mucked
Seat 5: scorpio04 (big blind) showed [4c 4h] and won ($17.64) with two pair, Sevens and Fours


PokerStars Hand #145155563577:  Hold'em Limit ($3/$6 USD) - 2015/12/10 21:39:35 ET
Table 'Myrrha' 6-max Seat #1 is the button
Seat 1: pecs680 ($120 in chips)
Seat 5: scorpio04 ($463.47 in chips)
pecs680: posts small blind $1
scorpio04: posts big blind $3
*** HOLE CARDS ***
pecs680: raises $3 to $6
scorpio04: calls $3
*** FLOP *** [4c 3d 8c]
scorpio04: checks
pecs680: bets $3
scorpio04: raises $3 to $6
pecs680: calls $3
*** TURN *** [4c 3d 8c] [Kc]
scorpio04: bets $6
pecs680: calls $6
*** RIVER *** [4c 3d 8c Kc] [Ac]
scorpio04: checks
pecs680: bets $6
scorpio04: folds
Uncalled bet ($6) returned to pecs680
pecs680 collected $35.50 from pot
pecs680: doesn't show hand
*** SUMMARY ***
Total pot $36 | Rake $0.50
Board [4c 3d 8c Kc Ac]
Seat 1: pecs680 (button) (small blind) collected ($35.50)
Seat 5: scorpio04 (big blind) folded on the River


PokerStars Hand #145155557082:  Hold'em Limit ($3/$6 USD) - 2015/12/10 21:39:19 ET
Table 'Myrrha' 6-max Seat #5 is the button
Seat 1: pecs680 ($120 in chips)
Seat 5: scorpio04 ($457.71 in chips)
scorpio04: posts small blind $1
pecs680: posts big blind $3
*** HOLE CARDS ***
scorpio04: raises $3 to $6
pecs680: calls $3
*** FLOP *** [Jd Td Kc]
pecs680: checks
scorpio04: bets $3
pecs680: folds
Uncalled bet ($3) returned to scorpio04
scorpio04 collected $11.76 from pot
scorpio04: doesn't show hand
*** SUMMARY ***
Total pot $12 | Rake $0.24
Board [Jd Td Kc]
Seat 1: pecs680 (big blind) folded on the Flop
Seat 5: scorpio04 (button) (small blind) collected ($11.76)


PokerStars Hand #145155574809:  Hold'em Limit ($3/$6 USD) - 2015/12/10 21:40:02 ET
Table 'Myrrha' 6-max Seat #5 is the button
Seat 1: pecs680 ($137.50 in chips)
Seat 5: scorpio04 ($445.47 in chips)
scorpio04: posts small blind $1
pecs680: posts big blind $3
*** HOLE CARDS ***
scorpio04: raises $3 to $6
pecs680: calls $3
*** FLOP *** [9h 5c 5s]
pecs680: checks
scorpio04: bets $3
pecs680: folds
Uncalled bet ($3) returned to scorpio04
scorpio04 collected $11.76 from pot
scorpio04: doesn't show hand
*** SUMMARY ***
Total pot $12 | Rake $0.24
Board [9h 5c 5s]
Seat 1: pecs680 (big blind) folded on the Flop
Seat 5: scorpio04 (button) (small blind) collected ($11.76)


PokerStars Hand #145155587261:  Hold'em Limit ($3/$6 USD) - 2015/12/10 21:40:32 ET
Table 'Myrrha' 6-max Seat #1 is the button
Seat 1: pecs680 ($131.50 in chips)
Seat 5: scorpio04 ($451.23 in chips)
pecs680: posts small blind $1
scorpio04: posts big blind $3
*** HOLE CARDS ***
pecs680: raises $3 to $6
scorpio04: calls $3
*** FLOP *** [Tc 8d Jd]
scorpio04: checks
pecs680: bets $3
scorpio04: folds
Uncalled bet ($3) returned to pecs680
pecs680 collected $11.76 from pot
pecs680: doesn't show hand
*** SUMMARY ***
Total pot $12 | Rake $0.24
Board [Tc 8d Jd]
Seat 1: pecs680 (button) (small blind) collected ($11.76)
Seat 5: scorpio04 (big blind) folded on the Flop


PokerStars Hand #145155584920:  Hold'em Limit ($3/$6 USD) - 2015/12/10 21:40:27 ET
Table 'Myrrha' 6-max Seat #5 is the button
Seat 1: pecs680 ($130.50 in chips)
Seat 5: scorpio04 ($452.23 in chips)
scorpio04: posts small blind $1
pecs680: posts big blind $3
*** HOLE CARDS ***
scorpio04: folds
Uncalled bet ($2) returned to pecs680
pecs680 collected $2 from pot
*** SUMMARY ***
Total pot $2 | Rake $0
Seat 1: pecs680 (big blind) collected ($2)
Seat 5: scorpio04 (button) (small blind) folded before Flop


PokerStars Hand #145155582277:  Hold'em Limit ($3/$6 USD) - 2015/12/10 21:40:20 ET
Table 'Myrrha' 6-max Seat #1 is the button
Seat 1: pecs680 ($131.50 in chips)
Seat 5: scorpio04 ($451.23 in chips)
pecs680: posts small blind $1
scorpio04: posts big blind $3
*** HOLE CARDS ***
pecs680: folds
Uncalled bet ($2) returned to scorpio04
scorpio04 collected $2 from pot
scorpio04: doesn't show hand
*** SUMMARY ***
Total pot $2 | Rake $0
Seat 1: pecs680 (button) (small blind) folded before Flop
Seat 5: scorpio04 (big blind) collected ($2)


PokerStars Hand #145155609806:  Hold'em Limit ($3/$6 USD) - 2015/12/10 21:41:27 ET
Table 'Myrrha' 6-max Seat #1 is the button
Seat 1: pecs680 ($120 in chips)
Seat 5: scorpio04 ($492.73 in chips)
pecs680: posts small blind $1
scorpio04: posts big blind $3
*** HOLE CARDS ***
pecs680 said, "you disgust me"
pecs680: raises $3 to $6
scorpio04: raises $3 to $9
pecs680: calls $3
*** FLOP *** [Ah 2h 5d]
scorpio04: bets $3
pecs680: folds
Uncalled bet ($3) returned to scorpio04
scorpio04 collected $17.64 from pot
scorpio04: doesn't show hand
*** SUMMARY ***
Total pot $18 | Rake $0.36
Board [Ah 2h 5d]
Seat 1: pecs680 (button) (small blind) folded on the Flop
Seat 5: scorpio04 (big blind) collected ($17.64)


PokerStars Hand #145155591941:  Hold'em Limit ($3/$6 USD) - 2015/12/10 21:40:44 ET
Table 'Myrrha' 6-max Seat #5 is the button
Seat 1: pecs680 ($137.26 in chips)
Seat 5: scorpio04 ($445.23 in chips)
scorpio04: posts small blind $1
pecs680: posts big blind $3
*** HOLE CARDS ***
scorpio04: raises $3 to $6
pecs680: raises $3 to $9
scorpio04: calls $3
*** FLOP *** [Ts 6h 9h]
pecs680: bets $3
scorpio04: raises $3 to $6
pecs680: raises $3 to $9
scorpio04: calls $3
*** TURN *** [Ts 6h 9h] [Qc]
pecs680: bets $6
scorpio04: raises $6 to $12
pecs680: raises $6 to $18
scorpio04: raises $6 to $24
Betting is capped
pecs680: calls $6
*** RIVER *** [Ts 6h 9h Qc] [3d]
pecs680: checks
scorpio04: bets $6
pecs680: calls $6
*** SHOW DOWN ***
scorpio04: shows [Jh 8d] (a straight, Eight to Queen)
pecs680: mucks hand
scorpio04 collected $95.50 from pot
*** SUMMARY ***
Total pot $96 | Rake $0.50
Board [Ts 6h 9h Qc 3d]
Seat 1: pecs680 (big blind) mucked
Seat 5: scorpio04 (button) (small blind) showed [Jh 8d] and won ($95.50) with a straight, Eight to Queen


PokerStars Hand #145155618521:  Hold'em Limit ($3/$6 USD) - 2015/12/10 21:41:49 ET
Table 'Myrrha' 6-max Seat #5 is the button
Seat 1: pecs680 ($120 in chips)
Seat 5: scorpio04 ($501.37 in chips)
scorpio04: posts small blind $1
pecs680: posts big blind $3
*** HOLE CARDS ***
scorpio04: raises $3 to $6
pecs680: calls $3
*** FLOP *** [Ad 4d 9d]
pecs680: checks
scorpio04: bets $3
pecs680: raises $3 to $6
scorpio04: calls $3
*** TURN *** [Ad 4d 9d] [Ks]
pecs680: bets $6
scorpio04: calls $6
*** RIVER *** [Ad 4d 9d Ks] [Ts]
pecs680: checks
scorpio04: checks
*** SHOW DOWN ***
pecs680: shows [8h 9c] (a pair of Nines)
scorpio04: shows [5d 9s] (a pair of Nines)
pecs680 collected $17.75 from pot
scorpio04 collected $17.75 from pot
*** SUMMARY ***
Total pot $36 | Rake $0.50
Board [Ad 4d 9d Ks Ts]
Seat 1: pecs680 (big blind) showed [8h 9c] and won ($17.75) with a pair of Nines
Seat 5: scorpio04 (button) (small blind) showed [5d 9s] and won ($17.75) with a pair of Nines


PokerStars Hand #145155646459:  Hold'em Limit ($3/$6 USD) - 2015/12/10 21:42:57 ET
Table 'Myrrha' 6-max Seat #5 is the button
Seat 1: pecs680 ($128.64 in chips)
Seat 5: scorpio04 ($492.12 in chips)
scorpio04: posts small blind $1
pecs680: posts big blind $3
*** HOLE CARDS ***
scorpio04: folds
Uncalled bet ($2) returned to pecs680
pecs680 collected $2 from pot
pecs680: doesn't show hand
*** SUMMARY ***
Total pot $2 | Rake $0
Seat 1: pecs680 (big blind) collected ($2)
Seat 5: scorpio04 (button) (small blind) folded before Flop


PokerStars Hand #145155640550:  Hold'em Limit ($3/$6 USD) - 2015/12/10 21:42:43 ET
Table 'Myrrha' 6-max Seat #1 is the button
Seat 1: pecs680 ($120 in chips)
Seat 5: scorpio04 ($501.12 in chips)
pecs680: posts small blind $1
scorpio04: posts big blind $3
*** HOLE CARDS ***
pecs680: raises $3 to $6
scorpio04: calls $3
*** FLOP *** [6h 4s 8h]
scorpio04: checks
pecs680: bets $3
scorpio04: calls $3
*** TURN *** [6h 4s 8h] [Qd]
scorpio04: checks
pecs680: bets $6
scorpio04: folds
Uncalled bet ($6) returned to pecs680
pecs680 collected $17.64 from pot
pecs680: doesn't show hand
*** SUMMARY ***
Total pot $18 | Rake $0.36
Board [6h 4s 8h Qd]
Seat 1: pecs680 (button) (small blind) collected ($17.64)
Seat 5: scorpio04 (big blind) folded on the Turn


PokerStars Hand #145155649587:  Hold'em Limit ($3/$6 USD) - 2015/12/10 21:43:05 ET
Table 'Myrrha' 6-max Seat #1 is the button
Seat 1: pecs680 ($129.64 in chips)
Seat 5: scorpio04 ($491.12 in chips)
pecs680: posts small blind $1
scorpio04: posts big blind $3
*** HOLE CARDS ***
pecs680: folds
Uncalled bet ($2) returned to scorpio04
scorpio04 collected $2 from pot
scorpio04: doesn't show hand
*** SUMMARY ***
Total pot $2 | Rake $0
Seat 1: pecs680 (button) (small blind) folded before Flop
Seat 5: scorpio04 (big blind) collected ($2)


PokerStars Hand #145155663034:  Hold'em Limit ($3/$6 USD) - 2015/12/10 21:43:37 ET
Table 'Myrrha' 6-max Seat #1 is the button
Seat 1: pecs680 ($137.28 in chips)
Seat 5: scorpio04 ($483.12 in chips)
pecs680: posts small blind $1
scorpio04: posts big blind $3
*** HOLE CARDS ***
pecs680: folds
Uncalled bet ($2) returned to scorpio04
scorpio04 collected $2 from pot
scorpio04: doesn't show hand
*** SUMMARY ***
Total pot $2 | Rake $0
Seat 1: pecs680 (button) (small blind) folded before Flop
Seat 5: scorpio04 (big blind) collected ($2)


PokerStars Hand #145155651949:  Hold'em Limit ($3/$6 USD) - 2015/12/10 21:43:10 ET
Table 'Myrrha' 6-max Seat #5 is the button
Seat 1: pecs680 ($128.64 in chips)
Seat 5: scorpio04 ($492.12 in chips)
scorpio04: posts small blind $1
pecs680: posts big blind $3
*** HOLE CARDS ***
scorpio04: raises $3 to $6
pecs680: calls $3
*** FLOP *** [Qd Ks Qs]
pecs680: checks
scorpio04: bets $3
pecs680: raises $3 to $6
scorpio04: folds
Uncalled bet ($3) returned to pecs680
pecs680 collected $17.64 from pot
pecs680: doesn't show hand
*** SUMMARY ***
Total pot $18 | Rake $0.36
Board [Qd Ks Qs]
Seat 1: pecs680 (big blind) collected ($17.64)
Seat 5: scorpio04 (button) (small blind) folded on the Flop


PokerStars Hand #145155665893:  Hold'em Limit ($3/$6 USD) - 2015/12/10 21:43:44 ET
Table 'Myrrha' 6-max Seat #5 is the button
Seat 1: pecs680 ($136.28 in chips)
Seat 5: scorpio04 ($484.12 in chips)
scorpio04: posts small blind $1
pecs680: posts big blind $3
*** HOLE CARDS ***
scorpio04: raises $3 to $6
pecs680: calls $3
*** FLOP *** [3d 7h 7s]
pecs680: checks
scorpio04: bets $3
pecs680: raises $3 to $6
scorpio04: folds
Uncalled bet ($3) returned to pecs680
pecs680 collected $17.64 from pot
pecs680: doesn't show hand
*** SUMMARY ***
Total pot $18 | Rake $0.36
Board [3d 7h 7s]
Seat 1: pecs680 (big blind) collected ($17.64)
Seat 5: scorpio04 (button) (small blind) folded on the Flop


PokerStars Hand #145155674440:  Hold'em Limit ($3/$6 USD) - 2015/12/10 21:44:05 ET
Table 'Myrrha' 6-max Seat #1 is the button
Seat 1: pecs680 ($144.92 in chips)
Seat 5: scorpio04 ($475.12 in chips)
pecs680: posts small blind $1
scorpio04: posts big blind $3
*** HOLE CARDS ***
pecs680: raises $3 to $6
scorpio04: calls $3
*** FLOP *** [Kd 3d Ks]
scorpio04: checks
pecs680: bets $3
scorpio04: calls $3
*** TURN *** [Kd 3d Ks] [7d]
scorpio04: checks
pecs680: bets $6
scorpio04: calls $6
*** RIVER *** [Kd 3d Ks 7d] [Tc]
scorpio04: checks
pecs680: bets $6
scorpio04: folds
Uncalled bet ($6) returned to pecs680
pecs680 collected $29.50 from pot
pecs680: doesn't show hand
*** SUMMARY ***
Total pot $30 | Rake $0.50
Board [Kd 3d Ks 7d Tc]
Seat 1: pecs680 (button) (small blind) collected ($29.50)
Seat 5: scorpio04 (big blind) folded on the River


PokerStars Hand #145155691804:  Hold'em Limit ($3/$6 USD) - 2015/12/10 21:44:48 ET
Table 'Myrrha' 6-max Seat #5 is the button
Seat 1: pecs680 ($159.42 in chips)
Seat 5: scorpio04 ($460.12 in chips)
scorpio04: posts small blind $1
pecs680: posts big blind $3
*** HOLE CARDS ***
scorpio04: raises $3 to $6
pecs680: raises $3 to $9
scorpio04: calls $3
*** FLOP *** [9c 9h 7s]
pecs680: bets $3
scorpio04: calls $3
*** TURN *** [9c 9h 7s] [Jh]
pecs680: bets $6
scorpio04: calls $6
*** RIVER *** [9c 9h 7s Jh] [7c]
pecs680: bets $6
scorpio04: calls $6
*** SHOW DOWN ***
pecs680: shows [Tc 8c] (a straight, Seven to Jack)
scorpio04: mucks hand
pecs680 collected $47.50 from pot
*** SUMMARY ***
Total pot $48 | Rake $0.50
Board [9c 9h 7s Jh 7c]
Seat 1: pecs680 (big blind) showed [Tc 8c] and won ($47.50) with a straight, Seven to Jack
Seat 5: scorpio04 (button) (small blind) mucked


PokerStars Hand #145155706400:  Hold'em Limit ($3/$6 USD) - 2015/12/10 21:45:24 ET
Table 'Myrrha' 6-max Seat #1 is the button
Seat 1: pecs680 ($182.92 in chips)
Seat 5: scorpio04 ($436.12 in chips)
pecs680: posts small blind $1
scorpio04: posts big blind $3
*** HOLE CARDS ***
pecs680: raises $3 to $6
scorpio04: raises $3 to $9
pecs680: calls $3
*** FLOP *** [Qh Jh 3s]
scorpio04: bets $3
pecs680: raises $3 to $6
scorpio04: calls $3
*** TURN *** [Qh Jh 3s] [5s]
scorpio04: checks
pecs680: bets $6
scorpio04: calls $6
*** RIVER *** [Qh Jh 3s 5s] [5h]
scorpio04: checks
pecs680: bets $6
scorpio04: calls $6
*** SHOW DOWN ***
pecs680: shows [Kh Jd] (two pair, Jacks and Fives)
scorpio04: mucks hand
pecs680 collected $53.50 from pot
*** SUMMARY ***
Total pot $54 | Rake $0.50
Board [Qh Jh 3s 5s 5h]
Seat 1: pecs680 (button) (small blind) showed [Kh Jd] and won ($53.50) with two pair, Jacks and Fives
Seat 5: scorpio04 (big blind) mucked


PokerStars Hand #145155734910:  Hold'em Limit ($3/$6 USD) - 2015/12/10 21:46:34 ET
Table 'Myrrha' 6-max Seat #1 is the button
Seat 1: pecs680 ($229.92 in chips)
Seat 5: scorpio04 ($388.12 in chips)
pecs680: posts small blind $1
scorpio04: posts big blind $3
*** HOLE CARDS ***
pecs680: folds
Uncalled bet ($2) returned to scorpio04
scorpio04 collected $2 from pot
scorpio04: doesn't show hand
*** SUMMARY ***
Total pot $2 | Rake $0
Seat 1: pecs680 (button) (small blind) folded before Flop
Seat 5: scorpio04 (big blind) collected ($2)


PokerStars Hand #145155737097:  Hold'em Limit ($3/$6 USD) - 2015/12/10 21:46:40 ET
Table 'Myrrha' 6-max Seat #5 is the button
Seat 1: pecs680 ($228.92 in chips)
Seat 5: scorpio04 ($389.12 in chips)
scorpio04: posts small blind $1
pecs680: posts big blind $3
*** HOLE CARDS ***
scorpio04: raises $3 to $6
pecs680: calls $3
*** FLOP *** [Kc 4s 7c]
pecs680: checks
scorpio04: bets $3
pecs680: raises $3 to $6
scorpio04: folds
Uncalled bet ($3) returned to pecs680
pecs680 collected $17.64 from pot
pecs680: doesn't show hand
*** SUMMARY ***
Total pot $18 | Rake $0.36
Board [Kc 4s 7c]
Seat 1: pecs680 (big blind) collected ($17.64)
Seat 5: scorpio04 (button) (small blind) folded on the Flop


PokerStars Hand #145155721463:  Hold'em Limit ($3/$6 USD) - 2015/12/10 21:46:01 ET
Table 'Myrrha' 6-max Seat #5 is the button
Seat 1: pecs680 ($209.42 in chips)
Seat 5: scorpio04 ($409.12 in chips)
scorpio04: posts small blind $1
pecs680: posts big blind $3
*** HOLE CARDS ***
scorpio04: raises $3 to $6
pecs680: calls $3
*** FLOP *** [2h Ad 4c]
pecs680: checks
scorpio04: bets $3
pecs680: calls $3
*** TURN *** [2h Ad 4c] [8s]
pecs680: checks
scorpio04: bets $6
pecs680: calls $6
*** RIVER *** [2h Ad 4c 8s] [Kc]
pecs680: checks
scorpio04: bets $6
pecs680: calls $6
*** SHOW DOWN ***
scorpio04: shows [Ts 5s] (high card Ace)
pecs680: shows [2s Td] (a pair of Deuces)
pecs680 collected $41.50 from pot
*** SUMMARY ***
Total pot $42 | Rake $0.50
Board [2h Ad 4c 8s Kc]
Seat 1: pecs680 (big blind) showed [2s Td] and won ($41.50) with a pair of Deuces
Seat 5: scorpio04 (button) (small blind) showed [Ts 5s] and lost with high card Ace


PokerStars Hand #145155760374:  Hold'em Limit ($3/$6 USD) - 2015/12/10 21:47:37 ET
Table 'Myrrha' 6-max Seat #5 is the button
Seat 1: pecs680 ($210.56 in chips)
Seat 5: scorpio04 ($406.62 in chips)
scorpio04: posts small blind $1
pecs680: posts big blind $3
*** HOLE CARDS ***
scorpio04: raises $3 to $6
pecs680: calls $3
*** FLOP *** [Jc 3h 8s]
pecs680: checks
scorpio04: bets $3
pecs680: folds
Uncalled bet ($3) returned to scorpio04
scorpio04 collected $11.76 from pot
scorpio04: doesn't show hand
*** SUMMARY ***
Total pot $12 | Rake $0.24
Board [Jc 3h 8s]
Seat 1: pecs680 (big blind) folded on the Flop
Seat 5: scorpio04 (button) (small blind) collected ($11.76)


PokerStars Hand #145155744667:  Hold'em Limit ($3/$6 USD) - 2015/12/10 21:46:59 ET
Table 'Myrrha' 6-max Seat #1 is the button
Seat 1: pecs680 ($237.56 in chips)
Seat 5: scorpio04 ($380.12 in chips)
pecs680: posts small blind $1
scorpio04: posts big blind $3
*** HOLE CARDS ***
pecs680: raises $3 to $6
scorpio04: raises $3 to $9
pecs680: calls $3
*** FLOP *** [Jd 5s 2s]
scorpio04: bets $3
pecs680: raises $3 to $6
scorpio04: calls $3
*** TURN *** [Jd 5s 2s] [9d]
scorpio04: checks
pecs680: bets $6
scorpio04: raises $6 to $12
pecs680: calls $6
*** RIVER *** [Jd 5s 2s 9d] [7c]
scorpio04: bets $6
pecs680: folds
Uncalled bet ($6) returned to scorpio04
scorpio04 collected $53.50 from pot
scorpio04: doesn't show hand
*** SUMMARY ***
Total pot $54 | Rake $0.50
Board [Jd 5s 2s 9d 7c]
Seat 1: pecs680 (button) (small blind) folded on the River
Seat 5: scorpio04 (big blind) collected ($53.50)


PokerStars Hand #145155769227:  Hold'em Limit ($3/$6 USD) - 2015/12/10 21:47:59 ET
Table 'Myrrha' 6-max Seat #1 is the button
Seat 1: pecs680 ($204.56 in chips)
Seat 5: scorpio04 ($412.38 in chips)
pecs680: posts small blind $1
scorpio04: posts big blind $3
*** HOLE CARDS ***
pecs680: raises $3 to $6
scorpio04: calls $3
*** FLOP *** [9h 2c Kc]
scorpio04: checks
pecs680: bets $3
scorpio04: calls $3
*** TURN *** [9h 2c Kc] [Th]
scorpio04: checks
pecs680: checks
*** RIVER *** [9h 2c Kc Th] [4h]
scorpio04: bets $6
pecs680: folds
Uncalled bet ($6) returned to scorpio04
scorpio04 collected $17.64 from pot
scorpio04: doesn't show hand
*** SUMMARY ***
Total pot $18 | Rake $0.36
Board [9h 2c Kc Th 4h]
Seat 1: pecs680 (button) (small blind) folded on the River
Seat 5: scorpio04 (big blind) collected ($17.64)


PokerStars Hand #145155779445:  Hold'em Limit ($3/$6 USD) - 2015/12/10 21:48:24 ET
Table 'Myrrha' 6-max Seat #5 is the button
Seat 1: pecs680 ($195.56 in chips)
Seat 5: scorpio04 ($421.02 in chips)
scorpio04: posts small blind $1
pecs680: posts big blind $3
*** HOLE CARDS ***
scorpio04: raises $3 to $6
pecs680: calls $3
*** FLOP *** [Tc 2s Th]
pecs680: checks
scorpio04: bets $3
pecs680: calls $3
*** TURN *** [Tc 2s Th] [6h]
pecs680: checks
scorpio04: bets $6
pecs680: raises $6 to $12
scorpio04: raises $6 to $18
pecs680: calls $6
*** RIVER *** [Tc 2s Th 6h] [Jd]
pecs680: checks
scorpio04: bets $6
pecs680: calls $6
*** SHOW DOWN ***
scorpio04: shows [8c 7c] (a pair of Tens)
pecs680: shows [8h Ts] (three of a kind, Tens)
pecs680 collected $65.50 from pot
*** SUMMARY ***
Total pot $66 | Rake $0.50
Board [Tc 2s Th 6h Jd]
Seat 1: pecs680 (big blind) showed [8h Ts] and won ($65.50) with three of a kind, Tens
Seat 5: scorpio04 (button) (small blind) showed [8c 7c] and lost with a pair of Tens


PokerStars Hand #145155811245:  Hold'em Limit ($3/$6 USD) - 2015/12/10 21:49:43 ET
Table 'Myrrha' 6-max Seat #1 is the button
Seat 1: pecs680 ($208.06 in chips)
Seat 5: scorpio04 ($407.52 in chips)
pecs680: posts small blind $1
scorpio04: posts big blind $3
*** HOLE CARDS ***
pecs680: raises $3 to $6
scorpio04: calls $3
*** FLOP *** [8d Qc 3d]
scorpio04: checks
pecs680: bets $3
scorpio04: calls $3
*** TURN *** [8d Qc 3d] [6d]
scorpio04: checks
pecs680: bets $6
scorpio04: calls $6
*** RIVER *** [8d Qc 3d 6d] [2s]
scorpio04: checks
pecs680: bets $6
scorpio04: calls $6
*** SHOW DOWN ***
pecs680: shows [Ad Jd] (a flush, Ace high)
scorpio04: mucks hand
pecs680 collected $41.50 from pot
*** SUMMARY ***
Total pot $42 | Rake $0.50
Board [8d Qc 3d 6d 2s]
Seat 1: pecs680 (button) (small blind) showed [Ad Jd] and won ($41.50) with a flush, Ace high
Seat 5: scorpio04 (big blind) mucked


PokerStars Hand #145155809289:  Hold'em Limit ($3/$6 USD) - 2015/12/10 21:49:38 ET
Table 'Myrrha' 6-max Seat #5 is the button
Seat 1: pecs680 ($207.06 in chips)
Seat 5: scorpio04 ($408.52 in chips)
scorpio04: posts small blind $1
pecs680: posts big blind $3
*** HOLE CARDS ***
scorpio04: folds
Uncalled bet ($2) returned to pecs680
pecs680 collected $2 from pot
pecs680: doesn't show hand
*** SUMMARY ***
Total pot $2 | Rake $0
Seat 1: pecs680 (big blind) collected ($2)
Seat 5: scorpio04 (button) (small blind) folded before Flop


PokerStars Hand #145155796665:  Hold'em Limit ($3/$6 USD) - 2015/12/10 21:49:07 ET
Table 'Myrrha' 6-max Seat #1 is the button
Seat 1: pecs680 ($228.06 in chips)
Seat 5: scorpio04 ($388.02 in chips)
pecs680: posts small blind $1
scorpio04: posts big blind $3
*** HOLE CARDS ***
pecs680: raises $3 to $6
scorpio04: calls $3
*** FLOP *** [6c 9c Qh]
scorpio04: checks
pecs680: bets $3
scorpio04: calls $3
*** TURN *** [6c 9c Qh] [7c]
scorpio04: checks
pecs680: bets $6
scorpio04: calls $6
*** RIVER *** [6c 9c Qh 7c] [Ac]
scorpio04: checks
pecs680: bets $6
scorpio04: calls $6
*** SHOW DOWN ***
pecs680: shows [Ks 2h] (high card Ace)
scorpio04: shows [6d 3c] (a flush, Ace high)
scorpio04 collected $41.50 from pot
*** SUMMARY ***
Total pot $42 | Rake $0.50
Board [6c 9c Qh 7c Ac]
Seat 1: pecs680 (button) (small blind) showed [Ks 2h] and lost with high card Ace
Seat 5: scorpio04 (big blind) showed [6d 3c] and won ($41.50) with a flush, Ace high


PokerStars Hand #145155819510:  Hold'em Limit ($3/$6 USD) - 2015/12/10 21:50:03 ET
Table 'Myrrha' 6-max Seat #5 is the button
Seat 1: pecs680 ($228.56 in chips)
Seat 5: scorpio04 ($386.52 in chips)
scorpio04: posts small blind $1
pecs680: posts big blind $3
*** HOLE CARDS ***
scorpio04: raises $3 to $6
pecs680: calls $3
*** FLOP *** [9h 2h Tc]
UB@TUB@ joins the table at seat #3
pecs680: checks
alexslep joins the table at seat #4
scorpio04: bets $3
pecs680: calls $3
*** TURN *** [9h 2h Tc] [9c]
pecs680: checks
scorpio04: bets $6
pecs680: calls $6
*** RIVER *** [9h 2h Tc 9c] [Jh]
pecs680: checks
scorpio04: bets $6
pecs680: calls $6
*** SHOW DOWN ***
scorpio04: shows [Ah 3d] (a pair of Nines)
pecs680: shows [6d As] (a pair of Nines)
pecs680 collected $20.75 from pot
scorpio04 collected $20.75 from pot
*** SUMMARY ***
Total pot $42 | Rake $0.50
Board [9h 2h Tc 9c Jh]
Seat 1: pecs680 (big blind) showed [6d As] and won ($20.75) with a pair of Nines
Seat 5: scorpio04 (button) (small blind) showed [Ah 3d] and won ($20.75) with a pair of Nines


PokerStars Hand #145155973976:  Hold'em Limit ($3/$6 USD) - 2015/12/10 21:56:51 ET
Table 'Myrrha' 6-max Seat #1 is the button
Seat 1: pecs680 ($195.01 in chips)
Seat 5: scorpio04 ($444.06 in chips)
pecs680: posts small blind $1
HAL9QQQ: is sitting out
alexslep: is sitting out
scorpio04: posts big blind $3
*** HOLE CARDS ***
pecs680: folds
Uncalled bet ($2) returned to scorpio04
scorpio04 collected $2 from pot
scorpio04: doesn't show hand
*** SUMMARY ***
Total pot $2 | Rake $0
Seat 1: pecs680 (button) (small blind) folded before Flop
Seat 5: scorpio04 (big blind) collected ($2)


PokerStars Hand #145155976227:  Hold'em Limit ($3/$6 USD) - 2015/12/10 21:56:58 ET
Table 'Myrrha' 6-max Seat #5 is the button
Seat 1: pecs680 ($194.01 in chips)
Seat 5: scorpio04 ($445.06 in chips)
scorpio04: posts small blind $1
pecs680: posts big blind $3
*** HOLE CARDS ***
scorpio04: raises $3 to $6
pecs680: calls $3
*** FLOP *** [3s 2s 9h]
pecs680: checks
alexslep leaves the table
scorpio04: bets $3
pecs680: calls $3
*** TURN *** [3s 2s 9h] [4h]
pecs680: checks
scorpio04: checks
*** RIVER *** [3s 2s 9h 4h] [7s]
pecs680: bets $6
scorpio04: calls $6
*** SHOW DOWN ***
pecs680: shows [4s 8s] (a flush, Eight high)
scorpio04: mucks hand
pecs680 collected $29.50 from pot
*** SUMMARY ***
Total pot $30 | Rake $0.50
Board [3s 2s 9h 4h 7s]
Seat 1: pecs680 (big blind) showed [4s 8s] and won ($29.50) with a flush, Eight high
Seat 5: scorpio04 (button) (small blind) mucked


PokerStars Hand #145155986644:  Hold'em Limit ($3/$6 USD) - 2015/12/10 21:57:29 ET
Table 'Myrrha' 6-max Seat #1 is the button
Seat 1: pecs680 ($208.51 in chips)
Seat 5: scorpio04 ($430.06 in chips)
pecs680: posts small blind $1
scorpio04: posts big blind $3
*** HOLE CARDS ***
pecs680: raises $3 to $6
scorpio04: calls $3
*** FLOP *** [9h Qh 5h]
scorpio04: checks
pecs680: checks
*** TURN *** [9h Qh 5h] [Ad]
scorpio04: checks
pecs680: bets $6
scorpio04: calls $6
*** RIVER *** [9h Qh 5h Ad] [Jc]
scorpio04: checks
pecs680: checks
*** SHOW DOWN ***
scorpio04: shows [4c 4s] (a pair of Fours)
pecs680: shows [Kc Js] (a pair of Jacks)
pecs680 collected $23.52 from pot
*** SUMMARY ***
Total pot $24 | Rake $0.48
Board [9h Qh 5h Ad Jc]
Seat 1: pecs680 (button) (small blind) showed [Kc Js] and won ($23.52) with a pair of Jacks
Seat 5: scorpio04 (big blind) showed [4c 4s] and lost with a pair of Fours


PokerStars Hand #145156008927:  Hold'em Limit ($3/$6 USD) - 2015/12/10 21:58:37 ET
Table 'Myrrha' 6-max Seat #1 is the button
Seat 1: pecs680 ($246.53 in chips)
Seat 5: scorpio04 ($391.06 in chips)
pecs680: posts small blind $1
scorpio04: posts big blind $3
*** HOLE CARDS ***
pecs680: folds
Uncalled bet ($2) returned to scorpio04
scorpio04 collected $2 from pot
scorpio04: doesn't show hand
*** SUMMARY ***
Total pot $2 | Rake $0
Seat 1: pecs680 (button) (small blind) folded before Flop
Seat 5: scorpio04 (big blind) collected ($2)


PokerStars Hand #145155996688:  Hold'em Limit ($3/$6 USD) - 2015/12/10 21:58:00 ET
Table 'Myrrha' 6-max Seat #5 is the button
Seat 1: pecs680 ($220.03 in chips)
Seat 5: scorpio04 ($418.06 in chips)
scorpio04: posts small blind $1
HAL9QQQ leaves the table
pecs680: posts big blind $3
*** HOLE CARDS ***
scorpio04: raises $3 to $6
pecs680: raises $3 to $9
scorpio04: calls $3
*** FLOP *** [Td 6c 4d]
pecs680: bets $3
scorpio04: raises $3 to $6
pecs680: calls $3
*** TURN *** [Td 6c 4d] [8c]
pecs680: checks
scorpio04: bets $6
pecs680: calls $6
*** RIVER *** [Td 6c 4d 8c] [Ah]
pecs680: bets $6
scorpio04: calls $6
*** SHOW DOWN ***
pecs680: shows [Kc As] (a pair of Aces)
scorpio04: mucks hand
pecs680 collected $53.50 from pot
*** SUMMARY ***
Total pot $54 | Rake $0.50
Board [Td 6c 4d 8c Ah]
Seat 1: pecs680 (big blind) showed [Kc As] and won ($53.50) with a pair of Aces
Seat 5: scorpio04 (button) (small blind) mucked


PokerStars Hand #145156025761:  Hold'em Limit ($3/$6 USD) - 2015/12/10 21:59:29 ET
Table 'Myrrha' 6-max Seat #1 is the button
Seat 1: pecs680 ($200.53 in chips)
Seat 5: scorpio04 ($436.56 in chips)
pecs680: posts small blind $1
scorpio04: posts big blind $3
*** HOLE CARDS ***
pecs680: raises $3 to $6
scorpio04: calls $3
*** FLOP *** [Ac 3c Th]
scorpio04: checks
pecs680: bets $3
scorpio04: raises $3 to $6
pecs680: folds
Uncalled bet ($3) returned to scorpio04
scorpio04 collected $17.64 from pot
scorpio04: doesn't show hand
*** SUMMARY ***
Total pot $18 | Rake $0.36
Board [Ac 3c Th]
Seat 1: pecs680 (button) (small blind) folded on the Flop
Seat 5: scorpio04 (big blind) collected ($17.64)


PokerStars Hand #145156010700:  Hold'em Limit ($3/$6 USD) - 2015/12/10 21:58:43 ET
Table 'Myrrha' 6-max Seat #5 is the button
Seat 1: pecs680 ($245.53 in chips)
Seat 5: scorpio04 ($392.06 in chips)
scorpio04: posts small blind $1
pecs680: posts big blind $3
*** HOLE CARDS ***
scorpio04: raises $3 to $6
pecs680: calls $3
*** FLOP *** [7d Ks 8c]
pecs680: checks
scorpio04: bets $3
pecs680: calls $3
*** TURN *** [7d Ks 8c] [4d]
pecs680: checks
scorpio04: bets $6
pecs680: raises $6 to $12
scorpio04: raises $6 to $18
pecs680: raises $6 to $24
Betting is capped
scorpio04: calls $6
*** RIVER *** [7d Ks 8c 4d] [9d]
pecs680: bets $6
scorpio04: raises $6 to $12
pecs680: calls $6
*** SHOW DOWN ***
scorpio04: shows [6d 5h] (a straight, Five to Nine)
pecs680: mucks hand
scorpio04 collected $89.50 from pot
*** SUMMARY ***
Total pot $90 | Rake $0.50
Board [7d Ks 8c 4d 9d]
Seat 1: pecs680 (big blind) mucked
Seat 5: scorpio04 (button) (small blind) showed [6d 5h] and won ($89.50) with a straight, Five to Nine


PokerStars Hand #145156030601:  Hold'em Limit ($3/$6 USD) - 2015/12/10 21:59:43 ET
Table 'Myrrha' 6-max Seat #5 is the button
Seat 1: pecs680 ($191.53 in chips)
Seat 5: scorpio04 ($445.20 in chips)
scorpio04: posts small blind $1
pecs680: posts big blind $3
*** HOLE CARDS ***
scorpio04: raises $3 to $6
pecs680: folds
Uncalled bet ($3) returned to scorpio04
scorpio04 collected $6 from pot
scorpio04: doesn't show hand
*** SUMMARY ***
Total pot $6 | Rake $0
Seat 1: pecs680 (big blind) folded before Flop
Seat 5: scorpio04 (button) (small blind) collected ($6)


PokerStars Hand #145156033809:  Hold'em Limit ($3/$6 USD) - 2015/12/10 21:59:53 ET
Table 'Myrrha' 6-max Seat #1 is the button
Seat 1: pecs680 ($188.53 in chips)
Seat 5: scorpio04 ($448.20 in chips)
pecs680: posts small blind $1
scorpio04: posts big blind $3
*** HOLE CARDS ***
pecs680: raises $3 to $6
scorpio04: calls $3
*** FLOP *** [4d 2c Jc]
scorpio04: checks
pecs680: bets $3
scorpio04: raises $3 to $6
pecs680: raises $3 to $9
scorpio04: raises $3 to $12
Betting is capped
pecs680: calls $3
*** TURN *** [4d 2c Jc] [Qc]
scorpio04: bets $6
pecs680: calls $6
*** RIVER *** [4d 2c Jc Qc] [9h]
scorpio04: checks
pecs680: bets $6
scorpio04: calls $6
*** SHOW DOWN ***
pecs680: shows [Js Ks] (a pair of Jacks)
scorpio04: mucks hand
pecs680 collected $59.50 from pot
*** SUMMARY ***
Total pot $60 | Rake $0.50
Board [4d 2c Jc Qc 9h]
Seat 1: pecs680 (button) (small blind) showed [Js Ks] and won ($59.50) with a pair of Jacks
Seat 5: scorpio04 (big blind) mucked


PokerStars Hand #145156052344:  Hold'em Limit ($3/$6 USD) - 2015/12/10 22:00:47 ET
Table 'Myrrha' 6-max Seat #5 is the button
Seat 1: pecs680 ($218.03 in chips)
Seat 5: scorpio04 ($418.20 in chips)
scorpio04: posts small blind $1
pecs680: posts big blind $3
*** HOLE CARDS ***
scorpio04: raises $3 to $6
pecs680: raises $3 to $9
scorpio04: calls $3
*** FLOP *** [5s 9d Qd]
pecs680: bets $3
scorpio04: calls $3
*** TURN *** [5s 9d Qd] [2d]
pecs680: checks
scorpio04: bets $6
pecs680: calls $6
*** RIVER *** [5s 9d Qd 2d] [4h]
pecs680: checks
scorpio04: bets $6
pecs680: calls $6
*** SHOW DOWN ***
scorpio04: shows [Qh 8s] (a pair of Queens)
pecs680: mucks hand
scorpio04 collected $47.50 from pot
*** SUMMARY ***
Total pot $48 | Rake $0.50
Board [5s 9d Qd 2d 4h]
Seat 1: pecs680 (big blind) mucked
Seat 5: scorpio04 (button) (small blind) showed [Qh 8s] and won ($47.50) with a pair of Queens


PokerStars Hand #145156069555:  Hold'em Limit ($3/$6 USD) - 2015/12/10 22:01:32 ET
Table 'Myrrha' 6-max Seat #1 is the button
Seat 1: pecs680 ($194.03 in chips)
Seat 5: scorpio04 ($441.70 in chips)
pecs680: posts small blind $1
scorpio04: posts big blind $3
*** HOLE CARDS ***
pecs680: raises $3 to $6
scorpio04: calls $3
*** FLOP *** [Kc 4c 3c]
scorpio04: checks
pecs680: bets $3
scorpio04: calls $3
*** TURN *** [Kc 4c 3c] [4h]
scorpio04: checks
pecs680: bets $6
scorpio04: raises $6 to $12
pecs680: calls $6
*** RIVER *** [Kc 4c 3c 4h] [5s]
scorpio04: bets $6
pecs680: calls $6
*** SHOW DOWN ***
scorpio04: shows [Ac 2s] (a straight, Ace to Five)
pecs680: mucks hand
scorpio04 collected $53.50 from pot
*** SUMMARY ***
Total pot $54 | Rake $0.50
Board [Kc 4c 3c 4h 5s]
Seat 1: pecs680 (button) (small blind) mucked
Seat 5: scorpio04 (big blind) showed [Ac 2s] and won ($53.50) with a straight, Ace to Five


PokerStars Hand #145156091355:  Hold'em Limit ($3/$6 USD) - 2015/12/10 22:02:29 ET
Table 'Myrrha' 6-max Seat #5 is the button
Seat 1: pecs680 ($167.03 in chips)
Seat 5: scorpio04 ($468.20 in chips)
scorpio04: posts small blind $1
pecs680: posts big blind $3
*** HOLE CARDS ***
scorpio04: raises $3 to $6
pecs680: calls $3
*** FLOP *** [Ac 8h 4s]
pecs680: checks
scorpio04: bets $3
pecs680: raises $3 to $6
scorpio04: calls $3
*** TURN *** [Ac 8h 4s] [Js]
pecs680: checks
scorpio04: checks
*** RIVER *** [Ac 8h 4s Js] [6s]
pecs680: checks
scorpio04: checks
*** SHOW DOWN ***
pecs680: shows [3c 3h] (a pair of Threes)
scorpio04: mucks hand
pecs680 collected $23.52 from pot
*** SUMMARY ***
Total pot $24 | Rake $0.48
Board [Ac 8h 4s Js 6s]
Seat 1: pecs680 (big blind) showed [3c 3h] and won ($23.52) with a pair of Threes
Seat 5: scorpio04 (button) (small blind) mucked


PokerStars Hand #145156107218:  Hold'em Limit ($3/$6 USD) - 2015/12/10 22:03:10 ET
Table 'Myrrha' 6-max Seat #5 is the button
Seat 1: pecs680 ($177.55 in chips)
Seat 5: scorpio04 ($457.20 in chips)
scorpio04: posts small blind $1
pecs680: posts big blind $3
*** HOLE CARDS ***
scorpio04: raises $3 to $6
pecs680: folds
Uncalled bet ($3) returned to scorpio04
scorpio04 collected $6 from pot
scorpio04: doesn't show hand
*** SUMMARY ***
Total pot $6 | Rake $0
Seat 1: pecs680 (big blind) folded before Flop
Seat 5: scorpio04 (button) (small blind) collected ($6)


PokerStars Hand #145156105289:  Hold'em Limit ($3/$6 USD) - 2015/12/10 22:03:05 ET
Table 'Myrrha' 6-max Seat #1 is the button
Seat 1: pecs680 ($178.55 in chips)
Seat 5: scorpio04 ($456.20 in chips)
pecs680: posts small blind $1
scorpio04: posts big blind $3
*** HOLE CARDS ***
pecs680: folds
Uncalled bet ($2) returned to scorpio04
scorpio04 collected $2 from pot
scorpio04: doesn't show hand
*** SUMMARY ***
Total pot $2 | Rake $0
Seat 1: pecs680 (button) (small blind) folded before Flop
Seat 5: scorpio04 (big blind) collected ($2)


PokerStars Hand #145156120398:  Hold'em Limit ($3/$6 USD) - 2015/12/10 22:03:44 ET
Table 'Myrrha' 6-max Seat #1 is the button
Seat 1: pecs680 ($167.55 in chips)
Seat 5: scorpio04 ($466.96 in chips)
pecs680: posts small blind $1
scorpio04: posts big blind $3
*** HOLE CARDS ***
pecs680: raises $3 to $6
scorpio04: calls $3
*** FLOP *** [Td Kh 4d]
scorpio04: checks
pecs680: bets $3
scorpio04: folds
Uncalled bet ($3) returned to pecs680
pecs680 collected $11.76 from pot
pecs680: doesn't show hand
*** SUMMARY ***
Total pot $12 | Rake $0.24
Board [Td Kh 4d]
Seat 1: pecs680 (button) (small blind) collected ($11.76)
Seat 5: scorpio04 (big blind) folded on the Flop


PokerStars Hand #145156110561:  Hold'em Limit ($3/$6 USD) - 2015/12/10 22:03:19 ET
Table 'Myrrha' 6-max Seat #1 is the button
Seat 1: pecs680 ($174.55 in chips)
Seat 5: scorpio04 ($460.20 in chips)
pecs680: posts small blind $1
scorpio04: posts big blind $3
*** HOLE CARDS ***
pecs680: folds
Uncalled bet ($2) returned to scorpio04
scorpio04 collected $2 from pot
scorpio04: doesn't show hand
*** SUMMARY ***
Total pot $2 | Rake $0
Seat 1: pecs680 (button) (small blind) folded before Flop
Seat 5: scorpio04 (big blind) collected ($2)


PokerStars Hand #145156113028:  Hold'em Limit ($3/$6 USD) - 2015/12/10 22:03:25 ET
Table 'Myrrha' 6-max Seat #5 is the button
Seat 1: pecs680 ($173.55 in chips)
Seat 5: scorpio04 ($461.20 in chips)
scorpio04: posts small blind $1
pecs680: posts big blind $3
*** HOLE CARDS ***
scorpio04: raises $3 to $6
pecs680: calls $3
*** FLOP *** [5h 7s Ad]
pecs680: checks
scorpio04: bets $3
pecs680: folds
Uncalled bet ($3) returned to scorpio04
scorpio04 collected $11.76 from pot
scorpio04: doesn't show hand
*** SUMMARY ***
Total pot $12 | Rake $0.24
Board [5h 7s Ad]
Seat 1: pecs680 (big blind) folded on the Flop
Seat 5: scorpio04 (button) (small blind) collected ($11.76)


PokerStars Hand #145156127350:  Hold'em Limit ($3/$6 USD) - 2015/12/10 22:04:02 ET
Table 'Myrrha' 6-max Seat #5 is the button
Seat 1: pecs680 ($173.31 in chips)
Seat 5: scorpio04 ($460.96 in chips)
scorpio04: posts small blind $1
pecs680: posts big blind $3
*** HOLE CARDS ***
scorpio04: raises $3 to $6
pecs680: calls $3
*** FLOP *** [8s Kh 5h]
pecs680: checks
scorpio04: bets $3
pecs680: raises $3 to $6
scorpio04: calls $3
*** TURN *** [8s Kh 5h] [6h]
pecs680: bets $6
scorpio04: calls $6
*** RIVER *** [8s Kh 5h 6h] [4s]
pecs680: checks
scorpio04: checks
*** SHOW DOWN ***
pecs680: shows [Ac 8c] (a pair of Eights)
scorpio04: mucks hand
pecs680 collected $35.50 from pot
*** SUMMARY ***
Total pot $36 | Rake $0.50
Board [8s Kh 5h 6h 4s]
Seat 1: pecs680 (big blind) showed [Ac 8c] and won ($35.50) with a pair of Eights
Seat 5: scorpio04 (button) (small blind) mucked


PokerStars Hand #145156144227:  Hold'em Limit ($3/$6 USD) - 2015/12/10 22:04:46 ET
Table 'Myrrha' 6-max Seat #5 is the button
Seat 1: pecs680 ($189.81 in chips)
Seat 5: scorpio04 ($443.96 in chips)
scorpio04: posts small blind $1
pecs680: posts big blind $3
*** HOLE CARDS ***
scorpio04: raises $3 to $6
pecs680: calls $3
*** FLOP *** [7h Ks 9s]
pecs680: checks
scorpio04: bets $3
pecs680: folds
Uncalled bet ($3) returned to scorpio04
scorpio04 collected $11.76 from pot
scorpio04: doesn't show hand
*** SUMMARY ***
Total pot $12 | Rake $0.24
Board [7h Ks 9s]
Seat 1: pecs680 (big blind) folded on the Flop
Seat 5: scorpio04 (button) (small blind) collected ($11.76)


PokerStars Hand #145156141291:  Hold'em Limit ($3/$6 USD) - 2015/12/10 22:04:39 ET
Table 'Myrrha' 6-max Seat #1 is the button
Seat 1: pecs680 ($190.81 in chips)
Seat 5: scorpio04 ($442.96 in chips)
pecs680: posts small blind $1
scorpio04: posts big blind $3
*** HOLE CARDS ***
pecs680: folds
Uncalled bet ($2) returned to scorpio04
scorpio04 collected $2 from pot
scorpio04: doesn't show hand
*** SUMMARY ***
Total pot $2 | Rake $0
Seat 1: pecs680 (button) (small blind) folded before Flop
Seat 5: scorpio04 (big blind) collected ($2)


PokerStars Hand #145156149666:  Hold'em Limit ($3/$6 USD) - 2015/12/10 22:05:01 ET
Table 'Myrrha' 6-max Seat #1 is the button
Seat 1: pecs680 ($183.81 in chips)
Seat 5: scorpio04 ($449.72 in chips)
pecs680: posts small blind $1
scorpio04: posts big blind $3
*** HOLE CARDS ***
pecs680: raises $3 to $6
scorpio04: raises $3 to $9
pecs680: calls $3
*** FLOP *** [Qc 6c Th]
scorpio04: bets $3
pecs680: calls $3
*** TURN *** [Qc 6c Th] [Js]
scorpio04: checks
pecs680: bets $6
scorpio04: folds
Uncalled bet ($6) returned to pecs680
pecs680 collected $23.52 from pot
pecs680: doesn't show hand
*** SUMMARY ***
Total pot $24 | Rake $0.48
Board [Qc 6c Th Js]
Seat 1: pecs680 (button) (small blind) collected ($23.52)
Seat 5: scorpio04 (big blind) folded on the Turn


PokerStars Hand #145156164331:  Hold'em Limit ($3/$6 USD) - 2015/12/10 22:05:39 ET
Table 'Myrrha' 6-max Seat #5 is the button
Seat 1: pecs680 ($195.33 in chips)
Seat 5: scorpio04 ($437.72 in chips)
scorpio04: posts small blind $1
pecs680: posts big blind $3
*** HOLE CARDS ***
scorpio04: folds
Uncalled bet ($2) returned to pecs680
pecs680 collected $2 from pot
pecs680: doesn't show hand
*** SUMMARY ***
Total pot $2 | Rake $0
Seat 1: pecs680 (big blind) collected ($2)
Seat 5: scorpio04 (button) (small blind) folded before Flop


PokerStars Hand #145156166111:  Hold'em Limit ($3/$6 USD) - 2015/12/10 22:05:44 ET
Table 'Myrrha' 6-max Seat #1 is the button
Seat 1: pecs680 ($196.33 in chips)
Seat 5: scorpio04 ($436.72 in chips)
pecs680: posts small blind $1
scorpio04: posts big blind $3
*** HOLE CARDS ***
pecs680: raises $3 to $6
scorpio04: raises $3 to $9
pecs680: calls $3
*** FLOP *** [Jh 3h Th]
scorpio04: bets $3
pecs680: raises $3 to $6
scorpio04: calls $3
*** TURN *** [Jh 3h Th] [2s]
scorpio04: checks
pecs680: bets $6
scorpio04: calls $6
*** RIVER *** [Jh 3h Th 2s] [8c]
scorpio04: checks
pecs680: bets $6
scorpio04: calls $6
*** SHOW DOWN ***
pecs680: shows [8h 4h] (a flush, Jack high)
scorpio04: mucks hand
pecs680 collected $53.50 from pot
*** SUMMARY ***
Total pot $54 | Rake $0.50
Board [Jh 3h Th 2s 8c]
Seat 1: pecs680 (button) (small blind) showed [8h 4h] and won ($53.50) with a flush, Jack high
Seat 5: scorpio04 (big blind) mucked


PokerStars Hand #145156200325:  Hold'em Limit ($3/$6 USD) - 2015/12/10 22:07:15 ET
Table 'Myrrha' 6-max Seat #1 is the button
Seat 1: pecs680 ($246.33 in chips)
Seat 5: scorpio04 ($385.72 in chips)
pecs680: posts small blind $1
scorpio04: posts big blind $3
*** HOLE CARDS ***
pecs680: folds
Uncalled bet ($2) returned to scorpio04
scorpio04 collected $2 from pot
scorpio04: doesn't show hand
*** SUMMARY ***
Total pot $2 | Rake $0
Seat 1: pecs680 (button) (small blind) folded before Flop
Seat 5: scorpio04 (big blind) collected ($2)


PokerStars Hand #145156185310:  Hold'em Limit ($3/$6 USD) - 2015/12/10 22:06:35 ET
Table 'Myrrha' 6-max Seat #5 is the button
Seat 1: pecs680 ($222.83 in chips)
Seat 5: scorpio04 ($409.72 in chips)
scorpio04: posts small blind $1
pecs680: posts big blind $3
*** HOLE CARDS ***
scorpio04: raises $3 to $6
pecs680: raises $3 to $9
scorpio04: calls $3
*** FLOP *** [4d 9s 9c]
pecs680: bets $3
scorpio04: calls $3
*** TURN *** [4d 9s 9c] [5h]
pecs680: bets $6
scorpio04: calls $6
*** RIVER *** [4d 9s 9c 5h] [Jd]
pecs680: bets $6
scorpio04: calls $6
*** SHOW DOWN ***
pecs680: shows [Tc Jc] (two pair, Jacks and Nines)
scorpio04: mucks hand
pecs680 collected $47.50 from pot
*** SUMMARY ***
Total pot $48 | Rake $0.50
Board [4d 9s 9c 5h Jd]
Seat 1: pecs680 (big blind) showed [Tc Jc] and won ($47.50) with two pair, Jacks and Nines
Seat 5: scorpio04 (button) (small blind) mucked


PokerStars Hand #145156218291:  Hold'em Limit ($3/$6 USD) - 2015/12/10 22:08:02 ET
Table 'Myrrha' 6-max Seat #1 is the button
Seat 1: pecs680 ($236.33 in chips)
Seat 5: scorpio04 ($395.36 in chips)
pecs680: posts small blind $1
scorpio04: posts big blind $3
*** HOLE CARDS ***
pecs680: folds
Uncalled bet ($2) returned to scorpio04
scorpio04 collected $2 from pot
scorpio04: doesn't show hand
*** SUMMARY ***
Total pot $2 | Rake $0
Seat 1: pecs680 (button) (small blind) folded before Flop
Seat 5: scorpio04 (big blind) collected ($2)


PokerStars Hand #145156202380:  Hold'em Limit ($3/$6 USD) - 2015/12/10 22:07:20 ET
Table 'Myrrha' 6-max Seat #5 is the button
Seat 1: pecs680 ($245.33 in chips)
Seat 5: scorpio04 ($386.72 in chips)
scorpio04: posts small blind $1
pecs680: posts big blind $3
*** HOLE CARDS ***
scorpio04: raises $3 to $6
pecs680: calls $3
*** FLOP *** [Qh 8d Js]
pecs680: checks
scorpio04: bets $3
pecs680: calls $3
*** TURN *** [Qh 8d Js] [2s]
pecs680: checks
scorpio04: bets $6
pecs680: folds
Uncalled bet ($6) returned to scorpio04
scorpio04 collected $17.64 from pot
scorpio04: doesn't show hand
*** SUMMARY ***
Total pot $18 | Rake $0.36
Board [Qh 8d Js 2s]
Seat 1: pecs680 (big blind) folded on the Turn
Seat 5: scorpio04 (button) (small blind) collected ($17.64)


PokerStars Hand #145156221156:  Hold'em Limit ($3/$6 USD) - 2015/12/10 22:08:10 ET
Table 'Myrrha' 6-max Seat #5 is the button
Seat 1: pecs680 ($235.33 in chips)
Seat 5: scorpio04 ($396.36 in chips)
scorpio04: posts small blind $1
pecs680: posts big blind $3
*** HOLE CARDS ***
scorpio04: raises $3 to $6
pecs680: folds
Uncalled bet ($3) returned to scorpio04
scorpio04 collected $6 from pot
scorpio04: doesn't show hand
*** SUMMARY ***
Total pot $6 | Rake $0
Seat 1: pecs680 (big blind) folded before Flop
Seat 5: scorpio04 (button) (small blind) collected ($6)


PokerStars Hand #145156224739:  Hold'em Limit ($3/$6 USD) - 2015/12/10 22:08:19 ET
Table 'Myrrha' 6-max Seat #1 is the button
Seat 1: pecs680 ($232.33 in chips)
Seat 5: scorpio04 ($399.36 in chips)
pecs680: posts small blind $1
scorpio04: posts big blind $3
*** HOLE CARDS ***
pecs680: raises $3 to $6
scorpio04: raises $3 to $9
pecs680: calls $3
*** FLOP *** [2c 3h Qs]
scorpio04: bets $3
pecs680: calls $3
*** TURN *** [2c 3h Qs] [9h]
scorpio04: bets $6
pecs680: folds
Uncalled bet ($6) returned to scorpio04
scorpio04 collected $23.52 from pot
scorpio04: doesn't show hand
*** SUMMARY ***
Total pot $24 | Rake $0.48
Board [2c 3h Qs 9h]
Seat 1: pecs680 (button) (small blind) folded on the Turn
Seat 5: scorpio04 (big blind) collected ($23.52)


PokerStars Hand #145156234618:  Hold'em Limit ($3/$6 USD) - 2015/12/10 22:08:46 ET
Table 'Myrrha' 6-max Seat #5 is the button
Seat 1: pecs680 ($220.33 in chips)
Seat 5: scorpio04 ($410.88 in chips)
scorpio04: posts small blind $1
pecs680: posts big blind $3
*** HOLE CARDS ***
scorpio04: raises $3 to $6
pecs680: calls $3
*** FLOP *** [7d Ad Qd]
pecs680: checks
scorpio04: bets $3
pecs680: calls $3
*** TURN *** [7d Ad Qd] [6d]
pecs680: checks
scorpio04: bets $6
pecs680: calls $6
*** RIVER *** [7d Ad Qd 6d] [9s]
pecs680: checks
scorpio04: checks
*** SHOW DOWN ***
pecs680: shows [Td 6c] (a flush, Ace high)
scorpio04: mucks hand
pecs680 collected $29.50 from pot
*** SUMMARY ***
Total pot $30 | Rake $0.50
Board [7d Ad Qd 6d 9s]
Seat 1: pecs680 (big blind) showed [Td 6c] and won ($29.50) with a flush, Ace high
Seat 5: scorpio04 (button) (small blind) mucked


PokerStars Hand #145156275132:  Hold'em Limit ($3/$6 USD) - 2015/12/10 22:10:36 ET
Table 'Myrrha' 6-max Seat #5 is the button
Seat 1: pecs680 ($219.83 in chips)
Seat 5: scorpio04 ($410.38 in chips)
scorpio04: posts small blind $1
pecs680: posts big blind $3
*** HOLE CARDS ***
scorpio04: folds
Uncalled bet ($2) returned to pecs680
pecs680 collected $2 from pot
pecs680: doesn't show hand
*** SUMMARY ***
Total pot $2 | Rake $0
Seat 1: pecs680 (big blind) collected ($2)
Seat 5: scorpio04 (button) (small blind) folded before Flop


PokerStars Hand #145156250115:  Hold'em Limit ($3/$6 USD) - 2015/12/10 22:09:28 ET
Table 'Myrrha' 6-max Seat #1 is the button
Seat 1: pecs680 ($234.83 in chips)
Seat 5: scorpio04 ($395.88 in chips)
pecs680: posts small blind $1
scorpio04: posts big blind $3
*** HOLE CARDS ***
pecs680: raises $3 to $6
scorpio04: calls $3
*** FLOP *** [Ah 9h Jh]
scorpio04: checks
pecs680: bets $3
scorpio04: calls $3
*** TURN *** [Ah 9h Jh] [7c]
scorpio04: checks
pecs680: bets $6
scorpio04: calls $6
*** RIVER *** [Ah 9h Jh 7c] [4s]
scorpio04: checks
pecs680: checks
*** SHOW DOWN ***
scorpio04: shows [3h Js] (a pair of Jacks)
pecs680: mucks hand
scorpio04 collected $29.50 from pot
*** SUMMARY ***
Total pot $30 | Rake $0.50
Board [Ah 9h Jh 7c 4s]
Seat 1: pecs680 (button) (small blind) mucked
Seat 5: scorpio04 (big blind) showed [3h Js] and won ($29.50) with a pair of Jacks


PokerStars Hand #145156277068:  Hold'em Limit ($3/$6 USD) - 2015/12/10 22:10:41 ET
Table 'Myrrha' 6-max Seat #1 is the button
Seat 1: pecs680 ($220.83 in chips)
Seat 5: scorpio04 ($409.38 in chips)
pecs680: posts small blind $1
scorpio04: posts big blind $3
*** HOLE CARDS ***
pecs680: raises $3 to $6
scorpio04: calls $3
*** FLOP *** [3d 2c 4s]
scorpio04: checks
pecs680: bets $3
scorpio04: raises $3 to $6
pecs680: calls $3
*** TURN *** [3d 2c 4s] [Qc]
scorpio04: bets $6
pecs680: folds
Uncalled bet ($6) returned to scorpio04
scorpio04 collected $23.52 from pot
scorpio04: doesn't show hand
*** SUMMARY ***
Total pot $24 | Rake $0.48
Board [3d 2c 4s Qc]
Seat 1: pecs680 (button) (small blind) folded on the Turn
Seat 5: scorpio04 (big blind) collected ($23.52)


