PokerStars Hand #144619698184:  Hold'em Limit ($3/$6 USD) - 2015/11/30 13:36:06 ET
Table 'Myrrha II' 2-max Seat #2 is the button
Seat 1: simper11 ($122.26 in chips)
Seat 2: perten ($87.37 in chips)
perten: posts small blind $1
simper11: posts big blind $3
*** HOLE CARDS ***
perten: raises $3 to $6
simper11: folds
Uncalled bet ($3) returned to perten
perten collected $6 from pot
perten: doesn't show hand
*** SUMMARY ***
Total pot $6 | Rake $0
Seat 1: simper11 (big blind) folded before Flop
Seat 2: perten (button) (small blind) collected ($6)


PokerStars Hand #144619682515:  Hold'em Limit ($3/$6 USD) - 2015/11/30 13:35:49 ET
Table 'Myrrha II' 2-max Seat #1 is the button
Seat 1: simper11 ($146.26 in chips)
Seat 2: perten ($63.87 in chips)
simper11: posts small blind $1
perten: posts big blind $3
*** HOLE CARDS ***
simper11: raises $3 to $6
perten: calls $3
*** FLOP *** [7s 4c 2c]
perten: bets $3
simper11: raises $3 to $6
perten: calls $3
*** TURN *** [7s 4c 2c] [5d]
perten: checks
simper11: bets $6
perten: calls $6
*** RIVER *** [7s 4c 2c 5d] [Qs]
perten: checks
simper11: bets $6
perten: calls $6
*** SHOW DOWN ***
simper11: shows [Th 6c] (high card Queen)
perten: shows [6s 7c] (a pair of Sevens)
perten collected $47.50 from pot
*** SUMMARY ***
Total pot $48 | Rake $0.50
Board [7s 4c 2c 5d Qs]
Seat 1: simper11 (button) (small blind) showed [Th 6c] and lost with high card Queen
Seat 2: perten (big blind) showed [6s 7c] and won ($47.50) with a pair of Sevens


PokerStars Hand #144619668068:  Hold'em Limit ($3/$6 USD) - 2015/11/30 13:35:33 ET
Table 'Myrrha II' 2-max Seat #2 is the button
Seat 1: simper11 ($125.76 in chips)
Seat 2: perten ($84.87 in chips)
perten: posts small blind $1
simper11: posts big blind $3
*** HOLE CARDS ***
perten: raises $3 to $6
simper11: calls $3
*** FLOP *** [6h Td Qc]
simper11: checks
perten: bets $3
simper11: raises $3 to $6
perten: raises $3 to $9
simper11: calls $3
*** TURN *** [6h Td Qc] [Jh]
simper11: checks
perten: bets $6
simper11: calls $6
*** RIVER *** [6h Td Qc Jh] [7h]
simper11: checks
perten: checks
*** SHOW DOWN ***
simper11: shows [7c Qs] (two pair, Queens and Sevens)
perten: mucks hand
simper11 collected $41.50 from pot
*** SUMMARY ***
Total pot $42 | Rake $0.50
Board [6h Td Qc Jh 7h]
Seat 1: simper11 (big blind) showed [7c Qs] and won ($41.50) with two pair, Queens and Sevens
Seat 2: perten (button) (small blind) mucked


PokerStars Hand #144619745546:  Hold'em Limit ($3/$6 USD) - 2015/11/30 13:36:58 ET
Table 'Myrrha II' 2-max Seat #2 is the button
Seat 1: simper11 ($120 in chips)
Seat 2: perten ($121.51 in chips)
perten: posts small blind $1
simper11: posts big blind $3
*** HOLE CARDS ***
perten: folds
Uncalled bet ($2) returned to simper11
simper11 collected $2 from pot
simper11: doesn't show hand
*** SUMMARY ***
Total pot $2 | Rake $0
Seat 1: simper11 (big blind) collected ($2)
Seat 2: perten (button) (small blind) folded before Flop


PokerStars Hand #144619741266:  Hold'em Limit ($3/$6 USD) - 2015/11/30 13:36:53 ET
Table 'Myrrha II' 2-max Seat #1 is the button
Seat 1: simper11 ($120 in chips)
Seat 2: perten ($120.51 in chips)
simper11: posts small blind $1
perten: posts big blind $3
*** HOLE CARDS ***
simper11: folds
Uncalled bet ($2) returned to perten
perten collected $2 from pot
perten: doesn't show hand
*** SUMMARY ***
Total pot $2 | Rake $0
Seat 1: simper11 (button) (small blind) folded before Flop
Seat 2: perten (big blind) collected ($2)


PokerStars Hand #144619727756:  Hold'em Limit ($3/$6 USD) - 2015/11/30 13:36:38 ET
Table 'Myrrha II' 2-max Seat #2 is the button
Seat 1: simper11 ($125.76 in chips)
Seat 2: perten ($94.01 in chips)
perten: posts small blind $1
simper11: posts big blind $3
*** HOLE CARDS ***
perten: raises $3 to $6
simper11: calls $3
*** FLOP *** [4h Ks 2d]
simper11: checks
perten: bets $3
simper11: calls $3
*** TURN *** [4h Ks 2d] [8d]
simper11: checks
perten: bets $6
simper11: raises $6 to $12
perten: calls $6
*** RIVER *** [4h Ks 2d 8d] [7c]
simper11: bets $6
perten: calls $6
*** SHOW DOWN ***
simper11: shows [3d Ad] (high card Ace)
perten: shows [9c 8s] (a pair of Eights)
perten collected $53.50 from pot
*** SUMMARY ***
Total pot $54 | Rake $0.50
Board [4h Ks 2d 8d 7c]
Seat 1: simper11 (big blind) showed [3d Ad] and lost with high card Ace
Seat 2: perten (button) (small blind) showed [9c 8s] and won ($53.50) with a pair of Eights


PokerStars Hand #144619718290:  Hold'em Limit ($3/$6 USD) - 2015/11/30 13:36:28 ET
Table 'Myrrha II' 2-max Seat #1 is the button
Seat 1: simper11 ($120 in chips)
Seat 2: perten ($100.01 in chips)
simper11: posts small blind $1
perten: posts big blind $3
*** HOLE CARDS ***
simper11: raises $3 to $6
perten: calls $3
*** FLOP *** [6d As 7d]
perten: checks
simper11: bets $3
perten: folds
Uncalled bet ($3) returned to simper11
simper11 collected $11.76 from pot
simper11: doesn't show hand
*** SUMMARY ***
Total pot $12 | Rake $0.24
Board [6d As 7d]
Seat 1: simper11 (button) (small blind) collected ($11.76)
Seat 2: perten (big blind) folded on the Flop


PokerStars Hand #144619707305:  Hold'em Limit ($3/$6 USD) - 2015/11/30 13:36:16 ET
Table 'Myrrha II' 2-max Seat #2 is the button
Seat 1: simper11 ($120 in chips)
Seat 2: perten ($91.37 in chips)
perten: posts small blind $1
simper11: posts big blind $3
*** HOLE CARDS ***
perten: raises $3 to $6
simper11: calls $3
*** FLOP *** [As 9h Ah]
simper11: checks
perten: bets $3
simper11: calls $3
*** TURN *** [As 9h Ah] [Kc]
simper11: checks
perten: checks
*** RIVER *** [As 9h Ah Kc] [3c]
simper11: checks
perten: checks
*** SHOW DOWN ***
simper11: shows [8d Tc] (a pair of Aces)
perten: shows [Td Qs] (a pair of Aces - King+Queen kicker)
perten collected $17.64 from pot
*** SUMMARY ***
Total pot $18 | Rake $0.36
Board [As 9h Ah Kc 3c]
Seat 1: simper11 (big blind) showed [8d Tc] and lost with a pair of Aces
Seat 2: perten (button) (small blind) showed [Td Qs] and won ($17.64) with a pair of Aces


PokerStars Hand #144619702935:  Hold'em Limit ($3/$6 USD) - 2015/11/30 13:36:11 ET
Table 'Myrrha II' 2-max Seat #1 is the button
Seat 1: simper11 ($120 in chips)
Seat 2: perten ($90.37 in chips)
simper11: posts small blind $1
perten: posts big blind $3
*** HOLE CARDS ***
simper11: folds
Uncalled bet ($2) returned to perten
perten collected $2 from pot
perten: doesn't show hand
*** SUMMARY ***
Total pot $2 | Rake $0
Seat 1: simper11 (button) (small blind) folded before Flop
Seat 2: perten (big blind) collected ($2)


