PokerStars Hand #153522932368:  Hold'em Limit ($3/$6 USD) - 2016/05/18 23:19:35 ET
Table 'Myrrha' 6-max Seat #4 is the button
Seat 1: JCPKCH ($300.62 in chips)
Seat 4: ERVELINO13 ($952.78 in chips)
ERVELINO13: posts small blind $1
JCPKCH: posts big blind $3
*** HOLE CARDS ***
ERVELINO13: raises $3 to $6
Bethebat1 leaves the table
JCPKCH: calls $3
*** FLOP *** [3d Qc 6c]
JCPKCH: checks
ERVELINO13: bets $3
JCPKCH: raises $3 to $6
ERVELINO13: calls $3
*** TURN *** [3d Qc 6c] [5c]
JCPKCH: bets $6
ERVELINO13: folds
Uncalled bet ($6) returned to JCPKCH
JCPKCH collected $23.52 from pot
*** SUMMARY ***
Total pot $24 | Rake $0.48
Board [3d Qc 6c 5c]
Seat 1: JCPKCH (big blind) collected ($23.52)
Seat 4: ERVELINO13 (button) (small blind) folded on the Turn


PokerStars Hand #153522930608:  Hold'em Limit ($3/$6 USD) - 2016/05/18 23:19:29 ET
Table 'Myrrha' 6-max Seat #1 is the button
Seat 1: JCPKCH ($297.62 in chips)
Seat 4: ERVELINO13 ($955.78 in chips)
JCPKCH: posts small blind $1
ERVELINO13: posts big blind $3
*** HOLE CARDS ***
JCPKCH: raises $3 to $6
ERVELINO13: folds
Uncalled bet ($3) returned to JCPKCH
JCPKCH collected $6 from pot
*** SUMMARY ***
Total pot $6 | Rake $0
Seat 1: JCPKCH (button) (small blind) collected ($6)
Seat 4: ERVELINO13 (big blind) folded before Flop


PokerStars Hand #153522929312:  Hold'em Limit ($3/$6 USD) - 2016/05/18 23:19:24 ET
Table 'Myrrha' 6-max Seat #4 is the button
Seat 1: JCPKCH ($296.62 in chips)
Seat 4: ERVELINO13 ($956.78 in chips)
ERVELINO13: posts small blind $1
JCPKCH: posts big blind $3
*** HOLE CARDS ***
ERVELINO13: folds
Uncalled bet ($2) returned to JCPKCH
JCPKCH collected $2 from pot
*** SUMMARY ***
Total pot $2 | Rake $0
Seat 1: JCPKCH (big blind) collected ($2)
Seat 4: ERVELINO13 (button) (small blind) folded before Flop


PokerStars Hand #153522953622:  Hold'em Limit ($3/$6 USD) - 2016/05/18 23:20:47 ET
Table 'Myrrha' 6-max Seat #1 is the button
Seat 1: JCPKCH ($308.78 in chips)
Seat 4: ERVELINO13 ($943.30 in chips)
JCPKCH: posts small blind $1
ERVELINO13: posts big blind $3
*** HOLE CARDS ***
JCPKCH: folds
Uncalled bet ($2) returned to ERVELINO13
ERVELINO13 collected $2 from pot
ERVELINO13: doesn't show hand
*** SUMMARY ***
Total pot $2 | Rake $0
Seat 1: JCPKCH (button) (small blind) folded before Flop
Seat 4: ERVELINO13 (big blind) collected ($2)


PokerStars Hand #153522952000:  Hold'em Limit ($3/$6 USD) - 2016/05/18 23:20:41 ET
Table 'Myrrha' 6-max Seat #4 is the button
Seat 1: JCPKCH ($307.78 in chips)
Seat 4: ERVELINO13 ($944.30 in chips)
ERVELINO13: posts small blind $1
JCPKCH: posts big blind $3
*** HOLE CARDS ***
ERVELINO13: folds
Uncalled bet ($2) returned to JCPKCH
JCPKCH collected $2 from pot
*** SUMMARY ***
Total pot $2 | Rake $0
Seat 1: JCPKCH (big blind) collected ($2)
Seat 4: ERVELINO13 (button) (small blind) folded before Flop


PokerStars Hand #153522950624:  Hold'em Limit ($3/$6 USD) - 2016/05/18 23:20:37 ET
Table 'Myrrha' 6-max Seat #1 is the button
Seat 1: JCPKCH ($308.78 in chips)
Seat 4: ERVELINO13 ($943.30 in chips)
JCPKCH: posts small blind $1
ERVELINO13: posts big blind $3
*** HOLE CARDS ***
JCPKCH: folds
Uncalled bet ($2) returned to ERVELINO13
ERVELINO13 collected $2 from pot
ERVELINO13: doesn't show hand
*** SUMMARY ***
Total pot $2 | Rake $0
Seat 1: JCPKCH (button) (small blind) folded before Flop
Seat 4: ERVELINO13 (big blind) collected ($2)


PokerStars Hand #153522936121:  Hold'em Limit ($3/$6 USD) - 2016/05/18 23:19:48 ET
Table 'Myrrha' 6-max Seat #1 is the button
Seat 1: JCPKCH ($312.14 in chips)
Seat 4: ERVELINO13 ($940.78 in chips)
JCPKCH: posts small blind $1
ERVELINO13: posts big blind $3
*** HOLE CARDS ***
JCPKCH: raises $3 to $6
ERVELINO13: calls $3
*** FLOP *** [3d 6d Kc]
ERVELINO13: checks
JCPKCH: checks
*** TURN *** [3d 6d Kc] [Qs]
ERVELINO13: checks
JCPKCH: bets $6
ERVELINO13: raises $6 to $12
JCPKCH: folds
Uncalled bet ($6) returned to ERVELINO13
ERVELINO13 collected $23.52 from pot
ERVELINO13: doesn't show hand
*** SUMMARY ***
Total pot $24 | Rake $0.48
Board [3d 6d Kc Qs]
Seat 1: JCPKCH (button) (small blind) folded on the Turn
Seat 4: ERVELINO13 (big blind) collected ($23.52)


PokerStars Hand #153522946910:  Hold'em Limit ($3/$6 USD) - 2016/05/18 23:20:24 ET
Table 'Myrrha' 6-max Seat #4 is the button
Seat 1: JCPKCH ($307.78 in chips)
Seat 4: ERVELINO13 ($944.30 in chips)
ERVELINO13: posts small blind $1
JCPKCH: posts big blind $3
*** HOLE CARDS ***
ERVELINO13: folds
Uncalled bet ($2) returned to JCPKCH
JCPKCH collected $2 from pot
*** SUMMARY ***
Total pot $2 | Rake $0
Seat 1: JCPKCH (big blind) collected ($2)
Seat 4: ERVELINO13 (button) (small blind) folded before Flop


PokerStars Hand #153522945572:  Hold'em Limit ($3/$6 USD) - 2016/05/18 23:20:20 ET
Table 'Myrrha' 6-max Seat #1 is the button
Seat 1: JCPKCH ($308.78 in chips)
Seat 4: ERVELINO13 ($943.30 in chips)
JCPKCH: posts small blind $1
ERVELINO13: posts big blind $3
*** HOLE CARDS ***
JCPKCH: folds
Uncalled bet ($2) returned to ERVELINO13
ERVELINO13 collected $2 from pot
ERVELINO13: doesn't show hand
*** SUMMARY ***
Total pot $2 | Rake $0
Seat 1: JCPKCH (button) (small blind) folded before Flop
Seat 4: ERVELINO13 (big blind) collected ($2)


PokerStars Hand #153522940506:  Hold'em Limit ($3/$6 USD) - 2016/05/18 23:20:03 ET
Table 'Myrrha' 6-max Seat #4 is the button
Seat 1: JCPKCH ($300.14 in chips)
Seat 4: ERVELINO13 ($952.30 in chips)
ERVELINO13: posts small blind $1
JCPKCH: posts big blind $3
*** HOLE CARDS ***
ERVELINO13: calls $2
JCPKCH: checks
*** FLOP *** [Kd 9d Kh]
JCPKCH: checks
ERVELINO13: checks
*** TURN *** [Kd 9d Kh] [4d]
JCPKCH: checks
ERVELINO13: bets $6
JCPKCH: calls $6
*** RIVER *** [Kd 9d Kh 4d] [2h]
JCPKCH: checks
ERVELINO13: checks
*** SHOW DOWN ***
JCPKCH: shows [As 4c] (two pair, Kings and Fours)
ERVELINO13: mucks hand
JCPKCH collected $17.64 from pot
*** SUMMARY ***
Total pot $18 | Rake $0.36
Board [Kd 9d Kh 4d 2h]
Seat 1: JCPKCH (big blind) showed [As 4c] and won ($17.64) with two pair, Kings and Fours
Seat 4: ERVELINO13 (button) (small blind) mucked


PokerStars Hand #153522959850:  Hold'em Limit ($3/$6 USD) - 2016/05/18 23:21:08 ET
Table 'Myrrha' 6-max Seat #1 is the button
Seat 1: JCPKCH ($286.78 in chips)
Seat 4: ERVELINO13 ($964.80 in chips)
JCPKCH: posts small blind $1
ERVELINO13: posts big blind $3
*** HOLE CARDS ***
JCPKCH: raises $3 to $6
ERVELINO13: folds
Uncalled bet ($3) returned to JCPKCH
JCPKCH collected $6 from pot
*** SUMMARY ***
Total pot $6 | Rake $0
Seat 1: JCPKCH (button) (small blind) collected ($6)
Seat 4: ERVELINO13 (big blind) folded before Flop


PokerStars Hand #153522955129:  Hold'em Limit ($3/$6 USD) - 2016/05/18 23:20:52 ET
Table 'Myrrha' 6-max Seat #4 is the button
Seat 1: JCPKCH ($307.78 in chips)
Seat 4: ERVELINO13 ($944.30 in chips)
ERVELINO13: posts small blind $1
JCPKCH: posts big blind $3
*** HOLE CARDS ***
ERVELINO13: raises $3 to $6
JCPKCH: calls $3
*** FLOP *** [6h 9c 3h]
JCPKCH: checks
ERVELINO13: bets $3
JCPKCH: calls $3
*** TURN *** [6h 9c 3h] [2c]
JCPKCH: checks
ERVELINO13: bets $6
JCPKCH: calls $6
*** RIVER *** [6h 9c 3h 2c] [7c]
JCPKCH: checks
ERVELINO13: bets $6
JCPKCH: calls $6
*** SHOW DOWN ***
ERVELINO13: shows [9s Kd] (a pair of Nines)
JCPKCH: mucks hand
ERVELINO13 collected $41.50 from pot
*** SUMMARY ***
Total pot $42 | Rake $0.50
Board [6h 9c 3h 2c 7c]
Seat 1: JCPKCH (big blind) mucked
Seat 4: ERVELINO13 (button) (small blind) showed [9s Kd] and won ($41.50) with a pair of Nines


PokerStars Hand #153522967880:  Hold'em Limit ($3/$6 USD) - 2016/05/18 23:21:35 ET
Table 'Myrrha' 6-max Seat #1 is the button
Seat 1: JCPKCH ($290.78 in chips)
Seat 4: ERVELINO13 ($960.68 in chips)
JCPKCH: posts small blind $1
ERVELINO13: posts big blind $3
*** HOLE CARDS ***
JCPKCH: raises $3 to $6
ERVELINO13: folds
Uncalled bet ($3) returned to JCPKCH
JCPKCH collected $6 from pot
*** SUMMARY ***
Total pot $6 | Rake $0
Seat 1: JCPKCH (button) (small blind) collected ($6)
Seat 4: ERVELINO13 (big blind) folded before Flop


PokerStars Hand #153522965147:  Hold'em Limit ($3/$6 USD) - 2016/05/18 23:21:26 ET
Table 'Myrrha' 6-max Seat #4 is the button
Seat 1: JCPKCH ($293.78 in chips)
Seat 4: ERVELINO13 ($957.80 in chips)
ERVELINO13: posts small blind $1
JCPKCH: posts big blind $3
*** HOLE CARDS ***
ERVELINO13: calls $2
JCPKCH: checks
*** FLOP *** [5d Kd 3h]
JCPKCH: checks
ERVELINO13: bets $3
JCPKCH: folds
Uncalled bet ($3) returned to ERVELINO13
ERVELINO13 collected $5.88 from pot
ERVELINO13: doesn't show hand
*** SUMMARY ***
Total pot $6 | Rake $0.12
Board [5d Kd 3h]
Seat 1: JCPKCH (big blind) folded on the Flop
Seat 4: ERVELINO13 (button) (small blind) collected ($5.88)


PokerStars Hand #153522963554:  Hold'em Limit ($3/$6 USD) - 2016/05/18 23:21:21 ET
Table 'Myrrha' 6-max Seat #1 is the button
Seat 1: JCPKCH ($290.78 in chips)
Seat 4: ERVELINO13 ($960.80 in chips)
JCPKCH: posts small blind $1
ERVELINO13: posts big blind $3
*** HOLE CARDS ***
JCPKCH: raises $3 to $6
ERVELINO13: folds
Uncalled bet ($3) returned to JCPKCH
JCPKCH collected $6 from pot
*** SUMMARY ***
Total pot $6 | Rake $0
Seat 1: JCPKCH (button) (small blind) collected ($6)
Seat 4: ERVELINO13 (big blind) folded before Flop


PokerStars Hand #153522962154:  Hold'em Limit ($3/$6 USD) - 2016/05/18 23:21:16 ET
Table 'Myrrha' 6-max Seat #4 is the button
Seat 1: JCPKCH ($289.78 in chips)
Seat 4: ERVELINO13 ($961.80 in chips)
ERVELINO13: posts small blind $1
JCPKCH: posts big blind $3
*** HOLE CARDS ***
ERVELINO13: folds
Uncalled bet ($2) returned to JCPKCH
JCPKCH collected $2 from pot
*** SUMMARY ***
Total pot $2 | Rake $0
Seat 1: JCPKCH (big blind) collected ($2)
Seat 4: ERVELINO13 (button) (small blind) folded before Flop


PokerStars Hand #153522969849:  Hold'em Limit ($3/$6 USD) - 2016/05/18 23:21:42 ET
Table 'Myrrha' 6-max Seat #4 is the button
Seat 1: JCPKCH ($293.78 in chips)
Seat 4: ERVELINO13 ($957.68 in chips)
ERVELINO13: posts small blind $1
JCPKCH: posts big blind $3
*** HOLE CARDS ***
ERVELINO13: calls $2
JCPKCH: checks
*** FLOP *** [Qs 8s 5c]
JCPKCH: checks
ERVELINO13: bets $3
JCPKCH: calls $3
*** TURN *** [Qs 8s 5c] [Th]
JCPKCH: checks
ERVELINO13: checks
*** RIVER *** [Qs 8s 5c Th] [Js]
JCPKCH: checks
ERVELINO13: checks
*** SHOW DOWN ***
JCPKCH: shows [Kh 5s] (a pair of Fives)
ERVELINO13: mucks hand
JCPKCH collected $11.76 from pot
*** SUMMARY ***
Total pot $12 | Rake $0.24
Board [Qs 8s 5c Th Js]
Seat 1: JCPKCH (big blind) showed [Kh 5s] and won ($11.76) with a pair of Fives
Seat 4: ERVELINO13 (button) (small blind) mucked


PokerStars Hand #153522977890:  Hold'em Limit ($3/$6 USD) - 2016/05/18 23:22:09 ET
Table 'Myrrha' 6-max Seat #4 is the button
Seat 1: JCPKCH ($281.54 in chips)
Seat 4: ERVELINO13 ($969.18 in chips)
ERVELINO13: posts small blind $1
JCPKCH: posts big blind $3
*** HOLE CARDS ***
ERVELINO13: folds
Uncalled bet ($2) returned to JCPKCH
JCPKCH collected $2 from pot
*** SUMMARY ***
Total pot $2 | Rake $0
Seat 1: JCPKCH (big blind) collected ($2)
Seat 4: ERVELINO13 (button) (small blind) folded before Flop


PokerStars Hand #153522973627:  Hold'em Limit ($3/$6 USD) - 2016/05/18 23:21:55 ET
Table 'Myrrha' 6-max Seat #1 is the button
Seat 1: JCPKCH ($299.54 in chips)
Seat 4: ERVELINO13 ($951.68 in chips)
JCPKCH: posts small blind $1
ERVELINO13: posts big blind $3
*** HOLE CARDS ***
JCPKCH: raises $3 to $6
ERVELINO13: calls $3
*** FLOP *** [5s 4d 8h]
ERVELINO13: checks
JCPKCH: checks
*** TURN *** [5s 4d 8h] [4s]
ERVELINO13: bets $6
JCPKCH: calls $6
*** RIVER *** [5s 4d 8h 4s] [7h]
ERVELINO13: bets $6
JCPKCH: calls $6
*** SHOW DOWN ***
ERVELINO13: shows [9d 8c] (two pair, Eights and Fours)
JCPKCH: mucks hand
ERVELINO13 collected $35.50 from pot
*** SUMMARY ***
Total pot $36 | Rake $0.50
Board [5s 4d 8h 4s 7h]
Seat 1: JCPKCH (button) (small blind) mucked
Seat 4: ERVELINO13 (big blind) showed [9d 8c] and won ($35.50) with two pair, Eights and Fours


PokerStars Hand #153522979202:  Hold'em Limit ($3/$6 USD) - 2016/05/18 23:22:14 ET
Table 'Myrrha' 6-max Seat #1 is the button
Seat 1: JCPKCH ($282.54 in chips)
Seat 4: ERVELINO13 ($968.18 in chips)
JCPKCH: posts small blind $1
ERVELINO13: posts big blind $3
*** HOLE CARDS ***
JCPKCH: raises $3 to $6
ERVELINO13: calls $3
*** FLOP *** [8h 6d 4h]
ERVELINO13: bets $3
JCPKCH: raises $3 to $6
ERVELINO13: calls $3
*** TURN *** [8h 6d 4h] [7c]
ERVELINO13: checks
JCPKCH: bets $6
ERVELINO13: raises $6 to $12
JCPKCH: calls $6
*** RIVER *** [8h 6d 4h 7c] [Qs]
ERVELINO13: bets $6
JCPKCH: folds
Uncalled bet ($6) returned to ERVELINO13
ERVELINO13 collected $47.50 from pot
ERVELINO13: doesn't show hand
*** SUMMARY ***
Total pot $48 | Rake $0.50
Board [8h 6d 4h 7c Qs]
Seat 1: JCPKCH (button) (small blind) folded on the River
Seat 4: ERVELINO13 (big blind) collected ($47.50)


PokerStars Hand #153522984017:  Hold'em Limit ($3/$6 USD) - 2016/05/18 23:22:30 ET
Table 'Myrrha' 6-max Seat #4 is the button
Seat 1: JCPKCH ($258.54 in chips)
Seat 4: ERVELINO13 ($991.68 in chips)
ERVELINO13: posts small blind $1
JCPKCH: posts big blind $3
*** HOLE CARDS ***
ERVELINO13 said, "gg"
ERVELINO13: folds [2h 8h]
Uncalled bet ($2) returned to JCPKCH
JCPKCH collected $2 from pot
*** SUMMARY ***
Total pot $2 | Rake $0
Seat 1: JCPKCH (big blind) collected ($2)
Seat 4: ERVELINO13 (button) (small blind) folded before Flop


PokerStars Hand #153523331482:  Hold'em Limit ($3/$6 USD) - 2016/05/18 23:41:58 ET
Table 'Myrrha' 6-max Seat #5 is the button
Seat 5: ZOGI ($164.76 in chips)
Seat 6: JCPKCH ($70 in chips)
ZOGI: posts small blind $1
JCPKCH: posts big blind $3
*** HOLE CARDS ***
ZOGI: calls $2
JCPKCH: checks
*** FLOP *** [6d Kc 7s]
JCPKCH: bets $3
ZOGI: folds
Uncalled bet ($3) returned to JCPKCH
JCPKCH collected $5.88 from pot
*** SUMMARY ***
Total pot $6 | Rake $0.12
Board [6d Kc 7s]
Seat 5: ZOGI (button) (small blind) folded on the Flop
Seat 6: JCPKCH (big blind) collected ($5.88)


PokerStars Hand #153523345276:  Hold'em Limit ($3/$6 USD) - 2016/05/18 23:42:48 ET
Table 'Myrrha' 6-max Seat #6 is the button
Seat 5: ZOGI ($153.76 in chips)
Seat 6: JCPKCH ($80.52 in chips)
JCPKCH: posts small blind $1
ZOGI: posts big blind $3
*** HOLE CARDS ***
JCPKCH: folds
Uncalled bet ($2) returned to ZOGI
ZOGI collected $2 from pot
*** SUMMARY ***
Total pot $2 | Rake $0
Seat 5: ZOGI (big blind) collected ($2)
Seat 6: JCPKCH (button) (small blind) folded before Flop


PokerStars Hand #153523337595:  Hold'em Limit ($3/$6 USD) - 2016/05/18 23:42:20 ET
Table 'Myrrha' 6-max Seat #6 is the button
Seat 5: ZOGI ($161.76 in chips)
Seat 6: JCPKCH ($72.88 in chips)
JCPKCH: posts small blind $1
ZOGI: posts big blind $3
*** HOLE CARDS ***
JCPKCH: folds
Uncalled bet ($2) returned to ZOGI
ZOGI collected $2 from pot
*** SUMMARY ***
Total pot $2 | Rake $0
Seat 5: ZOGI (big blind) collected ($2)
Seat 6: JCPKCH (button) (small blind) folded before Flop


PokerStars Hand #153523339856:  Hold'em Limit ($3/$6 USD) - 2016/05/18 23:42:28 ET
Table 'Myrrha' 6-max Seat #5 is the button
Seat 5: ZOGI ($162.76 in chips)
Seat 6: JCPKCH ($71.88 in chips)
ZOGI: posts small blind $1
JCPKCH: posts big blind $3
*** HOLE CARDS ***
ZOGI: calls $2
JCPKCH: raises $3 to $6
ZOGI: calls $3
*** FLOP *** [6h 6s Tc]
JCPKCH: bets $3
ZOGI: calls $3
*** TURN *** [6h 6s Tc] [7c]
JCPKCH: bets $6
ZOGI: folds
Uncalled bet ($6) returned to JCPKCH
JCPKCH collected $17.64 from pot
*** SUMMARY ***
Total pot $18 | Rake $0.36
Board [6h 6s Tc 7c]
Seat 5: ZOGI (button) (small blind) folded on the Turn
Seat 6: JCPKCH (big blind) collected ($17.64)


PokerStars Hand #153523353815:  Hold'em Limit ($3/$6 USD) - 2016/05/18 23:43:18 ET
Table 'Myrrha' 6-max Seat #6 is the button
Seat 5: ZOGI ($139.76 in chips)
Seat 6: JCPKCH ($94.02 in chips)
JCPKCH: posts small blind $1
ZOGI: posts big blind $3
*** HOLE CARDS ***
JCPKCH: raises $3 to $6
ZOGI: calls $3
*** FLOP *** [8d Th 3h]
ZOGI: checks
JCPKCH: checks
*** TURN *** [8d Th 3h] [5h]
ZOGI: checks
JCPKCH: checks
*** RIVER *** [8d Th 3h 5h] [4h]
ZOGI: checks
JCPKCH: bets $6
ZOGI: folds
Uncalled bet ($6) returned to JCPKCH
JCPKCH collected $11.76 from pot
*** SUMMARY ***
Total pot $12 | Rake $0.24
Board [8d Th 3h 5h 4h]
Seat 5: ZOGI (big blind) folded on the River
Seat 6: JCPKCH (button) (small blind) collected ($11.76)


PokerStars Hand #153523365996:  Hold'em Limit ($3/$6 USD) - 2016/05/18 23:44:03 ET
Table 'Myrrha' 6-max Seat #6 is the button
Seat 5: ZOGI ($130.76 in chips)
Seat 6: JCPKCH ($102.66 in chips)
JCPKCH: posts small blind $1
ZOGI: posts big blind $3
*** HOLE CARDS ***
JCPKCH: folds
Uncalled bet ($2) returned to ZOGI
ZOGI collected $2 from pot
*** SUMMARY ***
Total pot $2 | Rake $0
Seat 5: ZOGI (big blind) collected ($2)
Seat 6: JCPKCH (button) (small blind) folded before Flop


PokerStars Hand #153523360878:  Hold'em Limit ($3/$6 USD) - 2016/05/18 23:43:44 ET
Table 'Myrrha' 6-max Seat #5 is the button
Seat 5: ZOGI ($133.76 in chips)
Seat 6: JCPKCH ($99.78 in chips)
ZOGI: posts small blind $1
JCPKCH: posts big blind $3
*** HOLE CARDS ***
ZOGI: calls $2
JCPKCH: checks
*** FLOP *** [8d 6c 9s]
JCPKCH: bets $3
ZOGI: folds
Uncalled bet ($3) returned to JCPKCH
JCPKCH collected $5.88 from pot
*** SUMMARY ***
Total pot $6 | Rake $0.12
Board [8d 6c 9s]
Seat 5: ZOGI (button) (small blind) folded on the Flop
Seat 6: JCPKCH (big blind) collected ($5.88)


PokerStars Hand #153523376409:  Hold'em Limit ($3/$6 USD) - 2016/05/18 23:44:41 ET
Table 'Myrrha' 6-max Seat #6 is the button
Seat 5: ZOGI ($141.40 in chips)
Seat 6: JCPKCH ($91.66 in chips)
JCPKCH: posts small blind $1
ZOGI: posts big blind $3
*** HOLE CARDS ***
JCPKCH: raises $3 to $6
ZOGI: calls $3
*** FLOP *** [Ac 8c Kh]
ZOGI: checks
JCPKCH: bets $3
ZOGI: calls $3
*** TURN *** [Ac 8c Kh] [Kc]
ZOGI: bets $6
JCPKCH: folds
Uncalled bet ($6) returned to ZOGI
ZOGI collected $17.64 from pot
*** SUMMARY ***
Total pot $18 | Rake $0.36
Board [Ac 8c Kh Kc]
Seat 5: ZOGI (big blind) collected ($17.64)
Seat 6: JCPKCH (button) (small blind) folded on the Turn


PokerStars Hand #153523382539:  Hold'em Limit ($3/$6 USD) - 2016/05/18 23:45:03 ET
Table 'Myrrha' 6-max Seat #6 is the button
Seat 5: ZOGI ($149.04 in chips)
Seat 6: JCPKCH ($83.66 in chips)
JCPKCH: posts small blind $1
ZOGI: posts big blind $3
*** HOLE CARDS ***
JCPKCH: folds
Uncalled bet ($2) returned to ZOGI
ZOGI collected $2 from pot
*** SUMMARY ***
Total pot $2 | Rake $0
Seat 5: ZOGI (big blind) collected ($2)
Seat 6: JCPKCH (button) (small blind) folded before Flop


PokerStars Hand #153523381158:  Hold'em Limit ($3/$6 USD) - 2016/05/18 23:44:58 ET
Table 'Myrrha' 6-max Seat #5 is the button
Seat 5: ZOGI ($150.04 in chips)
Seat 6: JCPKCH ($82.66 in chips)
ZOGI: posts small blind $1
JCPKCH: posts big blind $3
*** HOLE CARDS ***
ZOGI: folds
Uncalled bet ($2) returned to JCPKCH
JCPKCH collected $2 from pot
*** SUMMARY ***
Total pot $2 | Rake $0
Seat 5: ZOGI (button) (small blind) folded before Flop
Seat 6: JCPKCH (big blind) collected ($2)


PokerStars Hand #153523371300:  Hold'em Limit ($3/$6 USD) - 2016/05/18 23:44:22 ET
Table 'Myrrha' 6-max Seat #6 is the button
Seat 5: ZOGI ($134.64 in chips)
Seat 6: JCPKCH ($98.66 in chips)
JCPKCH: posts small blind $1
ZOGI: posts big blind $3
*** HOLE CARDS ***
JCPKCH: folds
Uncalled bet ($2) returned to ZOGI
ZOGI collected $2 from pot
*** SUMMARY ***
Total pot $2 | Rake $0
Seat 5: ZOGI (big blind) collected ($2)
Seat 6: JCPKCH (button) (small blind) folded before Flop


PokerStars Hand #153523367851:  Hold'em Limit ($3/$6 USD) - 2016/05/18 23:44:10 ET
Table 'Myrrha' 6-max Seat #5 is the button
Seat 5: ZOGI ($131.76 in chips)
Seat 6: JCPKCH ($101.66 in chips)
ZOGI: posts small blind $1
JCPKCH: posts big blind $3
*** HOLE CARDS ***
ZOGI: calls $2
JCPKCH: checks
*** FLOP *** [Js 2s Qh]
JCPKCH: checks
ZOGI: bets $3
JCPKCH: folds
Uncalled bet ($3) returned to ZOGI
ZOGI collected $5.88 from pot
*** SUMMARY ***
Total pot $6 | Rake $0.12
Board [Js 2s Qh]
Seat 5: ZOGI (button) (small blind) collected ($5.88)
Seat 6: JCPKCH (big blind) folded on the Flop


PokerStars Hand #153523372744:  Hold'em Limit ($3/$6 USD) - 2016/05/18 23:44:28 ET
Table 'Myrrha' 6-max Seat #5 is the button
Seat 5: ZOGI ($135.64 in chips)
Seat 6: JCPKCH ($97.66 in chips)
ZOGI: posts small blind $1
JCPKCH: posts big blind $3
*** HOLE CARDS ***
ZOGI: raises $3 to $6
JCPKCH: calls $3
*** FLOP *** [Js 2h 3s]
JCPKCH: checks
ZOGI: bets $3
JCPKCH: folds
Uncalled bet ($3) returned to ZOGI
ZOGI collected $11.76 from pot
*** SUMMARY ***
Total pot $12 | Rake $0.24
Board [Js 2h 3s]
Seat 5: ZOGI (button) (small blind) collected ($11.76)
Seat 6: JCPKCH (big blind) folded on the Flop


PokerStars Hand #153523384021:  Hold'em Limit ($3/$6 USD) - 2016/05/18 23:45:08 ET
Table 'Myrrha' 6-max Seat #5 is the button
Seat 5: ZOGI ($150.04 in chips)
Seat 6: JCPKCH ($82.66 in chips)
ZOGI: posts small blind $1
JCPKCH: posts big blind $3
*** HOLE CARDS ***
ZOGI: calls $2
JCPKCH: checks
*** FLOP *** [8c 9d Jc]
JCPKCH: checks
ZOGI: bets $3
JCPKCH: folds
Uncalled bet ($3) returned to ZOGI
ZOGI collected $5.88 from pot
*** SUMMARY ***
Total pot $6 | Rake $0.12
Board [8c 9d Jc]
Seat 5: ZOGI (button) (small blind) collected ($5.88)
Seat 6: JCPKCH (big blind) folded on the Flop


PokerStars Hand #153523387873:  Hold'em Limit ($3/$6 USD) - 2016/05/18 23:45:22 ET
Table 'Myrrha' 6-max Seat #6 is the button
Seat 5: ZOGI ($152.92 in chips)
Seat 6: JCPKCH ($79.66 in chips)
JCPKCH: posts small blind $1
ZOGI: posts big blind $3
*** HOLE CARDS ***
JCPKCH: raises $3 to $6
ZOGI: calls $3
*** FLOP *** [5s 3s Qs]
ZOGI: checks
JCPKCH: bets $3
ZOGI: raises $3 to $6
JCPKCH: calls $3
*** TURN *** [5s 3s Qs] [Ac]
ZOGI: bets $6
JCPKCH: calls $6
*** RIVER *** [5s 3s Qs Ac] [Ad]
ZOGI: checks
JCPKCH: checks
*** SHOW DOWN ***
ZOGI: shows [5h 3d] (two pair, Aces and Fives)
JCPKCH: shows [9s 9d] (two pair, Aces and Nines)
JCPKCH collected $35.50 from pot
*** SUMMARY ***
Total pot $36 | Rake $0.50
Board [5s 3s Qs Ac Ad]
Seat 5: ZOGI (big blind) showed [5h 3d] and lost with two pair, Aces and Fives
Seat 6: JCPKCH (button) (small blind) showed [9s 9d] and won ($35.50) with two pair, Aces and Nines


PokerStars Hand #153523399647:  Hold'em Limit ($3/$6 USD) - 2016/05/18 23:46:05 ET
Table 'Myrrha' 6-max Seat #6 is the button
Seat 5: ZOGI ($131.92 in chips)
Seat 6: JCPKCH ($100.04 in chips)
JCPKCH: posts small blind $1
ZOGI: posts big blind $3
*** HOLE CARDS ***
JCPKCH: folds
Uncalled bet ($2) returned to ZOGI
ZOGI collected $2 from pot
*** SUMMARY ***
Total pot $2 | Rake $0
Seat 5: ZOGI (big blind) collected ($2)
Seat 6: JCPKCH (button) (small blind) folded before Flop


PokerStars Hand #153523395177:  Hold'em Limit ($3/$6 USD) - 2016/05/18 23:45:49 ET
Table 'Myrrha' 6-max Seat #5 is the button
Seat 5: ZOGI ($134.92 in chips)
Seat 6: JCPKCH ($97.16 in chips)
ZOGI: posts small blind $1
JCPKCH: posts big blind $3
*** HOLE CARDS ***
ZOGI: calls $2
JCPKCH: checks
*** FLOP *** [2h 8c Tc]
JCPKCH: bets $3
ZOGI: folds
Uncalled bet ($3) returned to JCPKCH
JCPKCH collected $5.88 from pot
*** SUMMARY ***
Total pot $6 | Rake $0.12
Board [2h 8c Tc]
Seat 5: ZOGI (button) (small blind) folded on the Flop
Seat 6: JCPKCH (big blind) collected ($5.88)


PokerStars Hand #153523412992:  Hold'em Limit ($3/$6 USD) - 2016/05/18 23:46:54 ET
Table 'Myrrha' 6-max Seat #5 is the button
Seat 5: ZOGI ($145.44 in chips)
Seat 6: JCPKCH ($86.04 in chips)
ZOGI: posts small blind $1
JCPKCH: posts big blind $3
*** HOLE CARDS ***
ZOGI: raises $3 to $6
JCPKCH: folds
Uncalled bet ($3) returned to ZOGI
ZOGI collected $6 from pot
*** SUMMARY ***
Total pot $6 | Rake $0
Seat 5: ZOGI (button) (small blind) collected ($6)
Seat 6: JCPKCH (big blind) folded before Flop


PokerStars Hand #153523411405:  Hold'em Limit ($3/$6 USD) - 2016/05/18 23:46:48 ET
Table 'Myrrha' 6-max Seat #6 is the button
Seat 5: ZOGI ($144.44 in chips)
Seat 6: JCPKCH ($87.04 in chips)
JCPKCH: posts small blind $1
ZOGI: posts big blind $3
*** HOLE CARDS ***
JCPKCH: folds
Uncalled bet ($2) returned to ZOGI
ZOGI collected $2 from pot
*** SUMMARY ***
Total pot $2 | Rake $0
Seat 5: ZOGI (big blind) collected ($2)
Seat 6: JCPKCH (button) (small blind) folded before Flop


PokerStars Hand #153523401186:  Hold'em Limit ($3/$6 USD) - 2016/05/18 23:46:11 ET
Table 'Myrrha' 6-max Seat #5 is the button
Seat 5: ZOGI ($132.92 in chips)
Seat 6: JCPKCH ($99.04 in chips)
ZOGI: posts small blind $1
JCPKCH: posts big blind $3
*** HOLE CARDS ***
ZOGI: calls $2
JCPKCH: checks
*** FLOP *** [Td 9h 7s]
JCPKCH: bets $3
ZOGI: calls $3
*** TURN *** [Td 9h 7s] [5s]
JCPKCH: bets $6
ZOGI: calls $6
*** RIVER *** [Td 9h 7s 5s] [Qs]
JCPKCH: checks
ZOGI: checks
*** SHOW DOWN ***
JCPKCH: shows [7c 6d] (a pair of Sevens)
ZOGI: shows [9c 8h] (a pair of Nines)
ZOGI collected $23.52 from pot
*** SUMMARY ***
Total pot $24 | Rake $0.48
Board [Td 9h 7s 5s Qs]
Seat 5: ZOGI (button) (small blind) showed [9c 8h] and won ($23.52) with a pair of Nines
Seat 6: JCPKCH (big blind) showed [7c 6d] and lost with a pair of Sevens


PokerStars Hand #153523414979:  Hold'em Limit ($3/$6 USD) - 2016/05/18 23:47:01 ET
Table 'Myrrha' 6-max Seat #6 is the button
Seat 5: ZOGI ($148.44 in chips)
Seat 6: JCPKCH ($83.04 in chips)
JCPKCH: posts small blind $1
ZOGI: posts big blind $3
*** HOLE CARDS ***
JCPKCH: folds
Uncalled bet ($2) returned to ZOGI
ZOGI collected $2 from pot
*** SUMMARY ***
Total pot $2 | Rake $0
Seat 5: ZOGI (big blind) collected ($2)
Seat 6: JCPKCH (button) (small blind) folded before Flop


PokerStars Hand #153523428806:  Hold'em Limit ($3/$6 USD) - 2016/05/18 23:47:52 ET
Table 'Myrrha' 6-max Seat #6 is the button
Seat 5: ZOGI ($161.94 in chips)
Seat 6: JCPKCH ($68.80 in chips)
JCPKCH: posts small blind $1
ZOGI: posts big blind $3
*** HOLE CARDS ***
JCPKCH: raises $3 to $6
ZOGI: calls $3
*** FLOP *** [Kd Jh 5s]
ZOGI: checks
JCPKCH: checks
*** TURN *** [Kd Jh 5s] [4s]
ZOGI: checks
JCPKCH: checks
*** RIVER *** [Kd Jh 5s 4s] [Jd]
ZOGI: checks
JCPKCH: checks
*** SHOW DOWN ***
ZOGI: shows [Th 7d] (a pair of Jacks)
JCPKCH: shows [9d Qs] (a pair of Jacks - King+Queen kicker)
JCPKCH collected $11.76 from pot
*** SUMMARY ***
Total pot $12 | Rake $0.24
Board [Kd Jh 5s 4s Jd]
Seat 5: ZOGI (big blind) showed [Th 7d] and lost with a pair of Jacks
Seat 6: JCPKCH (button) (small blind) showed [9d Qs] and won ($11.76) with a pair of Jacks


PokerStars Hand #153523421599:  Hold'em Limit ($3/$6 USD) - 2016/05/18 23:47:26 ET
Table 'Myrrha' 6-max Seat #6 is the button
Seat 5: ZOGI ($166.94 in chips)
Seat 6: JCPKCH ($64.04 in chips)
JCPKCH: posts small blind $1
ZOGI: posts big blind $3
*** HOLE CARDS ***
JCPKCH: folds
Uncalled bet ($2) returned to ZOGI
ZOGI collected $2 from pot
*** SUMMARY ***
Total pot $2 | Rake $0
Seat 5: ZOGI (big blind) collected ($2)
Seat 6: JCPKCH (button) (small blind) folded before Flop


PokerStars Hand #153523416491:  Hold'em Limit ($3/$6 USD) - 2016/05/18 23:47:07 ET
Table 'Myrrha' 6-max Seat #5 is the button
Seat 5: ZOGI ($149.44 in chips)
Seat 6: JCPKCH ($82.04 in chips)
ZOGI: posts small blind $1
JCPKCH: posts big blind $3
*** HOLE CARDS ***
ZOGI: calls $2
JCPKCH: checks
*** FLOP *** [3h Kh Js]
JCPKCH: bets $3
ZOGI: calls $3
*** TURN *** [3h Kh Js] [5s]
JCPKCH: bets $6
ZOGI: calls $6
*** RIVER *** [3h Kh Js 5s] [Qs]
JCPKCH: bets $6
ZOGI: calls $6
*** SHOW DOWN ***
JCPKCH: shows [2h Qh] (a pair of Queens)
ZOGI: shows [Ks 4h] (a pair of Kings)
ZOGI collected $35.50 from pot
*** SUMMARY ***
Total pot $36 | Rake $0.50
Board [3h Kh Js 5s Qs]
Seat 5: ZOGI (button) (small blind) showed [Ks 4h] and won ($35.50) with a pair of Kings
Seat 6: JCPKCH (big blind) showed [2h Qh] and lost with a pair of Queens


PokerStars Hand #153523423203:  Hold'em Limit ($3/$6 USD) - 2016/05/18 23:47:31 ET
Table 'Myrrha' 6-max Seat #5 is the button
Seat 5: ZOGI ($167.94 in chips)
Seat 6: JCPKCH ($63.04 in chips)
ZOGI: posts small blind $1
JCPKCH: posts big blind $3
*** HOLE CARDS ***
ZOGI: calls $2
JCPKCH: raises $3 to $6
ZOGI: calls $3
*** FLOP *** [Tc Jd 7c]
JCPKCH: checks
ZOGI: checks
*** TURN *** [Tc Jd 7c] [6d]
JCPKCH: bets $6
ZOGI: folds
Uncalled bet ($6) returned to JCPKCH
JCPKCH collected $11.76 from pot
*** SUMMARY ***
Total pot $12 | Rake $0.24
Board [Tc Jd 7c 6d]
Seat 5: ZOGI (button) (small blind) folded on the Turn
Seat 6: JCPKCH (big blind) collected ($11.76)


PokerStars Hand #153523443969:  Hold'em Limit ($3/$6 USD) - 2016/05/18 23:48:48 ET
Table 'Myrrha' 6-max Seat #5 is the button
Seat 5: ZOGI ($145.94 in chips)
Seat 6: JCPKCH ($84.20 in chips)
ZOGI: posts small blind $1
JCPKCH: posts big blind $3
*** HOLE CARDS ***
ZOGI: folds
Uncalled bet ($2) returned to JCPKCH
JCPKCH collected $2 from pot
*** SUMMARY ***
Total pot $2 | Rake $0
Seat 5: ZOGI (button) (small blind) folded before Flop
Seat 6: JCPKCH (big blind) collected ($2)


PokerStars Hand #153523436991:  Hold'em Limit ($3/$6 USD) - 2016/05/18 23:48:22 ET
Table 'Myrrha' 6-max Seat #5 is the button
Seat 5: ZOGI ($155.94 in chips)
Seat 6: JCPKCH ($74.56 in chips)
ZOGI: posts small blind $1
JCPKCH: posts big blind $3
*** HOLE CARDS ***
ZOGI: folds
Uncalled bet ($2) returned to JCPKCH
JCPKCH collected $2 from pot
*** SUMMARY ***
Total pot $2 | Rake $0
Seat 5: ZOGI (button) (small blind) folded before Flop
Seat 6: JCPKCH (big blind) collected ($2)


PokerStars Hand #153523454062:  Hold'em Limit ($3/$6 USD) - 2016/05/18 23:49:25 ET
Table 'Myrrha' 6-max Seat #5 is the button
Seat 5: ZOGI ($147.82 in chips)
Seat 6: JCPKCH ($82.20 in chips)
ZOGI: posts small blind $1
JCPKCH: posts big blind $3
*** HOLE CARDS ***
ZOGI: folds
Uncalled bet ($2) returned to JCPKCH
JCPKCH collected $2 from pot
*** SUMMARY ***
Total pot $2 | Rake $0
Seat 5: ZOGI (button) (small blind) folded before Flop
Seat 6: JCPKCH (big blind) collected ($2)


PokerStars Hand #153523445280:  Hold'em Limit ($3/$6 USD) - 2016/05/18 23:48:53 ET
Table 'Myrrha' 6-max Seat #6 is the button
Seat 5: ZOGI ($144.94 in chips)
Seat 6: JCPKCH ($85.20 in chips)
JCPKCH: posts small blind $1
ZOGI: posts big blind $3
*** HOLE CARDS ***
JCPKCH: calls $2
ZOGI: checks
*** FLOP *** [Qh 4h 7c]
ZOGI: checks
JCPKCH: checks
*** TURN *** [Qh 4h 7c] [9d]
ZOGI: checks
JCPKCH: checks
*** RIVER *** [Qh 4h 7c 9d] [Jh]
ZOGI: bets $6
JCPKCH: folds
Uncalled bet ($6) returned to ZOGI
ZOGI collected $5.88 from pot
*** SUMMARY ***
Total pot $6 | Rake $0.12
Board [Qh 4h 7c 9d Jh]
Seat 5: ZOGI (big blind) collected ($5.88)
Seat 6: JCPKCH (button) (small blind) folded on the River


PokerStars Hand #153523455376:  Hold'em Limit ($3/$6 USD) - 2016/05/18 23:49:30 ET
Table 'Myrrha' 6-max Seat #6 is the button
Seat 5: ZOGI ($146.82 in chips)
Seat 6: JCPKCH ($83.20 in chips)
JCPKCH: posts small blind $1
ZOGI: posts big blind $3
*** HOLE CARDS ***
JCPKCH: folds
Uncalled bet ($2) returned to ZOGI
ZOGI collected $2 from pot
*** SUMMARY ***
Total pot $2 | Rake $0
Seat 5: ZOGI (big blind) collected ($2)
Seat 6: JCPKCH (button) (small blind) folded before Flop


PokerStars Hand #153523456733:  Hold'em Limit ($3/$6 USD) - 2016/05/18 23:49:35 ET
Table 'Myrrha' 6-max Seat #5 is the button
Seat 5: ZOGI ($147.82 in chips)
Seat 6: JCPKCH ($82.20 in chips)
ZOGI: posts small blind $1
JCPKCH: posts big blind $3
*** HOLE CARDS ***
ZOGI: raises $3 to $6
JCPKCH: calls $3
*** FLOP *** [4d 7c 5h]
JCPKCH: bets $3
ZOGI: calls $3
*** TURN *** [4d 7c 5h] [5d]
JCPKCH: bets $6
ZOGI: calls $6
*** RIVER *** [4d 7c 5h 5d] [8s]
JCPKCH: bets $6
ZOGI: calls $6
*** SHOW DOWN ***
JCPKCH: shows [6h 5s] (a straight, Four to Eight)
ZOGI: mucks hand
JCPKCH collected $41.50 from pot
*** SUMMARY ***
Total pot $42 | Rake $0.50
Board [4d 7c 5h 5d 8s]
Seat 5: ZOGI (button) (small blind) mucked
Seat 6: JCPKCH (big blind) showed [6h 5s] and won ($41.50) with a straight, Four to Eight


PokerStars Hand #153523464655:  Hold'em Limit ($3/$6 USD) - 2016/05/18 23:50:04 ET
Table 'Myrrha' 6-max Seat #6 is the button
Seat 5: ZOGI ($126.82 in chips)
Seat 6: JCPKCH ($102.70 in chips)
JCPKCH: posts small blind $1
ZOGI: posts big blind $3
*** HOLE CARDS ***
JCPKCH: raises $3 to $6
ZOGI: raises $3 to $9
JCPKCH: calls $3
*** FLOP *** [7d 4s 5d]
ZOGI: bets $3
JCPKCH: calls $3
*** TURN *** [7d 4s 5d] [3d]
ZOGI: bets $6
JCPKCH: folds
Uncalled bet ($6) returned to ZOGI
ZOGI collected $23.52 from pot
*** SUMMARY ***
Total pot $24 | Rake $0.48
Board [7d 4s 5d 3d]
Seat 5: ZOGI (big blind) collected ($23.52)
Seat 6: JCPKCH (button) (small blind) folded on the Turn


PokerStars Hand #153523480963:  Hold'em Limit ($3/$6 USD) - 2016/05/18 23:51:04 ET
Table 'Myrrha' 6-max Seat #6 is the button
Seat 5: ZOGI ($141.22 in chips)
Seat 6: JCPKCH ($87.70 in chips)
JCPKCH: posts small blind $1
ZOGI: posts big blind $3
*** HOLE CARDS ***
JCPKCH: folds
Uncalled bet ($2) returned to ZOGI
ZOGI collected $2 from pot
*** SUMMARY ***
Total pot $2 | Rake $0
Seat 5: ZOGI (big blind) collected ($2)
Seat 6: JCPKCH (button) (small blind) folded before Flop


PokerStars Hand #153523471720:  Hold'em Limit ($3/$6 USD) - 2016/05/18 23:50:30 ET
Table 'Myrrha' 6-max Seat #5 is the button
Seat 5: ZOGI ($138.34 in chips)
Seat 6: JCPKCH ($90.70 in chips)
ZOGI: posts small blind $1
JCPKCH: posts big blind $3
*** HOLE CARDS ***
ZOGI: calls $2
JCPKCH: checks
*** FLOP *** [Jc 7h 9d]
JCPKCH: checks
ZOGI: bets $3
JCPKCH: folds
Uncalled bet ($3) returned to ZOGI
ZOGI collected $5.88 from pot
*** SUMMARY ***
Total pot $6 | Rake $0.12
Board [Jc 7h 9d]
Seat 5: ZOGI (button) (small blind) collected ($5.88)
Seat 6: JCPKCH (big blind) folded on the Flop


PokerStars Hand #153523484440:  Hold'em Limit ($3/$6 USD) - 2016/05/18 23:51:17 ET
Table 'Myrrha' 6-max Seat #6 is the button
Seat 5: ZOGI ($145.22 in chips)
Seat 6: JCPKCH ($83.70 in chips)
JCPKCH: posts small blind $1
ZOGI: posts big blind $3
*** HOLE CARDS ***
JCPKCH: folds
Uncalled bet ($2) returned to ZOGI
ZOGI collected $2 from pot
*** SUMMARY ***
Total pot $2 | Rake $0
Seat 5: ZOGI (big blind) collected ($2)
Seat 6: JCPKCH (button) (small blind) folded before Flop


PokerStars Hand #153523482419:  Hold'em Limit ($3/$6 USD) - 2016/05/18 23:51:10 ET
Table 'Myrrha' 6-max Seat #5 is the button
Seat 5: ZOGI ($142.22 in chips)
Seat 6: JCPKCH ($86.70 in chips)
ZOGI: posts small blind $1
JCPKCH: posts big blind $3
*** HOLE CARDS ***
ZOGI: raises $3 to $6
JCPKCH: folds
Uncalled bet ($3) returned to ZOGI
ZOGI collected $6 from pot
*** SUMMARY ***
Total pot $6 | Rake $0
Seat 5: ZOGI (button) (small blind) collected ($6)
Seat 6: JCPKCH (big blind) folded before Flop


PokerStars Hand #153523497908:  Hold'em Limit ($3/$6 USD) - 2016/05/18 23:52:06 ET
Table 'Myrrha' 6-max Seat #6 is the button
Seat 5: ZOGI ($160.60 in chips)
Seat 6: JCPKCH ($67.70 in chips)
JCPKCH: posts small blind $1
ZOGI: posts big blind $3
*** HOLE CARDS ***
JCPKCH: raises $3 to $6
ZOGI: calls $3
*** FLOP *** [Qc Qd 7d]
ZOGI: checks
JCPKCH: bets $3
ZOGI: calls $3
*** TURN *** [Qc Qd 7d] [Jd]
ZOGI: checks
JCPKCH: bets $6
ZOGI: calls $6
*** RIVER *** [Qc Qd 7d Jd] [4d]
ZOGI: checks
JCPKCH: checks
*** SHOW DOWN ***
ZOGI: shows [8h 8d] (a flush, Queen high)
JCPKCH: mucks hand
ZOGI collected $29.50 from pot
*** SUMMARY ***
Total pot $30 | Rake $0.50
Board [Qc Qd 7d Jd 4d]
Seat 5: ZOGI (big blind) showed [8h 8d] and won ($29.50) with a flush, Queen high
Seat 6: JCPKCH (button) (small blind) mucked


PokerStars Hand #153523489537:  Hold'em Limit ($3/$6 USD) - 2016/05/18 23:51:36 ET
Table 'Myrrha' 6-max Seat #6 is the button
Seat 5: ZOGI ($149.10 in chips)
Seat 6: JCPKCH ($79.70 in chips)
JCPKCH: posts small blind $1
ZOGI: posts big blind $3
*** HOLE CARDS ***
JCPKCH: raises $3 to $6
ZOGI: folds
Uncalled bet ($3) returned to JCPKCH
JCPKCH collected $6 from pot
*** SUMMARY ***
Total pot $6 | Rake $0
Seat 5: ZOGI (big blind) folded before Flop
Seat 6: JCPKCH (button) (small blind) collected ($6)


PokerStars Hand #153523493797:  Hold'em Limit ($3/$6 USD) - 2016/05/18 23:51:51 ET
Table 'Myrrha' 6-max Seat #5 is the button
Seat 5: ZOGI ($146.10 in chips)
Seat 6: JCPKCH ($82.70 in chips)
ZOGI: posts small blind $1
JCPKCH: posts big blind $3
*** HOLE CARDS ***
ZOGI: calls $2
JCPKCH: raises $3 to $6
ZOGI: calls $3
*** FLOP *** [Jc Kc 2d]
JCPKCH: bets $3
ZOGI: calls $3
*** TURN *** [Jc Kc 2d] [8s]
JCPKCH: bets $6
ZOGI: calls $6
*** RIVER *** [Jc Kc 2d 8s] [Qh]
JCPKCH: checks
ZOGI: checks
*** SHOW DOWN ***
JCPKCH: shows [Tc Ts] (a pair of Tens)
ZOGI: shows [Kd 3d] (a pair of Kings)
ZOGI collected $29.50 from pot
*** SUMMARY ***
Total pot $30 | Rake $0.50
Board [Jc Kc 2d 8s Qh]
Seat 5: ZOGI (button) (small blind) showed [Kd 3d] and won ($29.50) with a pair of Kings
Seat 6: JCPKCH (big blind) showed [Tc Ts] and lost with a pair of Tens


PokerStars Hand #153523485847:  Hold'em Limit ($3/$6 USD) - 2016/05/18 23:51:22 ET
Table 'Myrrha' 6-max Seat #5 is the button
Seat 5: ZOGI ($146.22 in chips)
Seat 6: JCPKCH ($82.70 in chips)
ZOGI: posts small blind $1
JCPKCH: posts big blind $3
*** HOLE CARDS ***
ZOGI: calls $2
JCPKCH: checks
*** FLOP *** [4d Qs Qd]
JCPKCH: checks
ZOGI: checks
*** TURN *** [4d Qs Qd] [Js]
JCPKCH: checks
ZOGI: checks
*** RIVER *** [4d Qs Qd Js] [3h]
JCPKCH: checks
ZOGI: checks
*** SHOW DOWN ***
JCPKCH: shows [9s 8c] (a pair of Queens)
ZOGI: shows [3d 7s] (two pair, Queens and Threes)
ZOGI collected $5.88 from pot
*** SUMMARY ***
Total pot $6 | Rake $0.12
Board [4d Qs Qd Js 3h]
Seat 5: ZOGI (button) (small blind) showed [3d 7s] and won ($5.88) with two pair, Queens and Threes
Seat 6: JCPKCH (big blind) showed [9s 8c] and lost with a pair of Queens


PokerStars Hand #153523504016:  Hold'em Limit ($3/$6 USD) - 2016/05/18 23:52:28 ET
Table 'Myrrha' 6-max Seat #6 is the button
Seat 5: ZOGI ($174.10 in chips)
Seat 6: JCPKCH ($53.70 in chips)
JCPKCH: posts small blind $1
ZOGI: posts big blind $3
*** HOLE CARDS ***
JCPKCH: raises $3 to $6
ZOGI: calls $3
*** FLOP *** [3c 2s 5s]
ZOGI: checks
JCPKCH: bets $3
ZOGI: folds
Uncalled bet ($3) returned to JCPKCH
JCPKCH collected $11.76 from pot
*** SUMMARY ***
Total pot $12 | Rake $0.24
Board [3c 2s 5s]
Seat 5: ZOGI (big blind) folded on the Flop
Seat 6: JCPKCH (button) (small blind) collected ($11.76)


PokerStars Hand #153523502594:  Hold'em Limit ($3/$6 USD) - 2016/05/18 23:52:23 ET
Table 'Myrrha' 6-max Seat #5 is the button
Seat 5: ZOGI ($175.10 in chips)
Seat 6: JCPKCH ($52.70 in chips)
ZOGI: posts small blind $1
JCPKCH: posts big blind $3
*** HOLE CARDS ***
ZOGI: folds
Uncalled bet ($2) returned to JCPKCH
JCPKCH collected $2 from pot
*** SUMMARY ***
Total pot $2 | Rake $0
Seat 5: ZOGI (button) (small blind) folded before Flop
Seat 6: JCPKCH (big blind) collected ($2)


PokerStars Hand #153523506915:  Hold'em Limit ($3/$6 USD) - 2016/05/18 23:52:38 ET
Table 'Myrrha' 6-max Seat #5 is the button
Seat 5: ZOGI ($168.10 in chips)
Seat 6: JCPKCH ($59.46 in chips)
ZOGI: posts small blind $1
JCPKCH: posts big blind $3
*** HOLE CARDS ***
ZOGI: calls $2
JCPKCH: checks
*** FLOP *** [2c 3s 4d]
JCPKCH: bets $3
ZOGI: calls $3
*** TURN *** [2c 3s 4d] [7s]
JCPKCH: bets $6
ZOGI: raises $6 to $12
JCPKCH: calls $6
*** RIVER *** [2c 3s 4d 7s] [Ks]
JCPKCH: checks
ZOGI: bets $6
JCPKCH: folds
Uncalled bet ($6) returned to ZOGI
ZOGI collected $35.50 from pot
*** SUMMARY ***
Total pot $36 | Rake $0.50
Board [2c 3s 4d 7s Ks]
Seat 5: ZOGI (button) (small blind) collected ($35.50)
Seat 6: JCPKCH (big blind) folded on the River


PokerStars Hand #153523512764:  Hold'em Limit ($3/$6 USD) - 2016/05/18 23:52:59 ET
Table 'Myrrha' 6-max Seat #6 is the button
Seat 5: ZOGI ($185.60 in chips)
Seat 6: JCPKCH ($41.46 in chips)
JCPKCH: posts small blind $1
ZOGI: posts big blind $3
*** HOLE CARDS ***
JCPKCH: raises $3 to $6
ZOGI: calls $3
*** FLOP *** [Js Jd Qs]
ZOGI: checks
JCPKCH: bets $3
ZOGI: folds
Uncalled bet ($3) returned to JCPKCH
JCPKCH collected $11.76 from pot
*** SUMMARY ***
Total pot $12 | Rake $0.24
Board [Js Jd Qs]
Seat 5: ZOGI (big blind) folded on the Flop
Seat 6: JCPKCH (button) (small blind) collected ($11.76)


PokerStars Hand #153524376293:  Hold'em Limit ($3/$6 USD) - 2016/05/19 0:48:18 ET
Table 'Myrrha' 6-max Seat #4 is the button
Seat 4: VolkovDmitri ($121 in chips)
Seat 6: 19woody58 ($127.64 in chips)
VolkovDmitri: posts small blind $1
19woody58: posts big blind $3
*** HOLE CARDS ***
VolkovDmitri: raises $3 to $6
19woody58: calls $3
*** FLOP *** [As Td Tc]
19woody58: checks
VolkovDmitri: bets $3
19woody58: folds
Uncalled bet ($3) returned to VolkovDmitri
VolkovDmitri collected $11.76 from pot
VolkovDmitri: doesn't show hand
*** SUMMARY ***
Total pot $12 | Rake $0.24
Board [As Td Tc]
Seat 4: VolkovDmitri (button) (small blind) collected ($11.76)
Seat 6: 19woody58 (big blind) folded on the Flop


PokerStars Hand #153524374652:  Hold'em Limit ($3/$6 USD) - 2016/05/19 0:48:11 ET
Table 'Myrrha' 6-max Seat #6 is the button
Seat 4: VolkovDmitri ($120 in chips)
Seat 6: 19woody58 ($128.64 in chips)
19woody58: posts small blind $1
VolkovDmitri: posts big blind $3
*** HOLE CARDS ***
19woody58: folds
Uncalled bet ($2) returned to VolkovDmitri
VolkovDmitri collected $2 from pot
VolkovDmitri: doesn't show hand
*** SUMMARY ***
Total pot $2 | Rake $0
Seat 4: VolkovDmitri (big blind) collected ($2)
Seat 6: 19woody58 (button) (small blind) folded before Flop


PokerStars Hand #153524365382:  Hold'em Limit ($3/$6 USD) - 2016/05/19 0:47:33 ET
Table 'Myrrha' 6-max Seat #4 is the button
Seat 4: VolkovDmitri ($120 in chips)
Seat 6: 19woody58 ($120 in chips)
VolkovDmitri: posts small blind $1
19woody58: posts big blind $3
*** HOLE CARDS ***
VolkovDmitri: raises $3 to $6
19woody58: calls $3
*** FLOP *** [4s Kh Qh]
19woody58: checks
VolkovDmitri: bets $3
19woody58: calls $3
*** TURN *** [4s Kh Qh] [Jd]
19woody58: checks
VolkovDmitri: checks
*** RIVER *** [4s Kh Qh Jd] [Qc]
19woody58: bets $6
VolkovDmitri: folds
Uncalled bet ($6) returned to 19woody58
19woody58 collected $17.64 from pot
*** SUMMARY ***
Total pot $18 | Rake $0.36
Board [4s Kh Qh Jd Qc]
Seat 4: VolkovDmitri (button) (small blind) folded on the River
Seat 6: 19woody58 (big blind) collected ($17.64)


PokerStars Hand #153524381980:  Hold'em Limit ($3/$6 USD) - 2016/05/19 0:48:41 ET
Table 'Myrrha' 6-max Seat #6 is the button
Seat 4: VolkovDmitri ($126.76 in chips)
Seat 6: 19woody58 ($121.64 in chips)
19woody58: posts small blind $1
VolkovDmitri: posts big blind $3
*** HOLE CARDS ***
19woody58: folds
Uncalled bet ($2) returned to VolkovDmitri
VolkovDmitri collected $2 from pot
VolkovDmitri: doesn't show hand
*** SUMMARY ***
Total pot $2 | Rake $0
Seat 4: VolkovDmitri (big blind) collected ($2)
Seat 6: 19woody58 (button) (small blind) folded before Flop


PokerStars Hand #153524384888:  Hold'em Limit ($3/$6 USD) - 2016/05/19 0:48:53 ET
Table 'Myrrha' 6-max Seat #4 is the button
Seat 4: VolkovDmitri ($127.76 in chips)
Seat 6: 19woody58 ($120.64 in chips)
VolkovDmitri: posts small blind $1
19woody58: posts big blind $3
*** HOLE CARDS ***
VolkovDmitri: raises $3 to $6
19woody58: calls $3
*** FLOP *** [Kc Ah 5s]
19woody58: checks
VolkovDmitri: bets $3
19woody58: calls $3
*** TURN *** [Kc Ah 5s] [Qc]
19woody58: checks
VolkovDmitri: checks
*** RIVER *** [Kc Ah 5s Qc] [Js]
19woody58: bets $6
VolkovDmitri: folds
Uncalled bet ($6) returned to 19woody58
19woody58 collected $17.64 from pot
*** SUMMARY ***
Total pot $18 | Rake $0.36
Board [Kc Ah 5s Qc Js]
Seat 4: VolkovDmitri (button) (small blind) folded on the River
Seat 6: 19woody58 (big blind) collected ($17.64)


PokerStars Hand #153524411770:  Hold'em Limit ($3/$6 USD) - 2016/05/19 0:50:43 ET
Table 'Myrrha' 6-max Seat #6 is the button
Seat 4: VolkovDmitri ($134.50 in chips)
Seat 6: 19woody58 ($113.92 in chips)
19woody58: posts small blind $1
VolkovDmitri: posts big blind $3
*** HOLE CARDS ***
19woody58: folds
Uncalled bet ($2) returned to VolkovDmitri
VolkovDmitri collected $2 from pot
VolkovDmitri: doesn't show hand
*** SUMMARY ***
Total pot $2 | Rake $0
Seat 4: VolkovDmitri (big blind) collected ($2)
Seat 6: 19woody58 (button) (small blind) folded before Flop


PokerStars Hand #153524401818:  Hold'em Limit ($3/$6 USD) - 2016/05/19 0:50:02 ET
Table 'Myrrha' 6-max Seat #4 is the button
Seat 4: VolkovDmitri ($143.50 in chips)
Seat 6: 19woody58 ($105.28 in chips)
VolkovDmitri: posts small blind $1
19woody58: posts big blind $3
*** HOLE CARDS ***
VolkovDmitri: raises $3 to $6
19woody58: calls $3
*** FLOP *** [9c 3s 5h]
19woody58: checks
VolkovDmitri: bets $3
19woody58: calls $3
*** TURN *** [9c 3s 5h] [3c]
19woody58: checks
VolkovDmitri: checks
*** RIVER *** [9c 3s 5h 3c] [6d]
19woody58: bets $6
VolkovDmitri: folds
Uncalled bet ($6) returned to 19woody58
19woody58 collected $17.64 from pot
*** SUMMARY ***
Total pot $18 | Rake $0.36
Board [9c 3s 5h 3c 6d]
Seat 4: VolkovDmitri (button) (small blind) folded on the River
Seat 6: 19woody58 (big blind) collected ($17.64)


PokerStars Hand #153524393581:  Hold'em Limit ($3/$6 USD) - 2016/05/19 0:49:28 ET
Table 'Myrrha' 6-max Seat #6 is the button
Seat 4: VolkovDmitri ($120 in chips)
Seat 6: 19woody58 ($129.28 in chips)
19woody58: posts small blind $1
VolkovDmitri: posts big blind $3
*** HOLE CARDS ***
19woody58: raises $3 to $6
VolkovDmitri: calls $3
*** FLOP *** [6c Ah 8c]
VolkovDmitri: checks
19woody58: bets $3
VolkovDmitri: raises $3 to $6
19woody58: calls $3
*** TURN *** [6c Ah 8c] [3d]
VolkovDmitri: bets $6
19woody58: calls $6
*** RIVER *** [6c Ah 8c 3d] [3h]
VolkovDmitri: bets $6
19woody58: calls $6
*** SHOW DOWN ***
VolkovDmitri: shows [3c 5c] (three of a kind, Threes)
19woody58: mucks hand
VolkovDmitri collected $47.50 from pot
*** SUMMARY ***
Total pot $48 | Rake $0.50
Board [6c Ah 8c 3d 3h]
Seat 4: VolkovDmitri (big blind) showed [3c 5c] and won ($47.50) with three of a kind, Threes
Seat 6: 19woody58 (button) (small blind) mucked


PokerStars Hand #153524413290:  Hold'em Limit ($3/$6 USD) - 2016/05/19 0:50:49 ET
Table 'Myrrha' 6-max Seat #4 is the button
Seat 4: VolkovDmitri ($135.50 in chips)
Seat 6: 19woody58 ($112.92 in chips)
VolkovDmitri: posts small blind $1
19woody58: posts big blind $3
*** HOLE CARDS ***
VolkovDmitri: raises $3 to $6
19woody58: folds
Uncalled bet ($3) returned to VolkovDmitri
VolkovDmitri collected $6 from pot
VolkovDmitri: doesn't show hand
*** SUMMARY ***
Total pot $6 | Rake $0
Seat 4: VolkovDmitri (button) (small blind) collected ($6)
Seat 6: 19woody58 (big blind) folded before Flop


PokerStars Hand #153524414987:  Hold'em Limit ($3/$6 USD) - 2016/05/19 0:50:56 ET
Table 'Myrrha' 6-max Seat #6 is the button
Seat 4: VolkovDmitri ($138.50 in chips)
Seat 6: 19woody58 ($109.92 in chips)
19woody58: posts small blind $1
VolkovDmitri: posts big blind $3
*** HOLE CARDS ***
19woody58: raises $3 to $6
VolkovDmitri: calls $3
*** FLOP *** [3c 7c 4d]
VolkovDmitri: checks
19woody58: bets $3
VolkovDmitri: folds
Uncalled bet ($3) returned to 19woody58
19woody58 collected $11.76 from pot
*** SUMMARY ***
Total pot $12 | Rake $0.24
Board [3c 7c 4d]
Seat 4: VolkovDmitri (big blind) folded on the Flop
Seat 6: 19woody58 (button) (small blind) collected ($11.76)


PokerStars Hand #153524435491:  Hold'em Limit ($3/$6 USD) - 2016/05/19 0:52:20 ET
Table 'Myrrha' 6-max Seat #4 is the button
Seat 4: VolkovDmitri ($122.88 in chips)
Seat 6: 19woody58 ($133.18 in chips)
VolkovDmitri: posts small blind $1
19woody58: posts big blind $3
*** HOLE CARDS ***
VolkovDmitri: raises $3 to $6
19woody58: folds
Uncalled bet ($3) returned to VolkovDmitri
VolkovDmitri collected $6 from pot
VolkovDmitri: doesn't show hand
*** SUMMARY ***
Total pot $6 | Rake $0
Seat 4: VolkovDmitri (button) (small blind) collected ($6)
Seat 6: 19woody58 (big blind) folded before Flop


PokerStars Hand #153524419777:  Hold'em Limit ($3/$6 USD) - 2016/05/19 0:51:16 ET
Table 'Myrrha' 6-max Seat #4 is the button
Seat 4: VolkovDmitri ($132.50 in chips)
Seat 6: 19woody58 ($115.68 in chips)
VolkovDmitri: posts small blind $1
19woody58: posts big blind $3
*** HOLE CARDS ***
VolkovDmitri: raises $3 to $6
19woody58: calls $3
*** FLOP *** [Qs 7h Ks]
19woody58: checks
VolkovDmitri: bets $3
19woody58: calls $3
*** TURN *** [Qs 7h Ks] [3h]
19woody58: checks
VolkovDmitri: bets $6
19woody58: calls $6
*** RIVER *** [Qs 7h Ks 3h] [Jc]
19woody58: checks
VolkovDmitri: bets $6
19woody58: calls $6
*** SHOW DOWN ***
VolkovDmitri: shows [Qh 8s] (a pair of Queens)
19woody58: shows [Kh Ts] (a pair of Kings)
19woody58 collected $41.50 from pot
*** SUMMARY ***
Total pot $42 | Rake $0.50
Board [Qs 7h Ks 3h Jc]
Seat 4: VolkovDmitri (button) (small blind) showed [Qh 8s] and lost with a pair of Queens
Seat 6: 19woody58 (big blind) showed [Kh Ts] and won ($41.50) with a pair of Kings


PokerStars Hand #153524431495:  Hold'em Limit ($3/$6 USD) - 2016/05/19 0:52:04 ET
Table 'Myrrha' 6-max Seat #6 is the button
Seat 4: VolkovDmitri ($120 in chips)
Seat 6: 19woody58 ($136.18 in chips)
19woody58: posts small blind $1
VolkovDmitri: posts big blind $3
*** HOLE CARDS ***
19woody58: calls $2
VolkovDmitri: checks
*** FLOP *** [4s 6s Jh]
VolkovDmitri: bets $3
19woody58: folds
Uncalled bet ($3) returned to VolkovDmitri
VolkovDmitri collected $5.88 from pot
VolkovDmitri: doesn't show hand
*** SUMMARY ***
Total pot $6 | Rake $0.12
Board [4s 6s Jh]
Seat 4: VolkovDmitri (big blind) collected ($5.88)
Seat 6: 19woody58 (button) (small blind) folded on the Flop


PokerStars Hand #153524449015:  Hold'em Limit ($3/$6 USD) - 2016/05/19 0:53:15 ET
Table 'Myrrha' 6-max Seat #6 is the button
Seat 4: VolkovDmitri ($145.38 in chips)
Seat 6: 19woody58 ($110.18 in chips)
19woody58: posts small blind $1
VolkovDmitri: posts big blind $3
*** HOLE CARDS ***
19woody58: raises $3 to $6
VolkovDmitri: raises $3 to $9
19woody58: calls $3
*** FLOP *** [2h 9d 9s]
VolkovDmitri: bets $3
19woody58: calls $3
*** TURN *** [2h 9d 9s] [7h]
VolkovDmitri: bets $6
19woody58: folds
Uncalled bet ($6) returned to VolkovDmitri
VolkovDmitri collected $23.52 from pot
VolkovDmitri: doesn't show hand
*** SUMMARY ***
Total pot $24 | Rake $0.48
Board [2h 9d 9s 7h]
Seat 4: VolkovDmitri (big blind) collected ($23.52)
Seat 6: 19woody58 (button) (small blind) folded on the Turn


PokerStars Hand #153524447739:  Hold'em Limit ($3/$6 USD) - 2016/05/19 0:53:10 ET
Table 'Myrrha' 6-max Seat #4 is the button
Seat 4: VolkovDmitri ($146.38 in chips)
Seat 6: 19woody58 ($109.18 in chips)
VolkovDmitri: posts small blind $1
19woody58: posts big blind $3
*** HOLE CARDS ***
VolkovDmitri: folds
Uncalled bet ($2) returned to 19woody58
19woody58 collected $2 from pot
*** SUMMARY ***
Total pot $2 | Rake $0
Seat 4: VolkovDmitri (button) (small blind) folded before Flop
Seat 6: 19woody58 (big blind) collected ($2)


PokerStars Hand #153524437209:  Hold'em Limit ($3/$6 USD) - 2016/05/19 0:52:27 ET
Table 'Myrrha' 6-max Seat #6 is the button
Seat 4: VolkovDmitri ($125.88 in chips)
Seat 6: 19woody58 ($130.18 in chips)
19woody58: posts small blind $1
VolkovDmitri: posts big blind $3
*** HOLE CARDS ***
19woody58: raises $3 to $6
VolkovDmitri: calls $3
*** FLOP *** [Qs Th 6h]
VolkovDmitri: checks
19woody58: bets $3
VolkovDmitri: calls $3
*** TURN *** [Qs Th 6h] [9s]
VolkovDmitri: checks
19woody58: bets $6
VolkovDmitri: calls $6
*** RIVER *** [Qs Th 6h 9s] [5d]
VolkovDmitri: bets $6
19woody58: calls $6
*** SHOW DOWN ***
VolkovDmitri: shows [Tc 5s] (two pair, Tens and Fives)
19woody58: mucks hand
VolkovDmitri collected $41.50 from pot
*** SUMMARY ***
Total pot $42 | Rake $0.50
Board [Qs Th 6h 9s 5d]
Seat 4: VolkovDmitri (big blind) showed [Tc 5s] and won ($41.50) with two pair, Tens and Fives
Seat 6: 19woody58 (button) (small blind) mucked


PokerStars Hand #153524466462:  Hold'em Limit ($3/$6 USD) - 2016/05/19 0:53:49 ET
Table 'Myrrha' 6-max Seat #4 is the button
Seat 4: VolkovDmitri ($156.90 in chips)
Seat 6: 19woody58 ($98.18 in chips)
VolkovDmitri: posts small blind $1
19woody58: posts big blind $3
*** HOLE CARDS ***
VolkovDmitri: raises $3 to $6
19woody58: calls $3
*** FLOP *** [6d 3d Qh]
19woody58: checks
ERVELINO13 joins the table at seat #3
VolkovDmitri: bets $3
19woody58: calls $3
*** TURN *** [6d 3d Qh] [7h]
19woody58: checks
VolkovDmitri: bets $6
19woody58: calls $6
*** RIVER *** [6d 3d Qh 7h] [6s]
19woody58: checks
VolkovDmitri: checks
*** SHOW DOWN ***
19woody58: shows [Qs 5h] (two pair, Queens and Sixes)
VolkovDmitri: mucks hand
19woody58 collected $29.50 from pot
*** SUMMARY ***
Total pot $30 | Rake $0.50
Board [6d 3d Qh 7h 6s]
Seat 4: VolkovDmitri (button) (small blind) mucked
Seat 6: 19woody58 (big blind) showed [Qs 5h] and won ($29.50) with two pair, Queens and Sixes


