PokerStars Hand #144644078104:  Hold'em Limit ($3/$6 USD) - 2015/11/30 22:57:10 ET
Table 'Myrrha' 6-max Seat #5 is the button
Seat 4: belik555 ($140.90 in chips)
Seat 5: ct-650 ($101.50 in chips)
ct-650: posts small blind $1
batu2: is sitting out
belik555: posts big blind $3
*** HOLE CARDS ***
ct-650: raises $3 to $6
batu2 leaves the table
belik555: calls $3
*** FLOP *** [Jh Kc As]
belik555: checks
ct-650: bets $3
belik555: calls $3
*** TURN *** [Jh Kc As] [Tc]
belik555: checks
ct-650: checks
*** RIVER *** [Jh Kc As Tc] [7c]
belik555: checks
ct-650: checks
*** SHOW DOWN ***
belik555: shows [8s Js] (a pair of Jacks)
ct-650: mucks hand
belik555 collected $17.64 from pot
*** SUMMARY ***
Total pot $18 | Rake $0.36
Board [Jh Kc As Tc 7c]
Seat 4: belik555 (big blind) showed [8s Js] and won ($17.64) with a pair of Jacks
Seat 5: ct-650 (button) (small blind) mucked


PokerStars Hand #144644086422:  Hold'em Limit ($3/$6 USD) - 2015/11/30 22:57:40 ET
Table 'Myrrha' 6-max Seat #4 is the button
Seat 4: belik555 ($149.54 in chips)
Seat 5: ct-650 ($92.50 in chips)
belik555: posts small blind $1
ct-650: posts big blind $3
*** HOLE CARDS ***
belik555: raises $3 to $6
ct-650: calls $3
*** FLOP *** [5c Jh Tc]
ct-650: checks
belik555: bets $3
ct-650: raises $3 to $6
belik555: calls $3
*** TURN *** [5c Jh Tc] [5h]
ct-650: bets $6
belik555: calls $6
*** RIVER *** [5c Jh Tc 5h] [Ks]
ct-650: bets $6
belik555: folds
Uncalled bet ($6) returned to ct-650
ct-650 collected $35.50 from pot
*** SUMMARY ***
Total pot $36 | Rake $0.50
Board [5c Jh Tc 5h Ks]
Seat 4: belik555 (button) (small blind) folded on the River
Seat 5: ct-650 (big blind) collected ($35.50)


PokerStars Hand #144644287362:  Hold'em Limit ($3/$6 USD) - 2015/11/30 23:08:38 ET
Table 'Myrrha' 6-max Seat #1 is the button
Seat 1: carmello774 ($85.91 in chips)
Seat 5: ct-650 ($113 in chips)
carmello774: posts small blind $1
ct-650: posts big blind $3
*** HOLE CARDS ***
carmello774: raises $3 to $6
ct-650: folds
Uncalled bet ($3) returned to carmello774
carmello774 collected $6 from pot
carmello774: doesn't show hand
*** SUMMARY ***
Total pot $6 | Rake $0
Seat 1: carmello774 (button) (small blind) collected ($6)
Seat 5: ct-650 (big blind) folded before Flop


PokerStars Hand #144644283220:  Hold'em Limit ($3/$6 USD) - 2015/11/30 23:08:24 ET
Table 'Myrrha' 6-max Seat #5 is the button
Seat 1: carmello774 ($88.91 in chips)
Seat 5: ct-650 ($110 in chips)
ct-650: posts small blind $1
carmello774: posts big blind $3
*** HOLE CARDS ***
ct-650: raises $3 to $6
carmello774: folds
Uncalled bet ($3) returned to ct-650
ct-650 collected $6 from pot
*** SUMMARY ***
Total pot $6 | Rake $0
Seat 1: carmello774 (big blind) folded before Flop
Seat 5: ct-650 (button) (small blind) collected ($6)


PokerStars Hand #144644299410:  Hold'em Limit ($3/$6 USD) - 2015/11/30 23:09:16 ET
Table 'Myrrha' 6-max Seat #5 is the button
Seat 1: carmello774 ($91.43 in chips)
Seat 5: ct-650 ($106.64 in chips)
ct-650: posts small blind $1
carmello774: posts big blind $3
*** HOLE CARDS ***
ct-650: folds
Uncalled bet ($2) returned to carmello774
carmello774 collected $2 from pot
carmello774: doesn't show hand
*** SUMMARY ***
Total pot $2 | Rake $0
Seat 1: carmello774 (big blind) collected ($2)
Seat 5: ct-650 (button) (small blind) folded before Flop


PokerStars Hand #144644293950:  Hold'em Limit ($3/$6 USD) - 2015/11/30 23:08:59 ET
Table 'Myrrha' 6-max Seat #1 is the button
Seat 1: carmello774 ($100.43 in chips)
Seat 5: ct-650 ($98 in chips)
carmello774: posts small blind $1
ct-650: posts big blind $3
*** HOLE CARDS ***
carmello774: raises $3 to $6
ct-650: calls $3
*** FLOP *** [9h Kd Td]
ct-650: checks
carmello774: bets $3
ct-650: calls $3
*** TURN *** [9h Kd Td] [6c]
ct-650: checks
carmello774: checks
*** RIVER *** [9h Kd Td 6c] [3h]
ct-650: checks
carmello774: checks
*** SHOW DOWN ***
ct-650: shows [Qs 8h] (high card King)
carmello774: mucks hand
ct-650 collected $17.64 from pot
*** SUMMARY ***
Total pot $18 | Rake $0.36
Board [9h Kd Td 6c 3h]
Seat 1: carmello774 (button) (small blind) mucked
Seat 5: ct-650 (big blind) showed [Qs 8h] and won ($17.64) with high card King


PokerStars Hand #144644307724:  Hold'em Limit ($3/$6 USD) - 2015/11/30 23:09:43 ET
Table 'Myrrha' 6-max Seat #5 is the button
Seat 1: carmello774 ($103.95 in chips)
Seat 5: ct-650 ($93.64 in chips)
ct-650: posts small blind $1
carmello774: posts big blind $3
*** HOLE CARDS ***
ct-650: raises $3 to $6
carmello774: raises $3 to $9
ct-650: calls $3
*** FLOP *** [5d Jh Td]
carmello774: bets $3
ct-650: calls $3
*** TURN *** [5d Jh Td] [3d]
carmello774: bets $6
ct-650: calls $6
*** RIVER *** [5d Jh Td 3d] [Qd]
carmello774: bets $6
ct-650: calls $6
*** SHOW DOWN ***
carmello774: shows [Jd Qc] (a flush, Queen high)
ct-650: mucks hand
carmello774 collected $47.50 from pot
*** SUMMARY ***
Total pot $48 | Rake $0.50
Board [5d Jh Td 3d Qd]
Seat 1: carmello774 (big blind) showed [Jd Qc] and won ($47.50) with a flush, Queen high
Seat 5: ct-650 (button) (small blind) mucked


PokerStars Hand #144644317476:  Hold'em Limit ($3/$6 USD) - 2015/11/30 23:10:15 ET
Table 'Myrrha' 6-max Seat #1 is the button
Seat 1: carmello774 ($127.45 in chips)
Seat 5: ct-650 ($69.64 in chips)
carmello774: posts small blind $1
ct-650: posts big blind $3
*** HOLE CARDS ***
carmello774: raises $3 to $6
ct-650: folds
Uncalled bet ($3) returned to carmello774
carmello774 collected $6 from pot
carmello774: doesn't show hand
*** SUMMARY ***
Total pot $6 | Rake $0
Seat 1: carmello774 (button) (small blind) collected ($6)
Seat 5: ct-650 (big blind) folded before Flop


PokerStars Hand #144644320066:  Hold'em Limit ($3/$6 USD) - 2015/11/30 23:10:23 ET
Table 'Myrrha' 6-max Seat #5 is the button
Seat 1: carmello774 ($130.45 in chips)
Seat 5: ct-650 ($66.64 in chips)
ct-650: posts small blind $1
carmello774: posts big blind $3
*** HOLE CARDS ***
ct-650: raises $3 to $6
carmello774: folds
Uncalled bet ($3) returned to ct-650
ct-650 collected $6 from pot
*** SUMMARY ***
Total pot $6 | Rake $0
Seat 1: carmello774 (big blind) folded before Flop
Seat 5: ct-650 (button) (small blind) collected ($6)


PokerStars Hand #144644322298:  Hold'em Limit ($3/$6 USD) - 2015/11/30 23:10:31 ET
Table 'Myrrha' 6-max Seat #1 is the button
Seat 1: carmello774 ($127.45 in chips)
Seat 5: ct-650 ($69.64 in chips)
carmello774: posts small blind $1
ct-650: posts big blind $3
*** HOLE CARDS ***
carmello774: raises $3 to $6
ct-650: folds
Uncalled bet ($3) returned to carmello774
carmello774 collected $6 from pot
carmello774: doesn't show hand
*** SUMMARY ***
Total pot $6 | Rake $0
Seat 1: carmello774 (button) (small blind) collected ($6)
Seat 5: ct-650 (big blind) folded before Flop


PokerStars Hand #144644323768:  Hold'em Limit ($3/$6 USD) - 2015/11/30 23:10:35 ET
Table 'Myrrha' 6-max Seat #5 is the button
Seat 1: carmello774 ($130.45 in chips)
Seat 5: ct-650 ($66.64 in chips)
ct-650: posts small blind $1
carmello774: posts big blind $3
*** HOLE CARDS ***
ct-650: raises $3 to $6
carmello774: raises $3 to $9
ct-650: calls $3
*** FLOP *** [7c Ac 5s]
carmello774: bets $3
ct-650: calls $3
*** TURN *** [7c Ac 5s] [2c]
carmello774: checks
ct-650: bets $6
carmello774: calls $6
*** RIVER *** [7c Ac 5s 2c] [Tc]
carmello774: bets $6
ct-650: calls $6
*** SHOW DOWN ***
carmello774: shows [6d 6c] (a flush, Ace high)
ct-650: mucks hand
carmello774 collected $47.50 from pot
*** SUMMARY ***
Total pot $48 | Rake $0.50
Board [7c Ac 5s 2c Tc]
Seat 1: carmello774 (big blind) showed [6d 6c] and won ($47.50) with a flush, Ace high
Seat 5: ct-650 (button) (small blind) mucked


PokerStars Hand #144644334631:  Hold'em Limit ($3/$6 USD) - 2015/11/30 23:11:10 ET
Table 'Myrrha' 6-max Seat #1 is the button
Seat 1: carmello774 ($153.95 in chips)
Seat 5: ct-650 ($102.64 in chips)
carmello774: posts small blind $1
ct-650: posts big blind $3
*** HOLE CARDS ***
carmello774: raises $3 to $6
ct-650: calls $3
*** FLOP *** [Ts Kd 2h]
ct-650: checks
carmello774: bets $3
ct-650: raises $3 to $6
carmello774: folds
Uncalled bet ($3) returned to ct-650
ct-650 collected $17.64 from pot
*** SUMMARY ***
Total pot $18 | Rake $0.36
Board [Ts Kd 2h]
Seat 1: carmello774 (button) (small blind) folded on the Flop
Seat 5: ct-650 (big blind) collected ($17.64)


PokerStars Hand #144644339999:  Hold'em Limit ($3/$6 USD) - 2015/11/30 23:11:28 ET
Table 'Myrrha' 6-max Seat #1 is the button
Seat 1: carmello774 ($141.95 in chips)
Seat 5: ct-650 ($114.28 in chips)
carmello774: posts small blind $1
ct-650: posts big blind $3
*** HOLE CARDS ***
carmello774: folds
Uncalled bet ($2) returned to ct-650
ct-650 collected $2 from pot
*** SUMMARY ***
Total pot $2 | Rake $0
Seat 1: carmello774 (button) (small blind) folded before Flop
Seat 5: ct-650 (big blind) collected ($2)


PokerStars Hand #144644337704:  Hold'em Limit ($3/$6 USD) - 2015/11/30 23:11:21 ET
Table 'Myrrha' 6-max Seat #5 is the button
Seat 1: carmello774 ($144.95 in chips)
Seat 5: ct-650 ($111.28 in chips)
ct-650: posts small blind $1
carmello774: posts big blind $3
*** HOLE CARDS ***
ct-650: raises $3 to $6
carmello774: folds
Uncalled bet ($3) returned to ct-650
ct-650 collected $6 from pot
*** SUMMARY ***
Total pot $6 | Rake $0
Seat 1: carmello774 (big blind) folded before Flop
Seat 5: ct-650 (button) (small blind) collected ($6)


PokerStars Hand #144644341653:  Hold'em Limit ($3/$6 USD) - 2015/11/30 23:11:34 ET
Table 'Myrrha' 6-max Seat #5 is the button
Seat 1: carmello774 ($140.95 in chips)
Seat 5: ct-650 ($115.28 in chips)
ct-650: posts small blind $1
carmello774: posts big blind $3
*** HOLE CARDS ***
ct-650: raises $3 to $6
carmello774: folds
Uncalled bet ($3) returned to ct-650
ct-650 collected $6 from pot
*** SUMMARY ***
Total pot $6 | Rake $0
Seat 1: carmello774 (big blind) folded before Flop
Seat 5: ct-650 (button) (small blind) collected ($6)


PokerStars Hand #144644343539:  Hold'em Limit ($3/$6 USD) - 2015/11/30 23:11:40 ET
Table 'Myrrha' 6-max Seat #1 is the button
Seat 1: carmello774 ($137.95 in chips)
Seat 5: ct-650 ($118.28 in chips)
carmello774: posts small blind $1
ct-650: posts big blind $3
*** HOLE CARDS ***
carmello774: raises $3 to $6
ct-650: raises $3 to $9
carmello774: calls $3
*** FLOP *** [4s 8s Ah]
ct-650: bets $3
carmello774: raises $3 to $6
ct-650: raises $3 to $9
carmello774: raises $3 to $12
Betting is capped
ct-650: calls $3
*** TURN *** [4s 8s Ah] [5d]
ct-650: bets $6
carmello774: raises $6 to $12
ct-650: calls $6
*** RIVER *** [4s 8s Ah 5d] [3h]
ct-650: checks
carmello774: bets $6
ct-650: calls $6
*** SHOW DOWN ***
carmello774: shows [5s 4c] (two pair, Fives and Fours)
ct-650: mucks hand
carmello774 collected $77.50 from pot
*** SUMMARY ***
Total pot $78 | Rake $0.50
Board [4s 8s Ah 5d 3h]
Seat 1: carmello774 (button) (small blind) showed [5s 4c] and won ($77.50) with two pair, Fives and Fours
Seat 5: ct-650 (big blind) mucked


PokerStars Hand #144644349924:  Hold'em Limit ($3/$6 USD) - 2015/11/30 23:12:01 ET
Table 'Myrrha' 6-max Seat #5 is the button
Seat 1: carmello774 ($176.45 in chips)
Seat 5: ct-650 ($79.28 in chips)
ct-650: posts small blind $1
carmello774: posts big blind $3
*** HOLE CARDS ***
batu2 joins the table at seat #3
ct-650: raises $3 to $6
carmello774: folds
Uncalled bet ($3) returned to ct-650
ct-650 collected $6 from pot
*** SUMMARY ***
Total pot $6 | Rake $0
Seat 1: carmello774 (big blind) folded before Flop
Seat 5: ct-650 (button) (small blind) collected ($6)


PokerStars Hand #144644385552:  Hold'em Limit ($3/$6 USD) - 2015/11/30 23:13:58 ET
Table 'Myrrha' 6-max Seat #3 is the button
Seat 3: batu2 ($130.14 in chips)
Seat 5: ct-650 ($119.10 in chips)
batu2: posts small blind $1
ct-650: posts big blind $3
*** HOLE CARDS ***
batu2: raises $3 to $6
ct-650: folds
Uncalled bet ($3) returned to batu2
batu2 collected $6 from pot
farnemo leaves the table
*** SUMMARY ***
Total pot $6 | Rake $0
Seat 3: batu2 (button) (small blind) collected ($6)
Seat 5: ct-650 (big blind) folded before Flop


PokerStars Hand #144644381356:  Hold'em Limit ($3/$6 USD) - 2015/11/30 23:13:45 ET
Table 'Myrrha' 6-max Seat #5 is the button
Seat 3: batu2 ($136.14 in chips)
Seat 5: ct-650 ($113.34 in chips)
ct-650: posts small blind $1
batu2: posts big blind $3
*** HOLE CARDS ***
ct-650: raises $3 to $6
batu2: calls $3
*** FLOP *** [As Ks 2c]
carmello774 leaves the table
batu2: checks
ct-650: bets $3
batu2: folds
Uncalled bet ($3) returned to ct-650
ct-650 collected $11.76 from pot
*** SUMMARY ***
Total pot $12 | Rake $0.24
Board [As Ks 2c]
Seat 3: batu2 (big blind) folded on the Flop
Seat 5: ct-650 (button) (small blind) collected ($11.76)


PokerStars Hand #144644592266:  Hold'em Limit ($3/$6 USD) - 2015/11/30 23:25:33 ET
Table 'Myrrha' 6-max Seat #6 is the button
Seat 4: farnemo ($138.62 in chips)
Seat 6: belik555 ($144.80 in chips)
belik555: posts small blind $1
stronghawk: is sitting out
farnemo: posts big blind $3
*** HOLE CARDS ***
belik555: raises $3 to $6
farnemo: calls $3
*** FLOP *** [5c Js 9h]
farnemo: checks
belik555: bets $3
farnemo: raises $3 to $6
belik555: calls $3
*** TURN *** [5c Js 9h] [3h]
farnemo: bets $6
belik555: calls $6
*** RIVER *** [5c Js 9h 3h] [4s]
farnemo: bets $6
belik555: calls $6
*** SHOW DOWN ***
farnemo: shows [Jd As] (a pair of Jacks)
belik555: mucks hand
farnemo collected $47.50 from pot
*** SUMMARY ***
Total pot $48 | Rake $0.50
Board [5c Js 9h 3h 4s]
Seat 4: farnemo (big blind) showed [Jd As] and won ($47.50) with a pair of Jacks
Seat 6: belik555 (button) (small blind) mucked


PokerStars Hand #144644872368:  Hold'em Limit ($3/$6 USD) - 2015/11/30 23:42:03 ET
Table 'Myrrha' 6-max Seat #5 is the button
Seat 5: ct-650 ($115.26 in chips)
Seat 6: 1joyful1 ($120 in chips)
ct-650: posts small blind $1
1joyful1: posts big blind $3
*** HOLE CARDS ***
belik555 joins the table at seat #1
ct-650: raises $3 to $6
1joyful1: raises $3 to $9
farnemo joins the table at seat #2
ct-650: calls $3
*** FLOP *** [9h 2c 7h]
1joyful1: bets $3
ct-650: calls $3
*** TURN *** [9h 2c 7h] [2d]
1joyful1: bets $6
ct-650: calls $6
*** RIVER *** [9h 2c 7h 2d] [Qs]
1joyful1: bets $6
ct-650: calls $6
*** SHOW DOWN ***
1joyful1: shows [Kh Kd] (two pair, Kings and Deuces)
ct-650: mucks hand
1joyful1 collected $47.50 from pot
*** SUMMARY ***
Total pot $48 | Rake $0.50
Board [9h 2c 7h 2d Qs]
Seat 5: ct-650 (button) (small blind) mucked
Seat 6: 1joyful1 (big blind) showed [Kh Kd] and won ($47.50) with two pair, Kings and Deuces


PokerStars Hand #144650124355:  Hold'em Limit ($3/$6 USD) - 2015/12/01 4:54:49 ET
Table 'Myrrha' 6-max Seat #3 is the button
Seat 3: mr.Bunduki ($71 in chips)
Seat 5: hairy1961 ($59 in chips)
mr.Bunduki: posts small blind $1
hairy1961: posts big blind $3
*** HOLE CARDS ***
mr.Bunduki: raises $3 to $6
hairy1961: raises $3 to $9
mr.Bunduki: calls $3
*** FLOP *** [Ks Kc 8h]
hairy1961: bets $3
mr.Bunduki: calls $3
*** TURN *** [Ks Kc 8h] [8s]
hairy1961: bets $6
mr.Bunduki: folds
Uncalled bet ($6) returned to hairy1961
hairy1961 collected $23.52 from pot
hairy1961: doesn't show hand
*** SUMMARY ***
Total pot $24 | Rake $0.48
Board [Ks Kc 8h 8s]
Seat 3: mr.Bunduki (button) (small blind) folded on the Turn
Seat 5: hairy1961 (big blind) collected ($23.52)


PokerStars Hand #144650138070:  Hold'em Limit ($3/$6 USD) - 2015/12/01 4:55:28 ET
Table 'Myrrha' 6-max Seat #3 is the button
Seat 3: mr.Bunduki ($56 in chips)
Seat 5: hairy1961 ($73.52 in chips)
mr.Bunduki: posts small blind $1
hairy1961: posts big blind $3
*** HOLE CARDS ***
mr.Bunduki: raises $3 to $6
hairy1961: folds
Uncalled bet ($3) returned to mr.Bunduki
mr.Bunduki collected $6 from pot
mr.Bunduki: doesn't show hand
*** SUMMARY ***
Total pot $6 | Rake $0
Seat 3: mr.Bunduki (button) (small blind) collected ($6)
Seat 5: hairy1961 (big blind) folded before Flop


PokerStars Hand #144650135760:  Hold'em Limit ($3/$6 USD) - 2015/12/01 4:55:21 ET
Table 'Myrrha' 6-max Seat #5 is the button
Seat 3: mr.Bunduki ($59 in chips)
Seat 5: hairy1961 ($70.52 in chips)
hairy1961: posts small blind $1
mr.Bunduki: posts big blind $3
*** HOLE CARDS ***
hairy1961: raises $3 to $6
mr.Bunduki: folds
Uncalled bet ($3) returned to hairy1961
hairy1961 collected $6 from pot
hairy1961: doesn't show hand
*** SUMMARY ***
Total pot $6 | Rake $0
Seat 3: mr.Bunduki (big blind) folded before Flop
Seat 5: hairy1961 (button) (small blind) collected ($6)


PokerStars Hand #144650148422:  Hold'em Limit ($3/$6 USD) - 2015/12/01 4:55:59 ET
Table 'Myrrha' 6-max Seat #3 is the button
Seat 3: mr.Bunduki ($64.76 in chips)
Seat 5: hairy1961 ($64.52 in chips)
mr.Bunduki: posts small blind $1
hairy1961: posts big blind $3
*** HOLE CARDS ***
mr.Bunduki: folds
Uncalled bet ($2) returned to hairy1961
hairy1961 collected $2 from pot
hairy1961: doesn't show hand
*** SUMMARY ***
Total pot $2 | Rake $0
Seat 3: mr.Bunduki (button) (small blind) folded before Flop
Seat 5: hairy1961 (big blind) collected ($2)


PokerStars Hand #144650140902:  Hold'em Limit ($3/$6 USD) - 2015/12/01 4:55:36 ET
Table 'Myrrha' 6-max Seat #5 is the button
Seat 3: mr.Bunduki ($59 in chips)
Seat 5: hairy1961 ($70.52 in chips)
hairy1961: posts small blind $1
mr.Bunduki: posts big blind $3
*** HOLE CARDS ***
hairy1961: calls $2
mr.Bunduki: checks
*** FLOP *** [As 6s 8s]
mr.Bunduki: checks
hairy1961: bets $3
mr.Bunduki: calls $3
*** TURN *** [As 6s 8s] [8c]
mr.Bunduki: checks
hairy1961: checks
*** RIVER *** [As 6s 8s 8c] [7s]
mr.Bunduki: checks
hairy1961: checks
*** SHOW DOWN ***
mr.Bunduki: shows [2s Jh] (a flush, Ace high)
hairy1961: mucks hand
mr.Bunduki collected $11.76 from pot
*** SUMMARY ***
Total pot $12 | Rake $0.24
Board [As 6s 8s 8c 7s]
Seat 3: mr.Bunduki (big blind) showed [2s Jh] and won ($11.76) with a flush, Ace high
Seat 5: hairy1961 (button) (small blind) mucked


PokerStars Hand #144650150276:  Hold'em Limit ($3/$6 USD) - 2015/12/01 4:56:05 ET
Table 'Myrrha' 6-max Seat #5 is the button
Seat 3: mr.Bunduki ($63.76 in chips)
Seat 5: hairy1961 ($65.52 in chips)
hairy1961: posts small blind $1
mr.Bunduki: posts big blind $3
*** HOLE CARDS ***
hairy1961: folds
Uncalled bet ($2) returned to mr.Bunduki
mr.Bunduki collected $2 from pot
mr.Bunduki: doesn't show hand
*** SUMMARY ***
Total pot $2 | Rake $0
Seat 3: mr.Bunduki (big blind) collected ($2)
Seat 5: hairy1961 (button) (small blind) folded before Flop


PokerStars Hand #144650162081:  Hold'em Limit ($3/$6 USD) - 2015/12/01 4:56:40 ET
Table 'Myrrha' 6-max Seat #5 is the button
Seat 3: mr.Bunduki ($40.76 in chips)
Seat 5: hairy1961 ($88.02 in chips)
hairy1961: posts small blind $1
mr.Bunduki: posts big blind $3
*** HOLE CARDS ***
hairy1961: folds
Uncalled bet ($2) returned to mr.Bunduki
mr.Bunduki collected $2 from pot
mr.Bunduki: doesn't show hand
*** SUMMARY ***
Total pot $2 | Rake $0
Seat 3: mr.Bunduki (big blind) collected ($2)
Seat 5: hairy1961 (button) (small blind) folded before Flop


PokerStars Hand #144650165309:  Hold'em Limit ($3/$6 USD) - 2015/12/01 4:56:50 ET
Table 'Myrrha' 6-max Seat #3 is the button
Seat 3: mr.Bunduki ($41.76 in chips)
Seat 5: hairy1961 ($87.02 in chips)
mr.Bunduki: posts small blind $1
hairy1961: posts big blind $3
*** HOLE CARDS ***
mr.Bunduki: raises $3 to $6
hairy1961: calls $3
*** FLOP *** [Tc 4s Ac]
hairy1961: checks
mr.Bunduki: checks
*** TURN *** [Tc 4s Ac] [7h]
hairy1961: bets $6
mr.Bunduki: folds
Uncalled bet ($6) returned to hairy1961
hairy1961 collected $11.76 from pot
hairy1961: doesn't show hand
*** SUMMARY ***
Total pot $12 | Rake $0.24
Board [Tc 4s Ac 7h]
Seat 3: mr.Bunduki (button) (small blind) folded on the Turn
Seat 5: hairy1961 (big blind) collected ($11.76)


PokerStars Hand #144650171851:  Hold'em Limit ($3/$6 USD) - 2015/12/01 4:57:09 ET
Table 'Myrrha' 6-max Seat #5 is the button
Seat 3: mr.Bunduki ($35.76 in chips)
Seat 5: hairy1961 ($92.78 in chips)
hairy1961: posts small blind $1
mr.Bunduki: posts big blind $3
*** HOLE CARDS ***
hairy1961: calls $2
mr.Bunduki: checks
*** FLOP *** [9h 4h Td]
mr.Bunduki: checks
hairy1961: bets $3
mr.Bunduki: folds
Uncalled bet ($3) returned to hairy1961
hairy1961 collected $5.88 from pot
hairy1961: doesn't show hand
*** SUMMARY ***
Total pot $6 | Rake $0.12
Board [9h 4h Td]
Seat 3: mr.Bunduki (big blind) folded on the Flop
Seat 5: hairy1961 (button) (small blind) collected ($5.88)


PokerStars Hand #144650178642:  Hold'em Limit ($3/$6 USD) - 2015/12/01 4:57:30 ET
Table 'Myrrha' 6-max Seat #5 is the button
Seat 3: mr.Bunduki ($31.76 in chips)
Seat 5: hairy1961 ($96.66 in chips)
hairy1961: posts small blind $1
mr.Bunduki: posts big blind $3
*** HOLE CARDS ***
hairy1961: folds
Uncalled bet ($2) returned to mr.Bunduki
mr.Bunduki collected $2 from pot
mr.Bunduki: doesn't show hand
*** SUMMARY ***
Total pot $2 | Rake $0
Seat 3: mr.Bunduki (big blind) collected ($2)
Seat 5: hairy1961 (button) (small blind) folded before Flop


PokerStars Hand #144650176672:  Hold'em Limit ($3/$6 USD) - 2015/12/01 4:57:24 ET
Table 'Myrrha' 6-max Seat #3 is the button
Seat 3: mr.Bunduki ($32.76 in chips)
Seat 5: hairy1961 ($95.66 in chips)
mr.Bunduki: posts small blind $1
hairy1961: posts big blind $3
*** HOLE CARDS ***
mr.Bunduki: folds
Uncalled bet ($2) returned to hairy1961
hairy1961 collected $2 from pot
hairy1961: doesn't show hand
*** SUMMARY ***
Total pot $2 | Rake $0
Seat 3: mr.Bunduki (button) (small blind) folded before Flop
Seat 5: hairy1961 (big blind) collected ($2)


PokerStars Hand #144650152194:  Hold'em Limit ($3/$6 USD) - 2015/12/01 4:56:11 ET
Table 'Myrrha' 6-max Seat #3 is the button
Seat 3: mr.Bunduki ($64.76 in chips)
Seat 5: hairy1961 ($64.52 in chips)
mr.Bunduki: posts small blind $1
hairy1961: posts big blind $3
*** HOLE CARDS ***
mr.Bunduki: raises $3 to $6
hairy1961: calls $3
*** FLOP *** [Ts 3s Jh]
hairy1961: checks
mr.Bunduki: checks
*** TURN *** [Ts 3s Jh] [Kh]
hairy1961: bets $6
mr.Bunduki: calls $6
*** RIVER *** [Ts 3s Jh Kh] [9s]
hairy1961: bets $6
mr.Bunduki: raises $6 to $12
hairy1961: calls $6
*** SHOW DOWN ***
mr.Bunduki: shows [9c Ah] (a pair of Nines)
hairy1961: shows [Ac Kc] (a pair of Kings)
hairy1961 collected $47.50 from pot
*** SUMMARY ***
Total pot $48 | Rake $0.50
Board [Ts 3s Jh Kh 9s]
Seat 3: mr.Bunduki (button) (small blind) showed [9c Ah] and lost with a pair of Nines
Seat 5: hairy1961 (big blind) showed [Ac Kc] and won ($47.50) with a pair of Kings


PokerStars Hand #144650184474:  Hold'em Limit ($3/$6 USD) - 2015/12/01 4:57:47 ET
Table 'Myrrha' 6-max Seat #5 is the button
Seat 3: mr.Bunduki ($35.76 in chips)
Seat 5: hairy1961 ($92.66 in chips)
hairy1961: posts small blind $1
mr.Bunduki: posts big blind $3
*** HOLE CARDS ***
hairy1961: raises $3 to $6
mr.Bunduki: raises $3 to $9
hairy1961: calls $3
*** FLOP *** [5h Qd 3h]
mr.Bunduki: bets $3
hairy1961: calls $3
*** TURN *** [5h Qd 3h] [7c]
mr.Bunduki: bets $6
hairy1961: calls $6
*** RIVER *** [5h Qd 3h 7c] [2h]
mr.Bunduki: bets $6
hairy1961: folds
Uncalled bet ($6) returned to mr.Bunduki
Yip Kai-Man joins the table at seat #4
mr.Bunduki collected $35.50 from pot
mr.Bunduki: doesn't show hand
*** SUMMARY ***
Total pot $36 | Rake $0.50
Board [5h Qd 3h 7c 2h]
Seat 3: mr.Bunduki (big blind) collected ($35.50)
Seat 5: hairy1961 (button) (small blind) folded on the River


PokerStars Hand #144650180560:  Hold'em Limit ($3/$6 USD) - 2015/12/01 4:57:36 ET
Table 'Myrrha' 6-max Seat #3 is the button
Seat 3: mr.Bunduki ($32.76 in chips)
Seat 5: hairy1961 ($95.66 in chips)
mr.Bunduki: posts small blind $1
hairy1961: posts big blind $3
*** HOLE CARDS ***
mr.Bunduki: raises $3 to $6
hairy1961: folds
Uncalled bet ($3) returned to mr.Bunduki
mr.Bunduki collected $6 from pot
mr.Bunduki: doesn't show hand
*** SUMMARY ***
Total pot $6 | Rake $0
Seat 3: mr.Bunduki (button) (small blind) collected ($6)
Seat 5: hairy1961 (big blind) folded before Flop


PokerStars Hand #144650491156:  Hold'em Limit ($3/$6 USD) - 2015/12/01 5:11:14 ET
Table 'Myrrha' 6-max Seat #2 is the button
Seat 1: k1rp4v3nsk3 ($75.90 in chips)
Seat 2: Necromadx ($120 in chips)
Necromadx: posts small blind $1
hairy1961: is sitting out
SLK500: is sitting out
k1rp4v3nsk3: posts big blind $3
*** HOLE CARDS ***
Necromadx: raises $3 to $6
k1rp4v3nsk3: raises $3 to $9
SLK500 leaves the table
Necromadx: calls $3
*** FLOP *** [7c 7d Kd]
hairy1961 leaves the table
k1rp4v3nsk3: bets $3
Necromadx: folds
Uncalled bet ($3) returned to k1rp4v3nsk3
k1rp4v3nsk3 collected $17.64 from pot
k1rp4v3nsk3: doesn't show hand
*** SUMMARY ***
Total pot $18 | Rake $0.36
Board [7c 7d Kd]
Seat 1: k1rp4v3nsk3 (big blind) collected ($17.64)
Seat 2: Necromadx (button) (small blind) folded on the Flop


PokerStars Hand #144650509476:  Hold'em Limit ($3/$6 USD) - 2015/12/01 5:12:01 ET
Table 'Myrrha' 6-max Seat #6 is the button
Seat 2: Necromadx ($144.50 in chips)
Seat 6: hairy1961 ($36 in chips)
hairy1961: posts small blind $1
Necromadx: posts big blind $3
*** HOLE CARDS ***
hairy1961: calls $2
Necromadx: checks
*** FLOP *** [5d Ks 3d]
Necromadx: checks
hairy1961: checks
*** TURN *** [5d Ks 3d] [8d]
Tsoy777 joins the table at seat #4
Necromadx: checks
hairy1961: bets $6
Necromadx: folds
Uncalled bet ($6) returned to hairy1961
hairy1961 collected $5.88 from pot
hairy1961: doesn't show hand
*** SUMMARY ***
Total pot $6 | Rake $0.12
Board [5d Ks 3d 8d]
Seat 2: Necromadx (big blind) folded on the Turn
Seat 6: hairy1961 (button) (small blind) collected ($5.88)


PokerStars Hand #144650500568:  Hold'em Limit ($3/$6 USD) - 2015/12/01 5:11:38 ET
Table 'Myrrha' 6-max Seat #2 is the button
Seat 2: Necromadx ($121 in chips)
Seat 6: hairy1961 ($60 in chips)
Necromadx: posts small blind $1
hairy1961: posts big blind $3
*** HOLE CARDS ***
k1rp4v3nsk3 leaves the table
Necromadx: raises $3 to $6
hairy1961: raises $3 to $9
Necromadx: calls $3
*** FLOP *** [5c Ts 8d]
hairy1961: bets $3
Necromadx: calls $3
*** TURN *** [5c Ts 8d] [Kd]
hairy1961: bets $6
Necromadx: calls $6
*** RIVER *** [5c Ts 8d Kd] [3h]
hairy1961: bets $6
Necromadx: calls $6
*** SHOW DOWN ***
hairy1961: shows [3c Jc] (a pair of Threes)
Necromadx: shows [Td 6h] (a pair of Tens)
Necromadx collected $47.50 from pot
*** SUMMARY ***
Total pot $48 | Rake $0.50
Board [5c Ts 8d Kd 3h]
Seat 2: Necromadx (button) (small blind) showed [Td 6h] and won ($47.50) with a pair of Tens
Seat 6: hairy1961 (big blind) showed [3c Jc] and lost with a pair of Threes


PokerStars Hand #144650542648:  Hold'em Limit ($3/$6 USD) - 2015/12/01 5:13:25 ET
Table 'Myrrha' 6-max Seat #2 is the button
Seat 2: Necromadx ($121.50 in chips)
Seat 6: hairy1961 ($5.88 in chips)
Necromadx: posts small blind $1
Tsoy777: is sitting out
hairy1961: posts big blind $3
*** HOLE CARDS ***
Tsoy777 leaves the table
Necromadx: raises $3 to $6
hairy1961: calls $2.88 and is all-in
Uncalled bet ($0.12) returned to Necromadx
*** FLOP *** [Tc 5c 4s]
*** TURN *** [Tc 5c 4s] [Jd]
*** RIVER *** [Tc 5c 4s Jd] [Qc]
*** SHOW DOWN ***
hairy1961: shows [8c As] (high card Ace)
Necromadx: shows [Ts 9h] (a pair of Tens)
Necromadx collected $11.52 from pot
*** SUMMARY ***
Total pot $11.76 | Rake $0.24
Board [Tc 5c 4s Jd Qc]
Seat 2: Necromadx (button) (small blind) showed [Ts 9h] and won ($11.52) with a pair of Tens
Seat 6: hairy1961 (big blind) showed [8c As] and lost with high card Ace


PokerStars Hand #144650819857:  Hold'em Limit ($3/$6 USD) - 2015/12/01 5:24:47 ET
Table 'Myrrha' 6-max Seat #2 is the button
Seat 2: Necromadx ($120 in chips)
Seat 3: _fayzulllo_ ($88.38 in chips)
Necromadx: posts small blind $1
_fayzulllo_: posts big blind $3
*** HOLE CARDS ***
Necromadx: raises $3 to $6
_fayzulllo_: folds
Uncalled bet ($3) returned to Necromadx
Necromadx collected $6 from pot
Necromadx: doesn't show hand
*** SUMMARY ***
Total pot $6 | Rake $0
Seat 2: Necromadx (button) (small blind) collected ($6)
Seat 3: _fayzulllo_ (big blind) folded before Flop


PokerStars Hand #144650812790:  Hold'em Limit ($3/$6 USD) - 2015/12/01 5:24:30 ET
Table 'Myrrha' 6-max Seat #3 is the button
Seat 2: Necromadx ($120 in chips)
Seat 3: _fayzulllo_ ($85.50 in chips)
_fayzulllo_: posts small blind $1
Necromadx: posts big blind $3
*** HOLE CARDS ***
_fayzulllo_: calls $2
Necromadx: checks
*** FLOP *** [6h Jc 9h]
Necromadx: checks
_fayzulllo_: bets $3
Necromadx: folds
Uncalled bet ($3) returned to _fayzulllo_
_fayzulllo_ collected $5.88 from pot
_fayzulllo_: doesn't show hand
*** SUMMARY ***
Total pot $6 | Rake $0.12
Board [6h Jc 9h]
Seat 2: Necromadx (big blind) folded on the Flop
Seat 3: _fayzulllo_ (button) (small blind) collected ($5.88)


PokerStars Hand #144650822313:  Hold'em Limit ($3/$6 USD) - 2015/12/01 5:24:53 ET
Table 'Myrrha' 6-max Seat #3 is the button
Seat 2: Necromadx ($123 in chips)
Seat 3: _fayzulllo_ ($85.38 in chips)
_fayzulllo_: posts small blind $1
Necromadx: posts big blind $3
*** HOLE CARDS ***
_fayzulllo_: raises $3 to $6
Necromadx: folds
Uncalled bet ($3) returned to _fayzulllo_
_fayzulllo_ collected $6 from pot
_fayzulllo_: doesn't show hand
*** SUMMARY ***
Total pot $6 | Rake $0
Seat 2: Necromadx (big blind) folded before Flop
Seat 3: _fayzulllo_ (button) (small blind) collected ($6)


PokerStars Hand #144650883769:  Hold'em Limit ($3/$6 USD) - 2015/12/01 5:27:21 ET
Table 'Myrrha' 6-max Seat #2 is the button
Seat 2: Necromadx ($120 in chips)
Seat 3: _fayzulllo_ ($72 in chips)
Necromadx: posts small blind $1
_fayzulllo_: posts big blind $3
*** HOLE CARDS ***
Necromadx: raises $3 to $6
_fayzulllo_: calls $3
*** FLOP *** [Qd Kc 9c]
_fayzulllo_: checks
Necromadx: bets $3
_fayzulllo_: calls $3
*** TURN *** [Qd Kc 9c] [7d]
_fayzulllo_: checks
Necromadx: bets $6
_fayzulllo_: calls $6
*** RIVER *** [Qd Kc 9c 7d] [3h]
_fayzulllo_: checks
Necromadx: bets $6
_fayzulllo_: calls $6
*** SHOW DOWN ***
Necromadx: shows [8d Qs] (a pair of Queens)
_fayzulllo_: mucks hand
Necromadx collected $41.50 from pot
*** SUMMARY ***
Total pot $42 | Rake $0.50
Board [Qd Kc 9c 7d 3h]
Seat 2: Necromadx (button) (small blind) showed [8d Qs] and won ($41.50) with a pair of Queens
Seat 3: _fayzulllo_ (big blind) mucked


PokerStars Hand #144650894202:  Hold'em Limit ($3/$6 USD) - 2015/12/01 5:27:46 ET
Table 'Myrrha' 6-max Seat #3 is the button
Seat 2: Necromadx ($140.50 in chips)
Seat 3: _fayzulllo_ ($51 in chips)
_fayzulllo_: posts small blind $1
Necromadx: posts big blind $3
*** HOLE CARDS ***
_fayzulllo_: raises $3 to $6
Necromadx: calls $3
*** FLOP *** [5s 7c 7h]
Necromadx: checks
_fayzulllo_: bets $3
Necromadx: raises $3 to $6
_fayzulllo_: calls $3
*** TURN *** [5s 7c 7h] [6c]
Necromadx: bets $6
_fayzulllo_: calls $6
*** RIVER *** [5s 7c 7h 6c] [7d]
Necromadx: bets $6
_fayzulllo_: calls $6
*** SHOW DOWN ***
Necromadx: shows [5c Ad] (a full house, Sevens full of Fives)
_fayzulllo_: mucks hand
Necromadx collected $47.50 from pot
*** SUMMARY ***
Total pot $48 | Rake $0.50
Board [5s 7c 7h 6c 7d]
Seat 2: Necromadx (big blind) showed [5c Ad] and won ($47.50) with a full house, Sevens full of Fives
Seat 3: _fayzulllo_ (button) (small blind) mucked


PokerStars Hand #144650905216:  Hold'em Limit ($3/$6 USD) - 2015/12/01 5:28:13 ET
Table 'Myrrha' 6-max Seat #2 is the button
Seat 2: Necromadx ($164 in chips)
Seat 3: _fayzulllo_ ($27 in chips)
Necromadx: posts small blind $1
_fayzulllo_: posts big blind $3
*** HOLE CARDS ***
Necromadx: raises $3 to $6
_fayzulllo_: calls $3
*** FLOP *** [8h Td Jh]
_fayzulllo_: checks
Necromadx: bets $3
_fayzulllo_: folds
Uncalled bet ($3) returned to Necromadx
Necromadx collected $11.76 from pot
Necromadx: doesn't show hand
*** SUMMARY ***
Total pot $12 | Rake $0.24
Board [8h Td Jh]
Seat 2: Necromadx (button) (small blind) collected ($11.76)
Seat 3: _fayzulllo_ (big blind) folded on the Flop


PokerStars Hand #144650921497:  Hold'em Limit ($3/$6 USD) - 2015/12/01 5:28:52 ET
Table 'Myrrha' 6-max Seat #2 is the button
Seat 2: Necromadx ($166.76 in chips)
Seat 3: _fayzulllo_ ($23.88 in chips)
Necromadx: posts small blind $1
_fayzulllo_: posts big blind $3
*** HOLE CARDS ***
Necromadx: folds
Uncalled bet ($2) returned to _fayzulllo_
_fayzulllo_ collected $2 from pot
_fayzulllo_: doesn't show hand
*** SUMMARY ***
Total pot $2 | Rake $0
Seat 2: Necromadx (button) (small blind) folded before Flop
Seat 3: _fayzulllo_ (big blind) collected ($2)


PokerStars Hand #144651137225:  Hold'em Limit ($3/$6 USD) - 2015/12/01 5:37:26 ET
Table 'Myrrha' 6-max Seat #6 is the button
Seat 5: JTDStreet ($193.86 in chips)
Seat 6: boogi ($91 in chips)
boogi: posts small blind $1
JTDStreet: posts big blind $3
*** HOLE CARDS ***
boogi: folds
Uncalled bet ($2) returned to JTDStreet
JTDStreet collected $2 from pot
JTDStreet: doesn't show hand
*** SUMMARY ***
Total pot $2 | Rake $0
Seat 5: JTDStreet (big blind) collected ($2)
Seat 6: boogi (button) (small blind) folded before Flop


PokerStars Hand #144651133328:  Hold'em Limit ($3/$6 USD) - 2015/12/01 5:37:17 ET
Table 'Myrrha' 6-max Seat #5 is the button
Seat 5: JTDStreet ($194.86 in chips)
Seat 6: boogi ($90 in chips)
JTDStreet: posts small blind $1
boogi: posts big blind $3
*** HOLE CARDS ***
benyeiantal leaves the table
JTDStreet: folds
Uncalled bet ($2) returned to boogi
boogi collected $2 from pot
boogi: doesn't show hand
*** SUMMARY ***
Total pot $2 | Rake $0
Seat 5: JTDStreet (button) (small blind) folded before Flop
Seat 6: boogi (big blind) collected ($2)


PokerStars Hand #144651130434:  Hold'em Limit ($3/$6 USD) - 2015/12/01 5:37:10 ET
Table 'Myrrha' 6-max Seat #6 is the button
Seat 5: JTDStreet ($197.86 in chips)
Seat 6: boogi ($87 in chips)
boogi: posts small blind $1
benyeiantal: is sitting out
JTDStreet: posts big blind $3
*** HOLE CARDS ***
boogi: raises $3 to $6
JTDStreet: folds
Uncalled bet ($3) returned to boogi
boogi collected $6 from pot
boogi: doesn't show hand
*** SUMMARY ***
Total pot $6 | Rake $0
Seat 5: JTDStreet (big blind) folded before Flop
Seat 6: boogi (button) (small blind) collected ($6)


PokerStars Hand #144651163195:  Hold'em Limit ($3/$6 USD) - 2015/12/01 5:38:27 ET
Table 'Myrrha' 6-max Seat #6 is the button
Seat 5: JTDStreet ($164.86 in chips)
Seat 6: boogi ($119.02 in chips)
boogi: posts small blind $1
JTDStreet: posts big blind $3
*** HOLE CARDS ***
boogi: folds
Uncalled bet ($2) returned to JTDStreet
JTDStreet collected $2 from pot
JTDStreet: doesn't show hand
*** SUMMARY ***
Total pot $2 | Rake $0
Seat 5: JTDStreet (big blind) collected ($2)
Seat 6: boogi (button) (small blind) folded before Flop


PokerStars Hand #144651153176:  Hold'em Limit ($3/$6 USD) - 2015/12/01 5:38:03 ET
Table 'Myrrha' 6-max Seat #5 is the button
Seat 5: JTDStreet ($182.86 in chips)
Seat 6: boogi ($101.52 in chips)
JTDStreet: posts small blind $1
boogi: posts big blind $3
*** HOLE CARDS ***
JTDStreet: raises $3 to $6
boogi: calls $3
*** FLOP *** [2d Qc 6c]
boogi: checks
JTDStreet: bets $3
boogi: raises $3 to $6
JTDStreet: calls $3
*** TURN *** [2d Qc 6c] [6d]
boogi: bets $6
JTDStreet: calls $6
*** RIVER *** [2d Qc 6c 6d] [Ah]
boogi: checks
JTDStreet: checks
*** SHOW DOWN ***
boogi: shows [Kc 2c] (two pair, Sixes and Deuces)
JTDStreet: mucks hand
boogi collected $35.50 from pot
*** SUMMARY ***
Total pot $36 | Rake $0.50
Board [2d Qc 6c 6d Ah]
Seat 5: JTDStreet (button) (small blind) mucked
Seat 6: boogi (big blind) showed [Kc 2c] and won ($35.50) with two pair, Sixes and Deuces


PokerStars Hand #144651148862:  Hold'em Limit ($3/$6 USD) - 2015/12/01 5:37:53 ET
Table 'Myrrha' 6-max Seat #6 is the button
Seat 5: JTDStreet ($188.86 in chips)
Seat 6: boogi ($95.76 in chips)
boogi: posts small blind $1
JTDStreet: posts big blind $3
*** HOLE CARDS ***
boogi: raises $3 to $6
JTDStreet: calls $3
*** FLOP *** [Kc 5d 6c]
JTDStreet: checks
boogi: bets $3
JTDStreet: folds
Uncalled bet ($3) returned to boogi
boogi collected $11.76 from pot
boogi: doesn't show hand
*** SUMMARY ***
Total pot $12 | Rake $0.24
Board [Kc 5d 6c]
Seat 5: JTDStreet (big blind) folded on the Flop
Seat 6: boogi (button) (small blind) collected ($11.76)


PokerStars Hand #144651139329:  Hold'em Limit ($3/$6 USD) - 2015/12/01 5:37:31 ET
Table 'Myrrha' 6-max Seat #5 is the button
Seat 5: JTDStreet ($194.86 in chips)
Seat 6: boogi ($90 in chips)
JTDStreet: posts small blind $1
boogi: posts big blind $3
*** HOLE CARDS ***
JTDStreet: raises $3 to $6
boogi: calls $3
*** FLOP *** [3c 3h 8c]
boogi: checks
JTDStreet: checks
*** TURN *** [3c 3h 8c] [6h]
boogi: bets $6
JTDStreet: folds
Uncalled bet ($6) returned to boogi
boogi collected $11.76 from pot
boogi: doesn't show hand
*** SUMMARY ***
Total pot $12 | Rake $0.24
Board [3c 3h 8c 6h]
Seat 5: JTDStreet (button) (small blind) folded on the Turn
Seat 6: boogi (big blind) collected ($11.76)


PokerStars Hand #144651991869:  Hold'em Limit ($3/$6 USD) - 2015/12/01 6:11:09 ET
Table 'Myrrha' 6-max Seat #3 is the button
Seat 1: dye111 ($146.02 in chips)
Seat 3: JTDStreet ($172.02 in chips)
JTDStreet: posts small blind $1
dye111: posts big blind $3
*** HOLE CARDS ***
JTDStreet: folds
Uncalled bet ($2) returned to dye111
dye111 collected $2 from pot
*** SUMMARY ***
Total pot $2 | Rake $0
Seat 1: dye111 (big blind) collected ($2)
Seat 3: JTDStreet (button) (small blind) folded before Flop


PokerStars Hand #144651986362:  Hold'em Limit ($3/$6 USD) - 2015/12/01 6:10:56 ET
Table 'Myrrha' 6-max Seat #1 is the button
Seat 1: dye111 ($152.02 in chips)
Seat 3: JTDStreet ($166.26 in chips)
dye111: posts small blind $1
JTDStreet: posts big blind $3
*** HOLE CARDS ***
Necromadx joins the table at seat #2
dye111: calls $2
JTDStreet: checks
*** FLOP *** [2h Ac 2c]
JTDStreet: checks
dye111: bets $3
JTDStreet: raises $3 to $6
dye111: folds
Uncalled bet ($3) returned to JTDStreet
JTDStreet collected $11.76 from pot
JTDStreet: doesn't show hand
*** SUMMARY ***
Total pot $12 | Rake $0.24
Board [2h Ac 2c]
Seat 1: dye111 (button) (small blind) folded on the Flop
Seat 3: JTDStreet (big blind) collected ($11.76)


PokerStars Hand #144651976368:  Hold'em Limit ($3/$6 USD) - 2015/12/01 6:10:33 ET
Table 'Myrrha' 6-max Seat #3 is the button
Seat 1: dye111 ($167.02 in chips)
Seat 3: JTDStreet ($151.76 in chips)
JTDStreet: posts small blind $1
dye111: posts big blind $3
*** HOLE CARDS ***
JTDStreet: raises $3 to $6
dye111: calls $3
*** FLOP *** [3h 2d 8s]
dye111: checks
JTDStreet: bets $3
dye111: calls $3
*** TURN *** [3h 2d 8s] [4s]
dye111: checks
JTDStreet: checks
*** RIVER *** [3h 2d 8s 4s] [Qs]
dye111: checks
JTDStreet: bets $6
dye111: calls $6
*** SHOW DOWN ***
JTDStreet: shows [Jc Qc] (a pair of Queens)
dye111: mucks hand
JTDStreet collected $29.50 from pot
*** SUMMARY ***
Total pot $30 | Rake $0.50
Board [3h 2d 8s 4s Qs]
Seat 1: dye111 (big blind) mucked
Seat 3: JTDStreet (button) (small blind) showed [Jc Qc] and won ($29.50) with a pair of Queens


PokerStars Hand #144653150534:  Hold'em Limit ($3/$6 USD) - 2015/12/01 6:52:01 ET
Table 'Myrrha' 6-max Seat #4 is the button
Seat 1: RockKillerTY ($88.19 in chips)
Seat 4: Frank2Neue ($170.72 in chips)
Frank2Neue: posts small blind $1
MusicalClown: is sitting out
RockKillerTY: posts big blind $3
*** HOLE CARDS ***
Frank2Neue: folds
Uncalled bet ($2) returned to RockKillerTY
RockKillerTY collected $2 from pot
RockKillerTY: doesn't show hand
*** SUMMARY ***
Total pot $2 | Rake $0
Seat 1: RockKillerTY (big blind) collected ($2)
Seat 4: Frank2Neue (button) (small blind) folded before Flop


PokerStars Hand #144653153193:  Hold'em Limit ($3/$6 USD) - 2015/12/01 6:52:07 ET
Table 'Myrrha' 6-max Seat #1 is the button
Seat 1: RockKillerTY ($89.19 in chips)
Seat 4: Frank2Neue ($169.72 in chips)
RockKillerTY: posts small blind $1
Frank2Neue: posts big blind $3
*** HOLE CARDS ***
RockKillerTY: raises $3 to $6
Frank2Neue: raises $3 to $9
MusicalClown leaves the table
RockKillerTY: calls $3
*** FLOP *** [4s 6d 8h]
Frank2Neue: bets $3
RockKillerTY: calls $3
*** TURN *** [4s 6d 8h] [Kh]
Frank2Neue: bets $6
RockKillerTY: raises $6 to $12
Frank2Neue: folds
Uncalled bet ($6) returned to RockKillerTY
RockKillerTY collected $35.50 from pot
RockKillerTY: doesn't show hand
*** SUMMARY ***
Total pot $36 | Rake $0.50
Board [4s 6d 8h Kh]
Seat 1: RockKillerTY (button) (small blind) collected ($35.50)
Seat 4: Frank2Neue (big blind) folded on the Turn


PokerStars Hand #144653476109:  Hold'em Limit ($3/$6 USD) - 2015/12/01 7:03:41 ET
Table 'Myrrha' 6-max Seat #4 is the button
Seat 2: dye111 ($163.42 in chips)
Seat 4: Frank2Neue ($131.99 in chips)
MusicalClown will be allowed to play after the button
Frank2Neue: posts small blind $1
schnizm joins the table at seat #5
dye111: posts big blind $3
*** HOLE CARDS ***
Frank2Neue: raises $3 to $6
dye111: calls $3
*** FLOP *** [4h 4c Tc]
€@nsrijk2 leaves the table
dye111: checks
Frank2Neue: bets $3
dye111: folds
Uncalled bet ($3) returned to Frank2Neue
Frank2Neue collected $11.76 from pot
Frank2Neue: doesn't show hand
*** SUMMARY ***
Total pot $12 | Rake $0.24
Board [4h 4c Tc]
Seat 2: dye111 (big blind) folded on the Flop
Seat 4: Frank2Neue (button) (small blind) collected ($11.76)


PokerStars Hand #144662116167:  Hold'em Limit ($3/$6 USD) - 2015/12/01 11:02:42 ET
Table 'Myrrha' 6-max Seat #4 is the button
Seat 2: julenchu ($104.55 in chips)
Seat 4: GRAILKO ($177.20 in chips)
GRAILKO: posts small blind $1
julenchu: posts big blind $3
*** HOLE CARDS ***
GRAILKO: raises $3 to $6
julenchu: folds
Uncalled bet ($3) returned to GRAILKO
GRAILKO collected $6 from pot
GRAILKO: doesn't show hand
*** SUMMARY ***
Total pot $6 | Rake $0
Seat 2: julenchu (big blind) folded before Flop
Seat 4: GRAILKO (button) (small blind) collected ($6)


PokerStars Hand #144662110981:  Hold'em Limit ($3/$6 USD) - 2015/12/01 11:02:34 ET
Table 'Myrrha' 6-max Seat #2 is the button
Seat 2: julenchu ($105.55 in chips)
Seat 4: GRAILKO ($176.20 in chips)
julenchu: posts small blind $1
Deichgnorf: is sitting out
GRAILKO: posts big blind $3
*** HOLE CARDS ***
julenchu: folds
Uncalled bet ($2) returned to GRAILKO
Deichgnorf leaves the table
GRAILKO collected $2 from pot
GRAILKO: doesn't show hand
*** SUMMARY ***
Total pot $2 | Rake $0
Seat 2: julenchu (button) (small blind) folded before Flop
Seat 4: GRAILKO (big blind) collected ($2)


PokerStars Hand #144662133011:  Hold'em Limit ($3/$6 USD) - 2015/12/01 11:03:05 ET
Table 'Myrrha' 6-max Seat #2 is the button
Seat 2: julenchu ($101.55 in chips)
Seat 5: PelonCabelao ($95.79 in chips)
julenchu: posts small blind $1
PelonCabelao: posts big blind $3
*** HOLE CARDS ***
Silentium111 joins the table at seat #6
julenchu: folds
Uncalled bet ($2) returned to PelonCabelao
PelonCabelao collected $2 from pot
PelonCabelao: doesn't show hand
*** SUMMARY ***
Total pot $2 | Rake $0
Seat 2: julenchu (button) (small blind) folded before Flop
Seat 5: PelonCabelao (big blind) collected ($2)


