PokerStars Hand #175199867287:  Hold'em Limit ($3/$6 USD) - 2017/09/04 12:30:44 ET
Table 'Naantali II' 6-max Seat #1 is the button
Seat 1: zimin10 ($72 in chips)
Seat 3: chebob ($60 in chips)
zimin10: posts small blind $1
chebob: posts big blind $3
*** HOLE CARDS ***
zimin10: raises $3 to $6
chebob: calls $3
*** FLOP *** [6s As Qs]
chebob: checks
zimin10: bets $3
chebob: folds
Uncalled bet ($3) returned to zimin10
zimin10 collected $11.76 from pot
*** SUMMARY ***
Total pot $12 | Rake $0.24
Board [6s As Qs]
Seat 1: zimin10 (button) (small blind) collected ($11.76)
Seat 3: chebob (big blind) folded on the Flop


PokerStars Hand #175199925048:  Hold'em Limit ($3/$6 USD) - 2017/09/04 12:32:03 ET
Table 'Naantali II' 6-max Seat #3 is the button
Seat 1: zimin10 ($72 in chips)
Seat 3: chebob ($78.50 in chips)
chebob: posts small blind $1
zimin10: posts big blind $3
*** HOLE CARDS ***
chebob: folds
Uncalled bet ($2) returned to zimin10
zimin10 collected $2 from pot
*** SUMMARY ***
Total pot $2 | Rake $0
Seat 1: zimin10 (big blind) collected ($2)
Seat 3: chebob (button) (small blind) folded before Flop


PokerStars Hand #175199915795:  Hold'em Limit ($3/$6 USD) - 2017/09/04 12:31:50 ET
Table 'Naantali II' 6-max Seat #1 is the button
Seat 1: zimin10 ($72 in chips)
Seat 3: chebob ($77.50 in chips)
zimin10: posts small blind $1
chebob: posts big blind $3
*** HOLE CARDS ***
zimin10: folds
Uncalled bet ($2) returned to chebob
chebob collected $2 from pot
chebob: doesn't show hand
*** SUMMARY ***
Total pot $2 | Rake $0
Seat 1: zimin10 (button) (small blind) folded before Flop
Seat 3: chebob (big blind) collected ($2)


PokerStars Hand #175199881985:  Hold'em Limit ($3/$6 USD) - 2017/09/04 12:31:04 ET
Table 'Naantali II' 6-max Seat #3 is the button
Seat 1: zimin10 ($77.76 in chips)
Seat 3: chebob ($54 in chips)
chebob: posts small blind $1
zimin10: posts big blind $3
*** HOLE CARDS ***
chebob: raises $3 to $6
zimin10: calls $3
*** FLOP *** [4d Tc 5s]
zimin10: checks
chebob: bets $3
zimin10: raises $3 to $6
chebob: calls $3
*** TURN *** [4d Tc 5s] [9s]
zimin10: bets $6
chebob: raises $6 to $12
zimin10: calls $6
*** RIVER *** [4d Tc 5s 9s] [Ks]
zimin10: checks
chebob: bets $6
zimin10: folds
Uncalled bet ($6) returned to chebob
chebob collected $47.50 from pot
chebob: doesn't show hand
*** SUMMARY ***
Total pot $48 | Rake $0.50
Board [4d Tc 5s 9s Ks]
Seat 1: zimin10 (big blind) folded on the River
Seat 3: chebob (button) (small blind) collected ($47.50)


PokerStars Hand #175199943750:  Hold'em Limit ($3/$6 USD) - 2017/09/04 12:32:28 ET
Table 'Naantali II' 6-max Seat #3 is the button
Seat 1: zimin10 ($76 in chips)
Seat 3: chebob ($74.50 in chips)
chebob: posts small blind $1
zimin10: posts big blind $3
*** HOLE CARDS ***
chebob: raises $3 to $6
zimin10: calls $3
*** FLOP *** [6c 5c 4d]
zimin10: checks
chebob: bets $3
zimin10: raises $3 to $6
chebob: calls $3
*** TURN *** [6c 5c 4d] [6d]
zimin10: bets $6
chebob: raises $6 to $12
zimin10: calls $6
*** RIVER *** [6c 5c 4d 6d] [4s]
zimin10: checks
chebob: bets $6
zimin10: folds
Uncalled bet ($6) returned to chebob
chebob collected $47.50 from pot
chebob: doesn't show hand
*** SUMMARY ***
Total pot $48 | Rake $0.50
Board [6c 5c 4d 6d 4s]
Seat 1: zimin10 (big blind) folded on the River
Seat 3: chebob (button) (small blind) collected ($47.50)


PokerStars Hand #175199940028:  Hold'em Limit ($3/$6 USD) - 2017/09/04 12:32:23 ET
Table 'Naantali II' 6-max Seat #1 is the button
Seat 1: zimin10 ($77 in chips)
Seat 3: chebob ($73.50 in chips)
zimin10: posts small blind $1
chebob: posts big blind $3
*** HOLE CARDS ***
zimin10: folds
Uncalled bet ($2) returned to chebob
chebob collected $2 from pot
chebob: doesn't show hand
*** SUMMARY ***
Total pot $2 | Rake $0
Seat 1: zimin10 (button) (small blind) folded before Flop
Seat 3: chebob (big blind) collected ($2)


PokerStars Hand #175199936338:  Hold'em Limit ($3/$6 USD) - 2017/09/04 12:32:18 ET
Table 'Naantali II' 6-max Seat #3 is the button
Seat 1: zimin10 ($76 in chips)
Seat 3: chebob ($74.50 in chips)
chebob: posts small blind $1
zimin10: posts big blind $3
*** HOLE CARDS ***
chebob: folds
Uncalled bet ($2) returned to zimin10
zimin10 collected $2 from pot
*** SUMMARY ***
Total pot $2 | Rake $0
Seat 1: zimin10 (big blind) collected ($2)
Seat 3: chebob (button) (small blind) folded before Flop


PokerStars Hand #175199929673:  Hold'em Limit ($3/$6 USD) - 2017/09/04 12:32:09 ET
Table 'Naantali II' 6-max Seat #1 is the button
Seat 1: zimin10 ($73 in chips)
Seat 3: chebob ($77.50 in chips)
zimin10: posts small blind $1
chebob: posts big blind $3
*** HOLE CARDS ***
zimin10: raises $3 to $6
chebob: folds
Uncalled bet ($3) returned to zimin10
zimin10 collected $6 from pot
*** SUMMARY ***
Total pot $6 | Rake $0
Seat 1: zimin10 (button) (small blind) collected ($6)
Seat 3: chebob (big blind) folded before Flop


PokerStars Hand #175199970954:  Hold'em Limit ($3/$6 USD) - 2017/09/04 12:33:05 ET
Table 'Naantali II' 6-max Seat #1 is the button
Seat 1: zimin10 ($72 in chips)
Seat 3: chebob ($98 in chips)
zimin10: posts small blind $1
chebob: posts big blind $3
*** HOLE CARDS ***
zimin10: raises $3 to $6
chebob: calls $3
*** FLOP *** [8s 8d 3d]
chebob: checks
zimin10: bets $3
chebob: raises $3 to $6
Royalboyz joins the table at seat #5
zimin10: calls $3
*** TURN *** [8s 8d 3d] [Tc]
chebob: bets $6
zimin10: calls $6
*** RIVER *** [8s 8d 3d Tc] [Ts]
chebob: bets $6
B_loJkl joins the table at seat #6
zimin10: folds
Uncalled bet ($6) returned to chebob
chebob collected $35.50 from pot
chebob: doesn't show hand
*** SUMMARY ***
Total pot $36 | Rake $0.50
Board [8s 8d 3d Tc Ts]
Seat 1: zimin10 (button) (small blind) folded on the River
Seat 3: chebob (big blind) collected ($35.50)


PokerStars Hand #175200224782:  Hold'em Limit ($3/$6 USD) - 2017/09/04 12:38:49 ET
Table 'Naantali II' 6-max Seat #1 is the button
Seat 1: zimin10 ($141.53 in chips)
Seat 3: chebob ($89.59 in chips)
zimin10: posts small blind $1
chebob: posts big blind $3
*** HOLE CARDS ***
zimin10: folds
Uncalled bet ($2) returned to chebob
chebob collected $2 from pot
chebob: doesn't show hand
*** SUMMARY ***
Total pot $2 | Rake $0
Seat 1: zimin10 (button) (small blind) folded before Flop
Seat 3: chebob (big blind) collected ($2)


PokerStars Hand #175200220845:  Hold'em Limit ($3/$6 USD) - 2017/09/04 12:38:44 ET
Table 'Naantali II' 6-max Seat #3 is the button
Seat 1: zimin10 ($140.53 in chips)
Seat 3: chebob ($90.59 in chips)
chebob: posts small blind $1
B_loJkl: is sitting out
zimin10: posts big blind $3
*** HOLE CARDS ***
Royalboyz joins the table at seat #4
chebob: folds
Uncalled bet ($2) returned to zimin10
zimin10 collected $2 from pot
B_loJkl leaves the table
*** SUMMARY ***
Total pot $2 | Rake $0
Seat 1: zimin10 (big blind) collected ($2)
Seat 3: chebob (button) (small blind) folded before Flop


PokerStars Hand #175200352809:  Hold'em Limit ($3/$6 USD) - 2017/09/04 12:41:43 ET
Table 'Naantali II' 6-max Seat #3 is the button
Seat 1: zimin10 ($157.21 in chips)
Seat 3: chebob ($133.79 in chips)
chebob: posts small blind $1
zimin10: posts big blind $3
*** HOLE CARDS ***
chebob: folds
Uncalled bet ($2) returned to zimin10
zimin10 collected $2 from pot
*** SUMMARY ***
Total pot $2 | Rake $0
Seat 1: zimin10 (big blind) collected ($2)
Seat 3: chebob (button) (small blind) folded before Flop


PokerStars Hand #175200328546:  Hold'em Limit ($3/$6 USD) - 2017/09/04 12:41:10 ET
Table 'Naantali II' 6-max Seat #1 is the button
Seat 1: zimin10 ($151.45 in chips)
Seat 3: chebob ($139.79 in chips)
zimin10: posts small blind $1
chebob: posts big blind $3
*** HOLE CARDS ***
zimin10: raises $3 to $6
chebob: calls $3
*** FLOP *** [Jh 8h Td]
chebob: checks
zimin10: bets $3
chebob: folds
Uncalled bet ($3) returned to zimin10
zimin10 collected $11.76 from pot
*** SUMMARY ***
Total pot $12 | Rake $0.24
Board [Jh 8h Td]
Seat 1: zimin10 (button) (small blind) collected ($11.76)
Seat 3: chebob (big blind) folded on the Flop


PokerStars Hand #175200324883:  Hold'em Limit ($3/$6 USD) - 2017/09/04 12:41:05 ET
Table 'Naantali II' 6-max Seat #3 is the button
Seat 1: zimin10 ($150.45 in chips)
Seat 3: chebob ($140.79 in chips)
chebob: posts small blind $1
zimin10: posts big blind $3
*** HOLE CARDS ***
chebob: folds
Uncalled bet ($2) returned to zimin10
Royalboyz leaves the table
zimin10 collected $2 from pot
*** SUMMARY ***
Total pot $2 | Rake $0
Seat 1: zimin10 (big blind) collected ($2)
Seat 3: chebob (button) (small blind) folded before Flop


PokerStars Hand #175200356679:  Hold'em Limit ($3/$6 USD) - 2017/09/04 12:41:48 ET
Table 'Naantali II' 6-max Seat #1 is the button
Seat 1: zimin10 ($158.21 in chips)
Seat 3: chebob ($132.79 in chips)
zimin10: posts small blind $1
chebob: posts big blind $3
*** HOLE CARDS ***
zimin10: raises $3 to $6
chebob: raises $3 to $9
zimin10: calls $3
*** FLOP *** [Td 5c 9h]
chebob: bets $3
frednoel1986 joins the table at seat #2
zimin10: calls $3
*** TURN *** [Td 5c 9h] [Ac]
chebob: bets $6
zimin10: calls $6
*** RIVER *** [Td 5c 9h Ac] [5d]
chebob: bets $6
zimin10: calls $6
*** SHOW DOWN ***
chebob: shows [As 5h] (a full house, Fives full of Aces)
zimin10: mucks hand
chebob collected $47.50 from pot
*** SUMMARY ***
Total pot $48 | Rake $0.50
Board [Td 5c 9h Ac 5d]
Seat 1: zimin10 (button) (small blind) mucked
Seat 3: chebob (big blind) showed [As 5h] and won ($47.50) with a full house, Fives full of Aces


PokerStars Hand #175200418127:  Hold'em Limit ($3/$6 USD) - 2017/09/04 12:43:11 ET
Table 'Naantali II' 6-max Seat #1 is the button
Seat 1: zimin10 ($125.21 in chips)
Seat 3: chebob ($164.93 in chips)
zimin10: posts small blind $1
chebob: posts big blind $3
*** HOLE CARDS ***
zimin10: raises $3 to $6
chebob: calls $3
*** FLOP *** [Ac 9c 6h]
chebob: checks
zimin10: bets $3
chebob: calls $3
*** TURN *** [Ac 9c 6h] [9h]
chebob: checks
zimin10: checks
*** RIVER *** [Ac 9c 6h 9h] [Qc]
chebob: checks
zimin10: bets $6
chebob: folds
Uncalled bet ($6) returned to zimin10
zimin10 collected $17.64 from pot
*** SUMMARY ***
Total pot $18 | Rake $0.36
Board [Ac 9c 6h 9h Qc]
Seat 1: zimin10 (button) (small blind) collected ($17.64)
Seat 3: chebob (big blind) folded on the River


PokerStars Hand #175200384063:  Hold'em Limit ($3/$6 USD) - 2017/09/04 12:42:25 ET
Table 'Naantali II' 6-max Seat #3 is the button
Seat 1: zimin10 ($134.21 in chips)
Seat 3: chebob ($156.29 in chips)
chebob: posts small blind $1
zimin10: posts big blind $3
*** HOLE CARDS ***
chebob: raises $3 to $6
zimin10: calls $3
*** FLOP *** [Tc 6s 2c]
zimin10: checks
chebob: bets $3
zimin10: calls $3
*** TURN *** [Tc 6s 2c] [3h]
frednoel1986 leaves the table
zimin10: checks
chebob: bets $6
zimin10: folds
Uncalled bet ($6) returned to chebob
chebob collected $17.64 from pot
chebob: doesn't show hand
*** SUMMARY ***
Total pot $18 | Rake $0.36
Board [Tc 6s 2c 3h]
Seat 1: zimin10 (big blind) folded on the Turn
Seat 3: chebob (button) (small blind) collected ($17.64)


PokerStars Hand #175200464177:  Hold'em Limit ($3/$6 USD) - 2017/09/04 12:44:13 ET
Table 'Naantali II' 6-max Seat #3 is the button
Seat 1: zimin10 ($125.85 in chips)
Seat 3: chebob ($163.57 in chips)
chebob: posts small blind $1
zimin10: posts big blind $3
*** HOLE CARDS ***
chebob: raises $3 to $6
zimin10: calls $3
*** FLOP *** [4d As Jc]
zimin10: checks
chebob: bets $3
zimin10: folds
Uncalled bet ($3) returned to chebob
chebob collected $11.76 from pot
chebob: doesn't show hand
*** SUMMARY ***
Total pot $12 | Rake $0.24
Board [4d As Jc]
Seat 1: zimin10 (big blind) folded on the Flop
Seat 3: chebob (button) (small blind) collected ($11.76)


PokerStars Hand #175200438944:  Hold'em Limit ($3/$6 USD) - 2017/09/04 12:43:39 ET
Table 'Naantali II' 6-max Seat #1 is the button
Seat 1: zimin10 ($134.85 in chips)
Seat 3: chebob ($154.93 in chips)
zimin10: posts small blind $1
chebob: posts big blind $3
*** HOLE CARDS ***
zimin10: raises $3 to $6
chebob: calls $3
*** FLOP *** [Qd 2c 9h]
chebob: checks
zimin10: bets $3
chebob: calls $3
*** TURN *** [Qd 2c 9h] [8h]
chebob: checks
zimin10: checks
*** RIVER *** [Qd 2c 9h 8h] [Qc]
chebob: bets $6
zimin10: folds
Uncalled bet ($6) returned to chebob
chebob collected $17.64 from pot
chebob: doesn't show hand
*** SUMMARY ***
Total pot $18 | Rake $0.36
Board [Qd 2c 9h 8h Qc]
Seat 1: zimin10 (button) (small blind) folded on the River
Seat 3: chebob (big blind) collected ($17.64)


PokerStars Hand #175200540596:  Hold'em Limit ($3/$6 USD) - 2017/09/04 12:45:56 ET
Table 'Naantali II' 6-max Seat #1 is the button
Seat 1: zimin10 ($129.37 in chips)
Seat 3: chebob ($159.33 in chips)
zimin10: posts small blind $1
chebob: posts big blind $3
*** HOLE CARDS ***
zimin10: raises $3 to $6
chebob: folds
Uncalled bet ($3) returned to zimin10
zimin10 collected $6 from pot
*** SUMMARY ***
Total pot $6 | Rake $0
Seat 1: zimin10 (button) (small blind) collected ($6)
Seat 3: chebob (big blind) folded before Flop


PokerStars Hand #175200536969:  Hold'em Limit ($3/$6 USD) - 2017/09/04 12:45:51 ET
Table 'Naantali II' 6-max Seat #3 is the button
Seat 1: zimin10 ($128.37 in chips)
Seat 3: chebob ($160.33 in chips)
chebob: posts small blind $1
zimin10: posts big blind $3
*** HOLE CARDS ***
chebob: folds
Uncalled bet ($2) returned to zimin10
zimin10 collected $2 from pot
*** SUMMARY ***
Total pot $2 | Rake $0
Seat 1: zimin10 (big blind) collected ($2)
Seat 3: chebob (button) (small blind) folded before Flop


PokerStars Hand #175200525790:  Hold'em Limit ($3/$6 USD) - 2017/09/04 12:45:36 ET
Table 'Naantali II' 6-max Seat #1 is the button
Seat 1: zimin10 ($122.61 in chips)
Seat 3: chebob ($166.33 in chips)
zimin10: posts small blind $1
chebob: posts big blind $3
*** HOLE CARDS ***
zimin10: raises $3 to $6
chebob: calls $3
*** FLOP *** [Qh 6h 9c]
chebob: checks
zimin10: bets $3
chebob: folds
Uncalled bet ($3) returned to zimin10
zimin10 collected $11.76 from pot
*** SUMMARY ***
Total pot $12 | Rake $0.24
Board [Qh 6h 9c]
Seat 1: zimin10 (button) (small blind) collected ($11.76)
Seat 3: chebob (big blind) folded on the Flop


PokerStars Hand #175200504695:  Hold'em Limit ($3/$6 USD) - 2017/09/04 12:45:08 ET
Table 'Naantali II' 6-max Seat #3 is the button
Seat 1: zimin10 ($118.85 in chips)
Seat 3: chebob ($170.33 in chips)
chebob: posts small blind $1
zimin10: posts big blind $3
*** HOLE CARDS ***
chebob: folds
Uncalled bet ($2) returned to zimin10
zimin10 collected $2 from pot
*** SUMMARY ***
Total pot $2 | Rake $0
Seat 1: zimin10 (big blind) collected ($2)
Seat 3: chebob (button) (small blind) folded before Flop


PokerStars Hand #175200500588:  Hold'em Limit ($3/$6 USD) - 2017/09/04 12:45:02 ET
Table 'Naantali II' 6-max Seat #1 is the button
Seat 1: zimin10 ($119.85 in chips)
Seat 3: chebob ($169.33 in chips)
zimin10: posts small blind $1
chebob: posts big blind $3
*** HOLE CARDS ***
zimin10: folds
Uncalled bet ($2) returned to chebob
chebob collected $2 from pot
chebob: doesn't show hand
*** SUMMARY ***
Total pot $2 | Rake $0
Seat 1: zimin10 (button) (small blind) folded before Flop
Seat 3: chebob (big blind) collected ($2)


PokerStars Hand #175200520069:  Hold'em Limit ($3/$6 USD) - 2017/09/04 12:45:28 ET
Table 'Naantali II' 6-max Seat #3 is the button
Seat 1: zimin10 ($125.61 in chips)
Seat 3: chebob ($163.33 in chips)
chebob: posts small blind $1
zimin10: posts big blind $3
*** HOLE CARDS ***
chebob: raises $3 to $6
zimin10: folds
Uncalled bet ($3) returned to chebob
chebob collected $6 from pot
chebob: doesn't show hand
*** SUMMARY ***
Total pot $6 | Rake $0
Seat 1: zimin10 (big blind) folded before Flop
Seat 3: chebob (button) (small blind) collected ($6)


PokerStars Hand #175200508588:  Hold'em Limit ($3/$6 USD) - 2017/09/04 12:45:13 ET
Table 'Naantali II' 6-max Seat #1 is the button
Seat 1: zimin10 ($119.85 in chips)
Seat 3: chebob ($169.33 in chips)
zimin10: posts small blind $1
chebob: posts big blind $3
*** HOLE CARDS ***
zimin10: raises $3 to $6
chebob: calls $3
*** FLOP *** [Jd As 2d]
chebob: checks
zimin10: bets $3
chebob: folds
Uncalled bet ($3) returned to zimin10
zimin10 collected $11.76 from pot
*** SUMMARY ***
Total pot $12 | Rake $0.24
Board [Jd As 2d]
Seat 1: zimin10 (button) (small blind) collected ($11.76)
Seat 3: chebob (big blind) folded on the Flop


PokerStars Hand #175200547243:  Hold'em Limit ($3/$6 USD) - 2017/09/04 12:46:05 ET
Table 'Naantali II' 6-max Seat #3 is the button
Seat 1: zimin10 ($132.37 in chips)
Seat 3: chebob ($156.33 in chips)
chebob: posts small blind $1
zimin10: posts big blind $3
*** HOLE CARDS ***
chebob: raises $3 to $6
zimin10: calls $3
*** FLOP *** [6c Js Qh]
zimin10: checks
chebob: bets $3
zimin10: raises $3 to $6
chebob: folds
Uncalled bet ($3) returned to zimin10
zimin10 collected $17.64 from pot
*** SUMMARY ***
Total pot $18 | Rake $0.36
Board [6c Js Qh]
Seat 1: zimin10 (big blind) collected ($17.64)
Seat 3: chebob (button) (small blind) folded on the Flop


PokerStars Hand #175200568446:  Hold'em Limit ($3/$6 USD) - 2017/09/04 12:46:33 ET
Table 'Naantali II' 6-max Seat #1 is the button
Seat 1: zimin10 ($141.01 in chips)
Seat 3: chebob ($147.33 in chips)
zimin10: posts small blind $1
chebob: posts big blind $3
*** HOLE CARDS ***
zimin10: raises $3 to $6
chebob: calls $3
*** FLOP *** [Ks 9d Ah]
chebob: checks
zimin10: bets $3
chebob: folds
Uncalled bet ($3) returned to zimin10
zimin10 collected $11.76 from pot
*** SUMMARY ***
Total pot $12 | Rake $0.24
Board [Ks 9d Ah]
Seat 1: zimin10 (button) (small blind) collected ($11.76)
Seat 3: chebob (big blind) folded on the Flop


PokerStars Hand #175200578507:  Hold'em Limit ($3/$6 USD) - 2017/09/04 12:46:47 ET
Table 'Naantali II' 6-max Seat #3 is the button
Seat 1: zimin10 ($146.77 in chips)
Seat 3: chebob ($141.33 in chips)
chebob: posts small blind $1
zimin10: posts big blind $3
*** HOLE CARDS ***
chebob: folds
Uncalled bet ($2) returned to zimin10
zimin10 collected $2 from pot
*** SUMMARY ***
Total pot $2 | Rake $0
Seat 1: zimin10 (big blind) collected ($2)
Seat 3: chebob (button) (small blind) folded before Flop


PokerStars Hand #175200660568:  Hold'em Limit ($3/$6 USD) - 2017/09/04 12:48:37 ET
Table 'Naantali II' 6-max Seat #3 is the button
Seat 1: zimin10 ($153.03 in chips)
Seat 3: chebob ($133.83 in chips)
chebob: posts small blind $1
zimin10: posts big blind $3
*** HOLE CARDS ***
chebob: folds
Uncalled bet ($2) returned to zimin10
zimin10 collected $2 from pot
*** SUMMARY ***
Total pot $2 | Rake $0
Seat 1: zimin10 (big blind) collected ($2)
Seat 3: chebob (button) (small blind) folded before Flop


PokerStars Hand #175200643665:  Hold'em Limit ($3/$6 USD) - 2017/09/04 12:48:14 ET
Table 'Naantali II' 6-max Seat #1 is the button
Seat 1: zimin10 ($147.27 in chips)
Seat 3: chebob ($139.83 in chips)
zimin10: posts small blind $1
chebob: posts big blind $3
*** HOLE CARDS ***
zimin10: raises $3 to $6
chebob: calls $3
*** FLOP *** [2d Kd 5d]
chebob: checks
zimin10: bets $3
chebob: folds
Uncalled bet ($3) returned to zimin10
zimin10 collected $11.76 from pot
*** SUMMARY ***
Total pot $12 | Rake $0.24
Board [2d Kd 5d]
Seat 1: zimin10 (button) (small blind) collected ($11.76)
Seat 3: chebob (big blind) folded on the Flop


PokerStars Hand #175200582052:  Hold'em Limit ($3/$6 USD) - 2017/09/04 12:46:51 ET
Table 'Naantali II' 6-max Seat #1 is the button
Seat 1: zimin10 ($147.77 in chips)
Seat 3: chebob ($140.33 in chips)
zimin10: posts small blind $1
chebob: posts big blind $3
*** HOLE CARDS ***
zimin10: raises $3 to $6
chebob: raises $3 to $9
zimin10: calls $3
*** FLOP *** [7h 9d Kc]
chebob: bets $3
zimin10: calls $3
*** TURN *** [7h 9d Kc] [9c]
chebob: bets $6
zimin10: raises $6 to $12
chebob: calls $6
*** RIVER *** [7h 9d Kc 9c] [8s]
chebob: checks
zimin10: bets $6
chebob: calls $6
*** SHOW DOWN ***
zimin10: shows [9h Ac] (three of a kind, Nines)
chebob: mucks hand
zimin10 collected $59.50 from pot
*** SUMMARY ***
Total pot $60 | Rake $0.50
Board [7h 9d Kc 9c 8s]
Seat 1: zimin10 (button) (small blind) showed [9h Ac] and won ($59.50) with three of a kind, Nines
Seat 3: chebob (big blind) mucked


PokerStars Hand #175200686957:  Hold'em Limit ($3/$6 USD) - 2017/09/04 12:49:12 ET
Table 'Naantali II' 6-max Seat #3 is the button
Seat 1: zimin10 ($159.79 in chips)
Seat 3: chebob ($126.83 in chips)
chebob: posts small blind $1
zimin10: posts big blind $3
*** HOLE CARDS ***
chebob: folds
Uncalled bet ($2) returned to zimin10
zimin10 collected $2 from pot
*** SUMMARY ***
Total pot $2 | Rake $0
Seat 1: zimin10 (big blind) collected ($2)
Seat 3: chebob (button) (small blind) folded before Flop


PokerStars Hand #175200664048:  Hold'em Limit ($3/$6 USD) - 2017/09/04 12:48:41 ET
Table 'Naantali II' 6-max Seat #1 is the button
Seat 1: zimin10 ($154.03 in chips)
Seat 3: chebob ($132.83 in chips)
zimin10: posts small blind $1
chebob: posts big blind $3
*** HOLE CARDS ***
zimin10: raises $3 to $6
chebob: calls $3
*** FLOP *** [Jh 7s 8c]
chebob: checks
zimin10: bets $3
chebob: folds
Uncalled bet ($3) returned to zimin10
zimin10 collected $11.76 from pot
*** SUMMARY ***
Total pot $12 | Rake $0.24
Board [Jh 7s 8c]
Seat 1: zimin10 (button) (small blind) collected ($11.76)
Seat 3: chebob (big blind) folded on the Flop


PokerStars Hand #175200690665:  Hold'em Limit ($3/$6 USD) - 2017/09/04 12:49:17 ET
Table 'Naantali II' 6-max Seat #1 is the button
Seat 1: zimin10 ($160.79 in chips)
Seat 3: chebob ($125.83 in chips)
zimin10: posts small blind $1
chebob: posts big blind $3
*** HOLE CARDS ***
zimin10: raises $3 to $6
chebob: calls $3
*** FLOP *** [5h 9c 4h]
chebob: checks
zimin10: bets $3
chebob: calls $3
*** TURN *** [5h 9c 4h] [3d]
chebob: checks
zimin10: bets $6
chebob: calls $6
*** RIVER *** [5h 9c 4h 3d] [7c]
chebob: bets $6
zimin10: calls $6
*** SHOW DOWN ***
chebob: shows [Kh 6c] (a straight, Three to Seven)
zimin10: mucks hand
chebob collected $41.50 from pot
*** SUMMARY ***
Total pot $42 | Rake $0.50
Board [5h 9c 4h 3d 7c]
Seat 1: zimin10 (button) (small blind) mucked
Seat 3: chebob (big blind) showed [Kh 6c] and won ($41.50) with a straight, Three to Seven


PokerStars Hand #175200720284:  Hold'em Limit ($3/$6 USD) - 2017/09/04 12:49:56 ET
Table 'Naantali II' 6-max Seat #3 is the button
Seat 1: zimin10 ($139.79 in chips)
Seat 3: chebob ($146.33 in chips)
chebob: posts small blind $1
zimin10: posts big blind $3
*** HOLE CARDS ***
chebob: folds
Uncalled bet ($2) returned to zimin10
zimin10 collected $2 from pot
*** SUMMARY ***
Total pot $2 | Rake $0
Seat 1: zimin10 (big blind) collected ($2)
Seat 3: chebob (button) (small blind) folded before Flop


PokerStars Hand #175200727891:  Hold'em Limit ($3/$6 USD) - 2017/09/04 12:50:06 ET
Table 'Naantali II' 6-max Seat #1 is the button
Seat 1: zimin10 ($140.79 in chips)
Seat 3: chebob ($145.33 in chips)
zimin10: posts small blind $1
chebob: posts big blind $3
*** HOLE CARDS ***
zimin10: raises $3 to $6
chebob: calls $3
*** FLOP *** [7s 2s 7c]
chebob: checks
zimin10: bets $3
chebob: calls $3
*** TURN *** [7s 2s 7c] [5d]
chebob: checks
zimin10: bets $6
chebob: folds
Uncalled bet ($6) returned to zimin10
zimin10 collected $17.64 from pot
*** SUMMARY ***
Total pot $18 | Rake $0.36
Board [7s 2s 7c 5d]
Seat 1: zimin10 (button) (small blind) collected ($17.64)
Seat 3: chebob (big blind) folded on the Turn


PokerStars Hand #175200759252:  Hold'em Limit ($3/$6 USD) - 2017/09/04 12:50:47 ET
Table 'Naantali II' 6-max Seat #3 is the button
Seat 1: zimin10 ($149.43 in chips)
Seat 3: chebob ($136.33 in chips)
chebob: posts small blind $1
zimin10: posts big blind $3
*** HOLE CARDS ***
chebob: folds
Uncalled bet ($2) returned to zimin10
zimin10 collected $2 from pot
*** SUMMARY ***
Total pot $2 | Rake $0
Seat 1: zimin10 (big blind) collected ($2)
Seat 3: chebob (button) (small blind) folded before Flop


PokerStars Hand #175200762886:  Hold'em Limit ($3/$6 USD) - 2017/09/04 12:50:52 ET
Table 'Naantali II' 6-max Seat #1 is the button
Seat 1: zimin10 ($150.43 in chips)
Seat 3: chebob ($135.33 in chips)
zimin10: posts small blind $1
chebob: posts big blind $3
*** HOLE CARDS ***
zimin10: raises $3 to $6
chebob: calls $3
*** FLOP *** [Th 3c 9h]
chebob: checks
zimin10: bets $3
chebob: calls $3
*** TURN *** [Th 3c 9h] [8s]
chebob: checks
zimin10: checks
*** RIVER *** [Th 3c 9h 8s] [6d]
chebob: checks
zimin10: checks
*** SHOW DOWN ***
chebob: shows [Ad Jc] (high card Ace)
zimin10: shows [8d 5s] (a pair of Eights)
zimin10 collected $17.64 from pot
*** SUMMARY ***
Total pot $18 | Rake $0.36
Board [Th 3c 9h 8s 6d]
Seat 1: zimin10 (button) (small blind) showed [8d 5s] and won ($17.64) with a pair of Eights
Seat 3: chebob (big blind) showed [Ad Jc] and lost with high card Ace


PokerStars Hand #175200777434:  Hold'em Limit ($3/$6 USD) - 2017/09/04 12:51:11 ET
Table 'Naantali II' 6-max Seat #3 is the button
Seat 1: zimin10 ($159.07 in chips)
Seat 3: chebob ($126.33 in chips)
chebob: posts small blind $1
zimin10: posts big blind $3
*** HOLE CARDS ***
chebob: raises $3 to $6
zimin10: calls $3
*** FLOP *** [8s Kc 2s]
zimin10: checks
chebob: bets $3
zimin10: folds
Uncalled bet ($3) returned to chebob
chebob collected $11.76 from pot
chebob: doesn't show hand
*** SUMMARY ***
Total pot $12 | Rake $0.24
Board [8s Kc 2s]
Seat 1: zimin10 (big blind) folded on the Flop
Seat 3: chebob (button) (small blind) collected ($11.76)


PokerStars Hand #175200844539:  Hold'em Limit ($3/$6 USD) - 2017/09/04 12:52:39 ET
Table 'Naantali II' 6-max Seat #1 is the button
Seat 1: zimin10 ($179.21 in chips)
Seat 3: chebob ($105.09 in chips)
zimin10: posts small blind $1
chebob: posts big blind $3
*** HOLE CARDS ***
zimin10: folds
Uncalled bet ($2) returned to chebob
chebob collected $2 from pot
chebob: doesn't show hand
*** SUMMARY ***
Total pot $2 | Rake $0
Seat 1: zimin10 (button) (small blind) folded before Flop
Seat 3: chebob (big blind) collected ($2)


PokerStars Hand #175200821003:  Hold'em Limit ($3/$6 USD) - 2017/09/04 12:52:08 ET
Table 'Naantali II' 6-max Seat #3 is the button
Seat 1: zimin10 ($161.71 in chips)
Seat 3: chebob ($123.09 in chips)
chebob: posts small blind $1
zimin10: posts big blind $3
*** HOLE CARDS ***
chebob: raises $3 to $6
zimin10: calls $3
*** FLOP *** [Tc 7h 7s]
zimin10: checks
chebob: bets $3
zimin10: raises $3 to $6
chebob: calls $3
*** TURN *** [Tc 7h 7s] [Jc]
zimin10: bets $6
chebob: calls $6
*** RIVER *** [Tc 7h 7s Jc] [Qs]
zimin10: bets $6
chebob: folds
Uncalled bet ($6) returned to zimin10
zimin10 collected $35.50 from pot
*** SUMMARY ***
Total pot $36 | Rake $0.50
Board [Tc 7h 7s Jc Qs]
Seat 1: zimin10 (big blind) collected ($35.50)
Seat 3: chebob (button) (small blind) folded on the River


PokerStars Hand #175200785643:  Hold'em Limit ($3/$6 USD) - 2017/09/04 12:51:22 ET
Table 'Naantali II' 6-max Seat #1 is the button
Seat 1: zimin10 ($153.07 in chips)
Seat 3: chebob ($132.09 in chips)
zimin10: posts small blind $1
chebob: posts big blind $3
*** HOLE CARDS ***
zimin10: raises $3 to $6
chebob: calls $3
*** FLOP *** [8h Jh 9d]
chebob: checks
zimin10: bets $3
chebob: calls $3
*** TURN *** [8h Jh 9d] [Ts]
chebob: checks
zimin10: bets $6
chebob: folds
Uncalled bet ($6) returned to zimin10
zimin10 collected $17.64 from pot
*** SUMMARY ***
Total pot $18 | Rake $0.36
Board [8h Jh 9d Ts]
Seat 1: zimin10 (button) (small blind) collected ($17.64)
Seat 3: chebob (big blind) folded on the Turn


PokerStars Hand #175200881238:  Hold'em Limit ($3/$6 USD) - 2017/09/04 12:53:28 ET
Table 'Naantali II' 6-max Seat #3 is the button
Seat 1: zimin10 ($189.85 in chips)
Seat 3: chebob ($94.09 in chips)
chebob: posts small blind $1
zimin10: posts big blind $3
*** HOLE CARDS ***
chebob: raises $3 to $6
zimin10: folds
Uncalled bet ($3) returned to chebob
chebob collected $6 from pot
chebob: doesn't show hand
*** SUMMARY ***
Total pot $6 | Rake $0
Seat 1: zimin10 (big blind) folded before Flop
Seat 3: chebob (button) (small blind) collected ($6)


PokerStars Hand #175200875427:  Hold'em Limit ($3/$6 USD) - 2017/09/04 12:53:20 ET
Table 'Naantali II' 6-max Seat #1 is the button
Seat 1: zimin10 ($186.85 in chips)
Seat 3: chebob ($97.09 in chips)
zimin10: posts small blind $1
chebob: posts big blind $3
*** HOLE CARDS ***
zimin10: raises $3 to $6
chebob: folds
Uncalled bet ($3) returned to zimin10
zimin10 collected $6 from pot
*** SUMMARY ***
Total pot $6 | Rake $0
Seat 1: zimin10 (button) (small blind) collected ($6)
Seat 3: chebob (big blind) folded before Flop


PokerStars Hand #175200871653:  Hold'em Limit ($3/$6 USD) - 2017/09/04 12:53:15 ET
Table 'Naantali II' 6-max Seat #3 is the button
Seat 1: zimin10 ($185.85 in chips)
Seat 3: chebob ($98.09 in chips)
chebob: posts small blind $1
zimin10: posts big blind $3
*** HOLE CARDS ***
chebob: folds
Uncalled bet ($2) returned to zimin10
zimin10 collected $2 from pot
*** SUMMARY ***
Total pot $2 | Rake $0
Seat 1: zimin10 (big blind) collected ($2)
Seat 3: chebob (button) (small blind) folded before Flop


PokerStars Hand #175200868097:  Hold'em Limit ($3/$6 USD) - 2017/09/04 12:53:10 ET
Table 'Naantali II' 6-max Seat #1 is the button
Seat 1: zimin10 ($186.85 in chips)
Seat 3: chebob ($97.09 in chips)
zimin10: posts small blind $1
chebob: posts big blind $3
*** HOLE CARDS ***
zimin10: folds
Uncalled bet ($2) returned to chebob
chebob collected $2 from pot
chebob: doesn't show hand
*** SUMMARY ***
Total pot $2 | Rake $0
Seat 1: zimin10 (button) (small blind) folded before Flop
Seat 3: chebob (big blind) collected ($2)


PokerStars Hand #175200850945:  Hold'em Limit ($3/$6 USD) - 2017/09/04 12:52:48 ET
Table 'Naantali II' 6-max Seat #3 is the button
Seat 1: zimin10 ($178.21 in chips)
Seat 3: chebob ($106.09 in chips)
chebob: posts small blind $1
zimin10: posts big blind $3
*** HOLE CARDS ***
chebob: raises $3 to $6
zimin10: calls $3
*** FLOP *** [9d Ac 2s]
zimin10: checks
chebob: bets $3
zimin10: calls $3
*** TURN *** [9d Ac 2s] [9c]
zimin10: bets $6
chebob: folds
Uncalled bet ($6) returned to zimin10
zimin10 collected $17.64 from pot
*** SUMMARY ***
Total pot $18 | Rake $0.36
Board [9d Ac 2s 9c]
Seat 1: zimin10 (big blind) collected ($17.64)
Seat 3: chebob (button) (small blind) folded on the Turn


PokerStars Hand #175200898828:  Hold'em Limit ($3/$6 USD) - 2017/09/04 12:53:51 ET
Table 'Naantali II' 6-max Seat #1 is the button
Seat 1: zimin10 ($186.85 in chips)
Seat 3: chebob ($97.09 in chips)
zimin10: posts small blind $1
chebob: posts big blind $3
*** HOLE CARDS ***
zimin10: raises $3 to $6
chebob: calls $3
*** FLOP *** [Qs 6s Jh]
chebob: checks
zimin10: bets $3
chebob: calls $3
*** TURN *** [Qs 6s Jh] [Kd]
chebob: checks
zimin10: checks
*** RIVER *** [Qs 6s Jh Kd] [4d]
chebob: bets $6
zimin10: calls $6
*** SHOW DOWN ***
chebob: shows [8h 4h] (a pair of Fours)
zimin10: shows [Jc 5d] (a pair of Jacks)
zimin10 collected $29.50 from pot
*** SUMMARY ***
Total pot $30 | Rake $0.50
Board [Qs 6s Jh Kd 4d]
Seat 1: zimin10 (button) (small blind) showed [Jc 5d] and won ($29.50) with a pair of Jacks
Seat 3: chebob (big blind) showed [8h 4h] and lost with a pair of Fours


PokerStars Hand #175200965635:  Hold'em Limit ($3/$6 USD) - 2017/09/04 12:55:22 ET
Table 'Naantali II' 6-max Seat #1 is the button
Seat 1: zimin10 ($209.99 in chips)
Seat 3: chebob ($73.09 in chips)
zimin10: posts small blind $1
chebob: posts big blind $3
*** HOLE CARDS ***
zimin10: raises $3 to $6
chebob: calls $3
*** FLOP *** [Jc As 3d]
chebob: checks
zimin10: bets $3
chebob: folds
Uncalled bet ($3) returned to zimin10
zimin10 collected $11.76 from pot
*** SUMMARY ***
Total pot $12 | Rake $0.24
Board [Jc As 3d]
Seat 1: zimin10 (button) (small blind) collected ($11.76)
Seat 3: chebob (big blind) folded on the Flop


PokerStars Hand #175200922012:  Hold'em Limit ($3/$6 USD) - 2017/09/04 12:54:22 ET
Table 'Naantali II' 6-max Seat #3 is the button
Seat 1: zimin10 ($201.35 in chips)
Seat 3: chebob ($82.09 in chips)
chebob: posts small blind $1
zimin10: posts big blind $3
*** HOLE CARDS ***
chebob: raises $3 to $6
zimin10: calls $3
*** FLOP *** [Js 7s Kc]
zimin10: checks
chebob: bets $3
zimin10: calls $3
*** TURN *** [Js 7s Kc] [3c]
zimin10: checks
chebob: checks
*** RIVER *** [Js 7s Kc 3c] [4d]
zimin10: bets $6
chebob: folds
Uncalled bet ($6) returned to zimin10
zimin10 collected $17.64 from pot
*** SUMMARY ***
Total pot $18 | Rake $0.36
Board [Js 7s Kc 3c 4d]
Seat 1: zimin10 (big blind) collected ($17.64)
Seat 3: chebob (button) (small blind) folded on the River


PokerStars Hand #175200950649:  Hold'em Limit ($3/$6 USD) - 2017/09/04 12:55:00 ET
Table 'Naantali II' 6-max Seat #1 is the button
Seat 1: zimin10 ($209.99 in chips)
Seat 3: chebob ($73.09 in chips)
zimin10: posts small blind $1
chebob: posts big blind $3
*** HOLE CARDS ***
zimin10: folds
Uncalled bet ($2) returned to chebob
chebob collected $2 from pot
chebob: doesn't show hand
*** SUMMARY ***
Total pot $2 | Rake $0
Seat 1: zimin10 (button) (small blind) folded before Flop
Seat 3: chebob (big blind) collected ($2)


PokerStars Hand #175200960216:  Hold'em Limit ($3/$6 USD) - 2017/09/04 12:55:13 ET
Table 'Naantali II' 6-max Seat #3 is the button
Seat 1: zimin10 ($208.99 in chips)
Seat 3: chebob ($74.09 in chips)
chebob: posts small blind $1
zimin10: posts big blind $3
*** HOLE CARDS ***
chebob: folds
Uncalled bet ($2) returned to zimin10
zimin10 collected $2 from pot
*** SUMMARY ***
Total pot $2 | Rake $0
Seat 1: zimin10 (big blind) collected ($2)
Seat 3: chebob (button) (small blind) folded before Flop


PokerStars Hand #175200977437:  Hold'em Limit ($3/$6 USD) - 2017/09/04 12:55:42 ET
Table 'Naantali II' 6-max Seat #3 is the button
Seat 1: zimin10 ($215.75 in chips)
Seat 3: chebob ($67.09 in chips)
chebob: posts small blind $1
zimin10: posts big blind $3
*** HOLE CARDS ***
chebob: raises $3 to $6
zimin10: calls $3
*** FLOP *** [7c As 9c]
zimin10: checks
chebob: bets $3
zimin10: calls $3
*** TURN *** [7c As 9c] [Kc]
zimin10: checks
chebob: bets $6
zimin10: folds
Uncalled bet ($6) returned to chebob
chebob collected $17.64 from pot
chebob: doesn't show hand
*** SUMMARY ***
Total pot $18 | Rake $0.36
Board [7c As 9c Kc]
Seat 1: zimin10 (big blind) folded on the Turn
Seat 3: chebob (button) (small blind) collected ($17.64)


PokerStars Hand #175201024358:  Hold'em Limit ($3/$6 USD) - 2017/09/04 12:57:01 ET
Table 'Naantali II' 6-max Seat #3 is the button
Seat 1: zimin10 ($191.75 in chips)
Seat 3: chebob ($90.23 in chips)
chebob: posts small blind $1
zimin10: posts big blind $3
*** HOLE CARDS ***
chebob: raises $3 to $6
zimin10: calls $3
*** FLOP *** [6h 6d 3s]
zimin10: checks
chebob: bets $3
zimin10: calls $3
*** TURN *** [6h 6d 3s] [Kc]
kedavid joins the table at seat #6
zimin10: checks
chebob: checks
*** RIVER *** [6h 6d 3s Kc] [3d]
zimin10: checks
chebob: checks
*** SHOW DOWN ***
zimin10: shows [Td 8h] (two pair, Sixes and Threes)
chebob: shows [Ac Js] (two pair, Sixes and Threes - Ace kicker)
chebob collected $17.64 from pot
*** SUMMARY ***
Total pot $18 | Rake $0.36
Board [6h 6d 3s Kc 3d]
Seat 1: zimin10 (big blind) showed [Td 8h] and lost with two pair, Sixes and Threes
Seat 3: chebob (button) (small blind) showed [Ac Js] and won ($17.64) with two pair, Sixes and Threes


PokerStars Hand #175201002006:  Hold'em Limit ($3/$6 USD) - 2017/09/04 12:56:23 ET
Table 'Naantali II' 6-max Seat #1 is the button
Seat 1: zimin10 ($206.75 in chips)
Seat 3: chebob ($75.73 in chips)
zimin10: posts small blind $1
chebob: posts big blind $3
*** HOLE CARDS ***
zimin10: raises $3 to $6
chebob: calls $3
*** FLOP *** [7c Qd 4h]
chebob: checks
zimin10: bets $3
chebob: calls $3
*** TURN *** [7c Qd 4h] [Tc]
chebob: checks
zimin10: bets $6
chebob: raises $6 to $12
zimin10: folds
Uncalled bet ($6) returned to chebob
chebob collected $29.50 from pot
chebob: doesn't show hand
*** SUMMARY ***
Total pot $30 | Rake $0.50
Board [7c Qd 4h Tc]
Seat 1: zimin10 (button) (small blind) folded on the Turn
Seat 3: chebob (big blind) collected ($29.50)


PokerStars Hand #175201048699:  Hold'em Limit ($3/$6 USD) - 2017/09/04 12:57:41 ET
Table 'Naantali II' 6-max Seat #1 is the button
Seat 1: zimin10 ($182.75 in chips)
Seat 3: chebob ($98.87 in chips)
zimin10: posts small blind $1
chebob: posts big blind $3
*** HOLE CARDS ***
rascal_319 joins the table at seat #2
krytalex joins the table at seat #4
zimin10: raises $3 to $6
chebob: calls $3
*** FLOP *** [8s Ad 9h]
chebob: checks
zizonmusang joins the table at seat #5
zimin10: bets $3
chebob: calls $3
*** TURN *** [8s Ad 9h] [Jc]
chebob: checks
zimin10: bets $6
chebob: raises $6 to $12
zimin10: folds
Uncalled bet ($6) returned to chebob
chebob collected $29.50 from pot
chebob: doesn't show hand
*** SUMMARY ***
Total pot $30 | Rake $0.50
Board [8s Ad 9h Jc]
Seat 1: zimin10 (button) (small blind) folded on the Turn
Seat 3: chebob (big blind) collected ($29.50)


