PokerStars Hand #146339400266:  Hold'em Limit ($3/$6 USD) - 2016/01/02 13:11:52 ET
Table 'Naantali' 2-max Seat #2 is the button
Seat 1: simper11 ($212.70 in chips)
Seat 2: Zeeon ($122.95 in chips)
Zeeon: posts small blind $1
simper11: posts big blind $3
*** HOLE CARDS ***
Zeeon: raises $3 to $6
simper11: calls $3
*** FLOP *** [Ks 7h Kc]
simper11: checks
Zeeon: bets $3
simper11: calls $3
*** TURN *** [Ks 7h Kc] [Jh]
simper11: checks
Zeeon: bets $6
simper11: calls $6
*** RIVER *** [Ks 7h Kc Jh] [Js]
simper11: checks
Zeeon: checks
*** SHOW DOWN ***
simper11: shows [Jc 8s] (a full house, Jacks full of Kings)
Zeeon: mucks hand
simper11 collected $29.50 from pot
*** SUMMARY ***
Total pot $30 | Rake $0.50
Board [Ks 7h Kc Jh Js]
Seat 1: simper11 (big blind) showed [Jc 8s] and won ($29.50) with a full house, Jacks full of Kings
Seat 2: Zeeon (button) (small blind) mucked


PokerStars Hand #146339480624:  Hold'em Limit ($3/$6 USD) - 2016/01/02 13:13:10 ET
Table 'Naantali' 2-max Seat #2 is the button
Seat 1: simper11 ($239.70 in chips)
Seat 2: Zeeon ($94.23 in chips)
Zeeon: posts small blind $1
simper11: posts big blind $3
*** HOLE CARDS ***
Zeeon: raises $3 to $6
simper11: folds
Uncalled bet ($3) returned to Zeeon
Zeeon collected $6 from pot
*** SUMMARY ***
Total pot $6 | Rake $0
Seat 1: simper11 (big blind) folded before Flop
Seat 2: Zeeon (button) (small blind) collected ($6)


PokerStars Hand #146339475601:  Hold'em Limit ($3/$6 USD) - 2016/01/02 13:13:05 ET
Table 'Naantali' 2-max Seat #1 is the button
Seat 1: simper11 ($236.70 in chips)
Seat 2: Zeeon ($97.23 in chips)
simper11: posts small blind $1
Zeeon: posts big blind $3
*** HOLE CARDS ***
simper11: raises $3 to $6
Zeeon: folds
Uncalled bet ($3) returned to simper11
simper11 collected $6 from pot
simper11: doesn't show hand
*** SUMMARY ***
Total pot $6 | Rake $0
Seat 1: simper11 (button) (small blind) collected ($6)
Seat 2: Zeeon (big blind) folded before Flop


PokerStars Hand #146339467190:  Hold'em Limit ($3/$6 USD) - 2016/01/02 13:12:57 ET
Table 'Naantali' 2-max Seat #2 is the button
Seat 1: simper11 ($242.70 in chips)
Seat 2: Zeeon ($91.47 in chips)
Zeeon: posts small blind $1
simper11: posts big blind $3
*** HOLE CARDS ***
Zeeon: raises $3 to $6
simper11: calls $3
*** FLOP *** [8c 8s 3d]
simper11: checks
Zeeon: bets $3
simper11: folds
Uncalled bet ($3) returned to Zeeon
Zeeon collected $11.76 from pot
*** SUMMARY ***
Total pot $12 | Rake $0.24
Board [8c 8s 3d]
Seat 1: simper11 (big blind) folded on the Flop
Seat 2: Zeeon (button) (small blind) collected ($11.76)


PokerStars Hand #146339461269:  Hold'em Limit ($3/$6 USD) - 2016/01/02 13:12:51 ET
Table 'Naantali' 2-max Seat #1 is the button
Seat 1: simper11 ($239.70 in chips)
Seat 2: Zeeon ($94.47 in chips)
simper11: posts small blind $1
Zeeon: posts big blind $3
*** HOLE CARDS ***
simper11: raises $3 to $6
Zeeon: folds
Uncalled bet ($3) returned to simper11
simper11 collected $6 from pot
simper11: doesn't show hand
*** SUMMARY ***
Total pot $6 | Rake $0
Seat 1: simper11 (button) (small blind) collected ($6)
Seat 2: Zeeon (big blind) folded before Flop


PokerStars Hand #146339450804:  Hold'em Limit ($3/$6 USD) - 2016/01/02 13:12:41 ET
Table 'Naantali' 2-max Seat #2 is the button
Seat 1: simper11 ($245.70 in chips)
Seat 2: Zeeon ($88.71 in chips)
Zeeon: posts small blind $1
simper11: posts big blind $3
*** HOLE CARDS ***
Zeeon: raises $3 to $6
simper11: calls $3
*** FLOP *** [2h Jd 9h]
simper11: checks
Zeeon: checks
*** TURN *** [2h Jd 9h] [Qh]
simper11: checks
Zeeon: bets $6
simper11: folds
Uncalled bet ($6) returned to Zeeon
Zeeon collected $11.76 from pot
*** SUMMARY ***
Total pot $12 | Rake $0.24
Board [2h Jd 9h Qh]
Seat 1: simper11 (big blind) folded on the Turn
Seat 2: Zeeon (button) (small blind) collected ($11.76)


PokerStars Hand #146339441728:  Hold'em Limit ($3/$6 USD) - 2016/01/02 13:12:32 ET
Table 'Naantali' 2-max Seat #1 is the button
Seat 1: simper11 ($251.70 in chips)
Seat 2: Zeeon ($82.95 in chips)
simper11: posts small blind $1
Zeeon: posts big blind $3
*** HOLE CARDS ***
simper11: raises $3 to $6
Zeeon: calls $3
*** FLOP *** [Ah Qh Js]
Zeeon: bets $3
simper11: folds
Uncalled bet ($3) returned to Zeeon
Zeeon collected $11.76 from pot
*** SUMMARY ***
Total pot $12 | Rake $0.24
Board [Ah Qh Js]
Seat 1: simper11 (button) (small blind) folded on the Flop
Seat 2: Zeeon (big blind) collected ($11.76)


PokerStars Hand #146339436567:  Hold'em Limit ($3/$6 USD) - 2016/01/02 13:12:27 ET
Table 'Naantali' 2-max Seat #2 is the button
Seat 1: simper11 ($250.70 in chips)
Seat 2: Zeeon ($83.95 in chips)
Zeeon: posts small blind $1
simper11: posts big blind $3
*** HOLE CARDS ***
Zeeon: folds
Uncalled bet ($2) returned to simper11
simper11 collected $2 from pot
simper11: doesn't show hand
*** SUMMARY ***
Total pot $2 | Rake $0
Seat 1: simper11 (big blind) collected ($2)
Seat 2: Zeeon (button) (small blind) folded before Flop


PokerStars Hand #146339417579:  Hold'em Limit ($3/$6 USD) - 2016/01/02 13:12:09 ET
Table 'Naantali' 2-max Seat #1 is the button
Seat 1: simper11 ($227.20 in chips)
Seat 2: Zeeon ($107.95 in chips)
simper11: posts small blind $1
Zeeon: posts big blind $3
*** HOLE CARDS ***
simper11: raises $3 to $6
Zeeon: calls $3
*** FLOP *** [9d 7h Jc]
Zeeon: bets $3
simper11: raises $3 to $6
Zeeon: calls $3
*** TURN *** [9d 7h Jc] [6c]
Zeeon: checks
simper11: bets $6
Zeeon: calls $6
*** RIVER *** [9d 7h Jc 6c] [3d]
Zeeon: checks
simper11: bets $6
Zeeon: calls $6
*** SHOW DOWN ***
simper11: shows [Qc Js] (a pair of Jacks)
Zeeon: mucks hand
simper11 collected $47.50 from pot
*** SUMMARY ***
Total pot $48 | Rake $0.50
Board [9d 7h Jc 6c 3d]
Seat 1: simper11 (button) (small blind) showed [Qc Js] and won ($47.50) with a pair of Jacks
Seat 2: Zeeon (big blind) mucked


PokerStars Hand #146339536546:  Hold'em Limit ($3/$6 USD) - 2016/01/02 13:14:04 ET
Table 'Naantali' 2-max Seat #2 is the button
Seat 1: simper11 ($234.20 in chips)
Seat 2: Zeeon ($98.73 in chips)
Zeeon: posts small blind $1
simper11: posts big blind $3
*** HOLE CARDS ***
Zeeon: raises $3 to $6
simper11: calls $3
*** FLOP *** [2h 8s 9h]
simper11: checks
Zeeon: bets $3
simper11: calls $3
*** TURN *** [2h 8s 9h] [Td]
simper11: checks
Zeeon: bets $6
simper11: folds
Uncalled bet ($6) returned to Zeeon
Zeeon collected $17.64 from pot
*** SUMMARY ***
Total pot $18 | Rake $0.36
Board [2h 8s 9h Td]
Seat 1: simper11 (big blind) folded on the Turn
Seat 2: Zeeon (button) (small blind) collected ($17.64)


PokerStars Hand #146339531991:  Hold'em Limit ($3/$6 USD) - 2016/01/02 13:14:00 ET
Table 'Naantali' 2-max Seat #1 is the button
Seat 1: simper11 ($235.20 in chips)
Seat 2: Zeeon ($97.73 in chips)
simper11: posts small blind $1
Zeeon: posts big blind $3
*** HOLE CARDS ***
simper11: folds
Uncalled bet ($2) returned to Zeeon
Zeeon collected $2 from pot
*** SUMMARY ***
Total pot $2 | Rake $0
Seat 1: simper11 (button) (small blind) folded before Flop
Seat 2: Zeeon (big blind) collected ($2)


PokerStars Hand #146339527311:  Hold'em Limit ($3/$6 USD) - 2016/01/02 13:13:55 ET
Table 'Naantali' 2-max Seat #2 is the button
Seat 1: simper11 ($234.20 in chips)
Seat 2: Zeeon ($98.73 in chips)
Zeeon: posts small blind $1
simper11: posts big blind $3
*** HOLE CARDS ***
Zeeon: folds
Uncalled bet ($2) returned to simper11
simper11 collected $2 from pot
simper11: doesn't show hand
*** SUMMARY ***
Total pot $2 | Rake $0
Seat 1: simper11 (big blind) collected ($2)
Seat 2: Zeeon (button) (small blind) folded before Flop


PokerStars Hand #146339510917:  Hold'em Limit ($3/$6 USD) - 2016/01/02 13:13:39 ET
Table 'Naantali' 2-max Seat #1 is the button
Seat 1: simper11 ($258.20 in chips)
Seat 2: Zeeon ($75.23 in chips)
simper11: posts small blind $1
Zeeon: posts big blind $3
*** HOLE CARDS ***
simper11: raises $3 to $6
Zeeon: calls $3
*** FLOP *** [4c Kh Ad]
Zeeon: bets $3
simper11: raises $3 to $6
Zeeon: raises $3 to $9
simper11: raises $3 to $12
Betting is capped
Zeeon: calls $3
*** TURN *** [4c Kh Ad] [Td]
Zeeon: checks
simper11: bets $6
Zeeon: calls $6
*** RIVER *** [4c Kh Ad Td] [Jd]
Zeeon: checks
simper11: checks
*** SHOW DOWN ***
Zeeon: shows [Ah 7s] (a pair of Aces)
simper11: mucks hand
Zeeon collected $47.50 from pot
*** SUMMARY ***
Total pot $48 | Rake $0.50
Board [4c Kh Ad Td Jd]
Seat 1: simper11 (button) (small blind) mucked
Seat 2: Zeeon (big blind) showed [Ah 7s] and won ($47.50) with a pair of Aces


PokerStars Hand #146339505934:  Hold'em Limit ($3/$6 USD) - 2016/01/02 13:13:34 ET
Table 'Naantali' 2-max Seat #2 is the button
Seat 1: simper11 ($257.20 in chips)
Seat 2: Zeeon ($76.23 in chips)
Zeeon: posts small blind $1
simper11: posts big blind $3
*** HOLE CARDS ***
Zeeon: folds
Uncalled bet ($2) returned to simper11
simper11 collected $2 from pot
simper11: doesn't show hand
*** SUMMARY ***
Total pot $2 | Rake $0
Seat 1: simper11 (big blind) collected ($2)
Seat 2: Zeeon (button) (small blind) folded before Flop


PokerStars Hand #146339486610:  Hold'em Limit ($3/$6 USD) - 2016/01/02 13:13:16 ET
Table 'Naantali' 2-max Seat #1 is the button
Seat 1: simper11 ($236.70 in chips)
Seat 2: Zeeon ($97.23 in chips)
simper11: posts small blind $1
Zeeon: posts big blind $3
*** HOLE CARDS ***
simper11: raises $3 to $6
Zeeon: raises $3 to $9
simper11: calls $3
*** FLOP *** [7c 8s 6h]
Zeeon: checks
simper11: checks
*** TURN *** [7c 8s 6h] [5d]
Zeeon: bets $6
simper11: calls $6
*** RIVER *** [7c 8s 6h 5d] [9d]
Zeeon: checks
simper11: bets $6
Zeeon: calls $6
*** SHOW DOWN ***
simper11: shows [Tc Kh] (a straight, Six to Ten)
Zeeon: mucks hand
simper11 collected $41.50 from pot
*** SUMMARY ***
Total pot $42 | Rake $0.50
Board [7c 8s 6h 5d 9d]
Seat 1: simper11 (button) (small blind) showed [Tc Kh] and won ($41.50) with a straight, Six to Ten
Seat 2: Zeeon (big blind) mucked


PokerStars Hand #146339601665:  Hold'em Limit ($3/$6 USD) - 2016/01/02 13:15:07 ET
Table 'Naantali' 2-max Seat #1 is the button
Seat 1: simper11 ($268.98 in chips)
Seat 2: Zeeon ($62.13 in chips)
simper11: posts small blind $1
Zeeon: posts big blind $3
*** HOLE CARDS ***
simper11: raises $3 to $6
Zeeon: raises $3 to $9
simper11: calls $3
*** FLOP *** [8d 5c Kd]
Zeeon: bets $3
simper11: calls $3
*** TURN *** [8d 5c Kd] [2c]
Zeeon: checks
simper11: checks
*** RIVER *** [8d 5c Kd 2c] [5h]
Zeeon: checks
simper11: checks
*** SHOW DOWN ***
Zeeon: shows [Qd Ah] (a pair of Fives)
simper11: mucks hand
Zeeon collected $23.52 from pot
*** SUMMARY ***
Total pot $24 | Rake $0.48
Board [8d 5c Kd 2c 5h]
Seat 1: simper11 (button) (small blind) mucked
Seat 2: Zeeon (big blind) showed [Qd Ah] and won ($23.52) with a pair of Fives


PokerStars Hand #146339589474:  Hold'em Limit ($3/$6 USD) - 2016/01/02 13:14:56 ET
Table 'Naantali' 2-max Seat #2 is the button
Seat 1: simper11 ($274.98 in chips)
Seat 2: Zeeon ($56.37 in chips)
Zeeon: posts small blind $1
simper11: posts big blind $3
*** HOLE CARDS ***
Zeeon: raises $3 to $6
simper11: calls $3
*** FLOP *** [6d Ad 5c]
simper11: checks
Zeeon: bets $3
simper11: folds
Uncalled bet ($3) returned to Zeeon
Zeeon collected $11.76 from pot
*** SUMMARY ***
Total pot $12 | Rake $0.24
Board [6d Ad 5c]
Seat 1: simper11 (big blind) folded on the Flop
Seat 2: Zeeon (button) (small blind) collected ($11.76)


PokerStars Hand #146339569250:  Hold'em Limit ($3/$6 USD) - 2016/01/02 13:14:36 ET
Table 'Naantali' 2-max Seat #1 is the button
Seat 1: simper11 ($242.48 in chips)
Seat 2: Zeeon ($89.37 in chips)
simper11: posts small blind $1
Zeeon: posts big blind $3
*** HOLE CARDS ***
simper11: raises $3 to $6
Zeeon: calls $3
*** FLOP *** [Ac 6h 6s]
Zeeon: bets $3
simper11: raises $3 to $6
Zeeon: raises $3 to $9
simper11: calls $3
*** TURN *** [Ac 6h 6s] [Kh]
Zeeon: bets $6
simper11: raises $6 to $12
Zeeon: calls $6
*** RIVER *** [Ac 6h 6s Kh] [8c]
Zeeon: checks
simper11: bets $6
Zeeon: calls $6
*** SHOW DOWN ***
simper11: shows [Qs 6d] (three of a kind, Sixes)
Zeeon: mucks hand
simper11 collected $65.50 from pot
*** SUMMARY ***
Total pot $66 | Rake $0.50
Board [Ac 6h 6s Kh 8c]
Seat 1: simper11 (button) (small blind) showed [Qs 6d] and won ($65.50) with three of a kind, Sixes
Seat 2: Zeeon (big blind) mucked


PokerStars Hand #146339557771:  Hold'em Limit ($3/$6 USD) - 2016/01/02 13:14:25 ET
Table 'Naantali' 2-max Seat #2 is the button
Seat 1: simper11 ($233.84 in chips)
Seat 2: Zeeon ($98.37 in chips)
Zeeon: posts small blind $1
simper11: posts big blind $3
*** HOLE CARDS ***
Zeeon: raises $3 to $6
simper11: raises $3 to $9
Zeeon: calls $3
*** FLOP *** [6h 2d 5c]
simper11: bets $3
Zeeon: folds
Uncalled bet ($3) returned to simper11
simper11 collected $17.64 from pot
simper11: doesn't show hand
*** SUMMARY ***
Total pot $18 | Rake $0.36
Board [6h 2d 5c]
Seat 1: simper11 (big blind) collected ($17.64)
Seat 2: Zeeon (button) (small blind) folded on the Flop


PokerStars Hand #146339547700:  Hold'em Limit ($3/$6 USD) - 2016/01/02 13:14:15 ET
Table 'Naantali' 2-max Seat #1 is the button
Seat 1: simper11 ($225.20 in chips)
Seat 2: Zeeon ($107.37 in chips)
simper11: posts small blind $1
Zeeon: posts big blind $3
*** HOLE CARDS ***
simper11: raises $3 to $6
Zeeon: calls $3
*** FLOP *** [4s 3s Kc]
Zeeon: bets $3
simper11: raises $3 to $6
Zeeon: folds
Uncalled bet ($3) returned to simper11
simper11 collected $17.64 from pot
simper11: doesn't show hand
*** SUMMARY ***
Total pot $18 | Rake $0.36
Board [4s 3s Kc]
Seat 1: simper11 (button) (small blind) collected ($17.64)
Seat 2: Zeeon (big blind) folded on the Flop


PokerStars Hand #146339648298:  Hold'em Limit ($3/$6 USD) - 2016/01/02 13:15:52 ET
Table 'Naantali' 2-max Seat #2 is the button
Seat 1: simper11 ($225.98 in chips)
Seat 2: Zeeon ($104.15 in chips)
Zeeon: posts small blind $1
simper11: posts big blind $3
*** HOLE CARDS ***
Zeeon: raises $3 to $6
simper11: raises $3 to $9
Zeeon: calls $3
*** FLOP *** [Tc 6h 6c]
simper11: bets $3
Zeeon: calls $3
*** TURN *** [Tc 6h 6c] [8d]
simper11: bets $6
Zeeon: calls $6
*** RIVER *** [Tc 6h 6c 8d] [3d]
simper11: bets $6
Zeeon: folds
Uncalled bet ($6) returned to simper11
simper11 collected $35.50 from pot
simper11: doesn't show hand
*** SUMMARY ***
Total pot $36 | Rake $0.50
Board [Tc 6h 6c 8d 3d]
Seat 1: simper11 (big blind) collected ($35.50)
Seat 2: Zeeon (button) (small blind) folded on the River


PokerStars Hand #146339631447:  Hold'em Limit ($3/$6 USD) - 2016/01/02 13:15:36 ET
Table 'Naantali' 2-max Seat #1 is the button
Seat 1: simper11 ($261.98 in chips)
Seat 2: Zeeon ($68.65 in chips)
simper11: posts small blind $1
Zeeon: posts big blind $3
*** HOLE CARDS ***
simper11: raises $3 to $6
Zeeon: raises $3 to $9
simper11: calls $3
*** FLOP *** [Jh 9h 6d]
Zeeon: bets $3
simper11: calls $3
*** TURN *** [Jh 9h 6d] [7c]
Zeeon: bets $6
simper11: raises $6 to $12
Zeeon: raises $6 to $18
simper11: calls $6
*** RIVER *** [Jh 9h 6d 7c] [4h]
Zeeon: bets $6
simper11: calls $6
*** SHOW DOWN ***
Zeeon: shows [7d 7s] (three of a kind, Sevens)
simper11: mucks hand
Zeeon collected $71.50 from pot
*** SUMMARY ***
Total pot $72 | Rake $0.50
Board [Jh 9h 6d 7c 4h]
Seat 1: simper11 (button) (small blind) mucked
Seat 2: Zeeon (big blind) showed [7d 7s] and won ($71.50) with three of a kind, Sevens


PokerStars Hand #146339626422:  Hold'em Limit ($3/$6 USD) - 2016/01/02 13:15:31 ET
Table 'Naantali' 2-max Seat #2 is the button
Seat 1: simper11 ($260.98 in chips)
Seat 2: Zeeon ($69.65 in chips)
Zeeon: posts small blind $1
simper11: posts big blind $3
*** HOLE CARDS ***
Zeeon: folds
Uncalled bet ($2) returned to simper11
simper11 collected $2 from pot
simper11: doesn't show hand
*** SUMMARY ***
Total pot $2 | Rake $0
Seat 1: simper11 (big blind) collected ($2)
Seat 2: Zeeon (button) (small blind) folded before Flop


PokerStars Hand #146339619969:  Hold'em Limit ($3/$6 USD) - 2016/01/02 13:15:25 ET
Table 'Naantali' 2-max Seat #1 is the button
Seat 1: simper11 ($257.98 in chips)
Seat 2: Zeeon ($72.65 in chips)
simper11: posts small blind $1
Zeeon: posts big blind $3
*** HOLE CARDS ***
simper11: raises $3 to $6
Zeeon: folds
Uncalled bet ($3) returned to simper11
simper11 collected $6 from pot
simper11: doesn't show hand
*** SUMMARY ***
Total pot $6 | Rake $0
Seat 1: simper11 (button) (small blind) collected ($6)
Seat 2: Zeeon (big blind) folded before Flop


PokerStars Hand #146339614930:  Hold'em Limit ($3/$6 USD) - 2016/01/02 13:15:20 ET
Table 'Naantali' 2-max Seat #2 is the button
Seat 1: simper11 ($256.98 in chips)
Seat 2: Zeeon ($73.65 in chips)
Zeeon: posts small blind $1
simper11: posts big blind $3
*** HOLE CARDS ***
Zeeon: folds
Uncalled bet ($2) returned to simper11
simper11 collected $2 from pot
simper11: doesn't show hand
*** SUMMARY ***
Total pot $2 | Rake $0
Seat 1: simper11 (big blind) collected ($2)
Seat 2: Zeeon (button) (small blind) folded before Flop


PokerStars Hand #146339734401:  Hold'em Limit ($3/$6 USD) - 2016/01/02 13:17:14 ET
Table 'Naantali' 2-max Seat #2 is the button
Seat 1: simper11 ($214.48 in chips)
Seat 2: Zeeon ($114.17 in chips)
Zeeon: posts small blind $1
simper11: posts big blind $3
*** HOLE CARDS ***
Zeeon: folds
Uncalled bet ($2) returned to simper11
simper11 collected $2 from pot
simper11: doesn't show hand
*** SUMMARY ***
Total pot $2 | Rake $0
Seat 1: simper11 (big blind) collected ($2)
Seat 2: Zeeon (button) (small blind) folded before Flop


PokerStars Hand #146339728757:  Hold'em Limit ($3/$6 USD) - 2016/01/02 13:17:09 ET
Table 'Naantali' 2-max Seat #1 is the button
Seat 1: simper11 ($211.48 in chips)
Seat 2: Zeeon ($117.17 in chips)
simper11: posts small blind $1
Zeeon: posts big blind $3
*** HOLE CARDS ***
simper11: raises $3 to $6
Zeeon: folds
Uncalled bet ($3) returned to simper11
simper11 collected $6 from pot
simper11: doesn't show hand
*** SUMMARY ***
Total pot $6 | Rake $0
Seat 1: simper11 (button) (small blind) collected ($6)
Seat 2: Zeeon (big blind) folded before Flop


PokerStars Hand #146339720670:  Hold'em Limit ($3/$6 USD) - 2016/01/02 13:17:01 ET
Table 'Naantali' 2-max Seat #2 is the button
Seat 1: simper11 ($217.48 in chips)
Seat 2: Zeeon ($111.41 in chips)
Zeeon: posts small blind $1
simper11: posts big blind $3
*** HOLE CARDS ***
Zeeon: raises $3 to $6
simper11: calls $3
*** FLOP *** [Jc Ah Tc]
simper11: checks
Zeeon: bets $3
simper11: folds
Uncalled bet ($3) returned to Zeeon
Zeeon collected $11.76 from pot
*** SUMMARY ***
Total pot $12 | Rake $0.24
Board [Jc Ah Tc]
Seat 1: simper11 (big blind) folded on the Flop
Seat 2: Zeeon (button) (small blind) collected ($11.76)


PokerStars Hand #146339715326:  Hold'em Limit ($3/$6 USD) - 2016/01/02 13:16:56 ET
Table 'Naantali' 2-max Seat #1 is the button
Seat 1: simper11 ($214.48 in chips)
Seat 2: Zeeon ($114.41 in chips)
simper11: posts small blind $1
Zeeon: posts big blind $3
*** HOLE CARDS ***
simper11: raises $3 to $6
Zeeon: folds
Uncalled bet ($3) returned to simper11
simper11 collected $6 from pot
simper11: doesn't show hand
*** SUMMARY ***
Total pot $6 | Rake $0
Seat 1: simper11 (button) (small blind) collected ($6)
Seat 2: Zeeon (big blind) folded before Flop


PokerStars Hand #146339706689:  Hold'em Limit ($3/$6 USD) - 2016/01/02 13:16:47 ET
Table 'Naantali' 2-max Seat #2 is the button
Seat 1: simper11 ($220.48 in chips)
Seat 2: Zeeon ($108.65 in chips)
Zeeon: posts small blind $1
simper11: posts big blind $3
*** HOLE CARDS ***
Zeeon: raises $3 to $6
simper11: calls $3
*** FLOP *** [Ts 4h Kh]
simper11: checks
Zeeon: bets $3
simper11: folds
Uncalled bet ($3) returned to Zeeon
Zeeon collected $11.76 from pot
*** SUMMARY ***
Total pot $12 | Rake $0.24
Board [Ts 4h Kh]
Seat 1: simper11 (big blind) folded on the Flop
Seat 2: Zeeon (button) (small blind) collected ($11.76)


PokerStars Hand #146339701326:  Hold'em Limit ($3/$6 USD) - 2016/01/02 13:16:42 ET
Table 'Naantali' 2-max Seat #1 is the button
Seat 1: simper11 ($217.48 in chips)
Seat 2: Zeeon ($111.65 in chips)
simper11: posts small blind $1
Zeeon: posts big blind $3
*** HOLE CARDS ***
simper11: raises $3 to $6
Zeeon: folds
Uncalled bet ($3) returned to simper11
simper11 collected $6 from pot
simper11: doesn't show hand
*** SUMMARY ***
Total pot $6 | Rake $0
Seat 1: simper11 (button) (small blind) collected ($6)
Seat 2: Zeeon (big blind) folded before Flop


PokerStars Hand #146339693593:  Hold'em Limit ($3/$6 USD) - 2016/01/02 13:16:35 ET
Table 'Naantali' 2-max Seat #2 is the button
Seat 1: simper11 ($216.48 in chips)
Seat 2: Zeeon ($112.65 in chips)
Zeeon: posts small blind $1
simper11: posts big blind $3
*** HOLE CARDS ***
Zeeon: folds
Uncalled bet ($2) returned to simper11
simper11 collected $2 from pot
simper11: doesn't show hand
*** SUMMARY ***
Total pot $2 | Rake $0
Seat 1: simper11 (big blind) collected ($2)
Seat 2: Zeeon (button) (small blind) folded before Flop


PokerStars Hand #146339687640:  Hold'em Limit ($3/$6 USD) - 2016/01/02 13:16:29 ET
Table 'Naantali' 2-max Seat #1 is the button
Seat 1: simper11 ($213.48 in chips)
Seat 2: Zeeon ($115.65 in chips)
simper11: posts small blind $1
Zeeon: posts big blind $3
*** HOLE CARDS ***
simper11: raises $3 to $6
Zeeon: folds
Uncalled bet ($3) returned to simper11
simper11 collected $6 from pot
simper11: doesn't show hand
*** SUMMARY ***
Total pot $6 | Rake $0
Seat 1: simper11 (button) (small blind) collected ($6)
Seat 2: Zeeon (big blind) folded before Flop


PokerStars Hand #146339681680:  Hold'em Limit ($3/$6 USD) - 2016/01/02 13:16:24 ET
Table 'Naantali' 2-max Seat #2 is the button
Seat 1: simper11 ($216.48 in chips)
Seat 2: Zeeon ($112.65 in chips)
Zeeon: posts small blind $1
simper11: posts big blind $3
*** HOLE CARDS ***
Zeeon: raises $3 to $6
simper11: folds
Uncalled bet ($3) returned to Zeeon
Zeeon collected $6 from pot
*** SUMMARY ***
Total pot $6 | Rake $0
Seat 1: simper11 (big blind) folded before Flop
Seat 2: Zeeon (button) (small blind) collected ($6)


PokerStars Hand #146339664930:  Hold'em Limit ($3/$6 USD) - 2016/01/02 13:16:08 ET
Table 'Naantali' 2-max Seat #1 is the button
Seat 1: simper11 ($243.48 in chips)
Seat 2: Zeeon ($86.15 in chips)
simper11: posts small blind $1
Zeeon: posts big blind $3
*** HOLE CARDS ***
simper11: raises $3 to $6
Zeeon: calls $3
*** FLOP *** [2d 3d Qs]
Zeeon: bets $3
simper11: raises $3 to $6
Zeeon: raises $3 to $9
simper11: calls $3
*** TURN *** [2d 3d Qs] [6h]
Zeeon: bets $6
simper11: calls $6
*** RIVER *** [2d 3d Qs 6h] [Js]
Zeeon: bets $6
simper11: calls $6
*** SHOW DOWN ***
Zeeon: shows [3c Qc] (two pair, Queens and Threes)
simper11: mucks hand
Zeeon collected $53.50 from pot
*** SUMMARY ***
Total pot $54 | Rake $0.50
Board [2d 3d Qs 6h Js]
Seat 1: simper11 (button) (small blind) mucked
Seat 2: Zeeon (big blind) showed [3c Qc] and won ($53.50) with two pair, Queens and Threes


PokerStars Hand #146339792601:  Hold'em Limit ($3/$6 USD) - 2016/01/02 13:18:10 ET
Table 'Naantali' 2-max Seat #1 is the button
Seat 1: simper11 ($193.24 in chips)
Seat 2: Zeeon ($134.43 in chips)
simper11: posts small blind $1
Zeeon: posts big blind $3
*** HOLE CARDS ***
simper11: folds
Uncalled bet ($2) returned to Zeeon
Zeeon collected $2 from pot
*** SUMMARY ***
Total pot $2 | Rake $0
Seat 1: simper11 (button) (small blind) folded before Flop
Seat 2: Zeeon (big blind) collected ($2)


PokerStars Hand #146339783419:  Hold'em Limit ($3/$6 USD) - 2016/01/02 13:18:01 ET
Table 'Naantali' 2-max Seat #2 is the button
Seat 1: simper11 ($199.24 in chips)
Seat 2: Zeeon ($128.67 in chips)
Zeeon: posts small blind $1
simper11: posts big blind $3
*** HOLE CARDS ***
Zeeon: raises $3 to $6
simper11: calls $3
*** FLOP *** [7s Ah Kc]
simper11: checks
Zeeon: bets $3
simper11: folds
Uncalled bet ($3) returned to Zeeon
Zeeon collected $11.76 from pot
*** SUMMARY ***
Total pot $12 | Rake $0.24
Board [7s Ah Kc]
Seat 1: simper11 (big blind) folded on the Flop
Seat 2: Zeeon (button) (small blind) collected ($11.76)


PokerStars Hand #146339778234:  Hold'em Limit ($3/$6 USD) - 2016/01/02 13:17:56 ET
Table 'Naantali' 2-max Seat #1 is the button
Seat 1: simper11 ($196.24 in chips)
Seat 2: Zeeon ($131.67 in chips)
simper11: posts small blind $1
Zeeon: posts big blind $3
*** HOLE CARDS ***
simper11: raises $3 to $6
Zeeon: folds
Uncalled bet ($3) returned to simper11
simper11 collected $6 from pot
simper11: doesn't show hand
*** SUMMARY ***
Total pot $6 | Rake $0
Seat 1: simper11 (button) (small blind) collected ($6)
Seat 2: Zeeon (big blind) folded before Flop


PokerStars Hand #146339773306:  Hold'em Limit ($3/$6 USD) - 2016/01/02 13:17:51 ET
Table 'Naantali' 2-max Seat #2 is the button
Seat 1: simper11 ($195.24 in chips)
Seat 2: Zeeon ($132.67 in chips)
Zeeon: posts small blind $1
simper11: posts big blind $3
*** HOLE CARDS ***
Zeeon: folds
Uncalled bet ($2) returned to simper11
simper11 collected $2 from pot
simper11: doesn't show hand
*** SUMMARY ***
Total pot $2 | Rake $0
Seat 1: simper11 (big blind) collected ($2)
Seat 2: Zeeon (button) (small blind) folded before Flop


PokerStars Hand #146339755877:  Hold'em Limit ($3/$6 USD) - 2016/01/02 13:17:35 ET
Table 'Naantali' 2-max Seat #1 is the button
Seat 1: simper11 ($222.24 in chips)
Seat 2: Zeeon ($106.17 in chips)
simper11: posts small blind $1
Zeeon: posts big blind $3
*** HOLE CARDS ***
simper11: raises $3 to $6
Zeeon: calls $3
*** FLOP *** [Tc 6h Ts]
Zeeon: bets $3
simper11: raises $3 to $6
Zeeon: raises $3 to $9
simper11: calls $3
*** TURN *** [Tc 6h Ts] [Jc]
Zeeon: bets $6
simper11: calls $6
*** RIVER *** [Tc 6h Ts Jc] [5h]
Zeeon: bets $6
simper11: calls $6
*** SHOW DOWN ***
Zeeon: shows [6c As] (two pair, Tens and Sixes)
simper11: mucks hand
Zeeon collected $53.50 from pot
*** SUMMARY ***
Total pot $54 | Rake $0.50
Board [Tc 6h Ts Jc 5h]
Seat 1: simper11 (button) (small blind) mucked
Seat 2: Zeeon (big blind) showed [6c As] and won ($53.50) with two pair, Tens and Sixes


PokerStars Hand #146339751075:  Hold'em Limit ($3/$6 USD) - 2016/01/02 13:17:30 ET
Table 'Naantali' 2-max Seat #2 is the button
Seat 1: simper11 ($221.24 in chips)
Seat 2: Zeeon ($107.17 in chips)
Zeeon: posts small blind $1
simper11: posts big blind $3
*** HOLE CARDS ***
Zeeon: folds
Uncalled bet ($2) returned to simper11
simper11 collected $2 from pot
simper11: doesn't show hand
*** SUMMARY ***
Total pot $2 | Rake $0
Seat 1: simper11 (big blind) collected ($2)
Seat 2: Zeeon (button) (small blind) folded before Flop


PokerStars Hand #146339740068:  Hold'em Limit ($3/$6 USD) - 2016/01/02 13:17:19 ET
Table 'Naantali' 2-max Seat #1 is the button
Seat 1: simper11 ($215.48 in chips)
Seat 2: Zeeon ($113.17 in chips)
simper11: posts small blind $1
Zeeon: posts big blind $3
*** HOLE CARDS ***
simper11: raises $3 to $6
Zeeon: calls $3
*** FLOP *** [5s Kc 8h]
Zeeon: checks
simper11: bets $3
Zeeon: folds
Uncalled bet ($3) returned to simper11
simper11 collected $11.76 from pot
simper11: doesn't show hand
*** SUMMARY ***
Total pot $12 | Rake $0.24
Board [5s Kc 8h]
Seat 1: simper11 (button) (small blind) collected ($11.76)
Seat 2: Zeeon (big blind) folded on the Flop


PokerStars Hand #146339856246:  Hold'em Limit ($3/$6 USD) - 2016/01/02 13:19:12 ET
Table 'Naantali' 2-max Seat #1 is the button
Seat 1: simper11 ($222.16 in chips)
Seat 2: Zeeon ($104.43 in chips)
simper11: posts small blind $1
Zeeon: posts big blind $3
*** HOLE CARDS ***
simper11: raises $3 to $6
Zeeon: folds
Uncalled bet ($3) returned to simper11
simper11 collected $6 from pot
simper11: doesn't show hand
*** SUMMARY ***
Total pot $6 | Rake $0
Seat 1: simper11 (button) (small blind) collected ($6)
Seat 2: Zeeon (big blind) folded before Flop


PokerStars Hand #146339851362:  Hold'em Limit ($3/$6 USD) - 2016/01/02 13:19:07 ET
Table 'Naantali' 2-max Seat #2 is the button
Seat 1: simper11 ($221.16 in chips)
Seat 2: Zeeon ($105.43 in chips)
Zeeon: posts small blind $1
simper11: posts big blind $3
*** HOLE CARDS ***
Zeeon: folds
Uncalled bet ($2) returned to simper11
simper11 collected $2 from pot
simper11: doesn't show hand
*** SUMMARY ***
Total pot $2 | Rake $0
Seat 1: simper11 (big blind) collected ($2)
Seat 2: Zeeon (button) (small blind) folded before Flop


PokerStars Hand #146339841722:  Hold'em Limit ($3/$6 USD) - 2016/01/02 13:18:58 ET
Table 'Naantali' 2-max Seat #1 is the button
Seat 1: simper11 ($215.40 in chips)
Seat 2: Zeeon ($111.43 in chips)
simper11: posts small blind $1
Zeeon: posts big blind $3
*** HOLE CARDS ***
simper11: raises $3 to $6
Zeeon: calls $3
*** FLOP *** [8c 5h Td]
Zeeon: checks
simper11: bets $3
Zeeon: folds
Uncalled bet ($3) returned to simper11
simper11 collected $11.76 from pot
simper11: doesn't show hand
*** SUMMARY ***
Total pot $12 | Rake $0.24
Board [8c 5h Td]
Seat 1: simper11 (button) (small blind) collected ($11.76)
Seat 2: Zeeon (big blind) folded on the Flop


PokerStars Hand #146339828273:  Hold'em Limit ($3/$6 USD) - 2016/01/02 13:18:45 ET
Table 'Naantali' 2-max Seat #2 is the button
Seat 1: simper11 ($203.88 in chips)
Seat 2: Zeeon ($123.43 in chips)
Zeeon: posts small blind $1
simper11: posts big blind $3
*** HOLE CARDS ***
Zeeon: raises $3 to $6
simper11: raises $3 to $9
Zeeon: calls $3
*** FLOP *** [As Ts Jh]
simper11: bets $3
Zeeon: calls $3
*** TURN *** [As Ts Jh] [7d]
simper11: bets $6
Zeeon: folds
Uncalled bet ($6) returned to simper11
simper11 collected $23.52 from pot
simper11: doesn't show hand
*** SUMMARY ***
Total pot $24 | Rake $0.48
Board [As Ts Jh 7d]
Seat 1: simper11 (big blind) collected ($23.52)
Seat 2: Zeeon (button) (small blind) folded on the Turn


PokerStars Hand #146339823328:  Hold'em Limit ($3/$6 USD) - 2016/01/02 13:18:40 ET
Table 'Naantali' 2-max Seat #1 is the button
Seat 1: simper11 ($200.88 in chips)
Seat 2: Zeeon ($126.43 in chips)
simper11: posts small blind $1
Zeeon: posts big blind $3
*** HOLE CARDS ***
simper11: raises $3 to $6
Zeeon: folds
Uncalled bet ($3) returned to simper11
simper11 collected $6 from pot
simper11: doesn't show hand
*** SUMMARY ***
Total pot $6 | Rake $0
Seat 1: simper11 (button) (small blind) collected ($6)
Seat 2: Zeeon (big blind) folded before Flop


PokerStars Hand #146339817036:  Hold'em Limit ($3/$6 USD) - 2016/01/02 13:18:34 ET
Table 'Naantali' 2-max Seat #2 is the button
Seat 1: simper11 ($203.88 in chips)
Seat 2: Zeeon ($123.43 in chips)
Zeeon: posts small blind $1
simper11: posts big blind $3
*** HOLE CARDS ***
Zeeon: raises $3 to $6
simper11: folds
Uncalled bet ($3) returned to Zeeon
Zeeon collected $6 from pot
*** SUMMARY ***
Total pot $6 | Rake $0
Seat 1: simper11 (big blind) folded before Flop
Seat 2: Zeeon (button) (small blind) collected ($6)


PokerStars Hand #146339811801:  Hold'em Limit ($3/$6 USD) - 2016/01/02 13:18:29 ET
Table 'Naantali' 2-max Seat #1 is the button
Seat 1: simper11 ($200.88 in chips)
Seat 2: Zeeon ($126.43 in chips)
simper11: posts small blind $1
Zeeon: posts big blind $3
*** HOLE CARDS ***
simper11: raises $3 to $6
Zeeon: folds
Uncalled bet ($3) returned to simper11
simper11 collected $6 from pot
simper11: doesn't show hand
*** SUMMARY ***
Total pot $6 | Rake $0
Seat 1: simper11 (button) (small blind) collected ($6)
Seat 2: Zeeon (big blind) folded before Flop


PokerStars Hand #146339800862:  Hold'em Limit ($3/$6 USD) - 2016/01/02 13:18:18 ET
Table 'Naantali' 2-max Seat #2 is the button
Seat 1: simper11 ($192.24 in chips)
Seat 2: Zeeon ($135.43 in chips)
Zeeon: posts small blind $1
simper11: posts big blind $3
*** HOLE CARDS ***
Zeeon: raises $3 to $6
simper11: raises $3 to $9
Zeeon: calls $3
*** FLOP *** [5d Tc Qd]
simper11: bets $3
Zeeon: folds
Uncalled bet ($3) returned to simper11
simper11 collected $17.64 from pot
simper11: doesn't show hand
*** SUMMARY ***
Total pot $18 | Rake $0.36
Board [5d Tc Qd]
Seat 1: simper11 (big blind) collected ($17.64)
Seat 2: Zeeon (button) (small blind) folded on the Flop


PokerStars Hand #146339914459:  Hold'em Limit ($3/$6 USD) - 2016/01/02 13:20:09 ET
Table 'Naantali' 2-max Seat #2 is the button
Seat 1: simper11 ($223.68 in chips)
Seat 2: Zeeon ($102.07 in chips)
Zeeon: posts small blind $1
simper11: posts big blind $3
*** HOLE CARDS ***
Zeeon: raises $3 to $6
simper11: calls $3
*** FLOP *** [2h Ad Tc]
simper11: checks
Zeeon: bets $3
simper11: folds
Uncalled bet ($3) returned to Zeeon
Zeeon collected $11.76 from pot
*** SUMMARY ***
Total pot $12 | Rake $0.24
Board [2h Ad Tc]
Seat 1: simper11 (big blind) folded on the Flop
Seat 2: Zeeon (button) (small blind) collected ($11.76)


PokerStars Hand #146339909519:  Hold'em Limit ($3/$6 USD) - 2016/01/02 13:20:03 ET
Table 'Naantali' 2-max Seat #1 is the button
Seat 1: simper11 ($224.68 in chips)
Seat 2: Zeeon ($101.07 in chips)
simper11: posts small blind $1
Zeeon: posts big blind $3
*** HOLE CARDS ***
simper11: folds
Uncalled bet ($2) returned to Zeeon
Zeeon collected $2 from pot
*** SUMMARY ***
Total pot $2 | Rake $0
Seat 1: simper11 (button) (small blind) folded before Flop
Seat 2: Zeeon (big blind) collected ($2)


PokerStars Hand #146339895155:  Hold'em Limit ($3/$6 USD) - 2016/01/02 13:19:50 ET
Table 'Naantali' 2-max Seat #2 is the button
Seat 1: simper11 ($213.16 in chips)
Seat 2: Zeeon ($113.07 in chips)
Zeeon: posts small blind $1
simper11: posts big blind $3
*** HOLE CARDS ***
Zeeon: raises $3 to $6
simper11: calls $3
*** FLOP *** [Js 5h 3h]
simper11: checks
Zeeon: bets $3
simper11: raises $3 to $6
Zeeon: calls $3
*** TURN *** [Js 5h 3h] [Qd]
simper11: bets $6
Zeeon: folds
Uncalled bet ($6) returned to simper11
simper11 collected $23.52 from pot
simper11: doesn't show hand
*** SUMMARY ***
Total pot $24 | Rake $0.48
Board [Js 5h 3h Qd]
Seat 1: simper11 (big blind) collected ($23.52)
Seat 2: Zeeon (button) (small blind) folded on the Turn


PokerStars Hand #146339889977:  Hold'em Limit ($3/$6 USD) - 2016/01/02 13:19:45 ET
Table 'Naantali' 2-max Seat #1 is the button
Seat 1: simper11 ($214.16 in chips)
Seat 2: Zeeon ($112.07 in chips)
simper11: posts small blind $1
Zeeon: posts big blind $3
*** HOLE CARDS ***
simper11: folds
Uncalled bet ($2) returned to Zeeon
Zeeon collected $2 from pot
*** SUMMARY ***
Total pot $2 | Rake $0
Seat 1: simper11 (button) (small blind) folded before Flop
Seat 2: Zeeon (big blind) collected ($2)


PokerStars Hand #146339884810:  Hold'em Limit ($3/$6 USD) - 2016/01/02 13:19:40 ET
Table 'Naantali' 2-max Seat #2 is the button
Seat 1: simper11 ($213.16 in chips)
Seat 2: Zeeon ($113.07 in chips)
Zeeon: posts small blind $1
simper11: posts big blind $3
*** HOLE CARDS ***
Zeeon: folds
Uncalled bet ($2) returned to simper11
simper11 collected $2 from pot
simper11: doesn't show hand
*** SUMMARY ***
Total pot $2 | Rake $0
Seat 1: simper11 (big blind) collected ($2)
Seat 2: Zeeon (button) (small blind) folded before Flop


PokerStars Hand #146339868987:  Hold'em Limit ($3/$6 USD) - 2016/01/02 13:19:24 ET
Table 'Naantali' 2-max Seat #1 is the button
Seat 1: simper11 ($222.16 in chips)
Seat 2: Zeeon ($104.43 in chips)
simper11: posts small blind $1
Zeeon: posts big blind $3
*** HOLE CARDS ***
simper11: raises $3 to $6
Zeeon: calls $3
*** FLOP *** [2c 8c 2d]
Zeeon: checks
simper11: bets $3
Zeeon: calls $3
*** TURN *** [2c 8c 2d] [7d]
Zeeon: checks
simper11: checks
*** RIVER *** [2c 8c 2d 7d] [9d]
Zeeon: checks
simper11: checks
*** SHOW DOWN ***
Zeeon: shows [4c Ac] (a pair of Deuces)
simper11: mucks hand
Zeeon collected $17.64 from pot
*** SUMMARY ***
Total pot $18 | Rake $0.36
Board [2c 8c 2d 7d 9d]
Seat 1: simper11 (button) (small blind) mucked
Seat 2: Zeeon (big blind) showed [4c Ac] and won ($17.64) with a pair of Deuces


PokerStars Hand #146339862492:  Hold'em Limit ($3/$6 USD) - 2016/01/02 13:19:18 ET
Table 'Naantali' 2-max Seat #2 is the button
Seat 1: simper11 ($225.16 in chips)
Seat 2: Zeeon ($101.43 in chips)
Zeeon: posts small blind $1
simper11: posts big blind $3
*** HOLE CARDS ***
Zeeon: raises $3 to $6
simper11: folds
Uncalled bet ($3) returned to Zeeon
Zeeon collected $6 from pot
*** SUMMARY ***
Total pot $6 | Rake $0
Seat 1: simper11 (big blind) folded before Flop
Seat 2: Zeeon (button) (small blind) collected ($6)


PokerStars Hand #146339982581:  Hold'em Limit ($3/$6 USD) - 2016/01/02 13:21:15 ET
Table 'Naantali' 2-max Seat #1 is the button
Seat 1: simper11 ($190.68 in chips)
Seat 2: Zeeon ($133.97 in chips)
simper11: posts small blind $1
Zeeon: posts big blind $3
*** HOLE CARDS ***
simper11: raises $3 to $6
Zeeon: folds
Uncalled bet ($3) returned to simper11
simper11 collected $6 from pot
simper11: doesn't show hand
*** SUMMARY ***
Total pot $6 | Rake $0
Seat 1: simper11 (button) (small blind) collected ($6)
Seat 2: Zeeon (big blind) folded before Flop


PokerStars Hand #146339977895:  Hold'em Limit ($3/$6 USD) - 2016/01/02 13:21:11 ET
Table 'Naantali' 2-max Seat #2 is the button
Seat 1: simper11 ($189.68 in chips)
Seat 2: Zeeon ($134.97 in chips)
Zeeon: posts small blind $1
simper11: posts big blind $3
*** HOLE CARDS ***
Zeeon: folds
Uncalled bet ($2) returned to simper11
simper11 collected $2 from pot
simper11: doesn't show hand
*** SUMMARY ***
Total pot $2 | Rake $0
Seat 1: simper11 (big blind) collected ($2)
Seat 2: Zeeon (button) (small blind) folded before Flop


PokerStars Hand #146339972464:  Hold'em Limit ($3/$6 USD) - 2016/01/02 13:21:05 ET
Table 'Naantali' 2-max Seat #1 is the button
Seat 1: simper11 ($190.68 in chips)
Seat 2: Zeeon ($133.97 in chips)
simper11: posts small blind $1
Zeeon: posts big blind $3
*** HOLE CARDS ***
simper11: folds
Uncalled bet ($2) returned to Zeeon
Zeeon collected $2 from pot
*** SUMMARY ***
Total pot $2 | Rake $0
Seat 1: simper11 (button) (small blind) folded before Flop
Seat 2: Zeeon (big blind) collected ($2)


PokerStars Hand #146339966316:  Hold'em Limit ($3/$6 USD) - 2016/01/02 13:20:59 ET
Table 'Naantali' 2-max Seat #2 is the button
Seat 1: simper11 ($193.68 in chips)
Seat 2: Zeeon ($130.97 in chips)
Zeeon: posts small blind $1
simper11: posts big blind $3
*** HOLE CARDS ***
Zeeon: raises $3 to $6
simper11: folds
Uncalled bet ($3) returned to Zeeon
Zeeon collected $6 from pot
*** SUMMARY ***
Total pot $6 | Rake $0
Seat 1: simper11 (big blind) folded before Flop
Seat 2: Zeeon (button) (small blind) collected ($6)


PokerStars Hand #146339961395:  Hold'em Limit ($3/$6 USD) - 2016/01/02 13:20:54 ET
Table 'Naantali' 2-max Seat #1 is the button
Seat 1: simper11 ($194.68 in chips)
Seat 2: Zeeon ($129.97 in chips)
simper11: posts small blind $1
Zeeon: posts big blind $3
*** HOLE CARDS ***
simper11: folds
Uncalled bet ($2) returned to Zeeon
Zeeon collected $2 from pot
*** SUMMARY ***
Total pot $2 | Rake $0
Seat 1: simper11 (button) (small blind) folded before Flop
Seat 2: Zeeon (big blind) collected ($2)


PokerStars Hand #146339945292:  Hold'em Limit ($3/$6 USD) - 2016/01/02 13:20:39 ET
Table 'Naantali' 2-max Seat #2 is the button
Seat 1: simper11 ($212.68 in chips)
Seat 2: Zeeon ($112.47 in chips)
Zeeon: posts small blind $1
simper11: posts big blind $3
*** HOLE CARDS ***
Zeeon: raises $3 to $6
simper11: calls $3
*** FLOP *** [4s 3h 2s]
simper11: checks
Zeeon: checks
*** TURN *** [4s 3h 2s] [5s]
simper11: checks
Zeeon: bets $6
simper11: calls $6
*** RIVER *** [4s 3h 2s 5s] [Qd]
simper11: checks
Zeeon: bets $6
simper11: calls $6
*** SHOW DOWN ***
Zeeon: shows [Ac 7d] (a straight, Ace to Five)
simper11: mucks hand
Zeeon collected $35.50 from pot
*** SUMMARY ***
Total pot $36 | Rake $0.50
Board [4s 3h 2s 5s Qd]
Seat 1: simper11 (big blind) mucked
Seat 2: Zeeon (button) (small blind) showed [Ac 7d] and won ($35.50) with a straight, Ace to Five


PokerStars Hand #146339936552:  Hold'em Limit ($3/$6 USD) - 2016/01/02 13:20:30 ET
Table 'Naantali' 2-max Seat #1 is the button
Seat 1: simper11 ($221.68 in chips)
Seat 2: Zeeon ($103.83 in chips)
simper11: posts small blind $1
Zeeon: posts big blind $3
*** HOLE CARDS ***
simper11: raises $3 to $6
Zeeon: raises $3 to $9
simper11: calls $3
*** FLOP *** [As Kc 3d]
Zeeon: bets $3
simper11: folds
Uncalled bet ($3) returned to Zeeon
Zeeon collected $17.64 from pot
*** SUMMARY ***
Total pot $18 | Rake $0.36
Board [As Kc 3d]
Seat 1: simper11 (button) (small blind) folded on the Flop
Seat 2: Zeeon (big blind) collected ($17.64)


PokerStars Hand #146339931599:  Hold'em Limit ($3/$6 USD) - 2016/01/02 13:20:25 ET
Table 'Naantali' 2-max Seat #2 is the button
Seat 1: simper11 ($220.68 in chips)
Seat 2: Zeeon ($104.83 in chips)
Zeeon: posts small blind $1
simper11: posts big blind $3
*** HOLE CARDS ***
Zeeon: folds
Uncalled bet ($2) returned to simper11
simper11 collected $2 from pot
simper11: doesn't show hand
*** SUMMARY ***
Total pot $2 | Rake $0
Seat 1: simper11 (big blind) collected ($2)
Seat 2: Zeeon (button) (small blind) folded before Flop


PokerStars Hand #146339926316:  Hold'em Limit ($3/$6 USD) - 2016/01/02 13:20:20 ET
Table 'Naantali' 2-max Seat #1 is the button
Seat 1: simper11 ($217.68 in chips)
Seat 2: Zeeon ($107.83 in chips)
simper11: posts small blind $1
Zeeon: posts big blind $3
*** HOLE CARDS ***
simper11: raises $3 to $6
Zeeon: folds
Uncalled bet ($3) returned to simper11
simper11 collected $6 from pot
simper11: doesn't show hand
*** SUMMARY ***
Total pot $6 | Rake $0
Seat 1: simper11 (button) (small blind) collected ($6)
Seat 2: Zeeon (big blind) folded before Flop


PokerStars Hand #146340033209:  Hold'em Limit ($3/$6 USD) - 2016/01/02 13:22:05 ET
Table 'Naantali' 2-max Seat #2 is the button
Seat 1: simper11 ($211.94 in chips)
Seat 2: Zeeon ($111.73 in chips)
Zeeon: posts small blind $1
simper11: posts big blind $3
*** HOLE CARDS ***
Zeeon: raises $3 to $6
simper11: calls $3
*** FLOP *** [4d Jc Ah]
simper11: checks
Zeeon: bets $3
simper11: folds
Uncalled bet ($3) returned to Zeeon
Zeeon collected $11.76 from pot
*** SUMMARY ***
Total pot $12 | Rake $0.24
Board [4d Jc Ah]
Seat 1: simper11 (big blind) folded on the Flop
Seat 2: Zeeon (button) (small blind) collected ($11.76)


PokerStars Hand #146340020126:  Hold'em Limit ($3/$6 USD) - 2016/01/02 13:21:52 ET
Table 'Naantali' 2-max Seat #1 is the button
Seat 1: simper11 ($206.18 in chips)
Seat 2: Zeeon ($117.73 in chips)
simper11: posts small blind $1
Zeeon: posts big blind $3
*** HOLE CARDS ***
simper11: raises $3 to $6
Zeeon: calls $3
*** FLOP *** [9d Kh Ts]
Zeeon: checks
simper11: bets $3
Zeeon: folds
Uncalled bet ($3) returned to simper11
simper11 collected $11.76 from pot
simper11: doesn't show hand
*** SUMMARY ***
Total pot $12 | Rake $0.24
Board [9d Kh Ts]
Seat 1: simper11 (button) (small blind) collected ($11.76)
Seat 2: Zeeon (big blind) folded on the Flop


PokerStars Hand #146340003652:  Hold'em Limit ($3/$6 USD) - 2016/01/02 13:21:36 ET
Table 'Naantali' 2-max Seat #1 is the button
Seat 1: simper11 ($211.18 in chips)
Seat 2: Zeeon ($112.97 in chips)
simper11: posts small blind $1
Zeeon: posts big blind $3
*** HOLE CARDS ***
simper11: raises $3 to $6
Zeeon: calls $3
*** FLOP *** [Kd Qh 8d]
Zeeon: bets $3
simper11: folds
Uncalled bet ($3) returned to Zeeon
Zeeon collected $11.76 from pot
*** SUMMARY ***
Total pot $12 | Rake $0.24
Board [Kd Qh 8d]
Seat 1: simper11 (button) (small blind) folded on the Flop
Seat 2: Zeeon (big blind) collected ($11.76)


PokerStars Hand #146339988680:  Hold'em Limit ($3/$6 USD) - 2016/01/02 13:21:21 ET
Table 'Naantali' 2-max Seat #2 is the button
Seat 1: simper11 ($193.68 in chips)
Seat 2: Zeeon ($130.97 in chips)
Zeeon: posts small blind $1
simper11: posts big blind $3
*** HOLE CARDS ***
Zeeon: raises $3 to $6
simper11: calls $3
*** FLOP *** [Th 9d 6s]
simper11: checks
Zeeon: checks
*** TURN *** [Th 9d 6s] [Ts]
simper11: checks
Zeeon: bets $6
simper11: calls $6
*** RIVER *** [Th 9d 6s Ts] [Ks]
simper11: checks
Zeeon: bets $6
simper11: calls $6
*** SHOW DOWN ***
Zeeon: shows [Qh 3s] (a pair of Tens)
simper11: shows [8d Kh] (two pair, Kings and Tens)
simper11 collected $35.50 from pot
*** SUMMARY ***
Total pot $36 | Rake $0.50
Board [Th 9d 6s Ts Ks]
Seat 1: simper11 (big blind) showed [8d Kh] and won ($35.50) with two pair, Kings and Tens
Seat 2: Zeeon (button) (small blind) showed [Qh 3s] and lost with a pair of Tens


PokerStars Hand #146340104287:  Hold'em Limit ($3/$6 USD) - 2016/01/02 13:23:14 ET
Table 'Naantali' 2-max Seat #2 is the button
Seat 1: simper11 ($211.22 in chips)
Seat 2: Zeeon ($110.89 in chips)
Zeeon: posts small blind $1
simper11: posts big blind $3
*** HOLE CARDS ***
Zeeon: folds
Uncalled bet ($2) returned to simper11
simper11 collected $2 from pot
simper11: doesn't show hand
*** SUMMARY ***
Total pot $2 | Rake $0
Seat 1: simper11 (big blind) collected ($2)
Seat 2: Zeeon (button) (small blind) folded before Flop


PokerStars Hand #146340092103:  Hold'em Limit ($3/$6 USD) - 2016/01/02 13:23:02 ET
Table 'Naantali' 2-max Seat #1 is the button
Seat 1: simper11 ($220.22 in chips)
Seat 2: Zeeon ($102.25 in chips)
simper11: posts small blind $1
Zeeon: posts big blind $3
*** HOLE CARDS ***
simper11: raises $3 to $6
Zeeon: calls $3
*** FLOP *** [3c 3d Qd]
Zeeon: checks
simper11: bets $3
Zeeon: raises $3 to $6
simper11: folds
Uncalled bet ($3) returned to Zeeon
Zeeon collected $17.64 from pot
*** SUMMARY ***
Total pot $18 | Rake $0.36
Board [3c 3d Qd]
Seat 1: simper11 (button) (small blind) folded on the Flop
Seat 2: Zeeon (big blind) collected ($17.64)


PokerStars Hand #146340081197:  Hold'em Limit ($3/$6 USD) - 2016/01/02 13:22:51 ET
Table 'Naantali' 2-max Seat #2 is the button
Seat 1: simper11 ($214.46 in chips)
Seat 2: Zeeon ($108.25 in chips)
Zeeon: posts small blind $1
simper11: posts big blind $3
*** HOLE CARDS ***
Zeeon: raises $3 to $6
simper11: calls $3
*** FLOP *** [Kh 7d 4c]
simper11: checks
Zeeon: checks
*** TURN *** [Kh 7d 4c] [6s]
simper11: bets $6
Zeeon: folds
Uncalled bet ($6) returned to simper11
simper11 collected $11.76 from pot
simper11: doesn't show hand
*** SUMMARY ***
Total pot $12 | Rake $0.24
Board [Kh 7d 4c 6s]
Seat 1: simper11 (big blind) collected ($11.76)
Seat 2: Zeeon (button) (small blind) folded on the Turn


PokerStars Hand #146340074990:  Hold'em Limit ($3/$6 USD) - 2016/01/02 13:22:46 ET
Table 'Naantali' 2-max Seat #1 is the button
Seat 1: simper11 ($211.46 in chips)
Seat 2: Zeeon ($111.25 in chips)
simper11: posts small blind $1
Zeeon: posts big blind $3
*** HOLE CARDS ***
simper11: raises $3 to $6
Zeeon: folds
Uncalled bet ($3) returned to simper11
simper11 collected $6 from pot
simper11: doesn't show hand
*** SUMMARY ***
Total pot $6 | Rake $0
Seat 1: simper11 (button) (small blind) collected ($6)
Seat 2: Zeeon (big blind) folded before Flop


PokerStars Hand #146340066487:  Hold'em Limit ($3/$6 USD) - 2016/01/02 13:22:37 ET
Table 'Naantali' 2-max Seat #2 is the button
Seat 1: simper11 ($217.46 in chips)
Seat 2: Zeeon ($105.49 in chips)
Zeeon: posts small blind $1
simper11: posts big blind $3
*** HOLE CARDS ***
Zeeon: raises $3 to $6
simper11: calls $3
*** FLOP *** [Jc Jd 6d]
simper11: checks
Zeeon: bets $3
simper11: folds
Uncalled bet ($3) returned to Zeeon
Zeeon collected $11.76 from pot
*** SUMMARY ***
Total pot $12 | Rake $0.24
Board [Jc Jd 6d]
Seat 1: simper11 (big blind) folded on the Flop
Seat 2: Zeeon (button) (small blind) collected ($11.76)


PokerStars Hand #146340061604:  Hold'em Limit ($3/$6 USD) - 2016/01/02 13:22:33 ET
Table 'Naantali' 2-max Seat #1 is the button
Seat 1: simper11 ($214.46 in chips)
Seat 2: Zeeon ($108.49 in chips)
simper11: posts small blind $1
Zeeon: posts big blind $3
*** HOLE CARDS ***
simper11: raises $3 to $6
Zeeon: folds
Uncalled bet ($3) returned to simper11
simper11 collected $6 from pot
simper11: doesn't show hand
*** SUMMARY ***
Total pot $6 | Rake $0
Seat 1: simper11 (button) (small blind) collected ($6)
Seat 2: Zeeon (big blind) folded before Flop


PokerStars Hand #146340056319:  Hold'em Limit ($3/$6 USD) - 2016/01/02 13:22:28 ET
Table 'Naantali' 2-max Seat #2 is the button
Seat 1: simper11 ($217.46 in chips)
Seat 2: Zeeon ($105.49 in chips)
Zeeon: posts small blind $1
simper11: posts big blind $3
*** HOLE CARDS ***
Zeeon: raises $3 to $6
simper11: folds
Uncalled bet ($3) returned to Zeeon
Zeeon collected $6 from pot
*** SUMMARY ***
Total pot $6 | Rake $0
Seat 1: simper11 (big blind) folded before Flop
Seat 2: Zeeon (button) (small blind) collected ($6)


PokerStars Hand #146340041573:  Hold'em Limit ($3/$6 USD) - 2016/01/02 13:22:13 ET
Table 'Naantali' 2-max Seat #1 is the button
Seat 1: simper11 ($205.94 in chips)
Seat 2: Zeeon ($117.49 in chips)
simper11: posts small blind $1
Zeeon: posts big blind $3
*** HOLE CARDS ***
simper11: raises $3 to $6
Zeeon: calls $3
*** FLOP *** [9h Qc Jc]
Zeeon: bets $3
simper11: raises $3 to $6
Zeeon: calls $3
*** TURN *** [9h Qc Jc] [Ks]
Zeeon: checks
simper11: bets $6
Zeeon: folds
Uncalled bet ($6) returned to simper11
simper11 collected $23.52 from pot
simper11: doesn't show hand
*** SUMMARY ***
Total pot $24 | Rake $0.48
Board [9h Qc Jc Ks]
Seat 1: simper11 (button) (small blind) collected ($23.52)
Seat 2: Zeeon (big blind) folded on the Turn


PokerStars Hand #146340169192:  Hold'em Limit ($3/$6 USD) - 2016/01/02 13:24:17 ET
Table 'Naantali' 2-max Seat #2 is the button
Seat 1: simper11 ($258.22 in chips)
Seat 2: Zeeon ($62.89 in chips)
Zeeon: posts small blind $1
simper11: posts big blind $3
*** HOLE CARDS ***
Zeeon: folds
Uncalled bet ($2) returned to simper11
simper11 collected $2 from pot
simper11: doesn't show hand
*** SUMMARY ***
Total pot $2 | Rake $0
Seat 1: simper11 (big blind) collected ($2)
Seat 2: Zeeon (button) (small blind) folded before Flop


PokerStars Hand #146340152227:  Hold'em Limit ($3/$6 USD) - 2016/01/02 13:24:00 ET
Table 'Naantali' 2-max Seat #1 is the button
Seat 1: simper11 ($237.72 in chips)
Seat 2: Zeeon ($83.89 in chips)
simper11: posts small blind $1
Zeeon: posts big blind $3
*** HOLE CARDS ***
simper11: raises $3 to $6
Zeeon: calls $3
*** FLOP *** [2d 7c 6h]
Zeeon: checks
simper11: bets $3
Zeeon: calls $3
*** TURN *** [2d 7c 6h] [Td]
Zeeon: checks
simper11: bets $6
Zeeon: raises $6 to $12
simper11: raises $6 to $18
Zeeon: folds
Uncalled bet ($6) returned to simper11
simper11 collected $41.50 from pot
simper11: doesn't show hand
*** SUMMARY ***
Total pot $42 | Rake $0.50
Board [2d 7c 6h Td]
Seat 1: simper11 (button) (small blind) collected ($41.50)
Seat 2: Zeeon (big blind) folded on the Turn


PokerStars Hand #146340147392:  Hold'em Limit ($3/$6 USD) - 2016/01/02 13:23:56 ET
Table 'Naantali' 2-max Seat #2 is the button
Seat 1: simper11 ($236.72 in chips)
Seat 2: Zeeon ($84.89 in chips)
Zeeon: posts small blind $1
simper11: posts big blind $3
*** HOLE CARDS ***
Zeeon: folds
Uncalled bet ($2) returned to simper11
simper11 collected $2 from pot
simper11: doesn't show hand
*** SUMMARY ***
Total pot $2 | Rake $0
Seat 1: simper11 (big blind) collected ($2)
Seat 2: Zeeon (button) (small blind) folded before Flop


PokerStars Hand #146340129318:  Hold'em Limit ($3/$6 USD) - 2016/01/02 13:23:38 ET
Table 'Naantali' 2-max Seat #1 is the button
Seat 1: simper11 ($216.22 in chips)
Seat 2: Zeeon ($105.89 in chips)
simper11: posts small blind $1
Zeeon: posts big blind $3
*** HOLE CARDS ***
simper11: raises $3 to $6
Zeeon: calls $3
*** FLOP *** [6s 5h Kc]
Zeeon: checks
simper11: bets $3
Zeeon: calls $3
*** TURN *** [6s 5h Kc] [6c]
Zeeon: checks
simper11: bets $6
Zeeon: calls $6
*** RIVER *** [6s 5h Kc 6c] [Tc]
Zeeon: checks
simper11: bets $6
Zeeon: calls $6
*** SHOW DOWN ***
simper11: shows [Ks 8s] (two pair, Kings and Sixes)
Zeeon: mucks hand
simper11 collected $41.50 from pot
*** SUMMARY ***
Total pot $42 | Rake $0.50
Board [6s 5h Kc 6c Tc]
Seat 1: simper11 (button) (small blind) showed [Ks 8s] and won ($41.50) with two pair, Kings and Sixes
Seat 2: Zeeon (big blind) mucked


PokerStars Hand #146340124398:  Hold'em Limit ($3/$6 USD) - 2016/01/02 13:23:33 ET
Table 'Naantali' 2-max Seat #2 is the button
Seat 1: simper11 ($215.22 in chips)
Seat 2: Zeeon ($106.89 in chips)
Zeeon: posts small blind $1
simper11: posts big blind $3
*** HOLE CARDS ***
Zeeon: folds
Uncalled bet ($2) returned to simper11
simper11 collected $2 from pot
simper11: doesn't show hand
*** SUMMARY ***
Total pot $2 | Rake $0
Seat 1: simper11 (big blind) collected ($2)
Seat 2: Zeeon (button) (small blind) folded before Flop


PokerStars Hand #146340119110:  Hold'em Limit ($3/$6 USD) - 2016/01/02 13:23:28 ET
Table 'Naantali' 2-max Seat #1 is the button
Seat 1: simper11 ($212.22 in chips)
Seat 2: Zeeon ($109.89 in chips)
simper11: posts small blind $1
Zeeon: posts big blind $3
*** HOLE CARDS ***
simper11: raises $3 to $6
Zeeon: folds
Uncalled bet ($3) returned to simper11
simper11 collected $6 from pot
simper11: doesn't show hand
*** SUMMARY ***
Total pot $6 | Rake $0
Seat 1: simper11 (button) (small blind) collected ($6)
Seat 2: Zeeon (big blind) folded before Flop


PokerStars Hand #146340114140:  Hold'em Limit ($3/$6 USD) - 2016/01/02 13:23:23 ET
Table 'Naantali' 2-max Seat #2 is the button
Seat 1: simper11 ($211.22 in chips)
Seat 2: Zeeon ($110.89 in chips)
Zeeon: posts small blind $1
simper11: posts big blind $3
*** HOLE CARDS ***
Zeeon: folds
Uncalled bet ($2) returned to simper11
simper11 collected $2 from pot
simper11: doesn't show hand
*** SUMMARY ***
Total pot $2 | Rake $0
Seat 1: simper11 (big blind) collected ($2)
Seat 2: Zeeon (button) (small blind) folded before Flop


PokerStars Hand #146340109026:  Hold'em Limit ($3/$6 USD) - 2016/01/02 13:23:18 ET
Table 'Naantali' 2-max Seat #1 is the button
Seat 1: simper11 ($212.22 in chips)
Seat 2: Zeeon ($109.89 in chips)
simper11: posts small blind $1
Zeeon: posts big blind $3
*** HOLE CARDS ***
simper11: folds
Uncalled bet ($2) returned to Zeeon
Zeeon collected $2 from pot
*** SUMMARY ***
Total pot $2 | Rake $0
Seat 1: simper11 (button) (small blind) folded before Flop
Seat 2: Zeeon (big blind) collected ($2)


PokerStars Hand #146340221521:  Hold'em Limit ($3/$6 USD) - 2016/01/02 13:25:08 ET
Table 'Naantali' 2-max Seat #2 is the button
Seat 1: simper11 ($313.22 in chips)
Seat 2: Zeeon ($6.89 in chips)
Zeeon: posts small blind $1
simper11: posts big blind $3
*** HOLE CARDS ***
Zeeon: folds
Uncalled bet ($2) returned to simper11
simper11 collected $2 from pot
simper11: doesn't show hand
*** SUMMARY ***
Total pot $2 | Rake $0
Seat 1: simper11 (big blind) collected ($2)
Seat 2: Zeeon (button) (small blind) folded before Flop


PokerStars Hand #146340206315:  Hold'em Limit ($3/$6 USD) - 2016/01/02 13:24:53 ET
Table 'Naantali' 2-max Seat #1 is the button
Seat 1: simper11 ($289.72 in chips)
Seat 2: Zeeon ($30.89 in chips)
simper11: posts small blind $1
Zeeon: posts big blind $3
*** HOLE CARDS ***
simper11: raises $3 to $6
Zeeon: raises $3 to $9
simper11: calls $3
*** FLOP *** [8h 8d 9c]
Zeeon: bets $3
simper11: calls $3
*** TURN *** [8h 8d 9c] [5d]
Zeeon: bets $6
simper11: calls $6
*** RIVER *** [8h 8d 9c 5d] [Ts]
Zeeon: bets $6
simper11: calls $6
*** SHOW DOWN ***
Zeeon: shows [7d Ac] (a pair of Eights)
simper11: shows [Ad Qs] (a pair of Eights - Ace+Queen kicker)
simper11 collected $47.50 from pot
*** SUMMARY ***
Total pot $48 | Rake $0.50
Board [8h 8d 9c 5d Ts]
Seat 1: simper11 (button) (small blind) showed [Ad Qs] and won ($47.50) with a pair of Eights
Seat 2: Zeeon (big blind) showed [7d Ac] and lost with a pair of Eights


PokerStars Hand #146340201522:  Hold'em Limit ($3/$6 USD) - 2016/01/02 13:24:48 ET
Table 'Naantali' 2-max Seat #2 is the button
Seat 1: simper11 ($288.72 in chips)
Seat 2: Zeeon ($31.89 in chips)
Zeeon: posts small blind $1
simper11: posts big blind $3
*** HOLE CARDS ***
Zeeon: folds
Uncalled bet ($2) returned to simper11
simper11 collected $2 from pot
simper11: doesn't show hand
*** SUMMARY ***
Total pot $2 | Rake $0
Seat 1: simper11 (big blind) collected ($2)
Seat 2: Zeeon (button) (small blind) folded before Flop


PokerStars Hand #146340196250:  Hold'em Limit ($3/$6 USD) - 2016/01/02 13:24:43 ET
Table 'Naantali' 2-max Seat #1 is the button
Seat 1: simper11 ($285.72 in chips)
Seat 2: Zeeon ($34.89 in chips)
simper11: posts small blind $1
Zeeon: posts big blind $3
*** HOLE CARDS ***
simper11: raises $3 to $6
Zeeon: folds
Uncalled bet ($3) returned to simper11
simper11 collected $6 from pot
simper11: doesn't show hand
*** SUMMARY ***
Total pot $6 | Rake $0
Seat 1: simper11 (button) (small blind) collected ($6)
Seat 2: Zeeon (big blind) folded before Flop


PokerStars Hand #146340178818:  Hold'em Limit ($3/$6 USD) - 2016/01/02 13:24:26 ET
Table 'Naantali' 2-max Seat #2 is the button
Seat 1: simper11 ($262.22 in chips)
Seat 2: Zeeon ($58.89 in chips)
Zeeon: posts small blind $1
simper11: posts big blind $3
*** HOLE CARDS ***
Zeeon: raises $3 to $6
simper11: raises $3 to $9
Zeeon: calls $3
*** FLOP *** [Qs 7c Ad]
simper11: bets $3
Zeeon: calls $3
*** TURN *** [Qs 7c Ad] [Tc]
simper11: bets $6
Zeeon: calls $6
*** RIVER *** [Qs 7c Ad Tc] [6d]
simper11: bets $6
Zeeon: calls $6
*** SHOW DOWN ***
simper11: shows [As Kh] (a pair of Aces)
Zeeon: mucks hand
simper11 collected $47.50 from pot
*** SUMMARY ***
Total pot $48 | Rake $0.50
Board [Qs 7c Ad Tc 6d]
Seat 1: simper11 (big blind) showed [As Kh] and won ($47.50) with a pair of Aces
Seat 2: Zeeon (button) (small blind) mucked


PokerStars Hand #146340174064:  Hold'em Limit ($3/$6 USD) - 2016/01/02 13:24:21 ET
Table 'Naantali' 2-max Seat #1 is the button
Seat 1: simper11 ($259.22 in chips)
Seat 2: Zeeon ($61.89 in chips)
simper11: posts small blind $1
Zeeon: posts big blind $3
*** HOLE CARDS ***
simper11: raises $3 to $6
Zeeon: folds
Uncalled bet ($3) returned to simper11
simper11 collected $6 from pot
simper11: doesn't show hand
*** SUMMARY ***
Total pot $6 | Rake $0
Seat 1: simper11 (button) (small blind) collected ($6)
Seat 2: Zeeon (big blind) folded before Flop


PokerStars Hand #146340286195:  Hold'em Limit ($3/$6 USD) - 2016/01/02 13:26:11 ET
Table 'Naantali' 2-max Seat #2 is the button
Seat 1: simper11 ($302.97 in chips)
Seat 2: Zeeon ($63.07 in chips)
Zeeon: posts small blind $1
simper11: posts big blind $3
*** HOLE CARDS ***
Zeeon: raises $3 to $6
simper11: folds
Uncalled bet ($3) returned to Zeeon
Zeeon collected $6 from pot
*** SUMMARY ***
Total pot $6 | Rake $0
Seat 1: simper11 (big blind) folded before Flop
Seat 2: Zeeon (button) (small blind) collected ($6)


PokerStars Hand #146340280954:  Hold'em Limit ($3/$6 USD) - 2016/01/02 13:26:05 ET
Table 'Naantali' 2-max Seat #1 is the button
Seat 1: simper11 ($299.97 in chips)
Seat 2: Zeeon ($66.07 in chips)
simper11: posts small blind $1
Zeeon: posts big blind $3
*** HOLE CARDS ***
simper11: raises $3 to $6
Zeeon: folds
Uncalled bet ($3) returned to simper11
simper11 collected $6 from pot
simper11: doesn't show hand
*** SUMMARY ***
Total pot $6 | Rake $0
Seat 1: simper11 (button) (small blind) collected ($6)
Seat 2: Zeeon (big blind) folded before Flop


PokerStars Hand #146340276228:  Hold'em Limit ($3/$6 USD) - 2016/01/02 13:26:01 ET
Table 'Naantali' 2-max Seat #2 is the button
Seat 1: simper11 ($298.97 in chips)
Seat 2: Zeeon ($67.07 in chips)
Zeeon: posts small blind $1
simper11: posts big blind $3
*** HOLE CARDS ***
Zeeon: folds
Uncalled bet ($2) returned to simper11
simper11 collected $2 from pot
simper11: doesn't show hand
*** SUMMARY ***
Total pot $2 | Rake $0
Seat 1: simper11 (big blind) collected ($2)
Seat 2: Zeeon (button) (small blind) folded before Flop


PokerStars Hand #146340264578:  Hold'em Limit ($3/$6 USD) - 2016/01/02 13:25:49 ET
Table 'Naantali' 2-max Seat #1 is the button
Seat 1: simper11 ($290.33 in chips)
Seat 2: Zeeon ($76.07 in chips)
simper11: posts small blind $1
Zeeon: posts big blind $3
*** HOLE CARDS ***
simper11: raises $3 to $6
Zeeon: calls $3
*** FLOP *** [Ks Ad Qc]
Zeeon: checks
simper11: bets $3
Zeeon: calls $3
*** TURN *** [Ks Ad Qc] [Kd]
Zeeon: checks
simper11: bets $6
Zeeon: folds
Uncalled bet ($6) returned to simper11
simper11 collected $17.64 from pot
simper11: doesn't show hand
*** SUMMARY ***
Total pot $18 | Rake $0.36
Board [Ks Ad Qc Kd]
Seat 1: simper11 (button) (small blind) collected ($17.64)
Seat 2: Zeeon (big blind) folded on the Turn


PokerStars Hand #146340259306:  Hold'em Limit ($3/$6 USD) - 2016/01/02 13:25:44 ET
Table 'Naantali' 2-max Seat #2 is the button
Seat 1: simper11 ($293.33 in chips)
Seat 2: Zeeon ($73.07 in chips)
Zeeon: posts small blind $1
simper11: posts big blind $3
*** HOLE CARDS ***
Zeeon: raises $3 to $6
simper11: folds
Uncalled bet ($3) returned to Zeeon
Zeeon collected $6 from pot
*** SUMMARY ***
Total pot $6 | Rake $0
Seat 1: simper11 (big blind) folded before Flop
Seat 2: Zeeon (button) (small blind) collected ($6)


PokerStars Hand #146340250983:  Hold'em Limit ($3/$6 USD) - 2016/01/02 13:25:36 ET
Table 'Naantali' 2-max Seat #1 is the button
Seat 1: simper11 ($302.33 in chips)
Seat 2: Zeeon ($64.43 in chips)
simper11: posts small blind $1
Zeeon: posts big blind $3
*** HOLE CARDS ***
simper11: raises $3 to $6
Zeeon: raises $3 to $9
simper11: calls $3
*** FLOP *** [9c Ah 5d]
Zeeon: bets $3
simper11: folds
Uncalled bet ($3) returned to Zeeon
Zeeon collected $17.64 from pot
*** SUMMARY ***
Total pot $18 | Rake $0.36
Board [9c Ah 5d]
Seat 1: simper11 (button) (small blind) folded on the Flop
Seat 2: Zeeon (big blind) collected ($17.64)


PokerStars Hand #146340243369:  Hold'em Limit ($3/$6 USD) - 2016/01/02 13:25:29 ET
Table 'Naantali' 2-max Seat #2 is the button
Seat 1: simper11 ($308.33 in chips)
Seat 2: Zeeon ($58.67 in chips)
Zeeon: posts small blind $1
simper11: posts big blind $3
*** HOLE CARDS ***
Zeeon: raises $3 to $6
simper11: calls $3
*** FLOP *** [2d Jc 6h]
simper11: checks
Zeeon: bets $3
simper11: folds
Uncalled bet ($3) returned to Zeeon
Zeeon collected $11.76 from pot
*** SUMMARY ***
Total pot $12 | Rake $0.24
Board [2d Jc 6h]
Seat 1: simper11 (big blind) folded on the Flop
Seat 2: Zeeon (button) (small blind) collected ($11.76)


PokerStars Hand #146340226135:  Hold'em Limit ($3/$6 USD) - 2016/01/02 13:25:12 ET
Table 'Naantali' 2-max Seat #1 is the button
Seat 1: simper11 ($314.22 in chips)
Seat 2: Zeeon ($5.89 in chips)
simper11: posts small blind $1
Zeeon: posts big blind $3
*** HOLE CARDS ***
simper11: raises $3 to $6
Zeeon: calls $2.89 and is all-in
Uncalled bet ($0.11) returned to simper11
*** FLOP *** [8s 2d 9s]
*** TURN *** [8s 2d 9s] [3h]
*** RIVER *** [8s 2d 9s 3h] [Jd]
*** SHOW DOWN ***
Zeeon: shows [2c As] (a pair of Deuces)
simper11: shows [5d Th] (high card Jack)
Zeeon collected $11.54 from pot
*** SUMMARY ***
Total pot $11.78 | Rake $0.24
Board [8s 2d 9s 3h Jd]
Seat 1: simper11 (button) (small blind) showed [5d Th] and lost with high card Jack
Seat 2: Zeeon (big blind) showed [2c As] and won ($11.54) with a pair of Deuces


PokerStars Hand #146340301517:  Hold'em Limit ($3/$6 USD) - 2016/01/02 13:26:25 ET
Table 'Naantali' 2-max Seat #2 is the button
Seat 1: simper11 ($298.97 in chips)
Seat 2: Zeeon ($67.07 in chips)
Zeeon: posts small blind $1
simper11: posts big blind $3
*** HOLE CARDS ***
Zeeon: folds
Uncalled bet ($2) returned to simper11
simper11 collected $2 from pot
simper11: doesn't show hand
*** SUMMARY ***
Total pot $2 | Rake $0
Seat 1: simper11 (big blind) collected ($2)
Seat 2: Zeeon (button) (small blind) folded before Flop


PokerStars Hand #146340296753:  Hold'em Limit ($3/$6 USD) - 2016/01/02 13:26:21 ET
Table 'Naantali' 2-max Seat #1 is the button
Seat 1: simper11 ($299.97 in chips)
Seat 2: Zeeon ($66.07 in chips)
simper11: posts small blind $1
Zeeon: posts big blind $3
*** HOLE CARDS ***
simper11: folds
Uncalled bet ($2) returned to Zeeon
Zeeon collected $2 from pot
*** SUMMARY ***
Total pot $2 | Rake $0
Seat 1: simper11 (button) (small blind) folded before Flop
Seat 2: Zeeon (big blind) collected ($2)


PokerStars Hand #146340306262:  Hold'em Limit ($3/$6 USD) - 2016/01/02 13:26:30 ET
Table 'Naantali' 2-max Seat #1 is the button
Seat 1: simper11 ($299.97 in chips)
Seat 2: Zeeon ($66.07 in chips)
simper11: posts small blind $1
Zeeon: posts big blind $3
*** HOLE CARDS ***
simper11: folds
Uncalled bet ($2) returned to Zeeon
Zeeon collected $2 from pot
*** SUMMARY ***
Total pot $2 | Rake $0
Seat 1: simper11 (button) (small blind) folded before Flop
Seat 2: Zeeon (big blind) collected ($2)


PokerStars Hand #146340347324:  Hold'em Limit ($3/$6 USD) - 2016/01/02 13:27:10 ET
Table 'Naantali' 2-max Seat #1 is the button
Seat 1: simper11 ($289.97 in chips)
Seat 2: Zeeon ($75.59 in chips)
simper11: posts small blind $1
Zeeon: posts big blind $3
*** HOLE CARDS ***
simper11: folds
Uncalled bet ($2) returned to Zeeon
Zeeon collected $2 from pot
*** SUMMARY ***
Total pot $2 | Rake $0
Seat 1: simper11 (button) (small blind) folded before Flop
Seat 2: Zeeon (big blind) collected ($2)


PokerStars Hand #146340339193:  Hold'em Limit ($3/$6 USD) - 2016/01/02 13:27:02 ET
Table 'Naantali' 2-max Seat #2 is the button
Seat 1: simper11 ($295.97 in chips)
Seat 2: Zeeon ($69.83 in chips)
Zeeon: posts small blind $1
simper11: posts big blind $3
*** HOLE CARDS ***
Zeeon: raises $3 to $6
simper11: calls $3
*** FLOP *** [Kd 4d Qs]
simper11: checks
Zeeon: bets $3
simper11: folds
Uncalled bet ($3) returned to Zeeon
Zeeon collected $11.76 from pot
*** SUMMARY ***
Total pot $12 | Rake $0.24
Board [Kd 4d Qs]
Seat 1: simper11 (big blind) folded on the Flop
Seat 2: Zeeon (button) (small blind) collected ($11.76)


PokerStars Hand #146340332909:  Hold'em Limit ($3/$6 USD) - 2016/01/02 13:26:56 ET
Table 'Naantali' 2-max Seat #1 is the button
Seat 1: simper11 ($292.97 in chips)
Seat 2: Zeeon ($72.83 in chips)
simper11: posts small blind $1
Zeeon: posts big blind $3
*** HOLE CARDS ***
simper11: raises $3 to $6
Zeeon: folds
Uncalled bet ($3) returned to simper11
simper11 collected $6 from pot
simper11: doesn't show hand
*** SUMMARY ***
Total pot $6 | Rake $0
Seat 1: simper11 (button) (small blind) collected ($6)
Seat 2: Zeeon (big blind) folded before Flop


PokerStars Hand #146340325765:  Hold'em Limit ($3/$6 USD) - 2016/01/02 13:26:49 ET
Table 'Naantali' 2-max Seat #2 is the button
Seat 1: simper11 ($295.97 in chips)
Seat 2: Zeeon ($69.83 in chips)
Zeeon: posts small blind $1
simper11: posts big blind $3
*** HOLE CARDS ***
Zeeon: raises $3 to $6
simper11: folds
Uncalled bet ($3) returned to Zeeon
Zeeon collected $6 from pot
*** SUMMARY ***
Total pot $6 | Rake $0
Seat 1: simper11 (big blind) folded before Flop
Seat 2: Zeeon (button) (small blind) collected ($6)


PokerStars Hand #146340320423:  Hold'em Limit ($3/$6 USD) - 2016/01/02 13:26:44 ET
Table 'Naantali' 2-max Seat #1 is the button
Seat 1: simper11 ($292.97 in chips)
Seat 2: Zeeon ($72.83 in chips)
simper11: posts small blind $1
Zeeon: posts big blind $3
*** HOLE CARDS ***
simper11: raises $3 to $6
Zeeon: folds
Uncalled bet ($3) returned to simper11
simper11 collected $6 from pot
*** SUMMARY ***
Total pot $6 | Rake $0
Seat 1: simper11 (button) (small blind) collected ($6)
Seat 2: Zeeon (big blind) folded before Flop


PokerStars Hand #146340311528:  Hold'em Limit ($3/$6 USD) - 2016/01/02 13:26:35 ET
Table 'Naantali' 2-max Seat #2 is the button
Seat 1: simper11 ($298.97 in chips)
Seat 2: Zeeon ($67.07 in chips)
Zeeon: posts small blind $1
simper11: posts big blind $3
*** HOLE CARDS ***
Zeeon: raises $3 to $6
simper11: calls $3
*** FLOP *** [4d 3h 2c]
simper11: checks
Zeeon: bets $3
simper11: folds
Uncalled bet ($3) returned to Zeeon
Zeeon collected $11.76 from pot
*** SUMMARY ***
Total pot $12 | Rake $0.24
Board [4d 3h 2c]
Seat 1: simper11 (big blind) folded on the Flop
Seat 2: Zeeon (button) (small blind) collected ($11.76)


PokerStars Hand #146340364482:  Hold'em Limit ($3/$6 USD) - 2016/01/02 13:27:27 ET
Table 'Naantali' 2-max Seat #1 is the button
Seat 1: simper11 ($297.61 in chips)
Seat 2: Zeeon ($67.59 in chips)
simper11: posts small blind $1
Zeeon: posts big blind $3
*** HOLE CARDS ***
simper11: raises $3 to $6
Zeeon: folds
Uncalled bet ($3) returned to simper11
simper11 collected $6 from pot
simper11: doesn't show hand
*** SUMMARY ***
Total pot $6 | Rake $0
Seat 1: simper11 (button) (small blind) collected ($6)
Seat 2: Zeeon (big blind) folded before Flop


PokerStars Hand #146340352236:  Hold'em Limit ($3/$6 USD) - 2016/01/02 13:27:15 ET
Table 'Naantali' 2-max Seat #2 is the button
Seat 1: simper11 ($288.97 in chips)
Seat 2: Zeeon ($76.59 in chips)
Zeeon: posts small blind $1
simper11: posts big blind $3
*** HOLE CARDS ***
Zeeon: raises $3 to $6
simper11: calls $3
*** FLOP *** [6h Ah Jd]
simper11: checks
Zeeon: bets $3
simper11: calls $3
*** TURN *** [6h Ah Jd] [2h]
simper11: checks
Zeeon: checks
*** RIVER *** [6h Ah Jd 2h] [8s]
simper11: bets $6
Zeeon: folds
Uncalled bet ($6) returned to simper11
simper11 collected $17.64 from pot
simper11: doesn't show hand
*** SUMMARY ***
Total pot $18 | Rake $0.36
Board [6h Ah Jd 2h 8s]
Seat 1: simper11 (big blind) collected ($17.64)
Seat 2: Zeeon (button) (small blind) folded on the River


PokerStars Hand #146340369833:  Hold'em Limit ($3/$6 USD) - 2016/01/02 13:27:32 ET
Table 'Naantali' 2-max Seat #2 is the button
Seat 1: simper11 ($300.61 in chips)
Seat 2: Zeeon ($64.59 in chips)
Zeeon: posts small blind $1
simper11: posts big blind $3
*** HOLE CARDS ***
Zeeon: raises $3 to $6
simper11: folds
Uncalled bet ($3) returned to Zeeon
Zeeon collected $6 from pot
*** SUMMARY ***
Total pot $6 | Rake $0
Seat 1: simper11 (big blind) folded before Flop
Seat 2: Zeeon (button) (small blind) collected ($6)


PokerStars Hand #146340380520:  Hold'em Limit ($3/$6 USD) - 2016/01/02 13:27:43 ET
Table 'Naantali' 2-max Seat #2 is the button
Seat 1: simper11 ($300.61 in chips)
Seat 2: Zeeon ($64.59 in chips)
Zeeon: posts small blind $1
simper11: posts big blind $3
*** HOLE CARDS ***
Zeeon: raises $3 to $6
simper11: raises $3 to $9
Zeeon: calls $3
*** FLOP *** [6d Jh 9h]
simper11: bets $3
Zeeon: folds
Uncalled bet ($3) returned to simper11
simper11 collected $17.64 from pot
simper11: doesn't show hand
*** SUMMARY ***
Total pot $18 | Rake $0.36
Board [6d Jh 9h]
Seat 1: simper11 (big blind) collected ($17.64)
Seat 2: Zeeon (button) (small blind) folded on the Flop


PokerStars Hand #146340374923:  Hold'em Limit ($3/$6 USD) - 2016/01/02 13:27:37 ET
Table 'Naantali' 2-max Seat #1 is the button
Seat 1: simper11 ($297.61 in chips)
Seat 2: Zeeon ($67.59 in chips)
simper11: posts small blind $1
Zeeon: posts big blind $3
*** HOLE CARDS ***
simper11: raises $3 to $6
Zeeon: folds
Uncalled bet ($3) returned to simper11
simper11 collected $6 from pot
simper11: doesn't show hand
*** SUMMARY ***
Total pot $6 | Rake $0
Seat 1: simper11 (button) (small blind) collected ($6)
Seat 2: Zeeon (big blind) folded before Flop


PokerStars Hand #146340389247:  Hold'em Limit ($3/$6 USD) - 2016/01/02 13:27:51 ET
Table 'Naantali' 2-max Seat #1 is the button
Seat 1: simper11 ($309.25 in chips)
Seat 2: Zeeon ($55.59 in chips)
simper11: posts small blind $1
Zeeon: posts big blind $3
*** HOLE CARDS ***
simper11: raises $3 to $6
Zeeon: calls $3
*** FLOP *** [9h 6h 4d]
Zeeon: checks
simper11: bets $3
Zeeon: raises $3 to $6
simper11: calls $3
*** TURN *** [9h 6h 4d] [2d]
Zeeon: bets $6
simper11: raises $6 to $12
Zeeon: calls $6
*** RIVER *** [9h 6h 4d 2d] [5d]
Zeeon: bets $6
simper11: calls $6
*** SHOW DOWN ***
Zeeon: shows [5h 4h] (two pair, Fives and Fours)
simper11: mucks hand
Zeeon collected $59.50 from pot
*** SUMMARY ***
Total pot $60 | Rake $0.50
Board [9h 6h 4d 2d 5d]
Seat 1: simper11 (button) (small blind) mucked
Seat 2: Zeeon (big blind) showed [5h 4h] and won ($59.50) with two pair, Fives and Fours


PokerStars Hand #146340425104:  Hold'em Limit ($3/$6 USD) - 2016/01/02 13:28:26 ET
Table 'Naantali' 2-max Seat #1 is the button
Seat 1: simper11 ($287.89 in chips)
Seat 2: Zeeon ($76.09 in chips)
simper11: posts small blind $1
Zeeon: posts big blind $3
*** HOLE CARDS ***
simper11: raises $3 to $6
Zeeon: folds
Uncalled bet ($3) returned to simper11
simper11 collected $6 from pot
simper11: doesn't show hand
*** SUMMARY ***
Total pot $6 | Rake $0
Seat 1: simper11 (button) (small blind) collected ($6)
Seat 2: Zeeon (big blind) folded before Flop


PokerStars Hand #146340413083:  Hold'em Limit ($3/$6 USD) - 2016/01/02 13:28:14 ET
Table 'Naantali' 2-max Seat #2 is the button
Seat 1: simper11 ($279.25 in chips)
Seat 2: Zeeon ($85.09 in chips)
Zeeon: posts small blind $1
simper11: posts big blind $3
*** HOLE CARDS ***
Zeeon: raises $3 to $6
simper11: calls $3
*** FLOP *** [3d As 4s]
simper11: checks
Zeeon: bets $3
simper11: calls $3
*** TURN *** [3d As 4s] [Qs]
simper11: checks
Zeeon: checks
*** RIVER *** [3d As 4s Qs] [8h]
simper11: bets $6
Zeeon: folds
Uncalled bet ($6) returned to simper11
simper11 collected $17.64 from pot
simper11: doesn't show hand
*** SUMMARY ***
Total pot $18 | Rake $0.36
Board [3d As 4s Qs 8h]
Seat 1: simper11 (big blind) collected ($17.64)
Seat 2: Zeeon (button) (small blind) folded on the River


PokerStars Hand #146340435774:  Hold'em Limit ($3/$6 USD) - 2016/01/02 13:28:36 ET
Table 'Naantali' 2-max Seat #1 is the button
Seat 1: simper11 ($291.89 in chips)
Seat 2: Zeeon ($72.09 in chips)
simper11: posts small blind $1
Zeeon: posts big blind $3
*** HOLE CARDS ***
simper11: raises $3 to $6
Zeeon: folds
Uncalled bet ($3) returned to simper11
simper11 collected $6 from pot
simper11: doesn't show hand
*** SUMMARY ***
Total pot $6 | Rake $0
Seat 1: simper11 (button) (small blind) collected ($6)
Seat 2: Zeeon (big blind) folded before Flop


PokerStars Hand #146340430777:  Hold'em Limit ($3/$6 USD) - 2016/01/02 13:28:32 ET
Table 'Naantali' 2-max Seat #2 is the button
Seat 1: simper11 ($290.89 in chips)
Seat 2: Zeeon ($73.09 in chips)
Zeeon: posts small blind $1
simper11: posts big blind $3
*** HOLE CARDS ***
Zeeon: folds
Uncalled bet ($2) returned to simper11
simper11 collected $2 from pot
simper11: doesn't show hand
*** SUMMARY ***
Total pot $2 | Rake $0
Seat 1: simper11 (big blind) collected ($2)
Seat 2: Zeeon (button) (small blind) folded before Flop


PokerStars Hand #146340454269:  Hold'em Limit ($3/$6 USD) - 2016/01/02 13:28:55 ET
Table 'Naantali' 2-max Seat #1 is the button
Seat 1: simper11 ($294.64 in chips)
Seat 2: Zeeon ($68.84 in chips)
simper11: posts small blind $1
Zeeon: posts big blind $3
*** HOLE CARDS ***
simper11: raises $3 to $6
Zeeon: folds
Uncalled bet ($3) returned to simper11
simper11 collected $6 from pot
simper11: doesn't show hand
*** SUMMARY ***
Total pot $6 | Rake $0
Seat 1: simper11 (button) (small blind) collected ($6)
Seat 2: Zeeon (big blind) folded before Flop


PokerStars Hand #146340440992:  Hold'em Limit ($3/$6 USD) - 2016/01/02 13:28:42 ET
Table 'Naantali' 2-max Seat #2 is the button
Seat 1: simper11 ($294.89 in chips)
Seat 2: Zeeon ($69.09 in chips)
Zeeon: posts small blind $1
simper11: posts big blind $3
*** HOLE CARDS ***
Zeeon: raises $3 to $6
simper11: calls $3
*** FLOP *** [9c 2h 9s]
simper11: checks
Zeeon: checks
*** TURN *** [9c 2h 9s] [Ac]
simper11: checks
Zeeon: bets $6
simper11: calls $6
*** RIVER *** [9c 2h 9s Ac] [2s]
simper11: checks
Zeeon: bets $6
simper11: calls $6
*** SHOW DOWN ***
Zeeon: shows [7h Th] (two pair, Nines and Deuces)
simper11: shows [Kd 7s] (two pair, Nines and Deuces)
simper11 collected $17.75 from pot
Zeeon collected $17.75 from pot
*** SUMMARY ***
Total pot $36 | Rake $0.50
Board [9c 2h 9s Ac 2s]
Seat 1: simper11 (big blind) showed [Kd 7s] and won ($17.75) with two pair, Nines and Deuces
Seat 2: Zeeon (button) (small blind) showed [7h Th] and won ($17.75) with two pair, Nines and Deuces


PokerStars Hand #146340459363:  Hold'em Limit ($3/$6 USD) - 2016/01/02 13:29:00 ET
Table 'Naantali' 2-max Seat #2 is the button
Seat 1: simper11 ($297.64 in chips)
Seat 2: Zeeon ($65.84 in chips)
Zeeon: posts small blind $1
simper11: posts big blind $3
*** HOLE CARDS ***
Zeeon: raises $3 to $6
simper11: calls $3
*** FLOP *** [9h 6h 5s]
simper11: checks
Zeeon: checks
*** TURN *** [9h 6h 5s] [Kd]
simper11: bets $6
Zeeon: folds
Uncalled bet ($6) returned to simper11
simper11 collected $11.76 from pot
simper11: doesn't show hand
*** SUMMARY ***
Total pot $12 | Rake $0.24
Board [9h 6h 5s Kd]
Seat 1: simper11 (big blind) collected ($11.76)
Seat 2: Zeeon (button) (small blind) folded on the Turn


PokerStars Hand #146340469554:  Hold'em Limit ($3/$6 USD) - 2016/01/02 13:29:09 ET
Table 'Naantali' 2-max Seat #1 is the button
Seat 1: simper11 ($303.40 in chips)
Seat 2: Zeeon ($59.84 in chips)
simper11: posts small blind $1
Zeeon: posts big blind $3
*** HOLE CARDS ***
simper11: raises $3 to $6
Zeeon: calls $3
*** FLOP *** [Kh 6s 3c]
Zeeon: checks
simper11: bets $3
Zeeon: calls $3
*** TURN *** [Kh 6s 3c] [Ks]
Zeeon: checks
simper11: bets $6
Zeeon: raises $6 to $12
simper11: calls $6
*** RIVER *** [Kh 6s 3c Ks] [Ac]
Zeeon: bets $6
simper11: calls $6
*** SHOW DOWN ***
Zeeon: shows [4c Kd] (three of a kind, Kings)
simper11: mucks hand
Zeeon collected $53.50 from pot
*** SUMMARY ***
Total pot $54 | Rake $0.50
Board [Kh 6s 3c Ks Ac]
Seat 1: simper11 (button) (small blind) mucked
Seat 2: Zeeon (big blind) showed [4c Kd] and won ($53.50) with three of a kind, Kings


PokerStars Hand #146340484983:  Hold'em Limit ($3/$6 USD) - 2016/01/02 13:29:25 ET
Table 'Naantali' 2-max Seat #2 is the button
Seat 1: simper11 ($276.40 in chips)
Seat 2: Zeeon ($86.34 in chips)
Zeeon: posts small blind $1
simper11: posts big blind $3
*** HOLE CARDS ***
Zeeon: raises $3 to $6
simper11: calls $3
*** FLOP *** [Tc Ac Kc]
simper11: checks
Zeeon: bets $3
simper11: calls $3
*** TURN *** [Tc Ac Kc] [9c]
simper11: checks
Zeeon: checks
*** RIVER *** [Tc Ac Kc 9c] [3s]
simper11: checks
Zeeon: checks
*** SHOW DOWN ***
simper11: shows [Qs 8s] (high card Ace)
Zeeon: shows [4s Qd] (high card Ace)
simper11 collected $8.82 from pot
Zeeon collected $8.82 from pot
*** SUMMARY ***
Total pot $18 | Rake $0.36
Board [Tc Ac Kc 9c 3s]
Seat 1: simper11 (big blind) showed [Qs 8s] and won ($8.82) with high card Ace
Seat 2: Zeeon (button) (small blind) showed [4s Qd] and won ($8.82) with high card Ace


PokerStars Hand #146340498623:  Hold'em Limit ($3/$6 USD) - 2016/01/02 13:29:38 ET
Table 'Naantali' 2-max Seat #1 is the button
Seat 1: simper11 ($276.22 in chips)
Seat 2: Zeeon ($86.16 in chips)
simper11: posts small blind $1
Zeeon: posts big blind $3
*** HOLE CARDS ***
simper11: raises $3 to $6
Zeeon: calls $3
*** FLOP *** [2d Td 7h]
Zeeon: checks
simper11: bets $3
Zeeon: folds
Uncalled bet ($3) returned to simper11
simper11 collected $11.76 from pot
simper11: doesn't show hand
*** SUMMARY ***
Total pot $12 | Rake $0.24
Board [2d Td 7h]
Seat 1: simper11 (button) (small blind) collected ($11.76)
Seat 2: Zeeon (big blind) folded on the Flop


PokerStars Hand #146340507024:  Hold'em Limit ($3/$6 USD) - 2016/01/02 13:29:46 ET
Table 'Naantali' 2-max Seat #2 is the button
Seat 1: simper11 ($281.98 in chips)
Seat 2: Zeeon ($80.16 in chips)
Zeeon: posts small blind $1
simper11: posts big blind $3
*** HOLE CARDS ***
Zeeon: raises $3 to $6
simper11: calls $3
*** FLOP *** [9c Tc 9h]
simper11: checks
Zeeon: checks
*** TURN *** [9c Tc 9h] [5d]
simper11: checks
Zeeon: bets $6
simper11: calls $6
*** RIVER *** [9c Tc 9h 5d] [Jh]
simper11: checks
Zeeon: checks
*** SHOW DOWN ***
simper11: shows [4h As] (a pair of Nines)
Zeeon: shows [5c Kd] (two pair, Nines and Fives)
Zeeon collected $23.52 from pot
*** SUMMARY ***
Total pot $24 | Rake $0.48
Board [9c Tc 9h 5d Jh]
Seat 1: simper11 (big blind) showed [4h As] and lost with a pair of Nines
Seat 2: Zeeon (button) (small blind) showed [5c Kd] and won ($23.52) with two pair, Nines and Fives


PokerStars Hand #146340520864:  Hold'em Limit ($3/$6 USD) - 2016/01/02 13:29:59 ET
Table 'Naantali' 2-max Seat #1 is the button
Seat 1: simper11 ($269.98 in chips)
Seat 2: Zeeon ($91.68 in chips)
simper11: posts small blind $1
Zeeon: posts big blind $3
*** HOLE CARDS ***
simper11: raises $3 to $6
Zeeon: folds
Uncalled bet ($3) returned to simper11
simper11 collected $6 from pot
simper11: doesn't show hand
*** SUMMARY ***
Total pot $6 | Rake $0
Seat 1: simper11 (button) (small blind) collected ($6)
Seat 2: Zeeon (big blind) folded before Flop


PokerStars Hand #146340526679:  Hold'em Limit ($3/$6 USD) - 2016/01/02 13:30:05 ET
Table 'Naantali' 2-max Seat #2 is the button
Seat 1: simper11 ($272.98 in chips)
Seat 2: Zeeon ($88.68 in chips)
Zeeon: posts small blind $1
simper11: posts big blind $3
*** HOLE CARDS ***
Zeeon: raises $3 to $6
simper11: calls $3
*** FLOP *** [Kh Ah 4c]
simper11: checks
Zeeon: bets $3
simper11: calls $3
*** TURN *** [Kh Ah 4c] [2s]
simper11: checks
Zeeon: bets $6
simper11: calls $6
*** RIVER *** [Kh Ah 4c 2s] [6d]
simper11: checks
Zeeon: bets $6
simper11: calls $6
*** SHOW DOWN ***
Zeeon: shows [Ad 9c] (a pair of Aces)
simper11: mucks hand
Zeeon collected $41.50 from pot
*** SUMMARY ***
Total pot $42 | Rake $0.50
Board [Kh Ah 4c 2s 6d]
Seat 1: simper11 (big blind) mucked
Seat 2: Zeeon (button) (small blind) showed [Ad 9c] and won ($41.50) with a pair of Aces


PokerStars Hand #146340542531:  Hold'em Limit ($3/$6 USD) - 2016/01/02 13:30:20 ET
Table 'Naantali' 2-max Seat #1 is the button
Seat 1: simper11 ($251.98 in chips)
Seat 2: Zeeon ($109.18 in chips)
simper11: posts small blind $1
Zeeon: posts big blind $3
*** HOLE CARDS ***
simper11: raises $3 to $6
Zeeon: folds
Uncalled bet ($3) returned to simper11
simper11 collected $6 from pot
simper11: doesn't show hand
*** SUMMARY ***
Total pot $6 | Rake $0
Seat 1: simper11 (button) (small blind) collected ($6)
Seat 2: Zeeon (big blind) folded before Flop


PokerStars Hand #146340547116:  Hold'em Limit ($3/$6 USD) - 2016/01/02 13:30:25 ET
Table 'Naantali' 2-max Seat #2 is the button
Seat 1: simper11 ($254.98 in chips)
Seat 2: Zeeon ($106.18 in chips)
Zeeon: posts small blind $1
simper11: posts big blind $3
*** HOLE CARDS ***
Zeeon: raises $3 to $6
simper11: raises $3 to $9
Zeeon: calls $3
*** FLOP *** [9s 6d 2s]
simper11: bets $3
Zeeon: raises $3 to $6
simper11: calls $3
*** TURN *** [9s 6d 2s] [4h]
simper11: checks
Zeeon: bets $6
simper11: calls $6
*** RIVER *** [9s 6d 2s 4h] [6c]
simper11: checks
Zeeon: bets $6
simper11: calls $6
*** SHOW DOWN ***
Zeeon: shows [4d 4s] (a full house, Fours full of Sixes)
simper11: mucks hand
Zeeon collected $53.50 from pot
*** SUMMARY ***
Total pot $54 | Rake $0.50
Board [9s 6d 2s 4h 6c]
Seat 1: simper11 (big blind) mucked
Seat 2: Zeeon (button) (small blind) showed [4d 4s] and won ($53.50) with a full house, Fours full of Sixes


PokerStars Hand #146340563666:  Hold'em Limit ($3/$6 USD) - 2016/01/02 13:30:41 ET
Table 'Naantali' 2-max Seat #1 is the button
Seat 1: simper11 ($227.98 in chips)
Seat 2: Zeeon ($132.68 in chips)
simper11: posts small blind $1
Zeeon: posts big blind $3
*** HOLE CARDS ***
simper11 said, "lolo"
simper11: raises $3 to $6
Zeeon: folds
Uncalled bet ($3) returned to simper11
simper11 said, "lolololololol"
simper11 said, "ololololol"
simper11 collected $6 from pot
simper11 said, "olololo"
simper11: doesn't show hand
*** SUMMARY ***
Total pot $6 | Rake $0
Seat 1: simper11 (button) (small blind) collected ($6)
Seat 2: Zeeon (big blind) folded before Flop


PokerStars Hand #146340569181:  Hold'em Limit ($3/$6 USD) - 2016/01/02 13:30:46 ET
Table 'Naantali' 2-max Seat #2 is the button
Seat 1: simper11 ($230.98 in chips)
Seat 2: Zeeon ($129.68 in chips)
Zeeon: posts small blind $1
simper11 said, "lolololo"
simper11: posts big blind $3
simper11 said, "lolol"
*** HOLE CARDS ***
Zeeon: raises $3 to $6
simper11 said, "ololololololol"
simper11: calls $3
*** FLOP *** [Ks Kh 5h]
simper11 said, "olololo"
simper11: checks
Zeeon: bets $3
simper11: raises $3 to $6
Zeeon: calls $3
*** TURN *** [Ks Kh 5h] [Th]
simper11: bets $6
Zeeon: calls $6
*** RIVER *** [Ks Kh 5h Th] [Jh]
simper11: bets $6
Zeeon: raises $6 to $12
simper11: raises $6 to $18
Zeeon: calls $6
*** SHOW DOWN ***
simper11: shows [Kc Td] (a full house, Kings full of Tens)
Zeeon: mucks hand
simper11 collected $71.50 from pot
*** SUMMARY ***
Total pot $72 | Rake $0.50
Board [Ks Kh 5h Th Jh]
Seat 1: simper11 (big blind) showed [Kc Td] and won ($71.50) with a full house, Kings full of Tens
Seat 2: Zeeon (button) (small blind) mucked


PokerStars Hand #146340591848:  Hold'em Limit ($3/$6 USD) - 2016/01/02 13:31:09 ET
Table 'Naantali' 2-max Seat #1 is the button
Seat 1: simper11 ($266.48 in chips)
Seat 2: Zeeon ($93.68 in chips)
simper11: posts small blind $1
Zeeon: posts big blind $3
*** HOLE CARDS ***
simper11: raises $3 to $6
Zeeon: raises $3 to $9
simper11: calls $3
*** FLOP *** [Ks 5c 2s]
Zeeon: bets $3
simper11: folds
Uncalled bet ($3) returned to Zeeon
Zeeon collected $17.64 from pot
*** SUMMARY ***
Total pot $18 | Rake $0.36
Board [Ks 5c 2s]
Seat 1: simper11 (button) (small blind) folded on the Flop
Seat 2: Zeeon (big blind) collected ($17.64)


PokerStars Hand #146340601620:  Hold'em Limit ($3/$6 USD) - 2016/01/02 13:31:18 ET
Table 'Naantali' 2-max Seat #2 is the button
Seat 1: simper11 ($257.48 in chips)
Seat 2: Zeeon ($102.32 in chips)
Zeeon: posts small blind $1
simper11: posts big blind $3
*** HOLE CARDS ***
Zeeon: folds
Uncalled bet ($2) returned to simper11
simper11 collected $2 from pot
simper11: doesn't show hand
*** SUMMARY ***
Total pot $2 | Rake $0
Seat 1: simper11 (big blind) collected ($2)
Seat 2: Zeeon (button) (small blind) folded before Flop


PokerStars Hand #146340606307:  Hold'em Limit ($3/$6 USD) - 2016/01/02 13:31:23 ET
Table 'Naantali' 2-max Seat #1 is the button
Seat 1: simper11 ($258.48 in chips)
Seat 2: Zeeon ($101.32 in chips)
simper11: posts small blind $1
Zeeon: posts big blind $3
*** HOLE CARDS ***
simper11: raises $3 to $6
Zeeon: calls $3
*** FLOP *** [Ac Kd Qh]
Zeeon: bets $3
simper11: raises $3 to $6
Zeeon: raises $3 to $9
simper11: raises $3 to $12
Betting is capped
Zeeon: calls $3
*** TURN *** [Ac Kd Qh] [Th]
Zeeon: checks
simper11: bets $6
Zeeon: calls $6
*** RIVER *** [Ac Kd Qh Th] [9c]
Zeeon: checks
simper11: checks
*** SHOW DOWN ***
Zeeon: shows [7d As] (a pair of Aces)
simper11: mucks hand
Zeeon collected $47.50 from pot
*** SUMMARY ***
Total pot $48 | Rake $0.50
Board [Ac Kd Qh Th 9c]
Seat 1: simper11 (button) (small blind) mucked
Seat 2: Zeeon (big blind) showed [7d As] and won ($47.50) with a pair of Aces


PokerStars Hand #146340622144:  Hold'em Limit ($3/$6 USD) - 2016/01/02 13:31:39 ET
Table 'Naantali' 2-max Seat #2 is the button
Seat 1: simper11 ($234.48 in chips)
Seat 2: Zeeon ($124.82 in chips)
Zeeon: posts small blind $1
simper11: posts big blind $3
*** HOLE CARDS ***
Zeeon: raises $3 to $6
simper11: calls $3
*** FLOP *** [Jc Js 2d]
simper11: checks
Zeeon: bets $3
simper11: calls $3
*** TURN *** [Jc Js 2d] [Qd]
simper11: checks
Zeeon: bets $6
simper11: calls $6
*** RIVER *** [Jc Js 2d Qd] [8c]
simper11: checks
Zeeon: bets $6
simper11: calls $6
*** SHOW DOWN ***
Zeeon: shows [Jd 6h] (three of a kind, Jacks)
simper11: mucks hand
Zeeon collected $41.50 from pot
*** SUMMARY ***
Total pot $42 | Rake $0.50
Board [Jc Js 2d Qd 8c]
Seat 1: simper11 (big blind) mucked
Seat 2: Zeeon (button) (small blind) showed [Jd 6h] and won ($41.50) with three of a kind, Jacks


PokerStars Hand #146340635892:  Hold'em Limit ($3/$6 USD) - 2016/01/02 13:31:52 ET
Table 'Naantali' 2-max Seat #1 is the button
Seat 1: simper11 ($213.48 in chips)
Seat 2: Zeeon ($145.32 in chips)
simper11: posts small blind $1
Zeeon: posts big blind $3
*** HOLE CARDS ***
simper11: raises $3 to $6
Zeeon: folds
Uncalled bet ($3) returned to simper11
simper11 collected $6 from pot
simper11: doesn't show hand
*** SUMMARY ***
Total pot $6 | Rake $0
Seat 1: simper11 (button) (small blind) collected ($6)
Seat 2: Zeeon (big blind) folded before Flop


PokerStars Hand #146340657955:  Hold'em Limit ($3/$6 USD) - 2016/01/02 13:32:14 ET
Table 'Naantali' 2-max Seat #1 is the button
Seat 1: simper11 ($239.98 in chips)
Seat 2: Zeeon ($118.32 in chips)
simper11: posts small blind $1
Zeeon: posts big blind $3
*** HOLE CARDS ***
simper11: raises $3 to $6
Zeeon: calls $3
*** FLOP *** [Td 3d 2c]
Zeeon: checks
simper11: bets $3
Zeeon: folds
Uncalled bet ($3) returned to simper11
simper11 collected $11.76 from pot
simper11: doesn't show hand
*** SUMMARY ***
Total pot $12 | Rake $0.24
Board [Td 3d 2c]
Seat 1: simper11 (button) (small blind) collected ($11.76)
Seat 2: Zeeon (big blind) folded on the Flop


PokerStars Hand #146340640864:  Hold'em Limit ($3/$6 USD) - 2016/01/02 13:31:57 ET
Table 'Naantali' 2-max Seat #2 is the button
Seat 1: simper11 ($216.48 in chips)
Seat 2: Zeeon ($142.32 in chips)
Zeeon: posts small blind $1
simper11: posts big blind $3
*** HOLE CARDS ***
Zeeon: raises $3 to $6
simper11: calls $3
*** FLOP *** [7c Kh 9s]
simper11: checks
Zeeon: bets $3
simper11: raises $3 to $6
Zeeon: calls $3
*** TURN *** [7c Kh 9s] [8s]
simper11: bets $6
Zeeon: calls $6
*** RIVER *** [7c Kh 9s 8s] [Jd]
simper11: bets $6
Zeeon: calls $6
*** SHOW DOWN ***
simper11: shows [Td 9h] (a straight, Seven to Jack)
Zeeon: mucks hand
simper11 collected $47.50 from pot
*** SUMMARY ***
Total pot $48 | Rake $0.50
Board [7c Kh 9s 8s Jd]
Seat 1: simper11 (big blind) showed [Td 9h] and won ($47.50) with a straight, Seven to Jack
Seat 2: Zeeon (button) (small blind) mucked


PokerStars Hand #146340666877:  Hold'em Limit ($3/$6 USD) - 2016/01/02 13:32:23 ET
Table 'Naantali' 2-max Seat #2 is the button
Seat 1: simper11 ($245.74 in chips)
Seat 2: Zeeon ($112.32 in chips)
Zeeon: posts small blind $1
simper11: posts big blind $3
*** HOLE CARDS ***
Zeeon: folds
Uncalled bet ($2) returned to simper11
simper11 collected $2 from pot
simper11: doesn't show hand
*** SUMMARY ***
Total pot $2 | Rake $0
Seat 1: simper11 (big blind) collected ($2)
Seat 2: Zeeon (button) (small blind) folded before Flop


PokerStars Hand #146340679526:  Hold'em Limit ($3/$6 USD) - 2016/01/02 13:32:35 ET
Table 'Naantali' 2-max Seat #2 is the button
Seat 1: simper11 ($252.50 in chips)
Seat 2: Zeeon ($105.32 in chips)
Zeeon: posts small blind $1
simper11: posts big blind $3
*** HOLE CARDS ***
Zeeon: folds
Uncalled bet ($2) returned to simper11
simper11 collected $2 from pot
simper11: doesn't show hand
*** SUMMARY ***
Total pot $2 | Rake $0
Seat 1: simper11 (big blind) collected ($2)
Seat 2: Zeeon (button) (small blind) folded before Flop


PokerStars Hand #146340671620:  Hold'em Limit ($3/$6 USD) - 2016/01/02 13:32:27 ET
Table 'Naantali' 2-max Seat #1 is the button
Seat 1: simper11 ($246.74 in chips)
Seat 2: Zeeon ($111.32 in chips)
simper11: posts small blind $1
Zeeon: posts big blind $3
*** HOLE CARDS ***
simper11: raises $3 to $6
Zeeon: calls $3
*** FLOP *** [5d Js Kd]
Zeeon: checks
simper11: bets $3
Zeeon: folds
Uncalled bet ($3) returned to simper11
simper11 collected $11.76 from pot
simper11: doesn't show hand
*** SUMMARY ***
Total pot $12 | Rake $0.24
Board [5d Js Kd]
Seat 1: simper11 (button) (small blind) collected ($11.76)
Seat 2: Zeeon (big blind) folded on the Flop


PokerStars Hand #146340685268:  Hold'em Limit ($3/$6 USD) - 2016/01/02 13:32:41 ET
Table 'Naantali' 2-max Seat #1 is the button
Seat 1: simper11 ($253.50 in chips)
Seat 2: Zeeon ($104.32 in chips)
simper11: posts small blind $1
Zeeon: posts big blind $3
*** HOLE CARDS ***
simper11: raises $3 to $6
Zeeon: folds
Uncalled bet ($3) returned to simper11
simper11 collected $6 from pot
simper11: doesn't show hand
*** SUMMARY ***
Total pot $6 | Rake $0
Seat 1: simper11 (button) (small blind) collected ($6)
Seat 2: Zeeon (big blind) folded before Flop


PokerStars Hand #146340698159:  Hold'em Limit ($3/$6 USD) - 2016/01/02 13:32:54 ET
Table 'Naantali' 2-max Seat #1 is the button
Seat 1: simper11 ($250.50 in chips)
Seat 2: Zeeon ($107.08 in chips)
simper11: posts small blind $1
Zeeon: posts big blind $3
*** HOLE CARDS ***
simper11: folds
Uncalled bet ($2) returned to Zeeon
Zeeon collected $2 from pot
*** SUMMARY ***
Total pot $2 | Rake $0
Seat 1: simper11 (button) (small blind) folded before Flop
Seat 2: Zeeon (big blind) collected ($2)


PokerStars Hand #146340690312:  Hold'em Limit ($3/$6 USD) - 2016/01/02 13:32:46 ET
Table 'Naantali' 2-max Seat #2 is the button
Seat 1: simper11 ($256.50 in chips)
Seat 2: Zeeon ($101.32 in chips)
Zeeon: posts small blind $1
simper11: posts big blind $3
*** HOLE CARDS ***
Zeeon: raises $3 to $6
simper11: calls $3
*** FLOP *** [3d 7c 8s]
simper11: checks
Zeeon: bets $3
simper11: folds
Uncalled bet ($3) returned to Zeeon
Zeeon collected $11.76 from pot
*** SUMMARY ***
Total pot $12 | Rake $0.24
Board [3d 7c 8s]
Seat 1: simper11 (big blind) folded on the Flop
Seat 2: Zeeon (button) (small blind) collected ($11.76)


PokerStars Hand #146340708837:  Hold'em Limit ($3/$6 USD) - 2016/01/02 13:33:04 ET
Table 'Naantali' 2-max Seat #1 is the button
Seat 1: simper11 ($246.50 in chips)
Seat 2: Zeeon ($111.08 in chips)
simper11: posts small blind $1
Zeeon: posts big blind $3
*** HOLE CARDS ***
simper11: raises $3 to $6
Zeeon: folds
Uncalled bet ($3) returned to simper11
simper11 collected $6 from pot
simper11: doesn't show hand
*** SUMMARY ***
Total pot $6 | Rake $0
Seat 1: simper11 (button) (small blind) collected ($6)
Seat 2: Zeeon (big blind) folded before Flop


PokerStars Hand #146340702820:  Hold'em Limit ($3/$6 USD) - 2016/01/02 13:32:58 ET
Table 'Naantali' 2-max Seat #2 is the button
Seat 1: simper11 ($249.50 in chips)
Seat 2: Zeeon ($108.08 in chips)
Zeeon: posts small blind $1
simper11: posts big blind $3
*** HOLE CARDS ***
Zeeon: raises $3 to $6
simper11: folds
Uncalled bet ($3) returned to Zeeon
Zeeon collected $6 from pot
*** SUMMARY ***
Total pot $6 | Rake $0
Seat 1: simper11 (big blind) folded before Flop
Seat 2: Zeeon (button) (small blind) collected ($6)


PokerStars Hand #146340728822:  Hold'em Limit ($3/$6 USD) - 2016/01/02 13:33:24 ET
Table 'Naantali' 2-max Seat #1 is the button
Seat 1: simper11 ($234.50 in chips)
Seat 2: Zeeon ($122.58 in chips)
simper11: posts small blind $1
Zeeon: posts big blind $3
*** HOLE CARDS ***
simper11: raises $3 to $6
Zeeon: calls $3
*** FLOP *** [6h 2c 7s]
Zeeon: bets $3
simper11: raises $3 to $6
Zeeon: folds
Uncalled bet ($3) returned to simper11
simper11 collected $17.64 from pot
simper11: doesn't show hand
*** SUMMARY ***
Total pot $18 | Rake $0.36
Board [6h 2c 7s]
Seat 1: simper11 (button) (small blind) collected ($17.64)
Seat 2: Zeeon (big blind) folded on the Flop


PokerStars Hand #146340713654:  Hold'em Limit ($3/$6 USD) - 2016/01/02 13:33:09 ET
Table 'Naantali' 2-max Seat #2 is the button
Seat 1: simper11 ($249.50 in chips)
Seat 2: Zeeon ($108.08 in chips)
Zeeon: posts small blind $1
simper11: posts big blind $3
*** HOLE CARDS ***
Zeeon: raises $3 to $6
simper11: calls $3
*** FLOP *** [7s Js Jh]
simper11: checks
Zeeon: bets $3
simper11: calls $3
*** TURN *** [7s Js Jh] [2c]
simper11: checks
Zeeon: bets $6
simper11: calls $6
*** RIVER *** [7s Js Jh 2c] [9s]
simper11: checks
Zeeon: bets $6
simper11: folds
Uncalled bet ($6) returned to Zeeon
Zeeon collected $29.50 from pot
*** SUMMARY ***
Total pot $30 | Rake $0.50
Board [7s Js Jh 2c 9s]
Seat 1: simper11 (big blind) folded on the River
Seat 2: Zeeon (button) (small blind) collected ($29.50)


PokerStars Hand #146340737664:  Hold'em Limit ($3/$6 USD) - 2016/01/02 13:33:33 ET
Table 'Naantali' 2-max Seat #2 is the button
Seat 1: simper11 ($243.14 in chips)
Seat 2: Zeeon ($113.58 in chips)
Zeeon: posts small blind $1
simper11: posts big blind $3
*** HOLE CARDS ***
Zeeon: folds
Uncalled bet ($2) returned to simper11
simper11 collected $2 from pot
simper11: doesn't show hand
*** SUMMARY ***
Total pot $2 | Rake $0
Seat 1: simper11 (big blind) collected ($2)
Seat 2: Zeeon (button) (small blind) folded before Flop


PokerStars Hand #146340742139:  Hold'em Limit ($3/$6 USD) - 2016/01/02 13:33:37 ET
Table 'Naantali' 2-max Seat #1 is the button
Seat 1: simper11 ($244.14 in chips)
Seat 2: Zeeon ($112.58 in chips)
simper11: posts small blind $1
Zeeon: posts big blind $3
*** HOLE CARDS ***
simper11: raises $3 to $6
Zeeon: calls $3
*** FLOP *** [Js 8d Qd]
Zeeon: bets $3
simper11: raises $3 to $6
Zeeon: raises $3 to $9
simper11: calls $3
*** TURN *** [Js 8d Qd] [Tc]
Zeeon: bets $6
simper11: raises $6 to $12
Zeeon: raises $6 to $18
simper11: calls $6
*** RIVER *** [Js 8d Qd Tc] [2c]
Zeeon: bets $6
simper11: folds
Uncalled bet ($6) returned to Zeeon
Zeeon collected $65.50 from pot
*** SUMMARY ***
Total pot $66 | Rake $0.50
Board [Js 8d Qd Tc 2c]
Seat 1: simper11 (button) (small blind) folded on the River
Seat 2: Zeeon (big blind) collected ($65.50)


PokerStars Hand #146340762414:  Hold'em Limit ($3/$6 USD) - 2016/01/02 13:33:57 ET
Table 'Naantali' 2-max Seat #1 is the button
Seat 1: simper11 ($212.14 in chips)
Seat 2: Zeeon ($144.08 in chips)
simper11: posts small blind $1
Zeeon: posts big blind $3
*** HOLE CARDS ***
simper11: raises $3 to $6
Zeeon: folds
Uncalled bet ($3) returned to simper11
simper11 collected $6 from pot
simper11: doesn't show hand
*** SUMMARY ***
Total pot $6 | Rake $0
Seat 1: simper11 (button) (small blind) collected ($6)
Seat 2: Zeeon (big blind) folded before Flop


PokerStars Hand #146340757503:  Hold'em Limit ($3/$6 USD) - 2016/01/02 13:33:52 ET
Table 'Naantali' 2-max Seat #2 is the button
Seat 1: simper11 ($211.14 in chips)
Seat 2: Zeeon ($145.08 in chips)
Zeeon: posts small blind $1
simper11: posts big blind $3
*** HOLE CARDS ***
Zeeon: folds
Uncalled bet ($2) returned to simper11
simper11 collected $2 from pot
simper11: doesn't show hand
*** SUMMARY ***
Total pot $2 | Rake $0
Seat 1: simper11 (big blind) collected ($2)
Seat 2: Zeeon (button) (small blind) folded before Flop


PokerStars Hand #146340782420:  Hold'em Limit ($3/$6 USD) - 2016/01/02 13:34:17 ET
Table 'Naantali' 2-max Seat #1 is the button
Seat 1: simper11 ($232.64 in chips)
Seat 2: Zeeon ($123.08 in chips)
simper11: posts small blind $1
Zeeon: posts big blind $3
*** HOLE CARDS ***
simper11: raises $3 to $6
Zeeon: folds
Uncalled bet ($3) returned to simper11
simper11 collected $6 from pot
simper11: doesn't show hand
*** SUMMARY ***
Total pot $6 | Rake $0
Seat 1: simper11 (button) (small blind) collected ($6)
Seat 2: Zeeon (big blind) folded before Flop


PokerStars Hand #146340767303:  Hold'em Limit ($3/$6 USD) - 2016/01/02 13:34:02 ET
Table 'Naantali' 2-max Seat #2 is the button
Seat 1: simper11 ($215.14 in chips)
Seat 2: Zeeon ($141.08 in chips)
Zeeon: posts small blind $1
simper11: posts big blind $3
*** HOLE CARDS ***
Zeeon: raises $3 to $6
simper11: calls $3
*** FLOP *** [5c 6d 4d]
simper11: checks
Zeeon: bets $3
simper11: raises $3 to $6
Zeeon: calls $3
*** TURN *** [5c 6d 4d] [6s]
simper11: bets $6
Zeeon: calls $6
*** RIVER *** [5c 6d 4d 6s] [Td]
simper11: bets $6
Zeeon: folds
Uncalled bet ($6) returned to simper11
simper11 collected $35.50 from pot
simper11: doesn't show hand
*** SUMMARY ***
Total pot $36 | Rake $0.50
Board [5c 6d 4d 6s Td]
Seat 1: simper11 (big blind) collected ($35.50)
Seat 2: Zeeon (button) (small blind) folded on the River


PokerStars Hand #146340788905:  Hold'em Limit ($3/$6 USD) - 2016/01/02 13:34:23 ET
Table 'Naantali' 2-max Seat #2 is the button
Seat 1: simper11 ($235.64 in chips)
Seat 2: Zeeon ($120.08 in chips)
Zeeon: posts small blind $1
simper11: posts big blind $3
*** HOLE CARDS ***
Zeeon: raises $3 to $6
simper11: calls $3
*** FLOP *** [5d 9h 3d]
simper11: checks
Zeeon: bets $3
simper11: calls $3
*** TURN *** [5d 9h 3d] [7c]
simper11: checks
Zeeon: bets $6
simper11: calls $6
*** RIVER *** [5d 9h 3d 7c] [Kd]
simper11: checks
Zeeon: bets $6
simper11: raises $6 to $12
Zeeon: calls $6
*** SHOW DOWN ***
simper11: shows [7s Ks] (two pair, Kings and Sevens)
Zeeon: shows [5s 5h] (three of a kind, Fives)
Zeeon collected $53.50 from pot
*** SUMMARY ***
Total pot $54 | Rake $0.50
Board [5d 9h 3d 7c Kd]
Seat 1: simper11 (big blind) showed [7s Ks] and lost with two pair, Kings and Sevens
Seat 2: Zeeon (button) (small blind) showed [5s 5h] and won ($53.50) with three of a kind, Fives


PokerStars Hand #146340803555:  Hold'em Limit ($3/$6 USD) - 2016/01/02 13:34:38 ET
Table 'Naantali' 2-max Seat #1 is the button
Seat 1: simper11 ($208.64 in chips)
Seat 2: Zeeon ($146.58 in chips)
simper11: posts small blind $1
Zeeon: posts big blind $3
*** HOLE CARDS ***
simper11: raises $3 to $6
Zeeon: calls $3
*** FLOP *** [9s Ts 5d]
Zeeon: bets $3
simper11: calls $3
*** TURN *** [9s Ts 5d] [8h]
Zeeon: checks
simper11: bets $6
Zeeon: raises $6 to $12
simper11: calls $6
*** RIVER *** [9s Ts 5d 8h] [Ad]
Zeeon: bets $6
simper11: calls $6
*** SHOW DOWN ***
Zeeon: shows [6d 7c] (a straight, Six to Ten)
simper11: mucks hand
Zeeon collected $53.50 from pot
*** SUMMARY ***
Total pot $54 | Rake $0.50
Board [9s Ts 5d 8h Ad]
Seat 1: simper11 (button) (small blind) mucked
Seat 2: Zeeon (big blind) showed [6d 7c] and won ($53.50) with a straight, Six to Ten


PokerStars Hand #146340820716:  Hold'em Limit ($3/$6 USD) - 2016/01/02 13:34:55 ET
Table 'Naantali' 2-max Seat #2 is the button
Seat 1: simper11 ($181.64 in chips)
Seat 2: Zeeon ($173.08 in chips)
Zeeon: posts small blind $1
simper11: posts big blind $3
*** HOLE CARDS ***
Zeeon: raises $3 to $6
simper11: calls $3
*** FLOP *** [6d 9h 6h]
simper11: checks
Zeeon: checks
*** TURN *** [6d 9h 6h] [Kd]
simper11: checks
Zeeon: bets $6
simper11: calls $6
*** RIVER *** [6d 9h 6h Kd] [6c]
simper11: checks
Zeeon: bets $6
simper11: calls $6
*** SHOW DOWN ***
Zeeon: shows [5c 7h] (three of a kind, Sixes)
simper11: shows [4c Qd] (three of a kind, Sixes - King+Queen kicker)
simper11 collected $35.50 from pot
*** SUMMARY ***
Total pot $36 | Rake $0.50
Board [6d 9h 6h Kd 6c]
Seat 1: simper11 (big blind) showed [4c Qd] and won ($35.50) with three of a kind, Sixes
Seat 2: Zeeon (button) (small blind) showed [5c 7h] and lost with three of a kind, Sixes


PokerStars Hand #146340834550:  Hold'em Limit ($3/$6 USD) - 2016/01/02 13:35:08 ET
Table 'Naantali' 2-max Seat #1 is the button
Seat 1: simper11 ($199.14 in chips)
Seat 2: Zeeon ($155.08 in chips)
simper11: posts small blind $1
Zeeon: posts big blind $3
*** HOLE CARDS ***
simper11: raises $3 to $6
Zeeon: calls $3
*** FLOP *** [5d 6h 6c]
Zeeon: checks
simper11: bets $3
Zeeon: calls $3
*** TURN *** [5d 6h 6c] [8h]
Zeeon: checks
simper11: bets $6
Zeeon: folds
Uncalled bet ($6) returned to simper11
simper11 collected $17.64 from pot
simper11: doesn't show hand
*** SUMMARY ***
Total pot $18 | Rake $0.36
Board [5d 6h 6c 8h]
Seat 1: simper11 (button) (small blind) collected ($17.64)
Seat 2: Zeeon (big blind) folded on the Turn


PokerStars Hand #146340851560:  Hold'em Limit ($3/$6 USD) - 2016/01/02 13:35:25 ET
Table 'Naantali' 2-max Seat #1 is the button
Seat 1: simper11 ($208.78 in chips)
Seat 2: Zeeon ($145.08 in chips)
simper11: posts small blind $1
Zeeon: posts big blind $3
*** HOLE CARDS ***
simper11: folds
Uncalled bet ($2) returned to Zeeon
Zeeon collected $2 from pot
*** SUMMARY ***
Total pot $2 | Rake $0
Seat 1: simper11 (button) (small blind) folded before Flop
Seat 2: Zeeon (big blind) collected ($2)


PokerStars Hand #146340847011:  Hold'em Limit ($3/$6 USD) - 2016/01/02 13:35:20 ET
Table 'Naantali' 2-max Seat #2 is the button
Seat 1: simper11 ($207.78 in chips)
Seat 2: Zeeon ($146.08 in chips)
Zeeon: posts small blind $1
simper11: posts big blind $3
*** HOLE CARDS ***
Zeeon: folds
Uncalled bet ($2) returned to simper11
simper11 collected $2 from pot
simper11: doesn't show hand
*** SUMMARY ***
Total pot $2 | Rake $0
Seat 1: simper11 (big blind) collected ($2)
Seat 2: Zeeon (button) (small blind) folded before Flop


PokerStars Hand #146340860867:  Hold'em Limit ($3/$6 USD) - 2016/01/02 13:35:34 ET
Table 'Naantali' 2-max Seat #1 is the button
Seat 1: simper11 ($208.78 in chips)
Seat 2: Zeeon ($145.08 in chips)
simper11: posts small blind $1
Zeeon: posts big blind $3
*** HOLE CARDS ***
simper11: raises $3 to $6
Zeeon: folds
Uncalled bet ($3) returned to simper11
simper11 collected $6 from pot
simper11: doesn't show hand
*** SUMMARY ***
Total pot $6 | Rake $0
Seat 1: simper11 (button) (small blind) collected ($6)
Seat 2: Zeeon (big blind) folded before Flop


PokerStars Hand #146340856288:  Hold'em Limit ($3/$6 USD) - 2016/01/02 13:35:30 ET
Table 'Naantali' 2-max Seat #2 is the button
Seat 1: simper11 ($207.78 in chips)
Seat 2: Zeeon ($146.08 in chips)
Zeeon: posts small blind $1
simper11: posts big blind $3
*** HOLE CARDS ***
Zeeon: folds
Uncalled bet ($2) returned to simper11
simper11 collected $2 from pot
simper11: doesn't show hand
*** SUMMARY ***
Total pot $2 | Rake $0
Seat 1: simper11 (big blind) collected ($2)
Seat 2: Zeeon (button) (small blind) folded before Flop


PokerStars Hand #146340865902:  Hold'em Limit ($3/$6 USD) - 2016/01/02 13:35:39 ET
Table 'Naantali' 2-max Seat #2 is the button
Seat 1: simper11 ($211.78 in chips)
Seat 2: Zeeon ($142.08 in chips)
Zeeon: posts small blind $1
simper11: posts big blind $3
*** HOLE CARDS ***
Zeeon: raises $3 to $6
simper11: calls $3
*** FLOP *** [Kc 2c 8d]
simper11: checks
Zeeon: checks
*** TURN *** [Kc 2c 8d] [Qs]
simper11: checks
Zeeon: checks
*** RIVER *** [Kc 2c 8d Qs] [Ks]
simper11: checks
Zeeon: checks
*** SHOW DOWN ***
simper11: shows [6c Td] (a pair of Kings)
Zeeon: shows [9c As] (a pair of Kings - Ace kicker)
Zeeon collected $11.76 from pot
*** SUMMARY ***
Total pot $12 | Rake $0.24
Board [Kc 2c 8d Qs Ks]
Seat 1: simper11 (big blind) showed [6c Td] and lost with a pair of Kings
Seat 2: Zeeon (button) (small blind) showed [9c As] and won ($11.76) with a pair of Kings


PokerStars Hand #146340877317:  Hold'em Limit ($3/$6 USD) - 2016/01/02 13:35:51 ET
Table 'Naantali' 2-max Seat #1 is the button
Seat 1: simper11 ($205.78 in chips)
Seat 2: Zeeon ($147.84 in chips)
simper11: posts small blind $1
Zeeon: posts big blind $3
*** HOLE CARDS ***
simper11: raises $3 to $6
Zeeon: folds
Uncalled bet ($3) returned to simper11
simper11 collected $6 from pot
simper11: doesn't show hand
*** SUMMARY ***
Total pot $6 | Rake $0
Seat 1: simper11 (button) (small blind) collected ($6)
Seat 2: Zeeon (big blind) folded before Flop


PokerStars Hand #146340882637:  Hold'em Limit ($3/$6 USD) - 2016/01/02 13:35:56 ET
Table 'Naantali' 2-max Seat #2 is the button
Seat 1: simper11 ($208.78 in chips)
Seat 2: Zeeon ($144.84 in chips)
Zeeon: posts small blind $1
simper11: posts big blind $3
*** HOLE CARDS ***
Zeeon: raises $3 to $6
simper11: calls $3
*** FLOP *** [Qs 8d Ad]
simper11: checks
Zeeon: bets $3
simper11: folds
Uncalled bet ($3) returned to Zeeon
Zeeon collected $11.76 from pot
*** SUMMARY ***
Total pot $12 | Rake $0.24
Board [Qs 8d Ad]
Seat 1: simper11 (big blind) folded on the Flop
Seat 2: Zeeon (button) (small blind) collected ($11.76)


PokerStars Hand #146340891436:  Hold'em Limit ($3/$6 USD) - 2016/01/02 13:36:04 ET
Table 'Naantali' 2-max Seat #1 is the button
Seat 1: simper11 ($202.78 in chips)
Seat 2: Zeeon ($150.60 in chips)
simper11: posts small blind $1
Zeeon: posts big blind $3
*** HOLE CARDS ***
simper11: raises $3 to $6
Zeeon: raises $3 to $9
simper11: calls $3
*** FLOP *** [4s Kh 6s]
Zeeon: bets $3
simper11: calls $3
*** TURN *** [4s Kh 6s] [7s]
Zeeon: bets $6
simper11: calls $6
*** RIVER *** [4s Kh 6s 7s] [7h]
Zeeon: bets $6
simper11: folds
Uncalled bet ($6) returned to Zeeon
Zeeon collected $35.50 from pot
*** SUMMARY ***
Total pot $36 | Rake $0.50
Board [4s Kh 6s 7s 7h]
Seat 1: simper11 (button) (small blind) folded on the River
Seat 2: Zeeon (big blind) collected ($35.50)


PokerStars Hand #146340905310:  Hold'em Limit ($3/$6 USD) - 2016/01/02 13:36:18 ET
Table 'Naantali' 2-max Seat #2 is the button
Seat 1: simper11 ($184.78 in chips)
Seat 2: Zeeon ($168.10 in chips)
Zeeon: posts small blind $1
simper11: posts big blind $3
*** HOLE CARDS ***
Zeeon: raises $3 to $6
simper11: calls $3
*** FLOP *** [2h Kc 9s]
simper11: checks
Zeeon: checks
*** TURN *** [2h Kc 9s] [Ad]
simper11: bets $6
Zeeon: raises $6 to $12
simper11: calls $6
*** RIVER *** [2h Kc 9s Ad] [Qd]
simper11: checks
Zeeon: bets $6
simper11: calls $6
*** SHOW DOWN ***
Zeeon: shows [5h Ac] (a pair of Aces)
simper11: mucks hand
Zeeon collected $47.50 from pot
*** SUMMARY ***
Total pot $48 | Rake $0.50
Board [2h Kc 9s Ad Qd]
Seat 1: simper11 (big blind) mucked
Seat 2: Zeeon (button) (small blind) showed [5h Ac] and won ($47.50) with a pair of Aces


PokerStars Hand #146340918464:  Hold'em Limit ($3/$6 USD) - 2016/01/02 13:36:31 ET
Table 'Naantali' 2-max Seat #1 is the button
Seat 1: simper11 ($160.78 in chips)
Seat 2: Zeeon ($191.60 in chips)
simper11: posts small blind $1
Zeeon: posts big blind $3
*** HOLE CARDS ***
simper11: raises $3 to $6
Zeeon: calls $3
*** FLOP *** [As 9c Kc]
Zeeon: checks
simper11: bets $3
Zeeon: raises $3 to $6
simper11: calls $3
*** TURN *** [As 9c Kc] [Ts]
Zeeon: bets $6
simper11: raises $6 to $12
Zeeon: calls $6
*** RIVER *** [As 9c Kc Ts] [2c]
Zeeon: checks
simper11: bets $6
Zeeon: calls $6
*** SHOW DOWN ***
simper11: shows [Js Ac] (a pair of Aces)
Zeeon: mucks hand
simper11 collected $59.50 from pot
*** SUMMARY ***
Total pot $60 | Rake $0.50
Board [As 9c Kc Ts 2c]
Seat 1: simper11 (button) (small blind) showed [Js Ac] and won ($59.50) with a pair of Aces
Seat 2: Zeeon (big blind) mucked


PokerStars Hand #146340935778:  Hold'em Limit ($3/$6 USD) - 2016/01/02 13:36:49 ET
Table 'Naantali' 2-max Seat #2 is the button
Seat 1: simper11 ($190.28 in chips)
Seat 2: Zeeon ($161.60 in chips)
Zeeon: posts small blind $1
simper11: posts big blind $3
*** HOLE CARDS ***
Zeeon: raises $3 to $6
simper11: calls $3
*** FLOP *** [2c 9s 2h]
simper11: checks
Zeeon: bets $3
simper11: folds
Uncalled bet ($3) returned to Zeeon
Zeeon collected $11.76 from pot
*** SUMMARY ***
Total pot $12 | Rake $0.24
Board [2c 9s 2h]
Seat 1: simper11 (big blind) folded on the Flop
Seat 2: Zeeon (button) (small blind) collected ($11.76)


PokerStars Hand #146340944160:  Hold'em Limit ($3/$6 USD) - 2016/01/02 13:36:57 ET
Table 'Naantali' 2-max Seat #1 is the button
Seat 1: simper11 ($184.28 in chips)
Seat 2: Zeeon ($167.36 in chips)
simper11: posts small blind $1
Zeeon: posts big blind $3
*** HOLE CARDS ***
simper11: raises $3 to $6
Zeeon: calls $3
*** FLOP *** [2h 6c 8s]
Zeeon: checks
simper11: bets $3
Zeeon: folds
Uncalled bet ($3) returned to simper11
simper11 collected $11.76 from pot
simper11: doesn't show hand
*** SUMMARY ***
Total pot $12 | Rake $0.24
Board [2h 6c 8s]
Seat 1: simper11 (button) (small blind) collected ($11.76)
Seat 2: Zeeon (big blind) folded on the Flop


PokerStars Hand #146340963443:  Hold'em Limit ($3/$6 USD) - 2016/01/02 13:37:17 ET
Table 'Naantali' 2-max Seat #1 is the button
Seat 1: simper11 ($178.04 in chips)
Seat 2: Zeeon ($172.88 in chips)
simper11: posts small blind $1
Zeeon: posts big blind $3
*** HOLE CARDS ***
simper11: folds
Uncalled bet ($2) returned to Zeeon
Zeeon collected $2 from pot
*** SUMMARY ***
Total pot $2 | Rake $0
Seat 1: simper11 (button) (small blind) folded before Flop
Seat 2: Zeeon (big blind) collected ($2)


PokerStars Hand #146340952567:  Hold'em Limit ($3/$6 USD) - 2016/01/02 13:37:06 ET
Table 'Naantali' 2-max Seat #2 is the button
Seat 1: simper11 ($190.04 in chips)
Seat 2: Zeeon ($161.36 in chips)
Zeeon: posts small blind $1
simper11: posts big blind $3
*** HOLE CARDS ***
Zeeon: raises $3 to $6
simper11: calls $3
*** FLOP *** [6s 6h Kd]
simper11: checks
Zeeon: bets $3
simper11: raises $3 to $6
Zeeon: raises $3 to $9
simper11: folds
Uncalled bet ($3) returned to Zeeon
Zeeon collected $23.52 from pot
*** SUMMARY ***
Total pot $24 | Rake $0.48
Board [6s 6h Kd]
Seat 1: simper11 (big blind) folded on the Flop
Seat 2: Zeeon (button) (small blind) collected ($23.52)


PokerStars Hand #146340967848:  Hold'em Limit ($3/$6 USD) - 2016/01/02 13:37:21 ET
Table 'Naantali' 2-max Seat #2 is the button
Seat 1: simper11 ($177.04 in chips)
Seat 2: Zeeon ($173.88 in chips)
Zeeon: posts small blind $1
simper11: posts big blind $3
*** HOLE CARDS ***
Zeeon: folds
Uncalled bet ($2) returned to simper11
simper11 collected $2 from pot
simper11: doesn't show hand
*** SUMMARY ***
Total pot $2 | Rake $0
Seat 1: simper11 (big blind) collected ($2)
Seat 2: Zeeon (button) (small blind) folded before Flop


PokerStars Hand #146340972542:  Hold'em Limit ($3/$6 USD) - 2016/01/02 13:37:26 ET
Table 'Naantali' 2-max Seat #1 is the button
Seat 1: simper11 ($178.04 in chips)
Seat 2: Zeeon ($172.88 in chips)
simper11: posts small blind $1
Zeeon: posts big blind $3
*** HOLE CARDS ***
simper11: raises $3 to $6
Zeeon: raises $3 to $9
simper11: calls $3
*** FLOP *** [Td 4s 9s]
Zeeon: bets $3
simper11: calls $3
*** TURN *** [Td 4s 9s] [Qc]
Zeeon: bets $6
simper11: calls $6
*** RIVER *** [Td 4s 9s Qc] [2s]
Zeeon: bets $6
simper11: folds
Uncalled bet ($6) returned to Zeeon
Zeeon collected $35.50 from pot
*** SUMMARY ***
Total pot $36 | Rake $0.50
Board [Td 4s 9s Qc 2s]
Seat 1: simper11 (button) (small blind) folded on the River
Seat 2: Zeeon (big blind) collected ($35.50)


PokerStars Hand #146340989999:  Hold'em Limit ($3/$6 USD) - 2016/01/02 13:37:43 ET
Table 'Naantali' 2-max Seat #2 is the button
Seat 1: simper11 ($160.04 in chips)
Seat 2: Zeeon ($190.38 in chips)
Zeeon: posts small blind $1
simper11: posts big blind $3
*** HOLE CARDS ***
Zeeon: folds
Uncalled bet ($2) returned to simper11
simper11 collected $2 from pot
simper11: doesn't show hand
*** SUMMARY ***
Total pot $2 | Rake $0
Seat 1: simper11 (big blind) collected ($2)
Seat 2: Zeeon (button) (small blind) folded before Flop


PokerStars Hand #146340994945:  Hold'em Limit ($3/$6 USD) - 2016/01/02 13:37:48 ET
Table 'Naantali' 2-max Seat #1 is the button
Seat 1: simper11 ($161.04 in chips)
Seat 2: Zeeon ($189.38 in chips)
simper11: posts small blind $1
Zeeon: posts big blind $3
*** HOLE CARDS ***
simper11: raises $3 to $6
Zeeon: calls $3
*** FLOP *** [4s 7d 3h]
Zeeon: bets $3
simper11: raises $3 to $6
Zeeon: raises $3 to $9
simper11: calls $3
*** TURN *** [4s 7d 3h] [9s]
Zeeon: bets $6
simper11: calls $6
*** RIVER *** [4s 7d 3h 9s] [5c]
Zeeon: bets $6
simper11: calls $6
*** SHOW DOWN ***
Zeeon: shows [7h 9c] (two pair, Nines and Sevens)
simper11: mucks hand
Zeeon collected $53.50 from pot
*** SUMMARY ***
Total pot $54 | Rake $0.50
Board [4s 7d 3h 9s 5c]
Seat 1: simper11 (button) (small blind) mucked
Seat 2: Zeeon (big blind) showed [7h 9c] and won ($53.50) with two pair, Nines and Sevens


PokerStars Hand #146341006843:  Hold'em Limit ($3/$6 USD) - 2016/01/02 13:38:00 ET
Table 'Naantali' 2-max Seat #2 is the button
Seat 1: simper11 ($134.04 in chips)
Seat 2: Zeeon ($215.88 in chips)
Zeeon: posts small blind $1
simper11: posts big blind $3
*** HOLE CARDS ***
Zeeon: raises $3 to $6
simper11: raises $3 to $9
Zeeon: calls $3
*** FLOP *** [Qc Kd Qh]
simper11: bets $3
Zeeon: calls $3
*** TURN *** [Qc Kd Qh] [5h]
simper11: bets $6
Zeeon: folds
Uncalled bet ($6) returned to simper11
simper11 collected $23.52 from pot
simper11: doesn't show hand
*** SUMMARY ***
Total pot $24 | Rake $0.48
Board [Qc Kd Qh 5h]
Seat 1: simper11 (big blind) collected ($23.52)
Seat 2: Zeeon (button) (small blind) folded on the Turn


PokerStars Hand #146341019125:  Hold'em Limit ($3/$6 USD) - 2016/01/02 13:38:12 ET
Table 'Naantali' 2-max Seat #1 is the button
Seat 1: simper11 ($145.56 in chips)
Seat 2: Zeeon ($203.88 in chips)
simper11: posts small blind $1
Zeeon: posts big blind $3
*** HOLE CARDS ***
simper11: folds
Uncalled bet ($2) returned to Zeeon
Zeeon collected $2 from pot
*** SUMMARY ***
Total pot $2 | Rake $0
Seat 1: simper11 (button) (small blind) folded before Flop
Seat 2: Zeeon (big blind) collected ($2)


PokerStars Hand #146341035884:  Hold'em Limit ($3/$6 USD) - 2016/01/02 13:38:29 ET
Table 'Naantali' 2-max Seat #1 is the button
Seat 1: simper11 ($159.06 in chips)
Seat 2: Zeeon ($189.88 in chips)
simper11: posts small blind $1
Zeeon: posts big blind $3
*** HOLE CARDS ***
simper11: folds
Uncalled bet ($2) returned to Zeeon
Zeeon collected $2 from pot
*** SUMMARY ***
Total pot $2 | Rake $0
Seat 1: simper11 (button) (small blind) folded before Flop
Seat 2: Zeeon (big blind) collected ($2)


PokerStars Hand #146341023728:  Hold'em Limit ($3/$6 USD) - 2016/01/02 13:38:17 ET
Table 'Naantali' 2-max Seat #2 is the button
Seat 1: simper11 ($144.56 in chips)
Seat 2: Zeeon ($204.88 in chips)
Zeeon: posts small blind $1
simper11: posts big blind $3
*** HOLE CARDS ***
Zeeon: raises $3 to $6
simper11: raises $3 to $9
Zeeon: calls $3
*** FLOP *** [Ac Qc 5s]
simper11: bets $3
Zeeon: raises $3 to $6
simper11: raises $3 to $9
Zeeon: folds
Uncalled bet ($3) returned to simper11
simper11 collected $29.50 from pot
simper11: doesn't show hand
*** SUMMARY ***
Total pot $30 | Rake $0.50
Board [Ac Qc 5s]
Seat 1: simper11 (big blind) collected ($29.50)
Seat 2: Zeeon (button) (small blind) folded on the Flop


PokerStars Hand #146341040115:  Hold'em Limit ($3/$6 USD) - 2016/01/02 13:38:33 ET
Table 'Naantali' 2-max Seat #2 is the button
Seat 1: simper11 ($158.06 in chips)
Seat 2: Zeeon ($190.88 in chips)
Zeeon: posts small blind $1
simper11: posts big blind $3
*** HOLE CARDS ***
Zeeon: raises $3 to $6
simper11: calls $3
*** FLOP *** [Ks Kd 8h]
simper11: checks
Zeeon: bets $3
simper11: folds
Uncalled bet ($3) returned to Zeeon
Zeeon collected $11.76 from pot
*** SUMMARY ***
Total pot $12 | Rake $0.24
Board [Ks Kd 8h]
Seat 1: simper11 (big blind) folded on the Flop
Seat 2: Zeeon (button) (small blind) collected ($11.76)


PokerStars Hand #146341047774:  Hold'em Limit ($3/$6 USD) - 2016/01/02 13:38:41 ET
Table 'Naantali' 2-max Seat #1 is the button
Seat 1: simper11 ($152.06 in chips)
Seat 2: Zeeon ($196.64 in chips)
simper11: posts small blind $1
Zeeon: posts big blind $3
*** HOLE CARDS ***
simper11: raises $3 to $6
Zeeon: calls $3
*** FLOP *** [9h 7c 6h]
Zeeon: bets $3
simper11: raises $3 to $6
Zeeon: raises $3 to $9
simper11: raises $3 to $12
Betting is capped
Zeeon: calls $3
*** TURN *** [9h 7c 6h] [5d]
Zeeon: checks
simper11: bets $6
Zeeon: calls $6
*** RIVER *** [9h 7c 6h 5d] [Th]
Zeeon: checks
simper11: bets $6
Zeeon: calls $6
*** SHOW DOWN ***
simper11: shows [Kh 8h] (a flush, King high)
Zeeon: mucks hand
simper11 collected $59.50 from pot
*** SUMMARY ***
Total pot $60 | Rake $0.50
Board [9h 7c 6h 5d Th]
Seat 1: simper11 (button) (small blind) showed [Kh 8h] and won ($59.50) with a flush, King high
Seat 2: Zeeon (big blind) mucked


PokerStars Hand #146341067034:  Hold'em Limit ($3/$6 USD) - 2016/01/02 13:39:00 ET
Table 'Naantali' 2-max Seat #2 is the button
Seat 1: simper11 ($181.56 in chips)
Seat 2: Zeeon ($166.64 in chips)
Zeeon: posts small blind $1
simper11: posts big blind $3
*** HOLE CARDS ***
Zeeon: raises $3 to $6
simper11: raises $3 to $9
Zeeon: calls $3
*** FLOP *** [9s Ah 7h]
simper11: bets $3
Zeeon: folds
Uncalled bet ($3) returned to simper11
simper11 collected $17.64 from pot
simper11: doesn't show hand
*** SUMMARY ***
Total pot $18 | Rake $0.36
Board [9s Ah 7h]
Seat 1: simper11 (big blind) collected ($17.64)
Seat 2: Zeeon (button) (small blind) folded on the Flop


PokerStars Hand #146341075563:  Hold'em Limit ($3/$6 USD) - 2016/01/02 13:39:09 ET
Table 'Naantali' 2-max Seat #1 is the button
Seat 1: simper11 ($190.20 in chips)
Seat 2: Zeeon ($157.64 in chips)
simper11: posts small blind $1
Zeeon: posts big blind $3
*** HOLE CARDS ***
simper11: raises $3 to $6
Zeeon: folds
Uncalled bet ($3) returned to simper11
simper11 collected $6 from pot
simper11: doesn't show hand
*** SUMMARY ***
Total pot $6 | Rake $0
Seat 1: simper11 (button) (small blind) collected ($6)
Seat 2: Zeeon (big blind) folded before Flop


PokerStars Hand #146341080959:  Hold'em Limit ($3/$6 USD) - 2016/01/02 13:39:14 ET
Table 'Naantali' 2-max Seat #2 is the button
Seat 1: simper11 ($193.20 in chips)
Seat 2: Zeeon ($154.64 in chips)
Zeeon: posts small blind $1
simper11: posts big blind $3
*** HOLE CARDS ***
Zeeon: raises $3 to $6
simper11: calls $3
*** FLOP *** [Td 8h Kd]
simper11: checks
Zeeon: bets $3
simper11: folds
Uncalled bet ($3) returned to Zeeon
Zeeon collected $11.76 from pot
*** SUMMARY ***
Total pot $12 | Rake $0.24
Board [Td 8h Kd]
Seat 1: simper11 (big blind) folded on the Flop
Seat 2: Zeeon (button) (small blind) collected ($11.76)


PokerStars Hand #146341097260:  Hold'em Limit ($3/$6 USD) - 2016/01/02 13:39:30 ET
Table 'Naantali' 2-max Seat #1 is the button
Seat 1: simper11 ($187.20 in chips)
Seat 2: Zeeon ($160.40 in chips)
simper11: posts small blind $1
Zeeon: posts big blind $3
*** HOLE CARDS ***
simper11: raises $3 to $6
Zeeon: folds
Uncalled bet ($3) returned to simper11
simper11 collected $6 from pot
simper11: doesn't show hand
*** SUMMARY ***
Total pot $6 | Rake $0
Seat 1: simper11 (button) (small blind) collected ($6)
Seat 2: Zeeon (big blind) folded before Flop


PokerStars Hand #146341102550:  Hold'em Limit ($3/$6 USD) - 2016/01/02 13:39:36 ET
Table 'Naantali' 2-max Seat #2 is the button
Seat 1: simper11 ($190.20 in chips)
Seat 2: Zeeon ($157.40 in chips)
Zeeon: posts small blind $1
simper11: posts big blind $3
*** HOLE CARDS ***
Zeeon: raises $3 to $6
simper11: raises $3 to $9
Zeeon: calls $3
*** FLOP *** [5h 2c Jd]
simper11: bets $3
Zeeon: calls $3
*** TURN *** [5h 2c Jd] [7c]
simper11: bets $6
Zeeon: calls $6
*** RIVER *** [5h 2c Jd 7c] [Kh]
simper11: bets $6
Zeeon: calls $6
*** SHOW DOWN ***
simper11: shows [Kc Qc] (a pair of Kings)
Zeeon: mucks hand
simper11 collected $47.50 from pot
*** SUMMARY ***
Total pot $48 | Rake $0.50
Board [5h 2c Jd 7c Kh]
Seat 1: simper11 (big blind) showed [Kc Qc] and won ($47.50) with a pair of Kings
Seat 2: Zeeon (button) (small blind) mucked


PokerStars Hand #146341118660:  Hold'em Limit ($3/$6 USD) - 2016/01/02 13:39:52 ET
Table 'Naantali' 2-max Seat #1 is the button
Seat 1: simper11 ($213.70 in chips)
Seat 2: Zeeon ($133.40 in chips)
simper11: posts small blind $1
Zeeon: posts big blind $3
*** HOLE CARDS ***
simper11: raises $3 to $6
Zeeon: calls $3
*** FLOP *** [7h 6d Kc]
Zeeon: checks
simper11: bets $3
Zeeon: folds
Uncalled bet ($3) returned to simper11
simper11 collected $11.76 from pot
simper11: doesn't show hand
*** SUMMARY ***
Total pot $12 | Rake $0.24
Board [7h 6d Kc]
Seat 1: simper11 (button) (small blind) collected ($11.76)
Seat 2: Zeeon (big blind) folded on the Flop


PokerStars Hand #146341128011:  Hold'em Limit ($3/$6 USD) - 2016/01/02 13:40:01 ET
Table 'Naantali' 2-max Seat #2 is the button
Seat 1: simper11 ($219.46 in chips)
Seat 2: Zeeon ($127.40 in chips)
Zeeon: posts small blind $1
simper11: posts big blind $3
*** HOLE CARDS ***
Zeeon: raises $3 to $6
simper11: calls $3
*** FLOP *** [4d 9d Th]
simper11: checks
Zeeon: checks
*** TURN *** [4d 9d Th] [Jh]
simper11: checks
Zeeon: bets $6
simper11: folds
Uncalled bet ($6) returned to Zeeon
Zeeon collected $11.76 from pot
*** SUMMARY ***
Total pot $12 | Rake $0.24
Board [4d 9d Th Jh]
Seat 1: simper11 (big blind) folded on the Turn
Seat 2: Zeeon (button) (small blind) collected ($11.76)


