PokerStars Hand #155816385161:  Hold'em Limit ($3/$6 USD) - 2016/07/10 19:20:37 ET
Table 'Naantali' 10-max Seat #8 is the button
Seat 5: Diogo mania ($29 in chips)
Seat 8: Great_Kang ($121 in chips)
Great_Kang: posts small blind $1
Diogo mania: posts big blind $3
*** HOLE CARDS ***
Great_Kang: folds
Uncalled bet ($2) returned to Diogo mania
Diogo mania collected $2 from pot
Diogo mania: doesn't show hand
*** SUMMARY ***
Total pot $2 | Rake $0
Seat 5: Diogo mania (big blind) collected ($2)
Seat 8: Great_Kang (button) (small blind) folded before Flop


PokerStars Hand #155816381515:  Hold'em Limit ($3/$6 USD) - 2016/07/10 19:20:30 ET
Table 'Naantali' 10-max Seat #5 is the button
Seat 5: Diogo mania ($30 in chips)
Seat 8: Great_Kang ($120 in chips)
Diogo mania: posts small blind $1
Great_Kang: posts big blind $3
*** HOLE CARDS ***
Diogo mania: folds
Uncalled bet ($2) returned to Great_Kang
Great_Kang collected $2 from pot
Great_Kang: doesn't show hand
*** SUMMARY ***
Total pot $2 | Rake $0
Seat 5: Diogo mania (button) (small blind) folded before Flop
Seat 8: Great_Kang (big blind) collected ($2)


PokerStars Hand #155816414913:  Hold'em Limit ($3/$6 USD) - 2016/07/10 19:21:28 ET
Table 'Naantali' 10-max Seat #8 is the button
Seat 5: Diogo mania ($32.88 in chips)
Seat 8: Great_Kang ($120 in chips)
Great_Kang: posts small blind $1
Diogo mania: posts big blind $3
*** HOLE CARDS ***
Great_Kang: raises $3 to $6
Diogo mania: folds
Uncalled bet ($3) returned to Great_Kang
Great_Kang collected $6 from pot
Great_Kang: doesn't show hand
*** SUMMARY ***
Total pot $6 | Rake $0
Seat 5: Diogo mania (big blind) folded before Flop
Seat 8: Great_Kang (button) (small blind) collected ($6)


PokerStars Hand #155816389071:  Hold'em Limit ($3/$6 USD) - 2016/07/10 19:20:43 ET
Table 'Naantali' 10-max Seat #5 is the button
Seat 5: Diogo mania ($30 in chips)
Seat 8: Great_Kang ($120 in chips)
Diogo mania: posts small blind $1
Great_Kang: posts big blind $3
*** HOLE CARDS ***
Diogo mania: calls $2
Great_Kang: checks
*** FLOP *** [Kh 4c 8h]
Great_Kang: checks
Diogo mania: bets $3
Great_Kang: folds
Uncalled bet ($3) returned to Diogo mania
Diogo mania collected $5.88 from pot
Diogo mania: doesn't show hand
*** SUMMARY ***
Total pot $6 | Rake $0.12
Board [Kh 4c 8h]
Seat 5: Diogo mania (button) (small blind) collected ($5.88)
Seat 8: Great_Kang (big blind) folded on the Flop


PokerStars Hand #155816450090:  Hold'em Limit ($3/$6 USD) - 2016/07/10 19:22:30 ET
Table 'Naantali' 10-max Seat #5 is the button
Seat 5: Diogo mania ($11.52 in chips)
Seat 8: Great_Kang ($140.62 in chips)
Diogo mania: posts small blind $1
Great_Kang: posts big blind $3
*** HOLE CARDS ***
Diogo mania: folds
Uncalled bet ($2) returned to Great_Kang
Great_Kang collected $2 from pot
Great_Kang: doesn't show hand
*** SUMMARY ***
Total pot $2 | Rake $0
Seat 5: Diogo mania (button) (small blind) folded before Flop
Seat 8: Great_Kang (big blind) collected ($2)


PokerStars Hand #155816442414:  Hold'em Limit ($3/$6 USD) - 2016/07/10 19:22:16 ET
Table 'Naantali' 10-max Seat #8 is the button
Seat 5: Diogo mania ($5.88 in chips)
Seat 8: Great_Kang ($146.50 in chips)
Great_Kang: posts small blind $1
Diogo mania: posts big blind $3
*** HOLE CARDS ***
Great_Kang: raises $3 to $6
Diogo mania: calls $2.88 and is all-in
Uncalled bet ($0.12) returned to Great_Kang
*** FLOP *** [6h Qd 7c]
*** TURN *** [6h Qd 7c] [Th]
*** RIVER *** [6h Qd 7c Th] [9s]
*** SHOW DOWN ***
Diogo mania: shows [8h Jc] (a straight, Eight to Queen)
Great_Kang: shows [3h Qc] (a pair of Queens)
Diogo mania collected $11.52 from pot
*** SUMMARY ***
Total pot $11.76 | Rake $0.24
Board [6h Qd 7c Th 9s]
Seat 5: Diogo mania (big blind) showed [8h Jc] and won ($11.52) with a straight, Eight to Queen
Seat 8: Great_Kang (button) (small blind) showed [3h Qc] and lost with a pair of Queens


PokerStars Hand #155816420629:  Hold'em Limit ($3/$6 USD) - 2016/07/10 19:21:38 ET
Table 'Naantali' 10-max Seat #5 is the button
Seat 5: Diogo mania ($29.88 in chips)
Seat 8: Great_Kang ($123 in chips)
Diogo mania: posts small blind $1
Great_Kang: posts big blind $3
*** HOLE CARDS ***
Diogo mania: raises $3 to $6
Great_Kang: calls $3
*** FLOP *** [Jc 8s 6h]
Great_Kang: checks
Diogo mania: bets $3
Great_Kang: raises $3 to $6
Diogo mania: calls $3
*** TURN *** [Jc 8s 6h] [3h]
Great_Kang: bets $6
Diogo mania: calls $6
*** RIVER *** [Jc 8s 6h 3h] [Ah]
Great_Kang: bets $6
Diogo mania: calls $6
*** SHOW DOWN ***
Great_Kang: shows [8d 6s] (two pair, Eights and Sixes)
Diogo mania: mucks hand
Great_Kang collected $47.50 from pot
*** SUMMARY ***
Total pot $48 | Rake $0.50
Board [Jc 8s 6h 3h Ah]
Seat 5: Diogo mania (button) (small blind) mucked
Seat 8: Great_Kang (big blind) showed [8d 6s] and won ($47.50) with two pair, Eights and Sixes


PokerStars Hand #155816459767:  Hold'em Limit ($3/$6 USD) - 2016/07/10 19:22:47 ET
Table 'Naantali' 10-max Seat #5 is the button
Seat 5: Diogo mania ($7.52 in chips)
Seat 8: Great_Kang ($144.62 in chips)
Diogo mania: posts small blind $1
Great_Kang: posts big blind $3
*** HOLE CARDS ***
Diogo mania: raises $3 to $6
Great_Kang: folds
Uncalled bet ($3) returned to Diogo mania
Diogo mania collected $6 from pot
Diogo mania: doesn't show hand
*** SUMMARY ***
Total pot $6 | Rake $0
Seat 5: Diogo mania (button) (small blind) collected ($6)
Seat 8: Great_Kang (big blind) folded before Flop


PokerStars Hand #155816453473:  Hold'em Limit ($3/$6 USD) - 2016/07/10 19:22:36 ET
Table 'Naantali' 10-max Seat #8 is the button
Seat 5: Diogo mania ($10.52 in chips)
Seat 8: Great_Kang ($141.62 in chips)
Great_Kang: posts small blind $1
Diogo mania: posts big blind $3
*** HOLE CARDS ***
Great_Kang: raises $3 to $6
Diogo mania: folds
Uncalled bet ($3) returned to Great_Kang
Great_Kang collected $6 from pot
Great_Kang: doesn't show hand
*** SUMMARY ***
Total pot $6 | Rake $0
Seat 5: Diogo mania (big blind) folded before Flop
Seat 8: Great_Kang (button) (small blind) collected ($6)


PokerStars Hand #155816483672:  Hold'em Limit ($3/$6 USD) - 2016/07/10 19:23:29 ET
Table 'Naantali' 10-max Seat #8 is the button
Seat 5: Diogo mania ($23.62 in chips)
Seat 8: Great_Kang ($128.10 in chips)
Great_Kang: posts small blind $1
Diogo mania: posts big blind $3
*** HOLE CARDS ***
Great_Kang: raises $3 to $6
Diogo mania: folds
Uncalled bet ($3) returned to Great_Kang
Great_Kang collected $6 from pot
Great_Kang: doesn't show hand
*** SUMMARY ***
Total pot $6 | Rake $0
Seat 5: Diogo mania (big blind) folded before Flop
Seat 8: Great_Kang (button) (small blind) collected ($6)


PokerStars Hand #155816478199:  Hold'em Limit ($3/$6 USD) - 2016/07/10 19:23:20 ET
Table 'Naantali' 10-max Seat #5 is the button
Seat 5: Diogo mania ($20.62 in chips)
Seat 8: Great_Kang ($131.10 in chips)
Diogo mania: posts small blind $1
Great_Kang: posts big blind $3
*** HOLE CARDS ***
Diogo mania: raises $3 to $6
Great_Kang: folds
Uncalled bet ($3) returned to Diogo mania
Diogo mania collected $6 from pot
Diogo mania: doesn't show hand
*** SUMMARY ***
Total pot $6 | Rake $0
Seat 5: Diogo mania (button) (small blind) collected ($6)
Seat 8: Great_Kang (big blind) folded before Flop


PokerStars Hand #155816465295:  Hold'em Limit ($3/$6 USD) - 2016/07/10 19:22:57 ET
Table 'Naantali' 10-max Seat #8 is the button
Seat 5: Diogo mania ($10.52 in chips)
Seat 8: Great_Kang ($141.62 in chips)
Great_Kang: posts small blind $1
Diogo mania: posts big blind $3
*** HOLE CARDS ***
Great_Kang: raises $3 to $6
Diogo mania: raises $3 to $9
Great_Kang: calls $3
*** FLOP *** [Tc 8h Kc]
Diogo mania: bets $1.52 and is all-in
Great_Kang: calls $1.52
*** TURN *** [Tc 8h Kc] [Th]
*** RIVER *** [Tc 8h Kc Th] [9s]
*** SHOW DOWN ***
Diogo mania: shows [Kh 6h] (two pair, Kings and Tens)
Great_Kang: shows [4d 5s] (a pair of Tens)
Diogo mania collected $20.62 from pot
*** SUMMARY ***
Total pot $21.04 | Rake $0.42
Board [Tc 8h Kc Th 9s]
Seat 5: Diogo mania (big blind) showed [Kh 6h] and won ($20.62) with two pair, Kings and Tens
Seat 8: Great_Kang (button) (small blind) showed [4d 5s] and lost with a pair of Tens


PokerStars Hand #155816506573:  Hold'em Limit ($3/$6 USD) - 2016/07/10 19:24:10 ET
Table 'Naantali' 10-max Seat #5 is the button
Seat 5: Diogo mania ($30.26 in chips)
Seat 8: Great_Kang ($121.10 in chips)
Diogo mania: posts small blind $1
Great_Kang: posts big blind $3
*** HOLE CARDS ***
Diogo mania: folds
Uncalled bet ($2) returned to Great_Kang
Great_Kang collected $2 from pot
Great_Kang: doesn't show hand
*** SUMMARY ***
Total pot $2 | Rake $0
Seat 5: Diogo mania (button) (small blind) folded before Flop
Seat 8: Great_Kang (big blind) collected ($2)


PokerStars Hand #155816499874:  Hold'em Limit ($3/$6 USD) - 2016/07/10 19:23:58 ET
Table 'Naantali' 10-max Seat #8 is the button
Seat 5: Diogo mania ($29.26 in chips)
Seat 8: Great_Kang ($122.10 in chips)
Great_Kang: posts small blind $1
Diogo mania: posts big blind $3
*** HOLE CARDS ***
Great_Kang: folds
Uncalled bet ($2) returned to Diogo mania
Diogo mania collected $2 from pot
Diogo mania: doesn't show hand
*** SUMMARY ***
Total pot $2 | Rake $0
Seat 5: Diogo mania (big blind) collected ($2)
Seat 8: Great_Kang (button) (small blind) folded before Flop


PokerStars Hand #155816488011:  Hold'em Limit ($3/$6 USD) - 2016/07/10 19:23:37 ET
Table 'Naantali' 10-max Seat #5 is the button
Seat 5: Diogo mania ($20.62 in chips)
Seat 8: Great_Kang ($131.10 in chips)
Diogo mania: posts small blind $1
Great_Kang: posts big blind $3
*** HOLE CARDS ***
Diogo mania: raises $3 to $6
Great_Kang: calls $3
*** FLOP *** [7s Ah 2h]
Great_Kang: checks
Diogo mania: bets $3
Great_Kang: calls $3
*** TURN *** [7s Ah 2h] [7h]
Great_Kang: checks
Diogo mania: bets $6
Great_Kang: folds
Uncalled bet ($6) returned to Diogo mania
Diogo mania collected $17.64 from pot
Diogo mania: doesn't show hand
*** SUMMARY ***
Total pot $18 | Rake $0.36
Board [7s Ah 2h 7h]
Seat 5: Diogo mania (button) (small blind) collected ($17.64)
Seat 8: Great_Kang (big blind) folded on the Turn


