PokerStars Hand #159372731155:  Hold'em Limit ($3/$6 USD) - 2016/10/02 10:00:41 ET
Table 'Naantali' 6-max Seat #1 is the button
Seat 1: AllanW ($120 in chips)
Seat 4: VolkovDmitri ($120 in chips)
AllanW: posts small blind $1
VolkovDmitri: posts big blind $3
*** HOLE CARDS ***
AllanW: raises $3 to $6
VolkovDmitri: raises $3 to $9
AllanW: calls $3
*** FLOP *** [Ad 7s 4h]
VolkovDmitri: bets $3
AllanW: calls $3
*** TURN *** [Ad 7s 4h] [As]
VolkovDmitri: bets $6
AllanW: calls $6
*** RIVER *** [Ad 7s 4h As] [5d]
VolkovDmitri: bets $6
AllanW: calls $6
*** SHOW DOWN ***
VolkovDmitri: shows [9d 9h] (two pair, Aces and Nines)
AllanW: mucks hand
VolkovDmitri collected $47.50 from pot
*** SUMMARY ***
Total pot $48 | Rake $0.50
Board [Ad 7s 4h As 5d]
Seat 1: AllanW (button) (small blind) mucked
Seat 4: VolkovDmitri (big blind) showed [9d 9h] and won ($47.50) with two pair, Aces and Nines


PokerStars Hand #159372806383:  Hold'em Limit ($3/$6 USD) - 2016/10/02 10:02:46 ET
Table 'Naantali' 6-max Seat #4 is the button
Seat 1: AllanW ($96 in chips)
Seat 4: VolkovDmitri ($143.50 in chips)
VolkovDmitri: posts small blind $1
AllanW: posts big blind $3
*** HOLE CARDS ***
VolkovDmitri: raises $3 to $6
AllanW: raises $3 to $9
VolkovDmitri: raises $3 to $12
Betting is capped
AllanW: calls $3
*** FLOP *** [4h 6s 3h]
AllanW: bets $3
VolkovDmitri: calls $3
*** TURN *** [4h 6s 3h] [5h]
AllanW: bets $6
VolkovDmitri: folds
Uncalled bet ($6) returned to AllanW
AllanW collected $29.50 from pot
AllanW: doesn't show hand
*** SUMMARY ***
Total pot $30 | Rake $0.50
Board [4h 6s 3h 5h]
Seat 1: AllanW (big blind) collected ($29.50)
Seat 4: VolkovDmitri (button) (small blind) folded on the Turn


