PokerStars Hand #159343996552:  Hold'em Limit ($3/$6 USD) - 2016/10/01 15:59:13 ET
Table 'Naef' 6-max Seat #2 is the button
Seat 1: NAZIR796 ($241.91 in chips)
Seat 2: sim5sim5 ($124.49 in chips)
sim5sim5: posts small blind $1
Luanto 14: is sitting out
Luanto 14 leaves the table
DieEXE: is sitting out
NAZIR796: posts big blind $3
*** HOLE CARDS ***
DieEXE leaves the table
sim5sim5: folds
Uncalled bet ($2) returned to NAZIR796
NAZIR796 collected $2 from pot
NAZIR796: doesn't show hand
*** SUMMARY ***
Total pot $2 | Rake $0
Seat 1: NAZIR796 (big blind) collected ($2)
Seat 2: sim5sim5 (button) (small blind) folded before Flop


PokerStars Hand #159344001610:  Hold'em Limit ($3/$6 USD) - 2016/10/01 15:59:21 ET
Table 'Naef' 6-max Seat #1 is the button
Seat 1: NAZIR796 ($242.91 in chips)
Seat 2: sim5sim5 ($123.49 in chips)
NAZIR796: posts small blind $1
sim5sim5: posts big blind $3
*** HOLE CARDS ***
NAZIR796: folds
Uncalled bet ($2) returned to sim5sim5
sim5sim5 collected $2 from pot
sim5sim5: doesn't show hand
*** SUMMARY ***
Total pot $2 | Rake $0
Seat 1: NAZIR796 (button) (small blind) folded before Flop
Seat 2: sim5sim5 (big blind) collected ($2)


