PokerStars Hand #155686435606:  Hold'em Limit ($3/$6 USD) - 2016/07/07 16:10:17 ET
Table 'Naema II' 6-max Seat #3 is the button
Seat 3: Azrarn ($120 in chips)
Seat 4: volf 233 ($30 in chips)
Azrarn: posts small blind $1
volf 233: posts big blind $3
*** HOLE CARDS ***
Azrarn: raises $3 to $6
volf 233: calls $3
*** FLOP *** [3s 2d 4d]
volf 233: checks
Azrarn: bets $3
volf 233: raises $3 to $6
Azrarn: calls $3
*** TURN *** [3s 2d 4d] [7s]
volf 233: bets $6
Azrarn: calls $6
*** RIVER *** [3s 2d 4d 7s] [8s]
volf 233: bets $6
Azrarn: calls $6
*** SHOW DOWN ***
volf 233: shows [5s 9h] (high card Nine)
Azrarn: shows [Th Ks] (high card King)
Azrarn collected $47.50 from pot
*** SUMMARY ***
Total pot $48 | Rake $0.50
Board [3s 2d 4d 7s 8s]
Seat 3: Azrarn (button) (small blind) showed [Th Ks] and won ($47.50) with high card King
Seat 4: volf 233 (big blind) showed [5s 9h] and lost with high card Nine


PokerStars Hand #155686464048:  Hold'em Limit ($3/$6 USD) - 2016/07/07 16:11:03 ET
Table 'Naema II' 6-max Seat #4 is the button
Seat 3: Azrarn ($143.50 in chips)
Seat 4: volf 233 ($6 in chips)
volf 233: posts small blind $1
Azrarn: posts big blind $3
*** HOLE CARDS ***
volf 233: raises $3 to $6 and is all-in
Azrarn: calls $3
*** FLOP *** [5d 9c 6d]
*** TURN *** [5d 9c 6d] [Qh]
*** RIVER *** [5d 9c 6d Qh] [Qc]
*** SHOW DOWN ***
Azrarn: shows [Qd 5s] (a full house, Queens full of Fives)
volf 233: shows [Kd Kh] (two pair, Kings and Queens)
Azrarn collected $11.76 from pot
volf 233 leaves the table
*** SUMMARY ***
Total pot $12 | Rake $0.24
Board [5d 9c 6d Qh Qc]
Seat 3: Azrarn (big blind) showed [Qd 5s] and won ($11.76) with a full house, Queens full of Fives
Seat 4: volf 233 (button) (small blind) showed [Kd Kh] and lost with two pair, Kings and Queens


PokerStars Hand #155686955655:  Hold'em Limit ($3/$6 USD) - 2016/07/07 16:24:08 ET
Table 'Naema II' 6-max Seat #3 is the button
Seat 3: kykypy3a000o ($100 in chips)
Seat 4: AzureCaper ($72 in chips)
kykypy3a000o: posts small blind $1
AzureCaper: posts big blind $3
*** HOLE CARDS ***
kykypy3a000o: folds
Uncalled bet ($2) returned to AzureCaper
AzureCaper collected $2 from pot
AzureCaper: doesn't show hand
*** SUMMARY ***
Total pot $2 | Rake $0
Seat 3: kykypy3a000o (button) (small blind) folded before Flop
Seat 4: AzureCaper (big blind) collected ($2)


PokerStars Hand #155686966939:  Hold'em Limit ($3/$6 USD) - 2016/07/07 16:24:26 ET
Table 'Naema II' 6-max Seat #3 is the button
Seat 3: kykypy3a000o ($100 in chips)
Seat 4: AzureCaper ($72 in chips)
kykypy3a000o: posts small blind $1
AzureCaper: posts big blind $3
*** HOLE CARDS ***
kykypy3a000o: raises $3 to $6
AzureCaper: calls $3
*** FLOP *** [7s 5s 2c]
AzureCaper: checks
kykypy3a000o: bets $3
AzureCaper: raises $3 to $6
kykypy3a000o: calls $3
*** TURN *** [7s 5s 2c] [Ad]
AzureCaper: bets $6
kykypy3a000o: calls $6
*** RIVER *** [7s 5s 2c Ad] [7c]
AzureCaper: bets $6
kykypy3a000o: calls $6
*** SHOW DOWN ***
AzureCaper: shows [7d 8d] (three of a kind, Sevens)
kykypy3a000o: mucks hand
AzureCaper collected $47.50 from pot
*** SUMMARY ***
Total pot $48 | Rake $0.50
Board [7s 5s 2c Ad 7c]
Seat 3: kykypy3a000o (button) (small blind) mucked
Seat 4: AzureCaper (big blind) showed [7d 8d] and won ($47.50) with three of a kind, Sevens


PokerStars Hand #155686997537:  Hold'em Limit ($3/$6 USD) - 2016/07/07 16:25:16 ET
Table 'Naema II' 6-max Seat #3 is the button
Seat 3: kykypy3a000o ($77 in chips)
Seat 4: AzureCaper ($94.50 in chips)
kykypy3a000o: posts small blind $1
AzureCaper: posts big blind $3
*** HOLE CARDS ***
kykypy3a000o: folds
Uncalled bet ($2) returned to AzureCaper
AzureCaper collected $2 from pot
AzureCaper: doesn't show hand
*** SUMMARY ***
Total pot $2 | Rake $0
Seat 3: kykypy3a000o (button) (small blind) folded before Flop
Seat 4: AzureCaper (big blind) collected ($2)


PokerStars Hand #155687002358:  Hold'em Limit ($3/$6 USD) - 2016/07/07 16:25:24 ET
Table 'Naema II' 6-max Seat #4 is the button
Seat 3: kykypy3a000o ($76 in chips)
Seat 4: AzureCaper ($95.50 in chips)
AzureCaper: posts small blind $1
kykypy3a000o: posts big blind $3
*** HOLE CARDS ***
AzureCaper: folds
Uncalled bet ($2) returned to kykypy3a000o
kykypy3a000o collected $2 from pot
*** SUMMARY ***
Total pot $2 | Rake $0
Seat 3: kykypy3a000o (big blind) collected ($2)
Seat 4: AzureCaper (button) (small blind) folded before Flop


PokerStars Hand #155687012915:  Hold'em Limit ($3/$6 USD) - 2016/07/07 16:25:42 ET
Table 'Naema II' 6-max Seat #3 is the button
Seat 3: kykypy3a000o ($77 in chips)
Seat 4: AzureCaper ($94.50 in chips)
kykypy3a000o: posts small blind $1
AzureCaper: posts big blind $3
*** HOLE CARDS ***
kykypy3a000o: raises $3 to $6
AzureCaper: calls $3
*** FLOP *** [6d 4c Js]
AzureCaper: checks
kykypy3a000o: bets $3
AzureCaper: folds
Uncalled bet ($3) returned to kykypy3a000o
kykypy3a000o collected $11.76 from pot
*** SUMMARY ***
Total pot $12 | Rake $0.24
Board [6d 4c Js]
Seat 3: kykypy3a000o (button) (small blind) collected ($11.76)
Seat 4: AzureCaper (big blind) folded on the Flop


PokerStars Hand #155687010318:  Hold'em Limit ($3/$6 USD) - 2016/07/07 16:25:38 ET
Table 'Naema II' 6-max Seat #4 is the button
Seat 3: kykypy3a000o ($76 in chips)
Seat 4: AzureCaper ($95.50 in chips)
AzureCaper: posts small blind $1
kykypy3a000o: posts big blind $3
*** HOLE CARDS ***
AzureCaper: folds
Uncalled bet ($2) returned to kykypy3a000o
kykypy3a000o collected $2 from pot
*** SUMMARY ***
Total pot $2 | Rake $0
Seat 3: kykypy3a000o (big blind) collected ($2)
Seat 4: AzureCaper (button) (small blind) folded before Flop


PokerStars Hand #155687007012:  Hold'em Limit ($3/$6 USD) - 2016/07/07 16:25:32 ET
Table 'Naema II' 6-max Seat #3 is the button
Seat 3: kykypy3a000o ($77 in chips)
Seat 4: AzureCaper ($94.50 in chips)
kykypy3a000o: posts small blind $1
AzureCaper: posts big blind $3
*** HOLE CARDS ***
kykypy3a000o: folds
Uncalled bet ($2) returned to AzureCaper
AzureCaper collected $2 from pot
AzureCaper: doesn't show hand
*** SUMMARY ***
Total pot $2 | Rake $0
Seat 3: kykypy3a000o (button) (small blind) folded before Flop
Seat 4: AzureCaper (big blind) collected ($2)


PokerStars Hand #155687042200:  Hold'em Limit ($3/$6 USD) - 2016/07/07 16:26:31 ET
Table 'Naema II' 6-max Seat #4 is the button
Seat 3: kykypy3a000o ($89.52 in chips)
Seat 4: AzureCaper ($81.50 in chips)
AzureCaper: posts small blind $1
kykypy3a000o: posts big blind $3
*** HOLE CARDS ***
AzureCaper: raises $3 to $6
kykypy3a000o: folds
Uncalled bet ($3) returned to AzureCaper
AzureCaper collected $6 from pot
AzureCaper: doesn't show hand
*** SUMMARY ***
Total pot $6 | Rake $0
Seat 3: kykypy3a000o (big blind) folded before Flop
Seat 4: AzureCaper (button) (small blind) collected ($6)


PokerStars Hand #155687024184:  Hold'em Limit ($3/$6 USD) - 2016/07/07 16:26:01 ET
Table 'Naema II' 6-max Seat #4 is the button
Seat 3: kykypy3a000o ($82.76 in chips)
Seat 4: AzureCaper ($88.50 in chips)
AzureCaper: posts small blind $1
kykypy3a000o: posts big blind $3
*** HOLE CARDS ***
AzureCaper: folds
Uncalled bet ($2) returned to kykypy3a000o
kykypy3a000o collected $2 from pot
*** SUMMARY ***
Total pot $2 | Rake $0
Seat 3: kykypy3a000o (big blind) collected ($2)
Seat 4: AzureCaper (button) (small blind) folded before Flop


PokerStars Hand #155687027214:  Hold'em Limit ($3/$6 USD) - 2016/07/07 16:26:06 ET
Table 'Naema II' 6-max Seat #3 is the button
Seat 3: kykypy3a000o ($83.76 in chips)
Seat 4: AzureCaper ($87.50 in chips)
kykypy3a000o: posts small blind $1
AzureCaper: posts big blind $3
*** HOLE CARDS ***
kykypy3a000o: raises $3 to $6
AzureCaper: calls $3
*** FLOP *** [Kh 5c Ts]
AzureCaper: checks
kykypy3a000o: bets $3
AzureCaper: folds
Uncalled bet ($3) returned to kykypy3a000o
kykypy3a000o collected $11.76 from pot
*** SUMMARY ***
Total pot $12 | Rake $0.24
Board [Kh 5c Ts]
Seat 3: kykypy3a000o (button) (small blind) collected ($11.76)
Seat 4: AzureCaper (big blind) folded on the Flop


PokerStars Hand #155687046793:  Hold'em Limit ($3/$6 USD) - 2016/07/07 16:26:39 ET
Table 'Naema II' 6-max Seat #3 is the button
Seat 3: kykypy3a000o ($86.52 in chips)
Seat 4: AzureCaper ($84.50 in chips)
kykypy3a000o: posts small blind $1
AzureCaper: posts big blind $3
*** HOLE CARDS ***
kykypy3a000o: raises $3 to $6
AzureCaper: calls $3
*** FLOP *** [Qh 6d 3c]
AzureCaper: checks
kykypy3a000o: bets $3
AzureCaper: folds
Uncalled bet ($3) returned to kykypy3a000o
kykypy3a000o collected $11.76 from pot
*** SUMMARY ***
Total pot $12 | Rake $0.24
Board [Qh 6d 3c]
Seat 3: kykypy3a000o (button) (small blind) collected ($11.76)
Seat 4: AzureCaper (big blind) folded on the Flop


PokerStars Hand #155687069649:  Hold'em Limit ($3/$6 USD) - 2016/07/07 16:27:16 ET
Table 'Naema II' 6-max Seat #4 is the button
Seat 3: kykypy3a000o ($92.28 in chips)
Seat 4: AzureCaper ($78.50 in chips)
AzureCaper: posts small blind $1
kykypy3a000o: posts big blind $3
*** HOLE CARDS ***
AzureCaper: folds
Uncalled bet ($2) returned to kykypy3a000o
kykypy3a000o collected $2 from pot
*** SUMMARY ***
Total pot $2 | Rake $0
Seat 3: kykypy3a000o (big blind) collected ($2)
Seat 4: AzureCaper (button) (small blind) folded before Flop


PokerStars Hand #155687072897:  Hold'em Limit ($3/$6 USD) - 2016/07/07 16:27:22 ET
Table 'Naema II' 6-max Seat #3 is the button
Seat 3: kykypy3a000o ($93.28 in chips)
Seat 4: AzureCaper ($77.50 in chips)
kykypy3a000o: posts small blind $1
AzureCaper: posts big blind $3
*** HOLE CARDS ***
kykypy3a000o: raises $3 to $6
AzureCaper: calls $3
*** FLOP *** [5s 5c Jh]
AzureCaper: checks
kykypy3a000o: bets $3
AzureCaper: raises $3 to $6
kykypy3a000o: calls $3
*** TURN *** [5s 5c Jh] [2c]
AzureCaper: bets $6
kykypy3a000o: raises $6 to $12
AzureCaper: calls $6
*** RIVER *** [5s 5c Jh 2c] [Kc]
AzureCaper: checks
kykypy3a000o: bets $6
AzureCaper: calls $6
*** SHOW DOWN ***
kykypy3a000o: shows [8d Tc] (a pair of Fives)
AzureCaper: shows [7d 5h] (three of a kind, Fives)
AzureCaper collected $59.50 from pot
*** SUMMARY ***
Total pot $60 | Rake $0.50
Board [5s 5c Jh 2c Kc]
Seat 3: kykypy3a000o (button) (small blind) showed [8d Tc] and lost with a pair of Fives
Seat 4: AzureCaper (big blind) showed [7d 5h] and won ($59.50) with three of a kind, Fives


PokerStars Hand #155687104858:  Hold'em Limit ($3/$6 USD) - 2016/07/07 16:28:15 ET
Table 'Naema II' 6-max Seat #4 is the button
Seat 3: kykypy3a000o ($63.28 in chips)
Seat 4: AzureCaper ($107 in chips)
AzureCaper: posts small blind $1
kykypy3a000o: posts big blind $3
*** HOLE CARDS ***
AzureCaper: raises $3 to $6
kykypy3a000o: raises $3 to $9
AzureCaper: calls $3
*** FLOP *** [8c 7s Ts]
kykypy3a000o: bets $3
AzureCaper: calls $3
*** TURN *** [8c 7s Ts] [6s]
kykypy3a000o: checks
AzureCaper: bets $6
kykypy3a000o: raises $6 to $12
AzureCaper: calls $6
*** RIVER *** [8c 7s Ts 6s] [Qc]
kykypy3a000o: bets $6
AzureCaper: calls $6
*** SHOW DOWN ***
kykypy3a000o: shows [Td Tc] (three of a kind, Tens)
AzureCaper: mucks hand
kykypy3a000o collected $59.50 from pot
*** SUMMARY ***
Total pot $60 | Rake $0.50
Board [8c 7s Ts 6s Qc]
Seat 3: kykypy3a000o (big blind) showed [Td Tc] and won ($59.50) with three of a kind, Tens
Seat 4: AzureCaper (button) (small blind) mucked


PokerStars Hand #155687133491:  Hold'em Limit ($3/$6 USD) - 2016/07/07 16:29:03 ET
Table 'Naema II' 6-max Seat #3 is the button
Seat 3: kykypy3a000o ($92.78 in chips)
Seat 4: AzureCaper ($77 in chips)
kykypy3a000o: posts small blind $1
AzureCaper: posts big blind $3
*** HOLE CARDS ***
kykypy3a000o: raises $3 to $6
AzureCaper: calls $3
*** FLOP *** [Kh 7h 8s]
AzureCaper: checks
kykypy3a000o: bets $3
AzureCaper: calls $3
*** TURN *** [Kh 7h 8s] [8d]
AzureCaper: checks
kykypy3a000o: checks
*** RIVER *** [Kh 7h 8s 8d] [6d]
AzureCaper: bets $6
kykypy3a000o: folds
Uncalled bet ($6) returned to AzureCaper
AzureCaper collected $17.64 from pot
AzureCaper: doesn't show hand
*** SUMMARY ***
Total pot $18 | Rake $0.36
Board [Kh 7h 8s 8d 6d]
Seat 3: kykypy3a000o (button) (small blind) folded on the River
Seat 4: AzureCaper (big blind) collected ($17.64)


PokerStars Hand #155687179227:  Hold'em Limit ($3/$6 USD) - 2016/07/07 16:30:20 ET
Table 'Naema II' 6-max Seat #3 is the button
Seat 3: kykypy3a000o ($98.28 in chips)
Seat 4: AzureCaper ($72 in chips)
kykypy3a000o: posts small blind $1
AzureCaper: posts big blind $3
*** HOLE CARDS ***
kykypy3a000o: folds
Uncalled bet ($2) returned to AzureCaper
AzureCaper collected $2 from pot
AzureCaper: doesn't show hand
*** SUMMARY ***
Total pot $2 | Rake $0
Seat 3: kykypy3a000o (button) (small blind) folded before Flop
Seat 4: AzureCaper (big blind) collected ($2)


PokerStars Hand #155687152637:  Hold'em Limit ($3/$6 USD) - 2016/07/07 16:29:35 ET
Table 'Naema II' 6-max Seat #4 is the button
Seat 3: kykypy3a000o ($83.78 in chips)
Seat 4: AzureCaper ($85.64 in chips)
AzureCaper: posts small blind $1
kykypy3a000o: posts big blind $3
*** HOLE CARDS ***
AzureCaper: raises $3 to $6
kykypy3a000o: calls $3
*** FLOP *** [6h 2c Js]
kykypy3a000o: checks
AzureCaper: bets $3
kykypy3a000o: calls $3
*** TURN *** [6h 2c Js] [Ks]
kykypy3a000o: checks
AzureCaper: bets $6
kykypy3a000o: calls $6
*** RIVER *** [6h 2c Js Ks] [Qh]
kykypy3a000o: checks
AzureCaper: checks
*** SHOW DOWN ***
kykypy3a000o: shows [Jh 9c] (a pair of Jacks)
AzureCaper: mucks hand
kykypy3a000o collected $29.50 from pot
*** SUMMARY ***
Total pot $30 | Rake $0.50
Board [6h 2c Js Ks Qh]
Seat 3: kykypy3a000o (big blind) showed [Jh 9c] and won ($29.50) with a pair of Jacks
Seat 4: AzureCaper (button) (small blind) mucked


PokerStars Hand #155687182803:  Hold'em Limit ($3/$6 USD) - 2016/07/07 16:30:27 ET
Table 'Naema II' 6-max Seat #4 is the button
Seat 3: kykypy3a000o ($97.28 in chips)
Seat 4: AzureCaper ($73 in chips)
AzureCaper: posts small blind $1
kykypy3a000o: posts big blind $3
*** HOLE CARDS ***
AzureCaper: folds
Uncalled bet ($2) returned to kykypy3a000o
kykypy3a000o collected $2 from pot
*** SUMMARY ***
Total pot $2 | Rake $0
Seat 3: kykypy3a000o (big blind) collected ($2)
Seat 4: AzureCaper (button) (small blind) folded before Flop


PokerStars Hand #155687193514:  Hold'em Limit ($3/$6 USD) - 2016/07/07 16:30:46 ET
Table 'Naema II' 6-max Seat #3 is the button
Seat 3: kykypy3a000o ($102.28 in chips)
Seat 4: AzureCaper ($72 in chips)
kykypy3a000o: posts small blind $1
AzureCaper: posts big blind $3
*** HOLE CARDS ***
kykypy3a000o: folds
Uncalled bet ($2) returned to AzureCaper
AzureCaper collected $2 from pot
AzureCaper: doesn't show hand
*** SUMMARY ***
Total pot $2 | Rake $0
Seat 3: kykypy3a000o (button) (small blind) folded before Flop
Seat 4: AzureCaper (big blind) collected ($2)


PokerStars Hand #155687190919:  Hold'em Limit ($3/$6 USD) - 2016/07/07 16:30:41 ET
Table 'Naema II' 6-max Seat #4 is the button
Seat 3: kykypy3a000o ($101.28 in chips)
Seat 4: AzureCaper ($72 in chips)
AzureCaper: posts small blind $1
kykypy3a000o: posts big blind $3
*** HOLE CARDS ***
AzureCaper: folds
Uncalled bet ($2) returned to kykypy3a000o
kykypy3a000o collected $2 from pot
*** SUMMARY ***
Total pot $2 | Rake $0
Seat 3: kykypy3a000o (big blind) collected ($2)
Seat 4: AzureCaper (button) (small blind) folded before Flop


PokerStars Hand #155687185181:  Hold'em Limit ($3/$6 USD) - 2016/07/07 16:30:31 ET
Table 'Naema II' 6-max Seat #3 is the button
Seat 3: kykypy3a000o ($98.28 in chips)
Seat 4: AzureCaper ($72 in chips)
kykypy3a000o: posts small blind $1
AzureCaper: posts big blind $3
*** HOLE CARDS ***
kykypy3a000o: raises $3 to $6
AzureCaper: folds
Uncalled bet ($3) returned to kykypy3a000o
kykypy3a000o collected $6 from pot
*** SUMMARY ***
Total pot $6 | Rake $0
Seat 3: kykypy3a000o (button) (small blind) collected ($6)
Seat 4: AzureCaper (big blind) folded before Flop


PokerStars Hand #155687196392:  Hold'em Limit ($3/$6 USD) - 2016/07/07 16:30:51 ET
Table 'Naema II' 6-max Seat #4 is the button
Seat 3: kykypy3a000o ($101.28 in chips)
Seat 4: AzureCaper ($73 in chips)
AzureCaper: posts small blind $1
kykypy3a000o: posts big blind $3
*** HOLE CARDS ***
AzureCaper: folds
Uncalled bet ($2) returned to kykypy3a000o
kykypy3a000o collected $2 from pot
*** SUMMARY ***
Total pot $2 | Rake $0
Seat 3: kykypy3a000o (big blind) collected ($2)
Seat 4: AzureCaper (button) (small blind) folded before Flop


PokerStars Hand #155687200543:  Hold'em Limit ($3/$6 USD) - 2016/07/07 16:30:58 ET
Table 'Naema II' 6-max Seat #3 is the button
Seat 3: kykypy3a000o ($102.28 in chips)
Seat 4: AzureCaper ($72 in chips)
kykypy3a000o: posts small blind $1
AzureCaper: posts big blind $3
*** HOLE CARDS ***
kykypy3a000o: raises $3 to $6
AzureCaper: raises $3 to $9
kykypy3a000o: calls $3
*** FLOP *** [7c 4h Jd]
AzureCaper: bets $3
kykypy3a000o: raises $3 to $6
AzureCaper: calls $3
*** TURN *** [7c 4h Jd] [Qc]
AzureCaper: checks
kykypy3a000o: bets $6
AzureCaper: calls $6
*** RIVER *** [7c 4h Jd Qc] [Qd]
AzureCaper: checks
kykypy3a000o: bets $6
AzureCaper: calls $6
*** SHOW DOWN ***
kykypy3a000o: shows [Qs 4s] (a full house, Queens full of Fours)
AzureCaper: mucks hand
kykypy3a000o collected $53.50 from pot
*** SUMMARY ***
Total pot $54 | Rake $0.50
Board [7c 4h Jd Qc Qd]
Seat 3: kykypy3a000o (button) (small blind) showed [Qs 4s] and won ($53.50) with a full house, Queens full of Fours
Seat 4: AzureCaper (big blind) mucked


PokerStars Hand #155687226786:  Hold'em Limit ($3/$6 USD) - 2016/07/07 16:31:45 ET
Table 'Naema II' 6-max Seat #4 is the button
Seat 3: kykypy3a000o ($128.78 in chips)
Seat 4: AzureCaper ($72 in chips)
AzureCaper: posts small blind $1
kykypy3a000o: posts big blind $3
*** HOLE CARDS ***
AzureCaper: folds
Uncalled bet ($2) returned to kykypy3a000o
kykypy3a000o collected $2 from pot
*** SUMMARY ***
Total pot $2 | Rake $0
Seat 3: kykypy3a000o (big blind) collected ($2)
Seat 4: AzureCaper (button) (small blind) folded before Flop


PokerStars Hand #155687251226:  Hold'em Limit ($3/$6 USD) - 2016/07/07 16:32:28 ET
Table 'Naema II' 6-max Seat #4 is the button
Seat 3: kykypy3a000o ($138.42 in chips)
Seat 4: AzureCaper ($72 in chips)
AzureCaper: posts small blind $1
kykypy3a000o: posts big blind $3
*** HOLE CARDS ***
AzureCaper: raises $3 to $6
kykypy3a000o: folds
Uncalled bet ($3) returned to AzureCaper
AzureCaper collected $6 from pot
AzureCaper: doesn't show hand
*** SUMMARY ***
Total pot $6 | Rake $0
Seat 3: kykypy3a000o (big blind) folded before Flop
Seat 4: AzureCaper (button) (small blind) collected ($6)


PokerStars Hand #155687229508:  Hold'em Limit ($3/$6 USD) - 2016/07/07 16:31:50 ET
Table 'Naema II' 6-max Seat #3 is the button
Seat 3: kykypy3a000o ($129.78 in chips)
Seat 4: AzureCaper ($72 in chips)
kykypy3a000o: posts small blind $1
AzureCaper: posts big blind $3
*** HOLE CARDS ***
kykypy3a000o: raises $3 to $6
AzureCaper: calls $3
*** FLOP *** [3d 9c 8h]
AzureCaper: checks
kykypy3a000o: bets $3
AzureCaper: calls $3
*** TURN *** [3d 9c 8h] [4c]
AzureCaper: checks
kykypy3a000o: checks
*** RIVER *** [3d 9c 8h 4c] [Js]
AzureCaper: checks
kykypy3a000o: bets $6
AzureCaper: folds
Uncalled bet ($6) returned to kykypy3a000o
kykypy3a000o collected $17.64 from pot
*** SUMMARY ***
Total pot $18 | Rake $0.36
Board [3d 9c 8h 4c Js]
Seat 3: kykypy3a000o (button) (small blind) collected ($17.64)
Seat 4: AzureCaper (big blind) folded on the River


PokerStars Hand #155687265017:  Hold'em Limit ($3/$6 USD) - 2016/07/07 16:32:52 ET
Table 'Naema II' 6-max Seat #3 is the button
Seat 3: kykypy3a000o ($135.42 in chips)
Seat 4: AzureCaper ($75 in chips)
kykypy3a000o: posts small blind $1
AzureCaper: posts big blind $3
*** HOLE CARDS ***
kykypy3a000o: folds
Uncalled bet ($2) returned to AzureCaper
AzureCaper collected $2 from pot
AzureCaper: doesn't show hand
*** SUMMARY ***
Total pot $2 | Rake $0
Seat 3: kykypy3a000o (button) (small blind) folded before Flop
Seat 4: AzureCaper (big blind) collected ($2)


PokerStars Hand #155687260472:  Hold'em Limit ($3/$6 USD) - 2016/07/07 16:32:44 ET
Table 'Naema II' 6-max Seat #4 is the button
Seat 3: kykypy3a000o ($138.42 in chips)
Seat 4: AzureCaper ($72 in chips)
AzureCaper: posts small blind $1
kykypy3a000o: posts big blind $3
*** HOLE CARDS ***
AzureCaper: raises $3 to $6
kykypy3a000o: folds
Uncalled bet ($3) returned to AzureCaper
AzureCaper collected $6 from pot
AzureCaper: doesn't show hand
*** SUMMARY ***
Total pot $6 | Rake $0
Seat 3: kykypy3a000o (big blind) folded before Flop
Seat 4: AzureCaper (button) (small blind) collected ($6)


PokerStars Hand #155687256032:  Hold'em Limit ($3/$6 USD) - 2016/07/07 16:32:37 ET
Table 'Naema II' 6-max Seat #3 is the button
Seat 3: kykypy3a000o ($135.42 in chips)
Seat 4: AzureCaper ($75 in chips)
kykypy3a000o: posts small blind $1
AzureCaper: posts big blind $3
*** HOLE CARDS ***
kykypy3a000o: raises $3 to $6
AzureCaper: folds
Uncalled bet ($3) returned to kykypy3a000o
kykypy3a000o collected $6 from pot
*** SUMMARY ***
Total pot $6 | Rake $0
Seat 3: kykypy3a000o (button) (small blind) collected ($6)
Seat 4: AzureCaper (big blind) folded before Flop


PokerStars Hand #155687288309:  Hold'em Limit ($3/$6 USD) - 2016/07/07 16:33:32 ET
Table 'Naema II' 6-max Seat #3 is the button
Seat 3: kykypy3a000o ($119.42 in chips)
Seat 4: AzureCaper ($90.50 in chips)
kykypy3a000o: posts small blind $1
AzureCaper: posts big blind $3
*** HOLE CARDS ***
kykypy3a000o: folds
Uncalled bet ($2) returned to AzureCaper
AzureCaper collected $2 from pot
AzureCaper: doesn't show hand
*** SUMMARY ***
Total pot $2 | Rake $0
Seat 3: kykypy3a000o (button) (small blind) folded before Flop
Seat 4: AzureCaper (big blind) collected ($2)


PokerStars Hand #155687291442:  Hold'em Limit ($3/$6 USD) - 2016/07/07 16:33:37 ET
Table 'Naema II' 6-max Seat #4 is the button
Seat 3: kykypy3a000o ($118.42 in chips)
Seat 4: AzureCaper ($91.50 in chips)
AzureCaper: posts small blind $1
kykypy3a000o: posts big blind $3
*** HOLE CARDS ***
AzureCaper: raises $3 to $6
kykypy3a000o: raises $3 to $9
AzureCaper: calls $3
*** FLOP *** [6s Kc 6c]
kykypy3a000o: bets $3
AzureCaper: calls $3
*** TURN *** [6s Kc 6c] [4c]
kykypy3a000o: checks
AzureCaper: checks
*** RIVER *** [6s Kc 6c 4c] [4d]
kykypy3a000o: checks
AzureCaper: checks
*** SHOW DOWN ***
kykypy3a000o: shows [7c Ah] (two pair, Sixes and Fours)
AzureCaper: shows [8c Ad] (two pair, Sixes and Fours)
kykypy3a000o collected $11.76 from pot
AzureCaper collected $11.76 from pot
*** SUMMARY ***
Total pot $24 | Rake $0.48
Board [6s Kc 6c 4c 4d]
Seat 3: kykypy3a000o (big blind) showed [7c Ah] and won ($11.76) with two pair, Sixes and Fours
Seat 4: AzureCaper (button) (small blind) showed [8c Ad] and won ($11.76) with two pair, Sixes and Fours


PokerStars Hand #155687319594:  Hold'em Limit ($3/$6 USD) - 2016/07/07 16:34:25 ET
Table 'Naema II' 6-max Seat #4 is the button
Seat 3: kykypy3a000o ($121.18 in chips)
Seat 4: AzureCaper ($88.26 in chips)
AzureCaper: posts small blind $1
kykypy3a000o: posts big blind $3
*** HOLE CARDS ***
AzureCaper: raises $3 to $6
kykypy3a000o: folds
Uncalled bet ($3) returned to AzureCaper
AzureCaper collected $6 from pot
AzureCaper: doesn't show hand
*** SUMMARY ***
Total pot $6 | Rake $0
Seat 3: kykypy3a000o (big blind) folded before Flop
Seat 4: AzureCaper (button) (small blind) collected ($6)


PokerStars Hand #155687312680:  Hold'em Limit ($3/$6 USD) - 2016/07/07 16:34:13 ET
Table 'Naema II' 6-max Seat #3 is the button
Seat 3: kykypy3a000o ($118.18 in chips)
Seat 4: AzureCaper ($91.26 in chips)
kykypy3a000o: posts small blind $1
AzureCaper: posts big blind $3
*** HOLE CARDS ***
kykypy3a000o: raises $3 to $6
AzureCaper: folds
Uncalled bet ($3) returned to kykypy3a000o
kykypy3a000o collected $6 from pot
*** SUMMARY ***
Total pot $6 | Rake $0
Seat 3: kykypy3a000o (button) (small blind) collected ($6)
Seat 4: AzureCaper (big blind) folded before Flop


PokerStars Hand #155687364809:  Hold'em Limit ($3/$6 USD) - 2016/07/07 16:35:45 ET
Table 'Naema II' 6-max Seat #4 is the button
Seat 3: kykypy3a000o ($112.18 in chips)
Seat 4: AzureCaper ($97.02 in chips)
AzureCaper: posts small blind $1
kykypy3a000o: posts big blind $3
*** HOLE CARDS ***
AzureCaper: raises $3 to $6
kykypy3a000o: folds
Uncalled bet ($3) returned to AzureCaper
AzureCaper collected $6 from pot
AzureCaper: doesn't show hand
*** SUMMARY ***
Total pot $6 | Rake $0
Seat 3: kykypy3a000o (big blind) folded before Flop
Seat 4: AzureCaper (button) (small blind) collected ($6)


PokerStars Hand #155687362016:  Hold'em Limit ($3/$6 USD) - 2016/07/07 16:35:40 ET
Table 'Naema II' 6-max Seat #3 is the button
Seat 3: kykypy3a000o ($113.18 in chips)
Seat 4: AzureCaper ($96.02 in chips)
kykypy3a000o: posts small blind $1
AzureCaper: posts big blind $3
*** HOLE CARDS ***
kykypy3a000o: folds
Uncalled bet ($2) returned to AzureCaper
AzureCaper collected $2 from pot
AzureCaper: doesn't show hand
*** SUMMARY ***
Total pot $2 | Rake $0
Seat 3: kykypy3a000o (button) (small blind) folded before Flop
Seat 4: AzureCaper (big blind) collected ($2)


PokerStars Hand #155687358799:  Hold'em Limit ($3/$6 USD) - 2016/07/07 16:35:35 ET
Table 'Naema II' 6-max Seat #4 is the button
Seat 3: kykypy3a000o ($112.18 in chips)
Seat 4: AzureCaper ($97.02 in chips)
AzureCaper: posts small blind $1
kykypy3a000o: posts big blind $3
*** HOLE CARDS ***
AzureCaper: folds
Uncalled bet ($2) returned to kykypy3a000o
kykypy3a000o collected $2 from pot
*** SUMMARY ***
Total pot $2 | Rake $0
Seat 3: kykypy3a000o (big blind) collected ($2)
Seat 4: AzureCaper (button) (small blind) folded before Flop


PokerStars Hand #155687379977:  Hold'em Limit ($3/$6 USD) - 2016/07/07 16:36:10 ET
Table 'Naema II' 6-max Seat #4 is the button
Seat 3: kykypy3a000o ($114.94 in chips)
Seat 4: AzureCaper ($94.02 in chips)
AzureCaper: posts small blind $1
kykypy3a000o: posts big blind $3
*** HOLE CARDS ***
AzureCaper: raises $3 to $6
kykypy3a000o: folds
Uncalled bet ($3) returned to AzureCaper
AzureCaper collected $6 from pot
AzureCaper: doesn't show hand
*** SUMMARY ***
Total pot $6 | Rake $0
Seat 3: kykypy3a000o (big blind) folded before Flop
Seat 4: AzureCaper (button) (small blind) collected ($6)


PokerStars Hand #155687368663:  Hold'em Limit ($3/$6 USD) - 2016/07/07 16:35:51 ET
Table 'Naema II' 6-max Seat #3 is the button
Seat 3: kykypy3a000o ($109.18 in chips)
Seat 4: AzureCaper ($100.02 in chips)
kykypy3a000o: posts small blind $1
AzureCaper: posts big blind $3
*** HOLE CARDS ***
kykypy3a000o: raises $3 to $6
AzureCaper: calls $3
*** FLOP *** [Th Kc Jd]
AzureCaper: checks
kykypy3a000o: bets $3
AzureCaper: folds
Uncalled bet ($3) returned to kykypy3a000o
kykypy3a000o collected $11.76 from pot
*** SUMMARY ***
Total pot $12 | Rake $0.24
Board [Th Kc Jd]
Seat 3: kykypy3a000o (button) (small blind) collected ($11.76)
Seat 4: AzureCaper (big blind) folded on the Flop


PokerStars Hand #155687387547:  Hold'em Limit ($3/$6 USD) - 2016/07/07 16:36:23 ET
Table 'Naema II' 6-max Seat #4 is the button
Seat 3: kykypy3a000o ($110.94 in chips)
Seat 4: AzureCaper ($98.02 in chips)
AzureCaper: posts small blind $1
kykypy3a000o: posts big blind $3
*** HOLE CARDS ***
AzureCaper: folds
Uncalled bet ($2) returned to kykypy3a000o
kykypy3a000o collected $2 from pot
*** SUMMARY ***
Total pot $2 | Rake $0
Seat 3: kykypy3a000o (big blind) collected ($2)
Seat 4: AzureCaper (button) (small blind) folded before Flop


PokerStars Hand #155687384161:  Hold'em Limit ($3/$6 USD) - 2016/07/07 16:36:17 ET
Table 'Naema II' 6-max Seat #3 is the button
Seat 3: kykypy3a000o ($111.94 in chips)
Seat 4: AzureCaper ($97.02 in chips)
kykypy3a000o: posts small blind $1
AzureCaper: posts big blind $3
*** HOLE CARDS ***
kykypy3a000o: folds
Uncalled bet ($2) returned to AzureCaper
AzureCaper collected $2 from pot
AzureCaper: doesn't show hand
*** SUMMARY ***
Total pot $2 | Rake $0
Seat 3: kykypy3a000o (button) (small blind) folded before Flop
Seat 4: AzureCaper (big blind) collected ($2)


PokerStars Hand #155687391245:  Hold'em Limit ($3/$6 USD) - 2016/07/07 16:36:29 ET
Table 'Naema II' 6-max Seat #3 is the button
Seat 3: kykypy3a000o ($111.94 in chips)
Seat 4: AzureCaper ($97.02 in chips)
kykypy3a000o: posts small blind $1
AzureCaper: posts big blind $3
*** HOLE CARDS ***
kykypy3a000o: raises $3 to $6
AzureCaper: calls $3
*** FLOP *** [9s 7c 2s]
AzureCaper: checks
kykypy3a000o: bets $3
AzureCaper: raises $3 to $6
kykypy3a000o: calls $3
*** TURN *** [9s 7c 2s] [4d]
SmellyToes4u joins the table at seat #5
AzureCaper: bets $6
kykypy3a000o: calls $6
*** RIVER *** [9s 7c 2s 4d] [6s]
AzureCaper: bets $6
kykypy3a000o: raises $6 to $12
AzureCaper: folds
Uncalled bet ($6) returned to kykypy3a000o
kykypy3a000o collected $47.50 from pot
*** SUMMARY ***
Total pot $48 | Rake $0.50
Board [9s 7c 2s 4d 6s]
Seat 3: kykypy3a000o (button) (small blind) collected ($47.50)
Seat 4: AzureCaper (big blind) folded on the River


