PokerStars Hand #144954637811:  Hold'em Limit ($3/$6 USD) - 2015/12/07 4:15:04 ET
Table 'Naema' 2-max Seat #1 is the button
Seat 1: knysi ($41.10 in chips)
Seat 2: Actionni13 ($150 in chips)
knysi: posts small blind $1
Actionni13: posts big blind $3
*** HOLE CARDS ***
knysi: raises $3 to $6
Actionni13: calls $3
*** FLOP *** [3h Qc 5c]
Actionni13: checks
knysi: checks
*** TURN *** [3h Qc 5c] [3s]
Actionni13: bets $6
knysi: folds
Uncalled bet ($6) returned to Actionni13
Actionni13 collected $11.76 from pot
Actionni13: doesn't show hand
*** SUMMARY ***
Total pot $12 | Rake $0.24
Board [3h Qc 5c 3s]
Seat 1: knysi (button) (small blind) folded on the Turn
Seat 2: Actionni13 (big blind) collected ($11.76)


PokerStars Hand #144954644221:  Hold'em Limit ($3/$6 USD) - 2015/12/07 4:15:19 ET
Table 'Naema' 2-max Seat #2 is the button
Seat 1: knysi ($35.10 in chips)
Seat 2: Actionni13 ($155.76 in chips)
Actionni13: posts small blind $1
knysi: posts big blind $3
*** HOLE CARDS ***
Actionni13: raises $3 to $6
knysi: calls $3
*** FLOP *** [7s 6s 4d]
knysi: checks
Actionni13: bets $3
knysi: calls $3
*** TURN *** [7s 6s 4d] [8d]
knysi: checks
Actionni13: bets $6
knysi: calls $6
*** RIVER *** [7s 6s 4d 8d] [As]
knysi: checks
Actionni13: checks
*** SHOW DOWN ***
knysi: shows [Qd 9s] (high card Ace)
Actionni13: shows [7h Qh] (a pair of Sevens)
Actionni13 collected $29.50 from pot
*** SUMMARY ***
Total pot $30 | Rake $0.50
Board [7s 6s 4d 8d As]
Seat 1: knysi (big blind) showed [Qd 9s] and lost with high card Ace
Seat 2: Actionni13 (button) (small blind) showed [7h Qh] and won ($29.50) with a pair of Sevens


PokerStars Hand #144954651545:  Hold'em Limit ($3/$6 USD) - 2015/12/07 4:15:37 ET
Table 'Naema' 2-max Seat #1 is the button
Seat 1: knysi ($20.10 in chips)
Seat 2: Actionni13 ($170.26 in chips)
knysi: posts small blind $1
Actionni13: posts big blind $3
*** HOLE CARDS ***
knysi: raises $3 to $6
Actionni13: folds
Uncalled bet ($3) returned to knysi
knysi collected $6 from pot
knysi: doesn't show hand
*** SUMMARY ***
Total pot $6 | Rake $0
Seat 1: knysi (button) (small blind) collected ($6)
Seat 2: Actionni13 (big blind) folded before Flop


PokerStars Hand #144954629610:  Hold'em Limit ($3/$6 USD) - 2015/12/07 4:14:44 ET
Table 'Naema' 2-max Seat #2 is the button
Seat 1: knysi ($32.46 in chips)
Seat 2: Actionni13 ($150 in chips)
Actionni13: posts small blind $1
knysi: posts big blind $3
*** HOLE CARDS ***
Actionni13: raises $3 to $6
knysi: calls $3
*** FLOP *** [3h As 4c]
knysi: checks
Actionni13: bets $3
knysi: raises $3 to $6
Actionni13: folds
Uncalled bet ($3) returned to knysi
knysi collected $17.64 from pot
knysi: doesn't show hand
*** SUMMARY ***
Total pot $18 | Rake $0.36
Board [3h As 4c]
Seat 1: knysi (big blind) collected ($17.64)
Seat 2: Actionni13 (button) (small blind) folded on the Flop


PokerStars Hand #144954654253:  Hold'em Limit ($3/$6 USD) - 2015/12/07 4:15:43 ET
Table 'Naema' 2-max Seat #2 is the button
Seat 1: knysi ($23.10 in chips)
Seat 2: Actionni13 ($167.26 in chips)
Actionni13: posts small blind $1
knysi: posts big blind $3
*** HOLE CARDS ***
Actionni13: folds
Uncalled bet ($2) returned to knysi
knysi collected $2 from pot
knysi: doesn't show hand
*** SUMMARY ***
Total pot $2 | Rake $0
Seat 1: knysi (big blind) collected ($2)
Seat 2: Actionni13 (button) (small blind) folded before Flop


PokerStars Hand #144954670079:  Hold'em Limit ($3/$6 USD) - 2015/12/07 4:16:21 ET
Table 'Naema' 2-max Seat #1 is the button
Seat 1: knysi ($9.10 in chips)
Seat 2: Actionni13 ($180.66 in chips)
knysi: posts small blind $1
Actionni13: posts big blind $3
*** HOLE CARDS ***
knysi: raises $3 to $6
Actionni13: calls $3
*** FLOP *** [Th 3d 4h]
Actionni13: checks
knysi: checks
*** TURN *** [Th 3d 4h] [2h]
Actionni13: checks
knysi: bets $3.10 and is all-in
Actionni13: calls $3.10
*** RIVER *** [Th 3d 4h 2h] [4s]
*** SHOW DOWN ***
Actionni13: shows [9d Ks] (a pair of Fours)
knysi: shows [Jh 6d] (a pair of Fours - lower kicker)
Actionni13 collected $17.84 from pot
*** SUMMARY ***
Total pot $18.20 | Rake $0.36
Board [Th 3d 4h 2h 4s]
Seat 1: knysi (button) (small blind) showed [Jh 6d] and lost with a pair of Fours
Seat 2: Actionni13 (big blind) showed [9d Ks] and won ($17.84) with a pair of Fours


PokerStars Hand #144954664340:  Hold'em Limit ($3/$6 USD) - 2015/12/07 4:16:07 ET
Table 'Naema' 2-max Seat #2 is the button
Seat 1: knysi ($18.10 in chips)
Seat 2: Actionni13 ($172.02 in chips)
Actionni13: posts small blind $1
knysi: posts big blind $3
*** HOLE CARDS ***
Actionni13: raises $3 to $6
knysi: calls $3
*** FLOP *** [7s Qs 2d]
knysi: checks
Actionni13: bets $3
knysi: calls $3
*** TURN *** [7s Qs 2d] [Kh]
knysi: checks
Actionni13: bets $6
knysi: folds
Uncalled bet ($6) returned to Actionni13
Actionni13 collected $17.64 from pot
Actionni13: doesn't show hand
*** SUMMARY ***
Total pot $18 | Rake $0.36
Board [7s Qs 2d Kh]
Seat 1: knysi (big blind) folded on the Turn
Seat 2: Actionni13 (button) (small blind) collected ($17.64)


PokerStars Hand #144954656297:  Hold'em Limit ($3/$6 USD) - 2015/12/07 4:15:48 ET
Table 'Naema' 2-max Seat #1 is the button
Seat 1: knysi ($24.10 in chips)
Seat 2: Actionni13 ($166.26 in chips)
knysi: posts small blind $1
Actionni13: posts big blind $3
*** HOLE CARDS ***
knysi: raises $3 to $6
Actionni13: calls $3
*** FLOP *** [4h Kd 7h]
Actionni13: checks
knysi: checks
*** TURN *** [4h Kd 7h] [Ts]
Actionni13: bets $6
knysi: folds
Uncalled bet ($6) returned to Actionni13
Actionni13 collected $11.76 from pot
Actionni13: doesn't show hand
*** SUMMARY ***
Total pot $12 | Rake $0.24
Board [4h Kd 7h Ts]
Seat 1: knysi (button) (small blind) folded on the Turn
Seat 2: Actionni13 (big blind) collected ($11.76)


PokerStars Hand #144954696937:  Hold'em Limit ($3/$6 USD) - 2015/12/07 4:17:25 ET
Table 'Naema' 2-max Seat #2 is the button
Seat 1: knysi ($32.46 in chips)
Seat 2: Actionni13 ($189.40 in chips)
Actionni13: posts small blind $1
knysi: posts big blind $3
*** HOLE CARDS ***
Actionni13: raises $3 to $6
knysi: calls $3
*** FLOP *** [8h 2d Qs]
knysi: checks
Actionni13: bets $3
knysi: calls $3
*** TURN *** [8h 2d Qs] [Tc]
knysi: checks
Actionni13: checks
*** RIVER *** [8h 2d Qs Tc] [Kc]
knysi: bets $6
Actionni13: folds
Uncalled bet ($6) returned to knysi
knysi collected $17.64 from pot
knysi: doesn't show hand
*** SUMMARY ***
Total pot $18 | Rake $0.36
Board [8h 2d Qs Tc Kc]
Seat 1: knysi (big blind) collected ($17.64)
Seat 2: Actionni13 (button) (small blind) folded on the River


PokerStars Hand #144954713083:  Hold'em Limit ($3/$6 USD) - 2015/12/07 4:18:04 ET
Table 'Naema' 2-max Seat #2 is the button
Seat 1: knysi ($52.62 in chips)
Seat 2: Actionni13 ($168.40 in chips)
Actionni13: posts small blind $1
knysi: posts big blind $3
*** HOLE CARDS ***
Actionni13: folds
Uncalled bet ($2) returned to knysi
knysi collected $2 from pot
knysi: doesn't show hand
*** SUMMARY ***
Total pot $2 | Rake $0
Seat 1: knysi (big blind) collected ($2)
Seat 2: Actionni13 (button) (small blind) folded before Flop


PokerStars Hand #144954715344:  Hold'em Limit ($3/$6 USD) - 2015/12/07 4:18:09 ET
Table 'Naema' 2-max Seat #1 is the button
Seat 1: knysi ($53.62 in chips)
Seat 2: Actionni13 ($167.40 in chips)
knysi: posts small blind $1
Actionni13: posts big blind $3
*** HOLE CARDS ***
knysi: raises $3 to $6
Actionni13: calls $3
*** FLOP *** [6s 5c Kc]
Actionni13: checks
knysi: checks
*** TURN *** [6s 5c Kc] [3c]
Actionni13: bets $6
knysi: calls $6
*** RIVER *** [6s 5c Kc 3c] [4s]
Actionni13: checks
knysi: bets $6
Actionni13: calls $6
*** SHOW DOWN ***
knysi: shows [Tc Ts] (a pair of Tens)
Actionni13: mucks hand
knysi collected $35.50 from pot
*** SUMMARY ***
Total pot $36 | Rake $0.50
Board [6s 5c Kc 3c 4s]
Seat 1: knysi (button) (small blind) showed [Tc Ts] and won ($35.50) with a pair of Tens
Seat 2: Actionni13 (big blind) mucked


PokerStars Hand #144954704606:  Hold'em Limit ($3/$6 USD) - 2015/12/07 4:17:44 ET
Table 'Naema' 2-max Seat #1 is the button
Seat 1: knysi ($41.10 in chips)
Seat 2: Actionni13 ($180.40 in chips)
knysi: posts small blind $1
Actionni13: posts big blind $3
*** HOLE CARDS ***
knysi: raises $3 to $6
Actionni13: calls $3
*** FLOP *** [3c 5s 7s]
Actionni13: checks
knysi: checks
*** TURN *** [3c 5s 7s] [2h]
Actionni13: bets $6
knysi: calls $6
*** RIVER *** [3c 5s 7s 2h] [As]
Actionni13: checks
knysi: bets $6
Actionni13: folds
Uncalled bet ($6) returned to knysi
knysi collected $23.52 from pot
knysi: doesn't show hand
*** SUMMARY ***
Total pot $24 | Rake $0.48
Board [3c 5s 7s 2h As]
Seat 1: knysi (button) (small blind) collected ($23.52)
Seat 2: Actionni13 (big blind) folded on the River


PokerStars Hand #144954741798:  Hold'em Limit ($3/$6 USD) - 2015/12/07 4:19:12 ET
Table 'Naema' 2-max Seat #1 is the button
Seat 1: knysi ($68.62 in chips)
Seat 2: Actionni13 ($151.50 in chips)
knysi: posts small blind $1
Actionni13: posts big blind $3
*** HOLE CARDS ***
knysi: raises $3 to $6
Actionni13: calls $3
*** FLOP *** [Kd 3h As]
Actionni13: checks
knysi: bets $3
Actionni13: raises $3 to $6
knysi: folds
Uncalled bet ($3) returned to Actionni13
Actionni13 collected $17.64 from pot
Actionni13: doesn't show hand
*** SUMMARY ***
Total pot $18 | Rake $0.36
Board [Kd 3h As]
Seat 1: knysi (button) (small blind) folded on the Flop
Seat 2: Actionni13 (big blind) collected ($17.64)


PokerStars Hand #144954750808:  Hold'em Limit ($3/$6 USD) - 2015/12/07 4:19:33 ET
Table 'Naema' 2-max Seat #2 is the button
Seat 1: knysi ($59.62 in chips)
Seat 2: Actionni13 ($160.14 in chips)
Actionni13: posts small blind $1
knysi: posts big blind $3
*** HOLE CARDS ***
Actionni13: folds
Uncalled bet ($2) returned to knysi
knysi collected $2 from pot
knysi: doesn't show hand
*** SUMMARY ***
Total pot $2 | Rake $0
Seat 1: knysi (big blind) collected ($2)
Seat 2: Actionni13 (button) (small blind) folded before Flop


PokerStars Hand #144954732211:  Hold'em Limit ($3/$6 USD) - 2015/12/07 4:18:49 ET
Table 'Naema' 2-max Seat #1 is the button
Seat 1: knysi ($50.12 in chips)
Seat 2: Actionni13 ($170.50 in chips)
knysi: posts small blind $1
Actionni13: posts big blind $3
*** HOLE CARDS ***
knysi: raises $3 to $6
Actionni13: raises $3 to $9
knysi: calls $3
*** FLOP *** [9s 6h 3h]
Actionni13: bets $3
knysi: calls $3
*** TURN *** [9s 6h 3h] [3d]
Actionni13: bets $6
knysi: raises $6 to $12
Actionni13: folds
Uncalled bet ($6) returned to knysi
knysi collected $35.50 from pot
knysi: doesn't show hand
*** SUMMARY ***
Total pot $36 | Rake $0.50
Board [9s 6h 3h 3d]
Seat 1: knysi (button) (small blind) collected ($35.50)
Seat 2: Actionni13 (big blind) folded on the Turn


PokerStars Hand #144954724223:  Hold'em Limit ($3/$6 USD) - 2015/12/07 4:18:31 ET
Table 'Naema' 2-max Seat #2 is the button
Seat 1: knysi ($71.12 in chips)
Seat 2: Actionni13 ($150 in chips)
Actionni13: posts small blind $1
knysi: posts big blind $3
*** HOLE CARDS ***
Actionni13: raises $3 to $6
knysi: calls $3
*** FLOP *** [2h 7s 3s]
knysi: checks
Actionni13: bets $3
knysi: calls $3
*** TURN *** [2h 7s 3s] [5c]
knysi: checks
Actionni13: bets $6
knysi: calls $6
*** RIVER *** [2h 7s 3s 5c] [4h]
knysi: checks
Actionni13: bets $6
knysi: calls $6
*** SHOW DOWN ***
Actionni13: shows [Ad Kc] (a straight, Ace to Five)
knysi: mucks hand
Actionni13 collected $41.50 from pot
*** SUMMARY ***
Total pot $42 | Rake $0.50
Board [2h 7s 3s 5c 4h]
Seat 1: knysi (big blind) mucked
Seat 2: Actionni13 (button) (small blind) showed [Ad Kc] and won ($41.50) with a straight, Ace to Five


PokerStars Hand #144954739346:  Hold'em Limit ($3/$6 USD) - 2015/12/07 4:19:06 ET
Table 'Naema' 2-max Seat #2 is the button
Seat 1: knysi ($67.62 in chips)
Seat 2: Actionni13 ($152.50 in chips)
Actionni13: posts small blind $1
knysi: posts big blind $3
*** HOLE CARDS ***
Actionni13: folds
Uncalled bet ($2) returned to knysi
knysi collected $2 from pot
knysi: doesn't show hand
*** SUMMARY ***
Total pot $2 | Rake $0
Seat 1: knysi (big blind) collected ($2)
Seat 2: Actionni13 (button) (small blind) folded before Flop


PokerStars Hand #144954753186:  Hold'em Limit ($3/$6 USD) - 2015/12/07 4:19:39 ET
Table 'Naema' 2-max Seat #1 is the button
Seat 1: knysi ($60.62 in chips)
Seat 2: Actionni13 ($159.14 in chips)
knysi: posts small blind $1
Actionni13: posts big blind $3
*** HOLE CARDS ***
knysi: raises $3 to $6
Actionni13: calls $3
*** FLOP *** [8s 2h Kh]
Actionni13: bets $3
knysi: calls $3
*** TURN *** [8s 2h Kh] [7c]
Actionni13: checks
knysi: bets $6
Actionni13: calls $6
*** RIVER *** [8s 2h Kh 7c] [Js]
Actionni13: checks
knysi: bets $6
Actionni13: folds
Uncalled bet ($6) returned to knysi
knysi collected $29.50 from pot
knysi: doesn't show hand
*** SUMMARY ***
Total pot $30 | Rake $0.50
Board [8s 2h Kh 7c Js]
Seat 1: knysi (button) (small blind) collected ($29.50)
Seat 2: Actionni13 (big blind) folded on the River


PokerStars Hand #144954765117:  Hold'em Limit ($3/$6 USD) - 2015/12/07 4:20:07 ET
Table 'Naema' 2-max Seat #2 is the button
Seat 1: knysi ($71.12 in chips)
Seat 2: Actionni13 ($154 in chips)
Actionni13: posts small blind $1
knysi: posts big blind $3
*** HOLE CARDS ***
Actionni13: raises $3 to $6
knysi: calls $3
*** FLOP *** [4d Jd 8s]
knysi: bets $3
Actionni13: calls $3
*** TURN *** [4d Jd 8s] [9c]
knysi: bets $6
Actionni13: raises $6 to $12
knysi: calls $6
*** RIVER *** [4d Jd 8s 9c] [3h]
knysi: checks
Actionni13: bets $6
knysi: calls $6
*** SHOW DOWN ***
Actionni13: shows [Jc 9d] (two pair, Jacks and Nines)
knysi: mucks hand
Actionni13 collected $53.50 from pot
*** SUMMARY ***
Total pot $54 | Rake $0.50
Board [4d Jd 8s 9c 3h]
Seat 1: knysi (big blind) mucked
Seat 2: Actionni13 (button) (small blind) showed [Jc 9d] and won ($53.50) with two pair, Jacks and Nines


PokerStars Hand #144954763241:  Hold'em Limit ($3/$6 USD) - 2015/12/07 4:20:02 ET
Table 'Naema' 2-max Seat #1 is the button
Seat 1: knysi ($72.12 in chips)
Seat 2: Actionni13 ($153 in chips)
knysi: posts small blind $1
Actionni13: posts big blind $3
*** HOLE CARDS ***
knysi: folds
Uncalled bet ($2) returned to Actionni13
Actionni13 collected $2 from pot
Actionni13: doesn't show hand
*** SUMMARY ***
Total pot $2 | Rake $0
Seat 1: knysi (button) (small blind) folded before Flop
Seat 2: Actionni13 (big blind) collected ($2)


PokerStars Hand #144954795239:  Hold'em Limit ($3/$6 USD) - 2015/12/07 4:21:17 ET
Table 'Naema' 2-max Seat #1 is the button
Seat 1: knysi ($31.88 in chips)
Seat 2: Actionni13 ($192 in chips)
knysi: posts small blind $1
Actionni13: posts big blind $3
*** HOLE CARDS ***
knysi: raises $3 to $6
Actionni13: calls $3
*** FLOP *** [5s 6c 4h]
Actionni13: bets $3
knysi: calls $3
*** TURN *** [5s 6c 4h] [As]
Actionni13: bets $6
knysi: raises $6 to $12
Actionni13: calls $6
*** RIVER *** [5s 6c 4h As] [8h]
Actionni13: checks
knysi: bets $6
Actionni13: folds
Uncalled bet ($6) returned to knysi
knysi collected $41.50 from pot
*** SUMMARY ***
Total pot $42 | Rake $0.50
Board [5s 6c 4h As 8h]
Seat 1: knysi (button) (small blind) collected ($41.50)
Seat 2: Actionni13 (big blind) folded on the River


PokerStars Hand #144954789478:  Hold'em Limit ($3/$6 USD) - 2015/12/07 4:21:04 ET
Table 'Naema' 2-max Seat #2 is the button
Seat 1: knysi ($26.12 in chips)
Seat 2: Actionni13 ($198 in chips)
Actionni13: posts small blind $1
knysi: posts big blind $3
*** HOLE CARDS ***
Actionni13: raises $3 to $6
knysi: calls $3
*** FLOP *** [9s 8c 2d]
knysi: checks
Actionni13: checks
*** TURN *** [9s 8c 2d] [As]
knysi: bets $6
Actionni13: folds
Uncalled bet ($6) returned to knysi
knysi collected $11.76 from pot
knysi: doesn't show hand
*** SUMMARY ***
Total pot $12 | Rake $0.24
Board [9s 8c 2d As]
Seat 1: knysi (big blind) collected ($11.76)
Seat 2: Actionni13 (button) (small blind) folded on the Turn


PokerStars Hand #144954774234:  Hold'em Limit ($3/$6 USD) - 2015/12/07 4:20:28 ET
Table 'Naema' 2-max Seat #1 is the button
Seat 1: knysi ($44.12 in chips)
Seat 2: Actionni13 ($180.50 in chips)
knysi: posts small blind $1
Actionni13: posts big blind $3
*** HOLE CARDS ***
knysi: raises $3 to $6
Actionni13: calls $3
*** FLOP *** [8c Ks 4d]
Actionni13: checks
knysi: bets $3
Actionni13: raises $3 to $6
knysi: calls $3
*** TURN *** [8c Ks 4d] [Jd]
Actionni13: bets $6
knysi: calls $6
*** RIVER *** [8c Ks 4d Jd] [Js]
Actionni13: bets $6
knysi: folds
Uncalled bet ($6) returned to Actionni13
Actionni13 collected $35.50 from pot
Actionni13: doesn't show hand
*** SUMMARY ***
Total pot $36 | Rake $0.50
Board [8c Ks 4d Jd Js]
Seat 1: knysi (button) (small blind) folded on the River
Seat 2: Actionni13 (big blind) collected ($35.50)


PokerStars Hand #144954831635:  Hold'em Limit ($3/$6 USD) - 2015/12/07 4:22:43 ET
Table 'Naema' 2-max Seat #2 is the button
Seat 1: knysi ($45.38 in chips)
Seat 2: Actionni13 ($177.76 in chips)
Actionni13: posts small blind $1
knysi: posts big blind $3
*** HOLE CARDS ***
Actionni13: folds
Uncalled bet ($2) returned to knysi
knysi collected $2 from pot
knysi: doesn't show hand
*** SUMMARY ***
Total pot $2 | Rake $0
Seat 1: knysi (big blind) collected ($2)
Seat 2: Actionni13 (button) (small blind) folded before Flop


PokerStars Hand #144954829610:  Hold'em Limit ($3/$6 USD) - 2015/12/07 4:22:38 ET
Table 'Naema' 2-max Seat #1 is the button
Seat 1: knysi ($46.38 in chips)
Seat 2: Actionni13 ($176.76 in chips)
knysi: posts small blind $1
Actionni13: posts big blind $3
*** HOLE CARDS ***
knysi: folds
Uncalled bet ($2) returned to Actionni13
Actionni13 collected $2 from pot
Actionni13: doesn't show hand
*** SUMMARY ***
Total pot $2 | Rake $0
Seat 1: knysi (button) (small blind) folded before Flop
Seat 2: Actionni13 (big blind) collected ($2)


PokerStars Hand #144954822472:  Hold'em Limit ($3/$6 USD) - 2015/12/07 4:22:21 ET
Table 'Naema' 2-max Seat #2 is the button
Seat 1: knysi ($52.38 in chips)
Seat 2: Actionni13 ($171 in chips)
Actionni13: posts small blind $1
knysi: posts big blind $3
*** HOLE CARDS ***
Actionni13: raises $3 to $6
knysi: calls $3
*** FLOP *** [Ks 8s 8c]
knysi: checks
Actionni13: bets $3
knysi: folds
Uncalled bet ($3) returned to Actionni13
Actionni13 collected $11.76 from pot
Actionni13: doesn't show hand
*** SUMMARY ***
Total pot $12 | Rake $0.24
Board [Ks 8s 8c]
Seat 1: knysi (big blind) folded on the Flop
Seat 2: Actionni13 (button) (small blind) collected ($11.76)


PokerStars Hand #144954833845:  Hold'em Limit ($3/$6 USD) - 2015/12/07 4:22:48 ET
Table 'Naema' 2-max Seat #1 is the button
Seat 1: knysi ($46.38 in chips)
Seat 2: Actionni13 ($176.76 in chips)
knysi: posts small blind $1
Actionni13: posts big blind $3
*** HOLE CARDS ***
knysi: raises $3 to $6
Actionni13: folds
Uncalled bet ($3) returned to knysi
knysi collected $6 from pot
knysi: doesn't show hand
*** SUMMARY ***
Total pot $6 | Rake $0
Seat 1: knysi (button) (small blind) collected ($6)
Seat 2: Actionni13 (big blind) folded before Flop


PokerStars Hand #144954850400:  Hold'em Limit ($3/$6 USD) - 2015/12/07 4:23:27 ET
Table 'Naema' 2-max Seat #1 is the button
Seat 1: knysi ($61.88 in chips)
Seat 2: Actionni13 ($160.76 in chips)
knysi: posts small blind $1
Actionni13: posts big blind $3
*** HOLE CARDS ***
knysi: raises $3 to $6
Actionni13: calls $3
*** FLOP *** [6c 8h Td]
Actionni13: checks
knysi: checks
*** TURN *** [6c 8h Td] [9h]
Actionni13: checks
knysi: checks
*** RIVER *** [6c 8h Td 9h] [6d]
Actionni13: checks
knysi: checks
*** SHOW DOWN ***
Actionni13: shows [5c 4c] (a pair of Sixes)
knysi: shows [3d Ac] (a pair of Sixes - Ace kicker)
knysi collected $11.76 from pot
*** SUMMARY ***
Total pot $12 | Rake $0.24
Board [6c 8h Td 9h 6d]
Seat 1: knysi (button) (small blind) showed [3d Ac] and won ($11.76) with a pair of Sixes
Seat 2: Actionni13 (big blind) showed [5c 4c] and lost with a pair of Sixes


PokerStars Hand #144954847961:  Hold'em Limit ($3/$6 USD) - 2015/12/07 4:23:21 ET
Table 'Naema' 2-max Seat #2 is the button
Seat 1: knysi ($60.88 in chips)
Seat 2: Actionni13 ($161.76 in chips)
Actionni13: posts small blind $1
knysi: posts big blind $3
*** HOLE CARDS ***
Actionni13: folds
Uncalled bet ($2) returned to knysi
knysi collected $2 from pot
knysi: doesn't show hand
*** SUMMARY ***
Total pot $2 | Rake $0
Seat 1: knysi (big blind) collected ($2)
Seat 2: Actionni13 (button) (small blind) folded before Flop


PokerStars Hand #144954838864:  Hold'em Limit ($3/$6 USD) - 2015/12/07 4:23:00 ET
Table 'Naema' 2-max Seat #1 is the button
Seat 1: knysi ($46.38 in chips)
Seat 2: Actionni13 ($176.76 in chips)
knysi: posts small blind $1
Actionni13: posts big blind $3
*** HOLE CARDS ***
knysi: raises $3 to $6
Actionni13: calls $3
*** FLOP *** [Td 6d 5d]
Actionni13: bets $3
knysi: calls $3
*** TURN *** [Td 6d 5d] [Js]
Actionni13: checks
knysi: bets $6
Actionni13: calls $6
*** RIVER *** [Td 6d 5d Js] [Ks]
Actionni13: checks
knysi: checks
*** SHOW DOWN ***
Actionni13: shows [3s Ad] (high card Ace)
knysi: shows [Jd 6h] (two pair, Jacks and Sixes)
knysi collected $29.50 from pot
*** SUMMARY ***
Total pot $30 | Rake $0.50
Board [Td 6d 5d Js Ks]
Seat 1: knysi (button) (small blind) showed [Jd 6h] and won ($29.50) with two pair, Jacks and Sixes
Seat 2: Actionni13 (big blind) showed [3s Ad] and lost with high card Ace


PokerStars Hand #144954836361:  Hold'em Limit ($3/$6 USD) - 2015/12/07 4:22:54 ET
Table 'Naema' 2-max Seat #2 is the button
Seat 1: knysi ($49.38 in chips)
Seat 2: Actionni13 ($173.76 in chips)
Actionni13: posts small blind $1
knysi: posts big blind $3
*** HOLE CARDS ***
Actionni13: raises $3 to $6
knysi: folds
Uncalled bet ($3) returned to Actionni13
Actionni13 collected $6 from pot
Actionni13: doesn't show hand
*** SUMMARY ***
Total pot $6 | Rake $0
Seat 1: knysi (big blind) folded before Flop
Seat 2: Actionni13 (button) (small blind) collected ($6)


PokerStars Hand #144954856979:  Hold'em Limit ($3/$6 USD) - 2015/12/07 4:23:43 ET
Table 'Naema' 2-max Seat #2 is the button
Seat 1: knysi ($67.64 in chips)
Seat 2: Actionni13 ($154.76 in chips)
Actionni13: posts small blind $1
knysi: posts big blind $3
*** HOLE CARDS ***
Actionni13: raises $3 to $6
knysi: calls $3
*** FLOP *** [Ts 3s Th]
knysi: checks
Actionni13: bets $3
knysi: calls $3
*** TURN *** [Ts 3s Th] [8d]
knysi: checks
Actionni13: bets $6
knysi: raises $6 to $12
Actionni13: calls $6
*** RIVER *** [Ts 3s Th 8d] [4s]
knysi: bets $6
Actionni13: calls $6
*** SHOW DOWN ***
knysi: shows [Td 7h] (three of a kind, Tens)
Actionni13: mucks hand
knysi collected $53.50 from pot
*** SUMMARY ***
Total pot $54 | Rake $0.50
Board [Ts 3s Th 8d 4s]
Seat 1: knysi (big blind) showed [Td 7h] and won ($53.50) with three of a kind, Tens
Seat 2: Actionni13 (button) (small blind) mucked


PokerStars Hand #144954865174:  Hold'em Limit ($3/$6 USD) - 2015/12/07 4:24:02 ET
Table 'Naema' 2-max Seat #1 is the button
Seat 1: knysi ($94.14 in chips)
Seat 2: Actionni13 ($150 in chips)
knysi: posts small blind $1
Actionni13: posts big blind $3
*** HOLE CARDS ***
knysi: raises $3 to $6
Actionni13: calls $3
*** FLOP *** [2d 5c Jh]
Actionni13: bets $3
knysi: calls $3
*** TURN *** [2d 5c Jh] [4h]
Actionni13: checks
knysi: checks
*** RIVER *** [2d 5c Jh 4h] [Js]
Actionni13: bets $6
knysi: folds
Uncalled bet ($6) returned to Actionni13
Actionni13 collected $17.64 from pot
Actionni13: doesn't show hand
*** SUMMARY ***
Total pot $18 | Rake $0.36
Board [2d 5c Jh 4h Js]
Seat 1: knysi (button) (small blind) folded on the River
Seat 2: Actionni13 (big blind) collected ($17.64)


PokerStars Hand #144954898057:  Hold'em Limit ($3/$6 USD) - 2015/12/07 4:25:19 ET
Table 'Naema' 2-max Seat #2 is the button
Seat 1: knysi ($89.90 in chips)
Seat 2: Actionni13 ($153.64 in chips)
Actionni13: posts small blind $1
knysi: posts big blind $3
*** HOLE CARDS ***
Actionni13: folds
Uncalled bet ($2) returned to knysi
knysi collected $2 from pot
knysi: doesn't show hand
*** SUMMARY ***
Total pot $2 | Rake $0
Seat 1: knysi (big blind) collected ($2)
Seat 2: Actionni13 (button) (small blind) folded before Flop


PokerStars Hand #144954886543:  Hold'em Limit ($3/$6 USD) - 2015/12/07 4:24:52 ET
Table 'Naema' 2-max Seat #1 is the button
Seat 1: knysi ($90.90 in chips)
Seat 2: Actionni13 ($152.64 in chips)
knysi: posts small blind $1
Actionni13: posts big blind $3
*** HOLE CARDS ***
knysi: folds
Uncalled bet ($2) returned to Actionni13
Actionni13 collected $2 from pot
Actionni13: doesn't show hand
*** SUMMARY ***
Total pot $2 | Rake $0
Seat 1: knysi (button) (small blind) folded before Flop
Seat 2: Actionni13 (big blind) collected ($2)


PokerStars Hand #144954900502:  Hold'em Limit ($3/$6 USD) - 2015/12/07 4:25:25 ET
Table 'Naema' 2-max Seat #1 is the button
Seat 1: knysi ($90.90 in chips)
Seat 2: Actionni13 ($152.64 in chips)
knysi: posts small blind $1
Actionni13: posts big blind $3
*** HOLE CARDS ***
knysi: raises $3 to $6
Actionni13: calls $3
*** FLOP *** [Qh 8c 2s]
Actionni13: checks
knysi: checks
*** TURN *** [Qh 8c 2s] [8h]
Actionni13: checks
knysi: checks
*** RIVER *** [Qh 8c 2s 8h] [9s]
Actionni13: checks
knysi: bets $6
Actionni13: calls $6
*** SHOW DOWN ***
knysi: shows [4d 6h] (a pair of Eights)
Actionni13: shows [3h Ac] (a pair of Eights - Ace kicker)
Actionni13 collected $23.52 from pot
*** SUMMARY ***
Total pot $24 | Rake $0.48
Board [Qh 8c 2s 8h 9s]
Seat 1: knysi (button) (small blind) showed [4d 6h] and lost with a pair of Eights
Seat 2: Actionni13 (big blind) showed [3h Ac] and won ($23.52) with a pair of Eights


PokerStars Hand #144954927631:  Hold'em Limit ($3/$6 USD) - 2015/12/07 4:26:29 ET
Table 'Naema' 2-max Seat #1 is the button
Seat 1: knysi ($72.90 in chips)
Seat 2: Actionni13 ($169.92 in chips)
knysi: posts small blind $1
Actionni13: posts big blind $3
*** HOLE CARDS ***
knysi: raises $3 to $6
Actionni13: calls $3
*** FLOP *** [4s 6s 2h]
Actionni13: bets $3
knysi: calls $3
*** TURN *** [4s 6s 2h] [7h]
Actionni13: bets $6
knysi: calls $6
*** RIVER *** [4s 6s 2h 7h] [As]
Actionni13: bets $6
knysi: folds
Uncalled bet ($6) returned to Actionni13
Actionni13 collected $29.50 from pot
Actionni13: doesn't show hand
*** SUMMARY ***
Total pot $30 | Rake $0.50
Board [4s 6s 2h 7h As]
Seat 1: knysi (button) (small blind) folded on the River
Seat 2: Actionni13 (big blind) collected ($29.50)


PokerStars Hand #144954911763:  Hold'em Limit ($3/$6 USD) - 2015/12/07 4:25:52 ET
Table 'Naema' 2-max Seat #2 is the button
Seat 1: knysi ($78.90 in chips)
Seat 2: Actionni13 ($164.16 in chips)
Actionni13: posts small blind $1
knysi: posts big blind $3
*** HOLE CARDS ***
Actionni13: raises $3 to $6
knysi: calls $3
*** FLOP *** [3d 9h 9c]
knysi: checks
Actionni13: bets $3
knysi: folds
Uncalled bet ($3) returned to Actionni13
Actionni13 collected $11.76 from pot
Actionni13: doesn't show hand
*** SUMMARY ***
Total pot $12 | Rake $0.24
Board [3d 9h 9c]
Seat 1: knysi (big blind) folded on the Flop
Seat 2: Actionni13 (button) (small blind) collected ($11.76)


PokerStars Hand #144954942313:  Hold'em Limit ($3/$6 USD) - 2015/12/07 4:27:04 ET
Table 'Naema' 2-max Seat #1 is the button
Seat 1: knysi ($63.66 in chips)
Seat 2: Actionni13 ($178.42 in chips)
knysi: posts small blind $1
Actionni13: posts big blind $3
*** HOLE CARDS ***
knysi: calls $2
Actionni13: raises $3 to $6
knysi: calls $3
*** FLOP *** [Kc Ts 2c]
Actionni13: bets $3
knysi: calls $3
*** TURN *** [Kc Ts 2c] [Kd]
Actionni13: bets $6
knysi: folds
Uncalled bet ($6) returned to Actionni13
Actionni13 collected $17.64 from pot
Actionni13: doesn't show hand
*** SUMMARY ***
Total pot $18 | Rake $0.36
Board [Kc Ts 2c Kd]
Seat 1: knysi (button) (small blind) folded on the Turn
Seat 2: Actionni13 (big blind) collected ($17.64)


PokerStars Hand #144954935740:  Hold'em Limit ($3/$6 USD) - 2015/12/07 4:26:49 ET
Table 'Naema' 2-max Seat #2 is the button
Seat 1: knysi ($57.90 in chips)
Seat 2: Actionni13 ($184.42 in chips)
Actionni13: posts small blind $1
knysi: posts big blind $3
*** HOLE CARDS ***
Actionni13: raises $3 to $6
knysi: calls $3
*** FLOP *** [7c 7s 4d]
knysi: checks
Actionni13: checks
*** TURN *** [7c 7s 4d] [As]
knysi: checks
Actionni13: checks
*** RIVER *** [7c 7s 4d As] [5d]
knysi: bets $6
Actionni13: folds
Uncalled bet ($6) returned to knysi
knysi collected $11.76 from pot
knysi: doesn't show hand
*** SUMMARY ***
Total pot $12 | Rake $0.24
Board [7c 7s 4d As 5d]
Seat 1: knysi (big blind) collected ($11.76)
Seat 2: Actionni13 (button) (small blind) folded on the River


PokerStars Hand #144954974710:  Hold'em Limit ($3/$6 USD) - 2015/12/07 4:28:20 ET
Table 'Naema' 2-max Seat #1 is the button
Seat 1: knysi ($10.66 in chips)
Seat 2: Actionni13 ($230.32 in chips)
knysi: posts small blind $1
Actionni13: posts big blind $3
*** HOLE CARDS ***
knysi: raises $3 to $6
Actionni13: calls $3
*** FLOP *** [4c Ts Td]
Actionni13: checks
knysi: bets $3
Actionni13: folds
Uncalled bet ($3) returned to knysi
knysi collected $11.76 from pot
knysi: doesn't show hand
*** SUMMARY ***
Total pot $12 | Rake $0.24
Board [4c Ts Td]
Seat 1: knysi (button) (small blind) collected ($11.76)
Seat 2: Actionni13 (big blind) folded on the Flop


PokerStars Hand #144954972202:  Hold'em Limit ($3/$6 USD) - 2015/12/07 4:28:14 ET
Table 'Naema' 2-max Seat #2 is the button
Seat 1: knysi ($13.66 in chips)
Seat 2: Actionni13 ($227.32 in chips)
Actionni13: posts small blind $1
knysi: posts big blind $3
*** HOLE CARDS ***
Actionni13: raises $3 to $6
knysi: folds
Uncalled bet ($3) returned to Actionni13
Actionni13 collected $6 from pot
Actionni13: doesn't show hand
*** SUMMARY ***
Total pot $6 | Rake $0
Seat 1: knysi (big blind) folded before Flop
Seat 2: Actionni13 (button) (small blind) collected ($6)


PokerStars Hand #144954970183:  Hold'em Limit ($3/$6 USD) - 2015/12/07 4:28:09 ET
Table 'Naema' 2-max Seat #1 is the button
Seat 1: knysi ($14.66 in chips)
Seat 2: Actionni13 ($226.32 in chips)
knysi: posts small blind $1
Actionni13: posts big blind $3
*** HOLE CARDS ***
knysi: folds
Uncalled bet ($2) returned to Actionni13
Actionni13 collected $2 from pot
Actionni13: doesn't show hand
*** SUMMARY ***
Total pot $2 | Rake $0
Seat 1: knysi (button) (small blind) folded before Flop
Seat 2: Actionni13 (big blind) collected ($2)


PokerStars Hand #144954965497:  Hold'em Limit ($3/$6 USD) - 2015/12/07 4:27:58 ET
Table 'Naema' 2-max Seat #2 is the button
Seat 1: knysi ($20.66 in chips)
Seat 2: Actionni13 ($220.56 in chips)
Actionni13: posts small blind $1
knysi: posts big blind $3
*** HOLE CARDS ***
Actionni13: raises $3 to $6
knysi: calls $3
*** FLOP *** [Ah Qh 9d]
knysi: checks
Actionni13: bets $3
knysi: folds
Uncalled bet ($3) returned to Actionni13
Actionni13 collected $11.76 from pot
Actionni13: doesn't show hand
*** SUMMARY ***
Total pot $12 | Rake $0.24
Board [Ah Qh 9d]
Seat 1: knysi (big blind) folded on the Flop
Seat 2: Actionni13 (button) (small blind) collected ($11.76)


PokerStars Hand #144954963440:  Hold'em Limit ($3/$6 USD) - 2015/12/07 4:27:54 ET
Table 'Naema' 2-max Seat #1 is the button
Seat 1: knysi ($21.66 in chips)
Seat 2: Actionni13 ($219.56 in chips)
knysi: posts small blind $1
Actionni13: posts big blind $3
*** HOLE CARDS ***
knysi: folds
Uncalled bet ($2) returned to Actionni13
Actionni13 collected $2 from pot
Actionni13: doesn't show hand
*** SUMMARY ***
Total pot $2 | Rake $0
Seat 1: knysi (button) (small blind) folded before Flop
Seat 2: Actionni13 (big blind) collected ($2)


PokerStars Hand #144954952757:  Hold'em Limit ($3/$6 USD) - 2015/12/07 4:27:28 ET
Table 'Naema' 2-max Seat #2 is the button
Seat 1: knysi ($54.66 in chips)
Seat 2: Actionni13 ($187.06 in chips)
Actionni13: posts small blind $1
knysi: posts big blind $3
*** HOLE CARDS ***
Actionni13: raises $3 to $6
knysi: calls $3
*** FLOP *** [3s Jd Jc]
knysi: checks
Actionni13: bets $3
knysi: calls $3
*** TURN *** [3s Jd Jc] [Qc]
knysi: checks
Actionni13: bets $6
knysi: raises $6 to $12
Actionni13: raises $6 to $18
knysi: calls $6
*** RIVER *** [3s Jd Jc Qc] [Tc]
knysi: checks
Actionni13: bets $6
knysi: calls $6
*** SHOW DOWN ***
Actionni13: shows [6c Js] (three of a kind, Jacks)
knysi: mucks hand
Actionni13 collected $65.50 from pot
*** SUMMARY ***
Total pot $66 | Rake $0.50
Board [3s Jd Jc Qc Tc]
Seat 1: knysi (big blind) mucked
Seat 2: Actionni13 (button) (small blind) showed [6c Js] and won ($65.50) with three of a kind, Jacks


PokerStars Hand #144954992540:  Hold'em Limit ($3/$6 USD) - 2015/12/07 4:29:02 ET
Table 'Naema' 2-max Seat #2 is the button
Seat 1: knysi ($9.42 in chips)
Seat 2: Actionni13 ($231.08 in chips)
Actionni13: posts small blind $1
knysi: posts big blind $3
*** HOLE CARDS ***
Actionni13: raises $3 to $6
knysi: raises $3 to $9
Actionni13: calls $3
*** FLOP *** [Ad 3s 4c]
knysi: bets $0.42 and is all-in
Actionni13: calls $0.42
*** TURN *** [Ad 3s 4c] [5h]
*** RIVER *** [Ad 3s 4c 5h] [Kh]
*** SHOW DOWN ***
knysi: shows [As 6h] (a pair of Aces)
Actionni13: shows [Js Kc] (a pair of Kings)
knysi collected $18.46 from pot
*** SUMMARY ***
Total pot $18.84 | Rake $0.38
Board [Ad 3s 4c 5h Kh]
Seat 1: knysi (big blind) showed [As 6h] and won ($18.46) with a pair of Aces
Seat 2: Actionni13 (button) (small blind) showed [Js Kc] and lost with a pair of Kings


PokerStars Hand #144954990398:  Hold'em Limit ($3/$6 USD) - 2015/12/07 4:28:57 ET
Table 'Naema' 2-max Seat #1 is the button
Seat 1: knysi ($10.42 in chips)
Seat 2: Actionni13 ($230.08 in chips)
knysi: posts small blind $1
Actionni13: posts big blind $3
*** HOLE CARDS ***
knysi: folds
Uncalled bet ($2) returned to Actionni13
Actionni13 collected $2 from pot
Actionni13: doesn't show hand
*** SUMMARY ***
Total pot $2 | Rake $0
Seat 1: knysi (button) (small blind) folded before Flop
Seat 2: Actionni13 (big blind) collected ($2)


PokerStars Hand #144954999653:  Hold'em Limit ($3/$6 USD) - 2015/12/07 4:29:18 ET
Table 'Naema' 2-max Seat #1 is the button
Seat 1: knysi ($18.46 in chips)
Seat 2: Actionni13 ($221.66 in chips)
knysi: posts small blind $1
Actionni13: posts big blind $3
*** HOLE CARDS ***
knysi: raises $3 to $6
Actionni13: calls $3
*** FLOP *** [Jc Ah Qh]
Actionni13: checks
knysi: checks
*** TURN *** [Jc Ah Qh] [9s]
Actionni13: bets $6
knysi: raises $6 to $12
Actionni13: raises $6 to $18
knysi: calls $0.46 and is all-in
Uncalled bet ($5.54) returned to Actionni13
*** RIVER *** [Jc Ah Qh 9s] [7d]
*** SHOW DOWN ***
Actionni13: shows [9d Qs] (two pair, Queens and Nines)
knysi: shows [2d As] (a pair of Aces)
Actionni13 collected $36.42 from pot
*** SUMMARY ***
Total pot $36.92 | Rake $0.50
Board [Jc Ah Qh 9s 7d]
Seat 1: knysi (button) (small blind) showed [2d As] and lost with a pair of Aces
Seat 2: Actionni13 (big blind) showed [9d Qs] and won ($36.42) with two pair, Queens and Nines


PokerStars Hand #144954982308:  Hold'em Limit ($3/$6 USD) - 2015/12/07 4:28:38 ET
Table 'Naema' 2-max Seat #2 is the button
Seat 1: knysi ($16.42 in chips)
Seat 2: Actionni13 ($224.32 in chips)
Actionni13: posts small blind $1
knysi: posts big blind $3
*** HOLE CARDS ***
Actionni13: raises $3 to $6
knysi: calls $3
*** FLOP *** [3h Td 7s]
knysi: checks
Actionni13: checks
*** TURN *** [3h Td 7s] [4s]
knysi: checks
Actionni13: checks
*** RIVER *** [3h Td 7s 4s] [2h]
knysi: checks
Actionni13: checks
*** SHOW DOWN ***
knysi: shows [5d Qd] (high card Queen)
Actionni13: shows [Kh 9s] (high card King)
Actionni13 collected $11.76 from pot
*** SUMMARY ***
Total pot $12 | Rake $0.24
Board [3h Td 7s 4s 2h]
Seat 1: knysi (big blind) showed [5d Qd] and lost with high card Queen
Seat 2: Actionni13 (button) (small blind) showed [Kh 9s] and won ($11.76) with high card King


PokerStars Hand #144955049756:  Hold'em Limit ($3/$6 USD) - 2015/12/07 4:31:15 ET
Table 'Naema' 2-max Seat #1 is the button
Seat 1: knysi ($29.46 in chips)
Seat 2: Actionni13 ($242.62 in chips)
knysi: posts small blind $1
Actionni13: posts big blind $3
*** HOLE CARDS ***
knysi: raises $3 to $6
Actionni13: calls $3
*** FLOP *** [2c 4d 8h]
Actionni13: checks
knysi: bets $3
Actionni13: calls $3
*** TURN *** [2c 4d 8h] [Ah]
Actionni13: checks
knysi: bets $6
Actionni13: folds
Uncalled bet ($6) returned to knysi
knysi collected $17.64 from pot
knysi: doesn't show hand
*** SUMMARY ***
Total pot $18 | Rake $0.36
Board [2c 4d 8h Ah]
Seat 1: knysi (button) (small blind) collected ($17.64)
Seat 2: Actionni13 (big blind) folded on the Turn


PokerStars Hand #144955046802:  Hold'em Limit ($3/$6 USD) - 2015/12/07 4:31:08 ET
Table 'Naema' 2-max Seat #2 is the button
Seat 1: knysi ($32.46 in chips)
Seat 2: Actionni13 ($239.62 in chips)
Actionni13: posts small blind $1
knysi: posts big blind $3
*** HOLE CARDS ***
Actionni13: raises $3 to $6
knysi: folds
Uncalled bet ($3) returned to Actionni13
Actionni13 collected $6 from pot
Actionni13: doesn't show hand
*** SUMMARY ***
Total pot $6 | Rake $0
Seat 1: knysi (big blind) folded before Flop
Seat 2: Actionni13 (button) (small blind) collected ($6)


PokerStars Hand #144955067124:  Hold'em Limit ($3/$6 USD) - 2015/12/07 4:31:55 ET
Table 'Naema' 2-max Seat #1 is the button
Seat 1: knysi ($29.10 in chips)
Seat 2: Actionni13 ($242.26 in chips)
knysi: posts small blind $1
Actionni13: posts big blind $3
*** HOLE CARDS ***
knysi: raises $3 to $6
Actionni13: calls $3
*** FLOP *** [Th Qd Kh]
Actionni13: bets $3
knysi: raises $3 to $6
Actionni13: raises $3 to $9
knysi: raises $3 to $12
Betting is capped
Actionni13: calls $3
*** TURN *** [Th Qd Kh] [Js]
Actionni13: checks
knysi: bets $6
Actionni13: folds
Uncalled bet ($6) returned to knysi
knysi collected $35.50 from pot
knysi: doesn't show hand
*** SUMMARY ***
Total pot $36 | Rake $0.50
Board [Th Qd Kh Js]
Seat 1: knysi (button) (small blind) collected ($35.50)
Seat 2: Actionni13 (big blind) folded on the Turn


PokerStars Hand #144955060789:  Hold'em Limit ($3/$6 USD) - 2015/12/07 4:31:40 ET
Table 'Naema' 2-max Seat #2 is the button
Seat 1: knysi ($38.10 in chips)
Seat 2: Actionni13 ($233.62 in chips)
Actionni13: posts small blind $1
knysi: posts big blind $3
*** HOLE CARDS ***
Actionni13: raises $3 to $6
knysi: calls $3
*** FLOP *** [Jd 9d Ts]
knysi: checks
Actionni13: bets $3
knysi: calls $3
*** TURN *** [Jd 9d Ts] [3s]
knysi: checks
Actionni13: bets $6
knysi: folds
Uncalled bet ($6) returned to Actionni13
Actionni13 collected $17.64 from pot
Actionni13: doesn't show hand
*** SUMMARY ***
Total pot $18 | Rake $0.36
Board [Jd 9d Ts 3s]
Seat 1: knysi (big blind) folded on the Turn
Seat 2: Actionni13 (button) (small blind) collected ($17.64)


PokerStars Hand #144955075948:  Hold'em Limit ($3/$6 USD) - 2015/12/07 4:32:15 ET
Table 'Naema' 2-max Seat #2 is the button
Seat 1: knysi ($46.60 in chips)
Seat 2: Actionni13 ($224.26 in chips)
Actionni13: posts small blind $1
knysi: posts big blind $3
*** HOLE CARDS ***
Actionni13: raises $3 to $6
knysi: calls $3
*** FLOP *** [Th Qs Ts]
knysi: checks
Actionni13: bets $3
knysi: calls $3
*** TURN *** [Th Qs Ts] [9c]
knysi: checks
Actionni13: bets $6
knysi: folds
Uncalled bet ($6) returned to Actionni13
Actionni13 collected $17.64 from pot
Actionni13: doesn't show hand
*** SUMMARY ***
Total pot $18 | Rake $0.36
Board [Th Qs Ts 9c]
Seat 1: knysi (big blind) folded on the Turn
Seat 2: Actionni13 (button) (small blind) collected ($17.64)


PokerStars Hand #144955082256:  Hold'em Limit ($3/$6 USD) - 2015/12/07 4:32:30 ET
Table 'Naema' 2-max Seat #1 is the button
Seat 1: knysi ($37.60 in chips)
Seat 2: Actionni13 ($232.90 in chips)
knysi: posts small blind $1
Actionni13: posts big blind $3
*** HOLE CARDS ***
knysi: raises $3 to $6
Actionni13: calls $3
*** FLOP *** [3c 8d 5c]
Actionni13: checks
knysi: bets $3
Actionni13: calls $3
*** TURN *** [3c 8d 5c] [2d]
Actionni13: bets $6
knysi: raises $6 to $12
Actionni13: folds
Uncalled bet ($6) returned to knysi
knysi collected $29.50 from pot
knysi: doesn't show hand
*** SUMMARY ***
Total pot $30 | Rake $0.50
Board [3c 8d 5c 2d]
Seat 1: knysi (button) (small blind) collected ($29.50)
Seat 2: Actionni13 (big blind) folded on the Turn


PokerStars Hand #144955089752:  Hold'em Limit ($3/$6 USD) - 2015/12/07 4:32:47 ET
Table 'Naema' 2-max Seat #2 is the button
Seat 1: knysi ($52.10 in chips)
Seat 2: Actionni13 ($217.90 in chips)
Actionni13: posts small blind $1
knysi: posts big blind $3
*** HOLE CARDS ***
Actionni13: raises $3 to $6
knysi: calls $3
*** FLOP *** [7d 2d 7s]
knysi: checks
Actionni13: bets $3
knysi: calls $3
*** TURN *** [7d 2d 7s] [Jc]
knysi: checks
Actionni13: bets $6
knysi: calls $6
*** RIVER *** [7d 2d 7s Jc] [4h]
knysi: checks
Actionni13: bets $6
knysi: folds
Uncalled bet ($6) returned to Actionni13
Actionni13 collected $29.50 from pot
Actionni13: doesn't show hand
*** SUMMARY ***
Total pot $30 | Rake $0.50
Board [7d 2d 7s Jc 4h]
Seat 1: knysi (big blind) folded on the River
Seat 2: Actionni13 (button) (small blind) collected ($29.50)


PokerStars Hand #144955097928:  Hold'em Limit ($3/$6 USD) - 2015/12/07 4:33:06 ET
Table 'Naema' 2-max Seat #1 is the button
Seat 1: knysi ($37.10 in chips)
Seat 2: Actionni13 ($232.40 in chips)
knysi: posts small blind $1
Actionni13: posts big blind $3
*** HOLE CARDS ***
knysi: raises $3 to $6
Actionni13: raises $3 to $9
knysi: raises $3 to $12
Betting is capped
Actionni13: calls $3
*** FLOP *** [4c Ks 7d]
Actionni13: checks
knysi: bets $3
Actionni13: calls $3
*** TURN *** [4c Ks 7d] [4h]
Actionni13: checks
knysi: bets $6
Actionni13: calls $6
*** RIVER *** [4c Ks 7d 4h] [6c]
Actionni13: checks
knysi: bets $6
Actionni13: calls $6
*** SHOW DOWN ***
knysi: shows [Qc Qd] (two pair, Queens and Fours)
Actionni13: mucks hand
knysi collected $53.50 from pot
*** SUMMARY ***
Total pot $54 | Rake $0.50
Board [4c Ks 7d 4h 6c]
Seat 1: knysi (button) (small blind) showed [Qc Qd] and won ($53.50) with two pair, Queens and Fours
Seat 2: Actionni13 (big blind) mucked


PokerStars Hand #144955115374:  Hold'em Limit ($3/$6 USD) - 2015/12/07 4:33:46 ET
Table 'Naema' 2-max Seat #1 is the button
Seat 1: knysi ($64.60 in chips)
Seat 2: Actionni13 ($204.40 in chips)
knysi: posts small blind $1
Actionni13: posts big blind $3
*** HOLE CARDS ***
knysi: folds
Uncalled bet ($2) returned to Actionni13
Actionni13 collected $2 from pot
Actionni13: doesn't show hand
*** SUMMARY ***
Total pot $2 | Rake $0
Seat 1: knysi (button) (small blind) folded before Flop
Seat 2: Actionni13 (big blind) collected ($2)


PokerStars Hand #144955112736:  Hold'em Limit ($3/$6 USD) - 2015/12/07 4:33:40 ET
Table 'Naema' 2-max Seat #2 is the button
Seat 1: knysi ($63.60 in chips)
Seat 2: Actionni13 ($205.40 in chips)
Actionni13: posts small blind $1
knysi: posts big blind $3
*** HOLE CARDS ***
Actionni13: folds
Uncalled bet ($2) returned to knysi
knysi collected $2 from pot
knysi: doesn't show hand
*** SUMMARY ***
Total pot $2 | Rake $0
Seat 1: knysi (big blind) collected ($2)
Seat 2: Actionni13 (button) (small blind) folded before Flop


PokerStars Hand #144955141445:  Hold'em Limit ($3/$6 USD) - 2015/12/07 4:34:46 ET
Table 'Naema' 2-max Seat #2 is the button
Seat 1: knysi ($32.60 in chips)
Seat 2: Actionni13 ($235.66 in chips)
Actionni13: posts small blind $1
knysi: posts big blind $3
*** HOLE CARDS ***
Actionni13: folds
Uncalled bet ($2) returned to knysi
knysi collected $2 from pot
knysi: doesn't show hand
*** SUMMARY ***
Total pot $2 | Rake $0
Seat 1: knysi (big blind) collected ($2)
Seat 2: Actionni13 (button) (small blind) folded before Flop


PokerStars Hand #144955135224:  Hold'em Limit ($3/$6 USD) - 2015/12/07 4:34:31 ET
Table 'Naema' 2-max Seat #1 is the button
Seat 1: knysi ($29.60 in chips)
Seat 2: Actionni13 ($238.66 in chips)
knysi: posts small blind $1
Actionni13: posts big blind $3
*** HOLE CARDS ***
knysi: raises $3 to $6
Actionni13: folds
Uncalled bet ($3) returned to knysi
knysi collected $6 from pot
knysi: doesn't show hand
*** SUMMARY ***
Total pot $6 | Rake $0
Seat 1: knysi (button) (small blind) collected ($6)
Seat 2: Actionni13 (big blind) folded before Flop


PokerStars Hand #144955128713:  Hold'em Limit ($3/$6 USD) - 2015/12/07 4:34:16 ET
Table 'Naema' 2-max Seat #2 is the button
Seat 1: knysi ($35.60 in chips)
Seat 2: Actionni13 ($232.90 in chips)
Actionni13: posts small blind $1
knysi: posts big blind $3
*** HOLE CARDS ***
Actionni13: raises $3 to $6
knysi: calls $3
*** FLOP *** [2c Kc 5s]
knysi: checks
Actionni13: bets $3
knysi: folds
Uncalled bet ($3) returned to Actionni13
Actionni13 collected $11.76 from pot
Actionni13: doesn't show hand
*** SUMMARY ***
Total pot $12 | Rake $0.24
Board [2c Kc 5s]
Seat 1: knysi (big blind) folded on the Flop
Seat 2: Actionni13 (button) (small blind) collected ($11.76)


PokerStars Hand #144955126608:  Hold'em Limit ($3/$6 USD) - 2015/12/07 4:34:12 ET
Table 'Naema' 2-max Seat #1 is the button
Seat 1: knysi ($36.60 in chips)
Seat 2: Actionni13 ($231.90 in chips)
knysi: posts small blind $1
Actionni13: posts big blind $3
*** HOLE CARDS ***
knysi: folds
Uncalled bet ($2) returned to Actionni13
Actionni13 collected $2 from pot
Actionni13: doesn't show hand
*** SUMMARY ***
Total pot $2 | Rake $0
Seat 1: knysi (button) (small blind) folded before Flop
Seat 2: Actionni13 (big blind) collected ($2)


PokerStars Hand #144955167068:  Hold'em Limit ($3/$6 USD) - 2015/12/07 4:35:44 ET
Table 'Naema' 2-max Seat #2 is the button
Seat 1: knysi ($65.60 in chips)
Seat 2: Actionni13 ($201.42 in chips)
Actionni13: posts small blind $1
knysi: posts big blind $3
*** HOLE CARDS ***
Actionni13: folds
Uncalled bet ($2) returned to knysi
knysi collected $2 from pot
knysi: doesn't show hand
*** SUMMARY ***
Total pot $2 | Rake $0
Seat 1: knysi (big blind) collected ($2)
Seat 2: Actionni13 (button) (small blind) folded before Flop


PokerStars Hand #144955159758:  Hold'em Limit ($3/$6 USD) - 2015/12/07 4:35:28 ET
Table 'Naema' 2-max Seat #1 is the button
Seat 1: knysi ($51.10 in chips)
Seat 2: Actionni13 ($216.42 in chips)
knysi: posts small blind $1
Actionni13: posts big blind $3
*** HOLE CARDS ***
knysi: raises $3 to $6
Actionni13: calls $3
*** FLOP *** [2h Th 8h]
Actionni13: bets $3
knysi: calls $3
*** TURN *** [2h Th 8h] [4s]
Actionni13: bets $6
knysi: calls $6
*** RIVER *** [2h Th 8h 4s] [As]
Actionni13: checks
knysi: checks
*** SHOW DOWN ***
Actionni13: shows [6d 8d] (a pair of Eights)
knysi: shows [Ah Qs] (a pair of Aces)
knysi collected $29.50 from pot
*** SUMMARY ***
Total pot $30 | Rake $0.50
Board [2h Th 8h 4s As]
Seat 1: knysi (button) (small blind) showed [Ah Qs] and won ($29.50) with a pair of Aces
Seat 2: Actionni13 (big blind) showed [6d 8d] and lost with a pair of Eights


PokerStars Hand #144955143929:  Hold'em Limit ($3/$6 USD) - 2015/12/07 4:34:51 ET
Table 'Naema' 2-max Seat #1 is the button
Seat 1: knysi ($33.60 in chips)
Seat 2: Actionni13 ($234.66 in chips)
knysi: posts small blind $1
Actionni13: posts big blind $3
*** HOLE CARDS ***
knysi: raises $3 to $6
Actionni13: calls $3
*** FLOP *** [5h Ac 6d]
Actionni13: checks
knysi: checks
*** TURN *** [5h Ac 6d] [8c]
Actionni13: bets $6
knysi: folds
Uncalled bet ($6) returned to Actionni13
Actionni13 collected $11.76 from pot
Actionni13: doesn't show hand
*** SUMMARY ***
Total pot $12 | Rake $0.24
Board [5h Ac 6d 8c]
Seat 1: knysi (button) (small blind) folded on the Turn
Seat 2: Actionni13 (big blind) collected ($11.76)


PokerStars Hand #144955150548:  Hold'em Limit ($3/$6 USD) - 2015/12/07 4:35:06 ET
Table 'Naema' 2-max Seat #2 is the button
Seat 1: knysi ($27.60 in chips)
Seat 2: Actionni13 ($240.42 in chips)
Actionni13: posts small blind $1
knysi: posts big blind $3
*** HOLE CARDS ***
Actionni13: raises $3 to $6
knysi: calls $3
*** FLOP *** [9c Kh Ks]
knysi: checks
Actionni13: bets $3
knysi: raises $3 to $6
Actionni13: calls $3
*** TURN *** [9c Kh Ks] [2h]
knysi: bets $6
Actionni13: calls $6
*** RIVER *** [9c Kh Ks 2h] [Ah]
knysi: bets $6
Actionni13: calls $6
*** SHOW DOWN ***
knysi: shows [5d As] (two pair, Aces and Kings)
Actionni13: mucks hand
knysi collected $47.50 from pot
*** SUMMARY ***
Total pot $48 | Rake $0.50
Board [9c Kh Ks 2h Ah]
Seat 1: knysi (big blind) showed [5d As] and won ($47.50) with two pair, Aces and Kings
Seat 2: Actionni13 (button) (small blind) mucked


PokerStars Hand #144955191533:  Hold'em Limit ($3/$6 USD) - 2015/12/07 4:36:40 ET
Table 'Naema' 2-max Seat #2 is the button
Seat 1: knysi ($63.12 in chips)
Seat 2: Actionni13 ($202.94 in chips)
Actionni13: posts small blind $1
knysi: posts big blind $3
*** HOLE CARDS ***
Actionni13: raises $3 to $6
knysi: calls $3
*** FLOP *** [9c 5d As]
knysi: checks
Actionni13: bets $3
knysi: folds
Uncalled bet ($3) returned to Actionni13
Actionni13 collected $11.76 from pot
Actionni13: doesn't show hand
*** SUMMARY ***
Total pot $12 | Rake $0.24
Board [9c 5d As]
Seat 1: knysi (big blind) folded on the Flop
Seat 2: Actionni13 (button) (small blind) collected ($11.76)


PokerStars Hand #144955169479:  Hold'em Limit ($3/$6 USD) - 2015/12/07 4:35:50 ET
Table 'Naema' 2-max Seat #1 is the button
Seat 1: knysi ($66.60 in chips)
Seat 2: Actionni13 ($200.42 in chips)
knysi: posts small blind $1
Actionni13: posts big blind $3
*** HOLE CARDS ***
knysi: raises $3 to $6
Actionni13: raises $3 to $9
knysi: calls $3
*** FLOP *** [Qs 2s 9h]
Actionni13: bets $3
knysi: calls $3
*** TURN *** [Qs 2s 9h] [8c]
Actionni13: bets $6
knysi: folds
Uncalled bet ($6) returned to Actionni13
Actionni13 collected $23.52 from pot
Actionni13: doesn't show hand
*** SUMMARY ***
Total pot $24 | Rake $0.48
Board [Qs 2s 9h 8c]
Seat 1: knysi (button) (small blind) folded on the Turn
Seat 2: Actionni13 (big blind) collected ($23.52)


PokerStars Hand #144955175975:  Hold'em Limit ($3/$6 USD) - 2015/12/07 4:36:05 ET
Table 'Naema' 2-max Seat #2 is the button
Seat 1: knysi ($54.60 in chips)
Seat 2: Actionni13 ($211.94 in chips)
Actionni13: posts small blind $1
knysi: posts big blind $3
*** HOLE CARDS ***
Actionni13: raises $3 to $6
knysi: folds
Uncalled bet ($3) returned to Actionni13
Actionni13 collected $6 from pot
Actionni13: doesn't show hand
*** SUMMARY ***
Total pot $6 | Rake $0
Seat 1: knysi (big blind) folded before Flop
Seat 2: Actionni13 (button) (small blind) collected ($6)


PokerStars Hand #144955179663:  Hold'em Limit ($3/$6 USD) - 2015/12/07 4:36:13 ET
Table 'Naema' 2-max Seat #1 is the button
Seat 1: knysi ($51.60 in chips)
Seat 2: Actionni13 ($214.94 in chips)
knysi: posts small blind $1
Actionni13: posts big blind $3
*** HOLE CARDS ***
knysi: raises $3 to $6
Actionni13: raises $3 to $9
knysi: calls $3
*** FLOP *** [5s 9h 3h]
Actionni13: bets $3
knysi: calls $3
*** TURN *** [5s 9h 3h] [7c]
Actionni13: checks
knysi: bets $6
Actionni13: folds
Uncalled bet ($6) returned to knysi
knysi collected $23.52 from pot
knysi: doesn't show hand
*** SUMMARY ***
Total pot $24 | Rake $0.48
Board [5s 9h 3h 7c]
Seat 1: knysi (button) (small blind) collected ($23.52)
Seat 2: Actionni13 (big blind) folded on the Turn


PokerStars Hand #144955217725:  Hold'em Limit ($3/$6 USD) - 2015/12/07 4:37:41 ET
Table 'Naema' 2-max Seat #1 is the button
Seat 1: knysi ($72.62 in chips)
Seat 2: Actionni13 ($192.46 in chips)
knysi: posts small blind $1
Actionni13: posts big blind $3
*** HOLE CARDS ***
knysi: raises $3 to $6
Actionni13: folds
Uncalled bet ($3) returned to knysi
knysi collected $6 from pot
knysi: doesn't show hand
*** SUMMARY ***
Total pot $6 | Rake $0
Seat 1: knysi (button) (small blind) collected ($6)
Seat 2: Actionni13 (big blind) folded before Flop


PokerStars Hand #144955209235:  Hold'em Limit ($3/$6 USD) - 2015/12/07 4:37:21 ET
Table 'Naema' 2-max Seat #2 is the button
Seat 1: knysi ($78.62 in chips)
Seat 2: Actionni13 ($186.70 in chips)
Actionni13: posts small blind $1
knysi: posts big blind $3
*** HOLE CARDS ***
Actionni13: raises $3 to $6
knysi: calls $3
*** FLOP *** [3d 8s 6s]
knysi: checks
Actionni13: checks
*** TURN *** [3d 8s 6s] [Qh]
knysi: checks
Actionni13: checks
*** RIVER *** [3d 8s 6s Qh] [Th]
knysi: checks
Actionni13: bets $6
knysi: folds
Uncalled bet ($6) returned to Actionni13
Actionni13 collected $11.76 from pot
Actionni13: doesn't show hand
*** SUMMARY ***
Total pot $12 | Rake $0.24
Board [3d 8s 6s Qh Th]
Seat 1: knysi (big blind) folded on the River
Seat 2: Actionni13 (button) (small blind) collected ($11.76)


PokerStars Hand #144955195862:  Hold'em Limit ($3/$6 USD) - 2015/12/07 4:36:51 ET
Table 'Naema' 2-max Seat #1 is the button
Seat 1: knysi ($57.12 in chips)
Seat 2: Actionni13 ($208.70 in chips)
knysi: posts small blind $1
Actionni13: posts big blind $3
*** HOLE CARDS ***
knysi: raises $3 to $6
Actionni13: folds
Uncalled bet ($3) returned to knysi
knysi collected $6 from pot
knysi: doesn't show hand
*** SUMMARY ***
Total pot $6 | Rake $0
Seat 1: knysi (button) (small blind) collected ($6)
Seat 2: Actionni13 (big blind) folded before Flop


PokerStars Hand #144955198640:  Hold'em Limit ($3/$6 USD) - 2015/12/07 4:36:57 ET
Table 'Naema' 2-max Seat #2 is the button
Seat 1: knysi ($60.12 in chips)
Seat 2: Actionni13 ($205.70 in chips)
Actionni13: posts small blind $1
knysi: posts big blind $3
*** HOLE CARDS ***
Actionni13: folds
Uncalled bet ($2) returned to knysi
knysi collected $2 from pot
knysi: doesn't show hand
*** SUMMARY ***
Total pot $2 | Rake $0
Seat 1: knysi (big blind) collected ($2)
Seat 2: Actionni13 (button) (small blind) folded before Flop


PokerStars Hand #144955201248:  Hold'em Limit ($3/$6 USD) - 2015/12/07 4:37:03 ET
Table 'Naema' 2-max Seat #1 is the button
Seat 1: knysi ($61.12 in chips)
Seat 2: Actionni13 ($204.70 in chips)
knysi: posts small blind $1
Actionni13: posts big blind $3
*** HOLE CARDS ***
knysi: raises $3 to $6
Actionni13: calls $3
*** FLOP *** [Tc 6s Ks]
Actionni13: checks
knysi: checks
*** TURN *** [Tc 6s Ks] [2s]
Actionni13: bets $6
knysi: calls $6
*** RIVER *** [Tc 6s Ks 2s] [7d]
Actionni13: checks
knysi: bets $6
Actionni13: calls $6
*** SHOW DOWN ***
knysi: shows [7s Ah] (a pair of Sevens)
Actionni13: mucks hand
knysi collected $35.50 from pot
*** SUMMARY ***
Total pot $36 | Rake $0.50
Board [Tc 6s Ks 2s 7d]
Seat 1: knysi (button) (small blind) showed [7s Ah] and won ($35.50) with a pair of Sevens
Seat 2: Actionni13 (big blind) mucked


PokerStars Hand #144955220651:  Hold'em Limit ($3/$6 USD) - 2015/12/07 4:37:47 ET
Table 'Naema' 2-max Seat #2 is the button
Seat 1: knysi ($75.62 in chips)
Seat 2: Actionni13 ($189.46 in chips)
Actionni13: posts small blind $1
knysi: posts big blind $3
*** HOLE CARDS ***
Actionni13: raises $3 to $6
knysi: calls $3
*** FLOP *** [7c Qs Jc]
knysi: checks
Actionni13: checks
*** TURN *** [7c Qs Jc] [6s]
knysi: checks
Actionni13: bets $6
knysi: raises $6 to $12
Actionni13: calls $6
*** RIVER *** [7c Qs Jc 6s] [Ad]
knysi: bets $6
Actionni13: folds
Uncalled bet ($6) returned to knysi
knysi collected $35.50 from pot
knysi: doesn't show hand
*** SUMMARY ***
Total pot $36 | Rake $0.50
Board [7c Qs Jc 6s Ad]
Seat 1: knysi (big blind) collected ($35.50)
Seat 2: Actionni13 (button) (small blind) folded on the River


PokerStars Hand #144955232997:  Hold'em Limit ($3/$6 USD) - 2015/12/07 4:38:15 ET
Table 'Naema' 2-max Seat #1 is the button
Seat 1: knysi ($93.12 in chips)
Seat 2: Actionni13 ($171.46 in chips)
knysi: posts small blind $1
Actionni13: posts big blind $3
*** HOLE CARDS ***
knysi: raises $3 to $6
Actionni13: calls $3
*** FLOP *** [7s 5d 2h]
Actionni13: checks
knysi: checks
*** TURN *** [7s 5d 2h] [6h]
Actionni13: bets $6
knysi: calls $6
*** RIVER *** [7s 5d 2h 6h] [8c]
Actionni13: bets $6
knysi: raises $6 to $12
Actionni13: calls $6
*** SHOW DOWN ***
knysi: shows [Jh 9h] (a straight, Five to Nine)
Actionni13: mucks hand
knysi collected $47.50 from pot
*** SUMMARY ***
Total pot $48 | Rake $0.50
Board [7s 5d 2h 6h 8c]
Seat 1: knysi (button) (small blind) showed [Jh 9h] and won ($47.50) with a straight, Five to Nine
Seat 2: Actionni13 (big blind) mucked


PokerStars Hand #144955273200:  Hold'em Limit ($3/$6 USD) - 2015/12/07 4:39:47 ET
Table 'Naema' 2-max Seat #2 is the button
Seat 1: knysi ($113.12 in chips)
Seat 2: Actionni13 ($155.76 in chips)
Actionni13: posts small blind $1
knysi: posts big blind $3
*** HOLE CARDS ***
Actionni13: raises $3 to $6
knysi: folds
Uncalled bet ($3) returned to Actionni13
Actionni13 collected $6 from pot
Actionni13: doesn't show hand
*** SUMMARY ***
Total pot $6 | Rake $0
Seat 1: knysi (big blind) folded before Flop
Seat 2: Actionni13 (button) (small blind) collected ($6)


PokerStars Hand #144955264681:  Hold'em Limit ($3/$6 USD) - 2015/12/07 4:39:27 ET
Table 'Naema' 2-max Seat #1 is the button
Seat 1: knysi ($119.12 in chips)
Seat 2: Actionni13 ($150 in chips)
knysi: posts small blind $1
Actionni13: posts big blind $3
*** HOLE CARDS ***
knysi: raises $3 to $6
Actionni13: calls $3
*** FLOP *** [Qd 6h 2s]
Actionni13: checks
knysi: checks
*** TURN *** [Qd 6h 2s] [Jc]
Actionni13: checks
knysi: checks
*** RIVER *** [Qd 6h 2s Jc] [Js]
Actionni13: bets $6
knysi: folds
Uncalled bet ($6) returned to Actionni13
Actionni13 collected $11.76 from pot
Actionni13: doesn't show hand
*** SUMMARY ***
Total pot $12 | Rake $0.24
Board [Qd 6h 2s Jc Js]
Seat 1: knysi (button) (small blind) folded on the River
Seat 2: Actionni13 (big blind) collected ($11.76)


PokerStars Hand #144955243796:  Hold'em Limit ($3/$6 USD) - 2015/12/07 4:38:40 ET
Table 'Naema' 2-max Seat #2 is the button
Seat 1: knysi ($116.62 in chips)
Seat 2: Actionni13 ($150 in chips)
Actionni13: posts small blind $1
knysi: posts big blind $3
*** HOLE CARDS ***
Actionni13: raises $3 to $6
knysi: calls $3
*** FLOP *** [7s 6d 8d]
knysi: checks
Actionni13: bets $3
knysi: calls $3
*** TURN *** [7s 6d 8d] [7c]
knysi: checks
Actionni13: bets $6
knysi: calls $6
*** RIVER *** [7s 6d 8d 7c] [As]
knysi: checks
Actionni13: checks
*** SHOW DOWN ***
knysi: shows [8c 5h] (two pair, Eights and Sevens)
Actionni13: shows [8h 5c] (two pair, Eights and Sevens)
knysi collected $14.75 from pot
Actionni13 collected $14.75 from pot
*** SUMMARY ***
Total pot $30 | Rake $0.50
Board [7s 6d 8d 7c As]
Seat 1: knysi (big blind) showed [8c 5h] and won ($14.75) with two pair, Eights and Sevens
Seat 2: Actionni13 (button) (small blind) showed [8h 5c] and won ($14.75) with two pair, Eights and Sevens


PokerStars Hand #144955252373:  Hold'em Limit ($3/$6 USD) - 2015/12/07 4:39:00 ET
Table 'Naema' 2-max Seat #1 is the button
Seat 1: knysi ($116.37 in chips)
Seat 2: Actionni13 ($150 in chips)
knysi: posts small blind $1
Actionni13: posts big blind $3
*** HOLE CARDS ***
knysi: raises $3 to $6
Actionni13: folds
Uncalled bet ($3) returned to knysi
knysi collected $6 from pot
knysi: doesn't show hand
*** SUMMARY ***
Total pot $6 | Rake $0
Seat 1: knysi (button) (small blind) collected ($6)
Seat 2: Actionni13 (big blind) folded before Flop


PokerStars Hand #144955256307:  Hold'em Limit ($3/$6 USD) - 2015/12/07 4:39:08 ET
Table 'Naema' 2-max Seat #2 is the button
Seat 1: knysi ($119.37 in chips)
Seat 2: Actionni13 ($150 in chips)
Actionni13: posts small blind $1
knysi: posts big blind $3
*** HOLE CARDS ***
Actionni13: raises $3 to $6
knysi: calls $3
*** FLOP *** [Qd 2s Tc]
knysi: checks
Actionni13: bets $3
knysi: calls $3
*** TURN *** [Qd 2s Tc] [7h]
knysi: checks
Actionni13: bets $6
knysi: raises $6 to $12
Actionni13: calls $6
*** RIVER *** [Qd 2s Tc 7h] [Ah]
knysi: bets $6
Actionni13: calls $6
*** SHOW DOWN ***
knysi: shows [4h Qh] (a pair of Queens)
Actionni13: shows [Qc 5s] (a pair of Queens)
knysi collected $26.75 from pot
Actionni13 collected $26.75 from pot
*** SUMMARY ***
Total pot $54 | Rake $0.50
Board [Qd 2s Tc 7h Ah]
Seat 1: knysi (big blind) showed [4h Qh] and won ($26.75) with a pair of Queens
Seat 2: Actionni13 (button) (small blind) showed [Qc 5s] and won ($26.75) with a pair of Queens


PokerStars Hand #144955289634:  Hold'em Limit ($3/$6 USD) - 2015/12/07 4:40:24 ET
Table 'Naema' 2-max Seat #1 is the button
Seat 1: knysi ($112.62 in chips)
Seat 2: Actionni13 ($155.28 in chips)
knysi: posts small blind $1
Actionni13: posts big blind $3
*** HOLE CARDS ***
knysi: raises $3 to $6
Actionni13: calls $3
*** FLOP *** [As Qc Ad]
Actionni13: checks
knysi: bets $3
Actionni13: raises $3 to $6
knysi: calls $3
*** TURN *** [As Qc Ad] [Tc]
Actionni13: bets $6
knysi: calls $6
*** RIVER *** [As Qc Ad Tc] [9d]
Actionni13: checks
knysi: checks
*** SHOW DOWN ***
Actionni13: shows [3d 6d] (a pair of Aces)
knysi: shows [Kc 6c] (a pair of Aces - King kicker)
knysi collected $35.50 from pot
*** SUMMARY ***
Total pot $36 | Rake $0.50
Board [As Qc Ad Tc 9d]
Seat 1: knysi (button) (small blind) showed [Kc 6c] and won ($35.50) with a pair of Aces
Seat 2: Actionni13 (big blind) showed [3d 6d] and lost with a pair of Aces


PokerStars Hand #144955275656:  Hold'em Limit ($3/$6 USD) - 2015/12/07 4:39:52 ET
Table 'Naema' 2-max Seat #1 is the button
Seat 1: knysi ($110.12 in chips)
Seat 2: Actionni13 ($158.76 in chips)
knysi: posts small blind $1
Actionni13: posts big blind $3
*** HOLE CARDS ***
knysi: raises $3 to $6
Actionni13: calls $3
*** FLOP *** [9d 8h 8d]
Actionni13: checks
knysi: checks
*** TURN *** [9d 8h 8d] [6h]
Actionni13: checks
knysi: checks
*** RIVER *** [9d 8h 8d 6h] [8s]
Actionni13: bets $6
knysi: calls $6
*** SHOW DOWN ***
Actionni13: shows [Ad 4s] (three of a kind, Eights)
knysi: mucks hand
Actionni13 collected $23.52 from pot
*** SUMMARY ***
Total pot $24 | Rake $0.48
Board [9d 8h 8d 6h 8s]
Seat 1: knysi (button) (small blind) mucked
Seat 2: Actionni13 (big blind) showed [Ad 4s] and won ($23.52) with three of a kind, Eights


PokerStars Hand #144955282057:  Hold'em Limit ($3/$6 USD) - 2015/12/07 4:40:06 ET
Table 'Naema' 2-max Seat #2 is the button
Seat 1: knysi ($98.12 in chips)
Seat 2: Actionni13 ($170.28 in chips)
Actionni13: posts small blind $1
knysi: posts big blind $3
*** HOLE CARDS ***
Actionni13: raises $3 to $6
knysi: calls $3
*** FLOP *** [9c 2h 3d]
knysi: checks
Actionni13: bets $3
knysi: calls $3
*** TURN *** [9c 2h 3d] [4d]
knysi: checks
Actionni13: bets $6
knysi: calls $6
*** RIVER *** [9c 2h 3d 4d] [Qd]
knysi: checks
Actionni13: checks
*** SHOW DOWN ***
knysi: shows [Js 9s] (a pair of Nines)
Actionni13: mucks hand
knysi collected $29.50 from pot
*** SUMMARY ***
Total pot $30 | Rake $0.50
Board [9c 2h 3d 4d Qd]
Seat 1: knysi (big blind) showed [Js 9s] and won ($29.50) with a pair of Nines
Seat 2: Actionni13 (button) (small blind) mucked


PokerStars Hand #144955313735:  Hold'em Limit ($3/$6 USD) - 2015/12/07 4:41:19 ET
Table 'Naema' 2-max Seat #2 is the button
Seat 1: knysi ($114.12 in chips)
Seat 2: Actionni13 ($165.50 in chips)
Actionni13: posts small blind $1
knysi: posts big blind $3
*** HOLE CARDS ***
Actionni13: raises $3 to $6
knysi: calls $3
*** FLOP *** [Ac 8s 7d]
knysi: checks
Actionni13: bets $3
knysi: calls $3
*** TURN *** [Ac 8s 7d] [4h]
knysi: checks
Actionni13: bets $6
knysi: calls $6
*** RIVER *** [Ac 8s 7d 4h] [3c]
knysi: checks
Actionni13: checks
*** SHOW DOWN ***
knysi: shows [Js Td] (high card Ace)
Actionni13: shows [5s 7h] (a pair of Sevens)
Actionni13 collected $29.50 from pot
*** SUMMARY ***
Total pot $30 | Rake $0.50
Board [Ac 8s 7d 4h 3c]
Seat 1: knysi (big blind) showed [Js Td] and lost with high card Ace
Seat 2: Actionni13 (button) (small blind) showed [5s 7h] and won ($29.50) with a pair of Sevens


PokerStars Hand #144955320728:  Hold'em Limit ($3/$6 USD) - 2015/12/07 4:41:34 ET
Table 'Naema' 2-max Seat #1 is the button
Seat 1: knysi ($99.12 in chips)
Seat 2: Actionni13 ($180 in chips)
knysi: posts small blind $1
Actionni13: posts big blind $3
*** HOLE CARDS ***
knysi: raises $3 to $6
Actionni13: calls $3
*** FLOP *** [2h 8s Ac]
Actionni13: checks
knysi: checks
*** TURN *** [2h 8s Ac] [Th]
Actionni13: checks
knysi: checks
*** RIVER *** [2h 8s Ac Th] [Js]
Actionni13: checks
knysi: checks
*** SHOW DOWN ***
Actionni13: shows [5c 9d] (high card Ace)
knysi: mucks hand
Actionni13 collected $11.76 from pot
*** SUMMARY ***
Total pot $12 | Rake $0.24
Board [2h 8s Ac Th Js]
Seat 1: knysi (button) (small blind) mucked
Seat 2: Actionni13 (big blind) showed [5c 9d] and won ($11.76) with high card Ace


PokerStars Hand #144955299278:  Hold'em Limit ($3/$6 USD) - 2015/12/07 4:40:46 ET
Table 'Naema' 2-max Seat #2 is the button
Seat 1: knysi ($130.12 in chips)
Seat 2: Actionni13 ($150 in chips)
Actionni13: posts small blind $1
knysi: posts big blind $3
*** HOLE CARDS ***
Actionni13: raises $3 to $6
knysi: calls $3
*** FLOP *** [2d Ks Qh]
knysi: checks
Actionni13: bets $3
knysi: calls $3
*** TURN *** [2d Ks Qh] [Qs]
knysi: checks
Actionni13: checks
*** RIVER *** [2d Ks Qh Qs] [4h]
knysi: bets $6
Actionni13: calls $6
*** SHOW DOWN ***
knysi: shows [Ad 8h] (a pair of Queens)
Actionni13: shows [Ah Jc] (a pair of Queens - Ace+King+Jack kicker)
Actionni13 collected $29.50 from pot
*** SUMMARY ***
Total pot $30 | Rake $0.50
Board [2d Ks Qh Qs 4h]
Seat 1: knysi (big blind) showed [Ad 8h] and lost with a pair of Queens
Seat 2: Actionni13 (button) (small blind) showed [Ah Jc] and won ($29.50) with a pair of Queens


PokerStars Hand #144955308960:  Hold'em Limit ($3/$6 USD) - 2015/12/07 4:41:08 ET
Table 'Naema' 2-max Seat #2 is the button
Seat 1: knysi ($118.12 in chips)
Seat 2: Actionni13 ($161.50 in chips)
Actionni13: posts small blind $1
knysi: posts big blind $3
*** HOLE CARDS ***
Actionni13: raises $3 to $6
knysi: folds
Uncalled bet ($3) returned to Actionni13
Actionni13 collected $6 from pot
Actionni13: doesn't show hand
*** SUMMARY ***
Total pot $6 | Rake $0
Seat 1: knysi (big blind) folded before Flop
Seat 2: Actionni13 (button) (small blind) collected ($6)


PokerStars Hand #144955306551:  Hold'em Limit ($3/$6 USD) - 2015/12/07 4:41:02 ET
Table 'Naema' 2-max Seat #1 is the button
Seat 1: knysi ($115.12 in chips)
Seat 2: Actionni13 ($164.50 in chips)
knysi: posts small blind $1
Actionni13: posts big blind $3
*** HOLE CARDS ***
knysi: raises $3 to $6
Actionni13: folds
Uncalled bet ($3) returned to knysi
knysi collected $6 from pot
knysi: doesn't show hand
*** SUMMARY ***
Total pot $6 | Rake $0
Seat 1: knysi (button) (small blind) collected ($6)
Seat 2: Actionni13 (big blind) folded before Flop


PokerStars Hand #144955311301:  Hold'em Limit ($3/$6 USD) - 2015/12/07 4:41:13 ET
Table 'Naema' 2-max Seat #1 is the button
Seat 1: knysi ($115.12 in chips)
Seat 2: Actionni13 ($164.50 in chips)
knysi: posts small blind $1
Actionni13: posts big blind $3
*** HOLE CARDS ***
knysi: folds
Uncalled bet ($2) returned to Actionni13
Actionni13 collected $2 from pot
Actionni13: doesn't show hand
*** SUMMARY ***
Total pot $2 | Rake $0
Seat 1: knysi (button) (small blind) folded before Flop
Seat 2: Actionni13 (big blind) collected ($2)


PokerStars Hand #144955330451:  Hold'em Limit ($3/$6 USD) - 2015/12/07 4:41:56 ET
Table 'Naema' 2-max Seat #1 is the button
Seat 1: knysi ($90.12 in chips)
Seat 2: Actionni13 ($188.76 in chips)
knysi: posts small blind $1
Actionni13: posts big blind $3
*** HOLE CARDS ***
knysi: folds
Uncalled bet ($2) returned to Actionni13
Actionni13 collected $2 from pot
Actionni13: doesn't show hand
*** SUMMARY ***
Total pot $2 | Rake $0
Seat 1: knysi (button) (small blind) folded before Flop
Seat 2: Actionni13 (big blind) collected ($2)


PokerStars Hand #144955328029:  Hold'em Limit ($3/$6 USD) - 2015/12/07 4:41:51 ET
Table 'Naema' 2-max Seat #2 is the button
Seat 1: knysi ($93.12 in chips)
Seat 2: Actionni13 ($185.76 in chips)
Actionni13: posts small blind $1
knysi: posts big blind $3
*** HOLE CARDS ***
Actionni13: raises $3 to $6
knysi: folds
Uncalled bet ($3) returned to Actionni13
Actionni13 collected $6 from pot
Actionni13: doesn't show hand
*** SUMMARY ***
Total pot $6 | Rake $0
Seat 1: knysi (big blind) folded before Flop
Seat 2: Actionni13 (button) (small blind) collected ($6)


PokerStars Hand #144955332409:  Hold'em Limit ($3/$6 USD) - 2015/12/07 4:42:01 ET
Table 'Naema' 2-max Seat #2 is the button
Seat 1: knysi ($89.12 in chips)
Seat 2: Actionni13 ($189.76 in chips)
Actionni13: posts small blind $1
knysi: posts big blind $3
*** HOLE CARDS ***
Actionni13: raises $3 to $6
knysi: folds
Uncalled bet ($3) returned to Actionni13
Actionni13 collected $6 from pot
Actionni13: doesn't show hand
*** SUMMARY ***
Total pot $6 | Rake $0
Seat 1: knysi (big blind) folded before Flop
Seat 2: Actionni13 (button) (small blind) collected ($6)


PokerStars Hand #144955334983:  Hold'em Limit ($3/$6 USD) - 2015/12/07 4:42:06 ET
Table 'Naema' 2-max Seat #1 is the button
Seat 1: knysi ($86.12 in chips)
Seat 2: Actionni13 ($192.76 in chips)
knysi: posts small blind $1
Actionni13: posts big blind $3
*** HOLE CARDS ***
knysi: raises $3 to $6
Actionni13: raises $3 to $9
knysi: calls $3
*** FLOP *** [Kc 4c 5c]
Actionni13: bets $3
knysi: calls $3
*** TURN *** [Kc 4c 5c] [7c]
Actionni13: bets $6
knysi: raises $6 to $12
Actionni13: folds
Uncalled bet ($6) returned to knysi
knysi collected $35.50 from pot
knysi: doesn't show hand
*** SUMMARY ***
Total pot $36 | Rake $0.50
Board [Kc 4c 5c 7c]
Seat 1: knysi (button) (small blind) collected ($35.50)
Seat 2: Actionni13 (big blind) folded on the Turn


