PokerStars Hand #161142561953:  Hold'em Limit ($3/$6 USD) - 2016/11/09 11:09:21 ET
Table 'Naema' 6-max Seat #5 is the button
Seat 5: zizonmusang ($34 in chips)
Seat 6: B_loJkl ($155.76 in chips)
zizonmusang: posts small blind $1
B_loJkl: posts big blind $3
*** HOLE CARDS ***
zizonmusang: raises $3 to $6
RH8888 joins the table at seat #1
B_loJkl: calls $3
*** FLOP *** [Qd Qs 6d]
B_loJkl: checks
zizonmusang: bets $3
B_loJkl: folds
Uncalled bet ($3) returned to zizonmusang
zizonmusang collected $11.76 from pot
zizonmusang: doesn't show hand
*** SUMMARY ***
Total pot $12 | Rake $0.24
Board [Qd Qs 6d]
Seat 5: zizonmusang (button) (small blind) collected ($11.76)
Seat 6: B_loJkl (big blind) folded on the Flop


PokerStars Hand #161142557548:  Hold'em Limit ($3/$6 USD) - 2016/11/09 11:09:15 ET
Table 'Naema' 6-max Seat #6 is the button
Seat 5: zizonmusang ($33 in chips)
Seat 6: B_loJkl ($156.76 in chips)
B_loJkl: posts small blind $1
zizonmusang: posts big blind $3
*** HOLE CARDS ***
B_loJkl: folds
Uncalled bet ($2) returned to zizonmusang
zizonmusang collected $2 from pot
zizonmusang: doesn't show hand
*** SUMMARY ***
Total pot $2 | Rake $0
Seat 5: zizonmusang (big blind) collected ($2)
Seat 6: B_loJkl (button) (small blind) folded before Flop


PokerStars Hand #161142553569:  Hold'em Limit ($3/$6 USD) - 2016/11/09 11:09:10 ET
Table 'Naema' 6-max Seat #5 is the button
Seat 5: zizonmusang ($34 in chips)
Seat 6: B_loJkl ($155.76 in chips)
zizonmusang: posts small blind $1
B_loJkl: posts big blind $3
*** HOLE CARDS ***
zizonmusang: folds
Uncalled bet ($2) returned to B_loJkl
B_loJkl collected $2 from pot
B_loJkl: doesn't show hand
*** SUMMARY ***
Total pot $2 | Rake $0
Seat 5: zizonmusang (button) (small blind) folded before Flop
Seat 6: B_loJkl (big blind) collected ($2)


PokerStars Hand #161142539987:  Hold'em Limit ($3/$6 USD) - 2016/11/09 11:08:50 ET
Table 'Naema' 6-max Seat #6 is the button
Seat 5: zizonmusang ($40 in chips)
Seat 6: B_loJkl ($150 in chips)
B_loJkl: posts small blind $1
zizonmusang: posts big blind $3
*** HOLE CARDS ***
B_loJkl: raises $3 to $6
zizonmusang: calls $3
*** FLOP *** [9s Tc 8h]
zizonmusang: checks
B_loJkl: bets $3
zizonmusang: folds
Uncalled bet ($3) returned to B_loJkl
B_loJkl collected $11.76 from pot
B_loJkl: doesn't show hand
*** SUMMARY ***
Total pot $12 | Rake $0.24
Board [9s Tc 8h]
Seat 5: zizonmusang (big blind) folded on the Flop
Seat 6: B_loJkl (button) (small blind) collected ($11.76)


PokerStars Hand #161145554665:  Hold'em Limit ($3/$6 USD) - 2016/11/09 12:17:03 ET
Table 'Naema' 6-max Seat #2 is the button
Seat 1: B_loJkl ($181.36 in chips)
Seat 2: LolDnkaments ($119.54 in chips)
LolDnkaments: posts small blind $1
zizonmusang: is sitting out
B_loJkl: posts big blind $3
*** HOLE CARDS ***
Hi Im Alexey leaves the table
LolDnkaments: folds
Uncalled bet ($2) returned to B_loJkl
B_loJkl collected $2 from pot
B_loJkl: doesn't show hand
*** SUMMARY ***
Total pot $2 | Rake $0
Seat 1: B_loJkl (big blind) collected ($2)
Seat 2: LolDnkaments (button) (small blind) folded before Flop


