PokerStars Hand #146675129637:  Hold'em Limit ($3/$6 USD) - 2016/01/08 8:15:14 ET
Table 'Naema' 2-max Seat #1 is the button
Seat 1: Rus29APX ($132.19 in chips)
Seat 2: knysi ($48.98 in chips)
Rus29APX: posts small blind $1
knysi: posts big blind $3
*** HOLE CARDS ***
Rus29APX: raises $3 to $6
knysi: calls $3
*** FLOP *** [4d Th 8h]
knysi: checks
Rus29APX: bets $3
knysi: calls $3
*** TURN *** [4d Th 8h] [6h]
knysi: checks
Rus29APX: checks
*** RIVER *** [4d Th 8h 6h] [Jc]
knysi: bets $6
Rus29APX: calls $6
*** SHOW DOWN ***
knysi: shows [7h 5h] (a flush, Ten high)
Rus29APX: mucks hand
knysi collected $29.50 from pot
*** SUMMARY ***
Total pot $30 | Rake $0.50
Board [4d Th 8h 6h Jc]
Seat 1: Rus29APX (button) (small blind) mucked
Seat 2: knysi (big blind) showed [7h 5h] and won ($29.50) with a flush, Ten high


PokerStars Hand #146675126586:  Hold'em Limit ($3/$6 USD) - 2016/01/08 8:15:10 ET
Table 'Naema' 2-max Seat #2 is the button
Seat 1: Rus29APX ($131.19 in chips)
Seat 2: knysi ($49.98 in chips)
knysi: posts small blind $1
Rus29APX: posts big blind $3
*** HOLE CARDS ***
knysi: folds
Uncalled bet ($2) returned to Rus29APX
Rus29APX collected $2 from pot
Rus29APX: doesn't show hand
*** SUMMARY ***
Total pot $2 | Rake $0
Seat 1: Rus29APX (big blind) collected ($2)
Seat 2: knysi (button) (small blind) folded before Flop


PokerStars Hand #146675123108:  Hold'em Limit ($3/$6 USD) - 2016/01/08 8:15:04 ET
Table 'Naema' 2-max Seat #1 is the button
Seat 1: Rus29APX ($132.19 in chips)
Seat 2: knysi ($48.98 in chips)
Rus29APX: posts small blind $1
knysi: posts big blind $3
*** HOLE CARDS ***
Rus29APX: folds
Uncalled bet ($2) returned to knysi
knysi collected $2 from pot
knysi: doesn't show hand
*** SUMMARY ***
Total pot $2 | Rake $0
Seat 1: Rus29APX (button) (small blind) folded before Flop
Seat 2: knysi (big blind) collected ($2)


PokerStars Hand #146675119146:  Hold'em Limit ($3/$6 USD) - 2016/01/08 8:14:59 ET
Table 'Naema' 2-max Seat #2 is the button
Seat 1: Rus29APX ($135.19 in chips)
Seat 2: knysi ($45.98 in chips)
knysi: posts small blind $1
Rus29APX: posts big blind $3
*** HOLE CARDS ***
knysi: raises $3 to $6
Rus29APX: folds
Uncalled bet ($3) returned to knysi
knysi collected $6 from pot
knysi: doesn't show hand
*** SUMMARY ***
Total pot $6 | Rake $0
Seat 1: Rus29APX (big blind) folded before Flop
Seat 2: knysi (button) (small blind) collected ($6)


PokerStars Hand #146675180252:  Hold'em Limit ($3/$6 USD) - 2016/01/08 8:16:28 ET
Table 'Naema' 2-max Seat #1 is the button
Seat 1: Rus29APX ($125.33 in chips)
Seat 2: knysi ($53.98 in chips)
Rus29APX: posts small blind $1
knysi: posts big blind $3
*** HOLE CARDS ***
Rus29APX: folds
Uncalled bet ($2) returned to knysi
knysi collected $2 from pot
knysi: doesn't show hand
*** SUMMARY ***
Total pot $2 | Rake $0
Seat 1: Rus29APX (button) (small blind) folded before Flop
Seat 2: knysi (big blind) collected ($2)


PokerStars Hand #146675165963:  Hold'em Limit ($3/$6 USD) - 2016/01/08 8:16:08 ET
Table 'Naema' 2-max Seat #2 is the button
Seat 1: Rus29APX ($107.83 in chips)
Seat 2: knysi ($71.98 in chips)
knysi: posts small blind $1
Rus29APX: posts big blind $3
*** HOLE CARDS ***
knysi: raises $3 to $6
Rus29APX: raises $3 to $9
knysi: calls $3
*** FLOP *** [2c Jc Ks]
Rus29APX: bets $3
knysi: calls $3
*** TURN *** [2c Jc Ks] [Ac]
Rus29APX: bets $6
knysi: calls $6
*** RIVER *** [2c Jc Ks Ac] [6d]
Rus29APX: checks
knysi: checks
*** SHOW DOWN ***
Rus29APX: shows [5c 5h] (a pair of Fives)
knysi: mucks hand
Rus29APX collected $35.50 from pot
*** SUMMARY ***
Total pot $36 | Rake $0.50
Board [2c Jc Ks Ac 6d]
Seat 1: Rus29APX (big blind) showed [5c 5h] and won ($35.50) with a pair of Fives
Seat 2: knysi (button) (small blind) mucked


PokerStars Hand #146675150063:  Hold'em Limit ($3/$6 USD) - 2016/01/08 8:15:44 ET
Table 'Naema' 2-max Seat #1 is the button
Seat 1: Rus29APX ($99.19 in chips)
Seat 2: knysi ($80.98 in chips)
Rus29APX: posts small blind $1
knysi: posts big blind $3
*** HOLE CARDS ***
Rus29APX: raises $3 to $6
knysi: calls $3
*** FLOP *** [Kc 4d 9c]
knysi: checks
Rus29APX: bets $3
knysi: calls $3
*** TURN *** [Kc 4d 9c] [Qs]
knysi: checks
Rus29APX: checks
*** RIVER *** [Kc 4d 9c Qs] [8s]
knysi: checks
Rus29APX: bets $6
knysi: folds
Uncalled bet ($6) returned to Rus29APX
Rus29APX collected $17.64 from pot
Rus29APX: doesn't show hand
*** SUMMARY ***
Total pot $18 | Rake $0.36
Board [Kc 4d 9c Qs 8s]
Seat 1: Rus29APX (button) (small blind) collected ($17.64)
Seat 2: knysi (big blind) folded on the River


PokerStars Hand #146675140033:  Hold'em Limit ($3/$6 USD) - 2016/01/08 8:15:29 ET
Table 'Naema' 2-max Seat #2 is the button
Seat 1: Rus29APX ($117.19 in chips)
Seat 2: knysi ($63.48 in chips)
knysi: posts small blind $1
Rus29APX: posts big blind $3
*** HOLE CARDS ***
knysi: raises $3 to $6
Rus29APX: calls $3
*** FLOP *** [7c 9h Jh]
Rus29APX: checks
knysi: checks
*** TURN *** [7c 9h Jh] [Ah]
Rus29APX: bets $6
knysi: calls $6
*** RIVER *** [7c 9h Jh Ah] [4h]
Rus29APX: bets $6
knysi: calls $6
*** SHOW DOWN ***
Rus29APX: shows [8d 5c] (high card Ace)
knysi: shows [4d 4c] (three of a kind, Fours)
knysi collected $35.50 from pot
*** SUMMARY ***
Total pot $36 | Rake $0.50
Board [7c 9h Jh Ah 4h]
Seat 1: Rus29APX (big blind) showed [8d 5c] and lost with high card Ace
Seat 2: knysi (button) (small blind) showed [4d 4c] and won ($35.50) with three of a kind, Fours


PokerStars Hand #146675215940:  Hold'em Limit ($3/$6 USD) - 2016/01/08 8:17:21 ET
Table 'Naema' 2-max Seat #1 is the button
Seat 1: Rus29APX ($132.37 in chips)
Seat 2: knysi ($45.48 in chips)
Rus29APX: posts small blind $1
knysi: posts big blind $3
*** HOLE CARDS ***
Rus29APX: folds
Uncalled bet ($2) returned to knysi
knysi collected $2 from pot
knysi: doesn't show hand
*** SUMMARY ***
Total pot $2 | Rake $0
Seat 1: Rus29APX (button) (small blind) folded before Flop
Seat 2: knysi (big blind) collected ($2)


PokerStars Hand #146675205942:  Hold'em Limit ($3/$6 USD) - 2016/01/08 8:17:06 ET
Table 'Naema' 2-max Seat #2 is the button
Seat 1: Rus29APX ($120.85 in chips)
Seat 2: knysi ($57.48 in chips)
knysi: posts small blind $1
Rus29APX: posts big blind $3
*** HOLE CARDS ***
knysi: raises $3 to $6
Rus29APX: calls $3
*** FLOP *** [2s Jd As]
Rus29APX: checks
knysi: checks
*** TURN *** [2s Jd As] [8s]
Rus29APX: bets $6
knysi: calls $6
*** RIVER *** [2s Jd As 8s] [Ah]
Rus29APX: bets $6
knysi: folds
Uncalled bet ($6) returned to Rus29APX
Rus29APX collected $23.52 from pot
Rus29APX: doesn't show hand
*** SUMMARY ***
Total pot $24 | Rake $0.48
Board [2s Jd As 8s Ah]
Seat 1: Rus29APX (big blind) collected ($23.52)
Seat 2: knysi (button) (small blind) folded on the River


PokerStars Hand #146675194837:  Hold'em Limit ($3/$6 USD) - 2016/01/08 8:16:50 ET
Table 'Naema' 2-max Seat #1 is the button
Seat 1: Rus29APX ($135.85 in chips)
Seat 2: knysi ($42.98 in chips)
Rus29APX: posts small blind $1
knysi: posts big blind $3
*** HOLE CARDS ***
Rus29APX: raises $3 to $6
knysi: calls $3
*** FLOP *** [8c Ah 3h]
knysi: checks
Rus29APX: bets $3
knysi: calls $3
*** TURN *** [8c Ah 3h] [3d]
knysi: checks
Rus29APX: checks
*** RIVER *** [8c Ah 3h 3d] [9c]
knysi: bets $6
Rus29APX: calls $6
*** SHOW DOWN ***
knysi: shows [5c 3c] (three of a kind, Threes)
Rus29APX: mucks hand
knysi collected $29.50 from pot
*** SUMMARY ***
Total pot $30 | Rake $0.50
Board [8c Ah 3h 3d 9c]
Seat 1: Rus29APX (button) (small blind) mucked
Seat 2: knysi (big blind) showed [5c 3c] and won ($29.50) with three of a kind, Threes


PokerStars Hand #146675184131:  Hold'em Limit ($3/$6 USD) - 2016/01/08 8:16:34 ET
Table 'Naema' 2-max Seat #2 is the button
Seat 1: Rus29APX ($124.33 in chips)
Seat 2: knysi ($54.98 in chips)
knysi: posts small blind $1
Rus29APX: posts big blind $3
*** HOLE CARDS ***
knysi: raises $3 to $6
Rus29APX: calls $3
*** FLOP *** [4s 2c Qd]
Rus29APX: checks
knysi: checks
*** TURN *** [4s 2c Qd] [9d]
Rus29APX: bets $6
knysi: calls $6
*** RIVER *** [4s 2c Qd 9d] [4d]
Rus29APX: bets $6
knysi: folds
Uncalled bet ($6) returned to Rus29APX
Rus29APX collected $23.52 from pot
Rus29APX: doesn't show hand
*** SUMMARY ***
Total pot $24 | Rake $0.48
Board [4s 2c Qd 9d 4d]
Seat 1: Rus29APX (big blind) collected ($23.52)
Seat 2: knysi (button) (small blind) folded on the River


PokerStars Hand #146675230648:  Hold'em Limit ($3/$6 USD) - 2016/01/08 8:17:42 ET
Table 'Naema' 2-max Seat #1 is the button
Seat 1: Rus29APX ($142.89 in chips)
Seat 2: knysi ($34.48 in chips)
Rus29APX: posts small blind $1
knysi: posts big blind $3
*** HOLE CARDS ***
Rus29APX: raises $3 to $6
knysi: calls $3
*** FLOP *** [9s Qs Js]
knysi: checks
Rus29APX: bets $3
knysi: calls $3
*** TURN *** [9s Qs Js] [7h]
knysi: checks
Rus29APX: bets $6
knysi: calls $6
*** RIVER *** [9s Qs Js 7h] [7s]
knysi: checks
Rus29APX: checks
*** SHOW DOWN ***
knysi: shows [Jc 6h] (two pair, Jacks and Sevens)
Rus29APX: shows [Kd Qh] (two pair, Queens and Sevens)
Rus29APX collected $29.50 from pot
*** SUMMARY ***
Total pot $30 | Rake $0.50
Board [9s Qs Js 7h 7s]
Seat 1: Rus29APX (button) (small blind) showed [Kd Qh] and won ($29.50) with two pair, Queens and Sevens
Seat 2: knysi (big blind) showed [Jc 6h] and lost with two pair, Jacks and Sevens


PokerStars Hand #146675219735:  Hold'em Limit ($3/$6 USD) - 2016/01/08 8:17:26 ET
Table 'Naema' 2-max Seat #2 is the button
Seat 1: Rus29APX ($131.37 in chips)
Seat 2: knysi ($46.48 in chips)
knysi: posts small blind $1
Rus29APX: posts big blind $3
*** HOLE CARDS ***
knysi: raises $3 to $6
Rus29APX: calls $3
*** FLOP *** [9s Ks 2h]
Rus29APX: checks
knysi: checks
*** TURN *** [9s Ks 2h] [Qd]
Rus29APX: bets $6
knysi: calls $6
*** RIVER *** [9s Ks 2h Qd] [6c]
Rus29APX: bets $6
knysi: folds
Uncalled bet ($6) returned to Rus29APX
Rus29APX collected $23.52 from pot
Rus29APX: doesn't show hand
*** SUMMARY ***
Total pot $24 | Rake $0.48
Board [9s Ks 2h Qd 6c]
Seat 1: Rus29APX (big blind) collected ($23.52)
Seat 2: knysi (button) (small blind) folded on the River


PokerStars Hand #146675299870:  Hold'em Limit ($3/$6 USD) - 2016/01/08 8:19:25 ET
Table 'Naema' 2-max Seat #2 is the button
Seat 1: Rus29APX ($172.89 in chips)
Seat 2: knysi ($3.48 in chips)
knysi: posts small blind $1
Rus29APX: posts big blind $3
*** HOLE CARDS ***
knysi: raises $0.48 to $3.48 and is all-in
Rus29APX: calls $0.48
*** FLOP *** [4c 3d 4d]
*** TURN *** [4c 3d 4d] [Kd]
*** RIVER *** [4c 3d 4d Kd] [7h]
*** SHOW DOWN ***
Rus29APX: shows [6s 5s] (a straight, Three to Seven)
knysi: shows [8c 6h] (a pair of Fours)
Rus29APX collected $6.82 from pot
*** SUMMARY ***
Total pot $6.96 | Rake $0.14
Board [4c 3d 4d Kd 7h]
Seat 1: Rus29APX (big blind) showed [6s 5s] and won ($6.82) with a straight, Three to Seven
Seat 2: knysi (button) (small blind) showed [8c 6h] and lost with a pair of Fours


PokerStars Hand #146675288790:  Hold'em Limit ($3/$6 USD) - 2016/01/08 8:19:09 ET
Table 'Naema' 2-max Seat #1 is the button
Seat 1: Rus29APX ($158.39 in chips)
Seat 2: knysi ($18.48 in chips)
Rus29APX: posts small blind $1
knysi: posts big blind $3
*** HOLE CARDS ***
Rus29APX: raises $3 to $6
knysi: calls $3
*** FLOP *** [Kc Qd 9h]
knysi: checks
Rus29APX: bets $3
knysi: calls $3
*** TURN *** [Kc Qd 9h] [4s]
knysi: checks
Rus29APX: checks
*** RIVER *** [Kc Qd 9h 4s] [Kd]
knysi: bets $6
Rus29APX: calls $6
*** SHOW DOWN ***
knysi: shows [Js 7h] (a pair of Kings)
Rus29APX: shows [Ac 6h] (a pair of Kings - Ace kicker)
Rus29APX collected $29.50 from pot
*** SUMMARY ***
Total pot $30 | Rake $0.50
Board [Kc Qd 9h 4s Kd]
Seat 1: Rus29APX (button) (small blind) showed [Ac 6h] and won ($29.50) with a pair of Kings
Seat 2: knysi (big blind) showed [Js 7h] and lost with a pair of Kings


PokerStars Hand #146675241443:  Hold'em Limit ($3/$6 USD) - 2016/01/08 8:17:58 ET
Table 'Naema' 2-max Seat #2 is the button
Seat 1: Rus29APX ($157.39 in chips)
Seat 2: knysi ($19.48 in chips)
knysi: posts small blind $1
Rus29APX: posts big blind $3
*** HOLE CARDS ***
knysi has timed out
knysi: folds
Uncalled bet ($2) returned to Rus29APX
Rus29APX collected $2 from pot
Rus29APX: doesn't show hand
*** SUMMARY ***
Total pot $2 | Rake $0
Seat 1: Rus29APX (big blind) collected ($2)
Seat 2: knysi (button) (small blind) folded before Flop


PokerStars Hand #146675794143:  Hold'em Limit ($3/$6 USD) - 2016/01/08 8:31:22 ET
Table 'Naema' 2-max Seat #2 is the button
Seat 1: Rus29APX ($167.23 in chips)
Seat 2: permafrost07 ($42.27 in chips)
permafrost07: posts small blind $1
Rus29APX: posts big blind $3
*** HOLE CARDS ***
permafrost07: raises $3 to $6
Rus29APX: calls $3
*** FLOP *** [Qc Tc 9h]
Rus29APX: checks
permafrost07: bets $3
Rus29APX: calls $3
*** TURN *** [Qc Tc 9h] [3d]
Rus29APX: checks
permafrost07: checks
*** RIVER *** [Qc Tc 9h 3d] [6h]
Rus29APX: checks
permafrost07: bets $6
Rus29APX: folds
Uncalled bet ($6) returned to permafrost07
permafrost07 collected $17.64 from pot
permafrost07: doesn't show hand
*** SUMMARY ***
Total pot $18 | Rake $0.36
Board [Qc Tc 9h 3d 6h]
Seat 1: Rus29APX (big blind) folded on the River
Seat 2: permafrost07 (button) (small blind) collected ($17.64)


PokerStars Hand #146675812502:  Hold'em Limit ($3/$6 USD) - 2016/01/08 8:31:48 ET
Table 'Naema' 2-max Seat #1 is the button
Seat 1: Rus29APX ($158.23 in chips)
Seat 2: permafrost07 ($50.91 in chips)
Rus29APX: posts small blind $1
permafrost07: posts big blind $3
*** HOLE CARDS ***
Rus29APX: raises $3 to $6
permafrost07: calls $3
*** FLOP *** [4s Ad 9s]
permafrost07: bets $3
Rus29APX: calls $3
*** TURN *** [4s Ad 9s] [3h]
permafrost07: bets $6
Rus29APX: calls $6
*** RIVER *** [4s Ad 9s 3h] [4d]
permafrost07: checks
Rus29APX: bets $6
permafrost07: calls $6
*** SHOW DOWN ***
Rus29APX: shows [9d 6s] (two pair, Nines and Fours)
permafrost07: shows [9c 5h] (two pair, Nines and Fours)
permafrost07 collected $20.75 from pot
Rus29APX collected $20.75 from pot
*** SUMMARY ***
Total pot $42 | Rake $0.50
Board [4s Ad 9s 3h 4d]
Seat 1: Rus29APX (button) (small blind) showed [9d 6s] and won ($20.75) with two pair, Nines and Fours
Seat 2: permafrost07 (big blind) showed [9c 5h] and won ($20.75) with two pair, Nines and Fours


PokerStars Hand #146675827257:  Hold'em Limit ($3/$6 USD) - 2016/01/08 8:32:08 ET
Table 'Naema' 2-max Seat #2 is the button
Seat 1: Rus29APX ($157.98 in chips)
Seat 2: permafrost07 ($50.66 in chips)
permafrost07: posts small blind $1
Rus29APX: posts big blind $3
*** HOLE CARDS ***
permafrost07: raises $3 to $6
Rus29APX: folds
Uncalled bet ($3) returned to permafrost07
permafrost07 collected $6 from pot
permafrost07: doesn't show hand
*** SUMMARY ***
Total pot $6 | Rake $0
Seat 1: Rus29APX (big blind) folded before Flop
Seat 2: permafrost07 (button) (small blind) collected ($6)


PokerStars Hand #146675835931:  Hold'em Limit ($3/$6 USD) - 2016/01/08 8:32:21 ET
Table 'Naema' 2-max Seat #1 is the button
Seat 1: Rus29APX ($154.98 in chips)
Seat 2: permafrost07 ($53.66 in chips)
Rus29APX: posts small blind $1
permafrost07: posts big blind $3
*** HOLE CARDS ***
Rus29APX: folds
Uncalled bet ($2) returned to permafrost07
permafrost07 collected $2 from pot
permafrost07: doesn't show hand
*** SUMMARY ***
Total pot $2 | Rake $0
Seat 1: Rus29APX (button) (small blind) folded before Flop
Seat 2: permafrost07 (big blind) collected ($2)


PokerStars Hand #146675845048:  Hold'em Limit ($3/$6 USD) - 2016/01/08 8:32:34 ET
Table 'Naema' 2-max Seat #1 is the button
Seat 1: Rus29APX ($150.98 in chips)
Seat 2: permafrost07 ($57.66 in chips)
Rus29APX: posts small blind $1
permafrost07: posts big blind $3
*** HOLE CARDS ***
Rus29APX: folds
Uncalled bet ($2) returned to permafrost07
permafrost07 collected $2 from pot
permafrost07: doesn't show hand
*** SUMMARY ***
Total pot $2 | Rake $0
Seat 1: Rus29APX (button) (small blind) folded before Flop
Seat 2: permafrost07 (big blind) collected ($2)


PokerStars Hand #146675840031:  Hold'em Limit ($3/$6 USD) - 2016/01/08 8:32:26 ET
Table 'Naema' 2-max Seat #2 is the button
Seat 1: Rus29APX ($153.98 in chips)
Seat 2: permafrost07 ($54.66 in chips)
permafrost07: posts small blind $1
Rus29APX: posts big blind $3
*** HOLE CARDS ***
permafrost07: raises $3 to $6
Rus29APX: folds
Uncalled bet ($3) returned to permafrost07
permafrost07 collected $6 from pot
permafrost07: doesn't show hand
*** SUMMARY ***
Total pot $6 | Rake $0
Seat 1: Rus29APX (big blind) folded before Flop
Seat 2: permafrost07 (button) (small blind) collected ($6)


PokerStars Hand #146675848988:  Hold'em Limit ($3/$6 USD) - 2016/01/08 8:32:39 ET
Table 'Naema' 2-max Seat #2 is the button
Seat 1: Rus29APX ($149.98 in chips)
Seat 2: permafrost07 ($58.66 in chips)
permafrost07: posts small blind $1
Rus29APX: posts big blind $3
*** HOLE CARDS ***
permafrost07: raises $3 to $6
Rus29APX: calls $3
*** FLOP *** [7s 2h 4d]
Rus29APX: checks
permafrost07: checks
*** TURN *** [7s 2h 4d] [9h]
Rus29APX: bets $6
permafrost07: folds
Uncalled bet ($6) returned to Rus29APX
Rus29APX collected $11.76 from pot
Rus29APX: doesn't show hand
*** SUMMARY ***
Total pot $12 | Rake $0.24
Board [7s 2h 4d 9h]
Seat 1: Rus29APX (big blind) collected ($11.76)
Seat 2: permafrost07 (button) (small blind) folded on the Turn


PokerStars Hand #146675870644:  Hold'em Limit ($3/$6 USD) - 2016/01/08 8:33:09 ET
Table 'Naema' 2-max Seat #1 is the button
Seat 1: Rus29APX ($155.74 in chips)
Seat 2: permafrost07 ($52.66 in chips)
Rus29APX: posts small blind $1
permafrost07: posts big blind $3
*** HOLE CARDS ***
Rus29APX: raises $3 to $6
permafrost07: calls $3
*** FLOP *** [3s 2h Kd]
permafrost07: bets $3
Rus29APX: calls $3
*** TURN *** [3s 2h Kd] [Kc]
permafrost07: bets $6
Rus29APX: calls $6
*** RIVER *** [3s 2h Kd Kc] [3d]
permafrost07: bets $6
Rus29APX: calls $6
*** SHOW DOWN ***
permafrost07: shows [6h 3h] (a full house, Threes full of Kings)
Rus29APX: mucks hand
permafrost07 collected $41.50 from pot
*** SUMMARY ***
Total pot $42 | Rake $0.50
Board [3s 2h Kd Kc 3d]
Seat 1: Rus29APX (button) (small blind) mucked
Seat 2: permafrost07 (big blind) showed [6h 3h] and won ($41.50) with a full house, Threes full of Kings


PokerStars Hand #146675885269:  Hold'em Limit ($3/$6 USD) - 2016/01/08 8:33:30 ET
Table 'Naema' 2-max Seat #2 is the button
Seat 1: Rus29APX ($134.74 in chips)
Seat 2: permafrost07 ($73.16 in chips)
permafrost07: posts small blind $1
Rus29APX: posts big blind $3
*** HOLE CARDS ***
permafrost07: raises $3 to $6
Rus29APX: calls $3
*** FLOP *** [Ad 2s Jd]
Rus29APX: checks
permafrost07: checks
*** TURN *** [Ad 2s Jd] [Js]
Rus29APX: checks
permafrost07: checks
*** RIVER *** [Ad 2s Jd Js] [7c]
Rus29APX: checks
permafrost07: bets $6
Rus29APX: calls $6
*** SHOW DOWN ***
permafrost07: shows [6d Ah] (two pair, Aces and Jacks)
Rus29APX: mucks hand
permafrost07 collected $23.52 from pot
*** SUMMARY ***
Total pot $24 | Rake $0.48
Board [Ad 2s Jd Js 7c]
Seat 1: Rus29APX (big blind) mucked
Seat 2: permafrost07 (button) (small blind) showed [6d Ah] and won ($23.52) with two pair, Aces and Jacks


PokerStars Hand #146675899431:  Hold'em Limit ($3/$6 USD) - 2016/01/08 8:33:50 ET
Table 'Naema' 2-max Seat #1 is the button
Seat 1: Rus29APX ($122.74 in chips)
Seat 2: permafrost07 ($84.68 in chips)
Rus29APX: posts small blind $1
permafrost07: posts big blind $3
*** HOLE CARDS ***
Rus29APX: raises $3 to $6
permafrost07: calls $3
*** FLOP *** [4d Ac 2h]
permafrost07: bets $3
Rus29APX: calls $3
*** TURN *** [4d Ac 2h] [5d]
permafrost07: checks
Rus29APX: checks
*** RIVER *** [4d Ac 2h 5d] [5s]
permafrost07: checks
Rus29APX: checks
*** SHOW DOWN ***
permafrost07: shows [4s 8s] (two pair, Fives and Fours)
Rus29APX: mucks hand
permafrost07 collected $17.64 from pot
*** SUMMARY ***
Total pot $18 | Rake $0.36
Board [4d Ac 2h 5d 5s]
Seat 1: Rus29APX (button) (small blind) mucked
Seat 2: permafrost07 (big blind) showed [4s 8s] and won ($17.64) with two pair, Fives and Fours


PokerStars Hand #146675913807:  Hold'em Limit ($3/$6 USD) - 2016/01/08 8:34:10 ET
Table 'Naema' 2-max Seat #2 is the button
Seat 1: Rus29APX ($113.74 in chips)
Seat 2: permafrost07 ($93.32 in chips)
permafrost07: posts small blind $1
Rus29APX: posts big blind $3
*** HOLE CARDS ***
permafrost07: raises $3 to $6
Rus29APX: calls $3
*** FLOP *** [Qs 4c 2s]
Rus29APX: checks
permafrost07: checks
*** TURN *** [Qs 4c 2s] [7d]
Rus29APX: bets $6
permafrost07: calls $6
*** RIVER *** [Qs 4c 2s 7d] [Jh]
Rus29APX: checks
permafrost07: bets $6
Rus29APX: calls $6
*** SHOW DOWN ***
permafrost07: shows [9s Qh] (a pair of Queens)
Rus29APX: mucks hand
permafrost07 collected $35.50 from pot
*** SUMMARY ***
Total pot $36 | Rake $0.50
Board [Qs 4c 2s 7d Jh]
Seat 1: Rus29APX (big blind) mucked
Seat 2: permafrost07 (button) (small blind) showed [9s Qh] and won ($35.50) with a pair of Queens


PokerStars Hand #146675930812:  Hold'em Limit ($3/$6 USD) - 2016/01/08 8:34:34 ET
Table 'Naema' 2-max Seat #1 is the button
Seat 1: Rus29APX ($95.74 in chips)
Seat 2: permafrost07 ($110.82 in chips)
Rus29APX: posts small blind $1
permafrost07: posts big blind $3
*** HOLE CARDS ***
Rus29APX: raises $3 to $6
permafrost07: calls $3
*** FLOP *** [Jc 8s Qh]
permafrost07: bets $3
Rus29APX: calls $3
*** TURN *** [Jc 8s Qh] [4d]
permafrost07: bets $6
Rus29APX: calls $6
*** RIVER *** [Jc 8s Qh 4d] [Td]
permafrost07: checks
Rus29APX: bets $6
permafrost07: folds
Uncalled bet ($6) returned to Rus29APX
Rus29APX collected $29.50 from pot
Rus29APX: doesn't show hand
*** SUMMARY ***
Total pot $30 | Rake $0.50
Board [Jc 8s Qh 4d Td]
Seat 1: Rus29APX (button) (small blind) collected ($29.50)
Seat 2: permafrost07 (big blind) folded on the River


PokerStars Hand #146675947828:  Hold'em Limit ($3/$6 USD) - 2016/01/08 8:34:57 ET
Table 'Naema' 2-max Seat #2 is the button
Seat 1: Rus29APX ($110.24 in chips)
Seat 2: permafrost07 ($95.82 in chips)
permafrost07: posts small blind $1
Rus29APX: posts big blind $3
*** HOLE CARDS ***
permafrost07: calls $2
Rus29APX: checks
*** FLOP *** [Kd Ah Th]
Rus29APX: checks
permafrost07: checks
*** TURN *** [Kd Ah Th] [3d]
Rus29APX: checks
permafrost07: checks
*** RIVER *** [Kd Ah Th 3d] [5s]
Rus29APX: checks
permafrost07: bets $6
Rus29APX: calls $6
*** SHOW DOWN ***
permafrost07: shows [Kc 6h] (a pair of Kings)
Rus29APX: mucks hand
permafrost07 collected $17.64 from pot
*** SUMMARY ***
Total pot $18 | Rake $0.36
Board [Kd Ah Th 3d 5s]
Seat 1: Rus29APX (big blind) mucked
Seat 2: permafrost07 (button) (small blind) showed [Kc 6h] and won ($17.64) with a pair of Kings


PokerStars Hand #146675973825:  Hold'em Limit ($3/$6 USD) - 2016/01/08 8:35:34 ET
Table 'Naema' 2-max Seat #2 is the button
Seat 1: Rus29APX ($92.24 in chips)
Seat 2: permafrost07 ($113.10 in chips)
permafrost07: posts small blind $1
Rus29APX: posts big blind $3
*** HOLE CARDS ***
permafrost07: raises $3 to $6
Rus29APX: folds
Uncalled bet ($3) returned to permafrost07
permafrost07 collected $6 from pot
permafrost07: doesn't show hand
*** SUMMARY ***
Total pot $6 | Rake $0
Seat 1: Rus29APX (big blind) folded before Flop
Seat 2: permafrost07 (button) (small blind) collected ($6)


PokerStars Hand #146675960241:  Hold'em Limit ($3/$6 USD) - 2016/01/08 8:35:15 ET
Table 'Naema' 2-max Seat #1 is the button
Seat 1: Rus29APX ($101.24 in chips)
Seat 2: permafrost07 ($104.46 in chips)
Rus29APX: posts small blind $1
permafrost07: posts big blind $3
*** HOLE CARDS ***
Rus29APX: raises $3 to $6
permafrost07: calls $3
*** FLOP *** [8s Qh 9d]
permafrost07: checks
Rus29APX: bets $3
permafrost07: calls $3
*** TURN *** [8s Qh 9d] [2s]
permafrost07: checks
Rus29APX: checks
*** RIVER *** [8s Qh 9d 2s] [8h]
permafrost07: checks
Rus29APX: checks
*** SHOW DOWN ***
permafrost07: shows [6c Qc] (two pair, Queens and Eights)
Rus29APX: mucks hand
permafrost07 collected $17.64 from pot
*** SUMMARY ***
Total pot $18 | Rake $0.36
Board [8s Qh 9d 2s 8h]
Seat 1: Rus29APX (button) (small blind) mucked
Seat 2: permafrost07 (big blind) showed [6c Qc] and won ($17.64) with two pair, Queens and Eights


PokerStars Hand #146675978183:  Hold'em Limit ($3/$6 USD) - 2016/01/08 8:35:40 ET
Table 'Naema' 2-max Seat #1 is the button
Seat 1: Rus29APX ($89.24 in chips)
Seat 2: permafrost07 ($116.10 in chips)
Rus29APX: posts small blind $1
permafrost07: posts big blind $3
*** HOLE CARDS ***
Rus29APX: folds
Uncalled bet ($2) returned to permafrost07
permafrost07 collected $2 from pot
permafrost07: doesn't show hand
*** SUMMARY ***
Total pot $2 | Rake $0
Seat 1: Rus29APX (button) (small blind) folded before Flop
Seat 2: permafrost07 (big blind) collected ($2)


PokerStars Hand #146675983709:  Hold'em Limit ($3/$6 USD) - 2016/01/08 8:35:48 ET
Table 'Naema' 2-max Seat #2 is the button
Seat 1: Rus29APX ($88.24 in chips)
Seat 2: permafrost07 ($117.10 in chips)
permafrost07: posts small blind $1
Rus29APX: posts big blind $3
*** HOLE CARDS ***
permafrost07: calls $2
Rus29APX: checks
*** FLOP *** [Ah 3s 8c]
Rus29APX: bets $3
permafrost07: calls $3
*** TURN *** [Ah 3s 8c] [7s]
Rus29APX: bets $6
permafrost07: folds
Uncalled bet ($6) returned to Rus29APX
Rus29APX collected $11.76 from pot
Rus29APX: doesn't show hand
*** SUMMARY ***
Total pot $12 | Rake $0.24
Board [Ah 3s 8c 7s]
Seat 1: Rus29APX (big blind) collected ($11.76)
Seat 2: permafrost07 (button) (small blind) folded on the Turn


PokerStars Hand #146675994296:  Hold'em Limit ($3/$6 USD) - 2016/01/08 8:36:02 ET
Table 'Naema' 2-max Seat #1 is the button
Seat 1: Rus29APX ($94 in chips)
Seat 2: permafrost07 ($111.10 in chips)
Rus29APX: posts small blind $1
permafrost07: posts big blind $3
*** HOLE CARDS ***
Rus29APX: raises $3 to $6
permafrost07: calls $3
*** FLOP *** [Ts Jh 6s]
permafrost07: checks
Rus29APX: bets $3
permafrost07: calls $3
*** TURN *** [Ts Jh 6s] [Ac]
permafrost07: checks
Rus29APX: checks
*** RIVER *** [Ts Jh 6s Ac] [9s]
permafrost07: checks
Rus29APX: checks
*** SHOW DOWN ***
permafrost07: shows [Qh 7s] (high card Ace)
Rus29APX: mucks hand
permafrost07 collected $17.64 from pot
*** SUMMARY ***
Total pot $18 | Rake $0.36
Board [Ts Jh 6s Ac 9s]
Seat 1: Rus29APX (button) (small blind) mucked
Seat 2: permafrost07 (big blind) showed [Qh 7s] and won ($17.64) with high card Ace


PokerStars Hand #146676008200:  Hold'em Limit ($3/$6 USD) - 2016/01/08 8:36:22 ET
Table 'Naema' 2-max Seat #2 is the button
Seat 1: Rus29APX ($85 in chips)
Seat 2: permafrost07 ($119.74 in chips)
permafrost07: posts small blind $1
Rus29APX: posts big blind $3
*** HOLE CARDS ***
permafrost07: raises $3 to $6
Rus29APX: calls $3
*** FLOP *** [7h 7s 8s]
Rus29APX: checks
permafrost07: checks
*** TURN *** [7h 7s 8s] [Kc]
Rus29APX: checks
permafrost07: bets $6
Rus29APX: calls $6
*** RIVER *** [7h 7s 8s Kc] [Jh]
Rus29APX: checks
permafrost07: bets $6
Rus29APX: folds
Uncalled bet ($6) returned to permafrost07
permafrost07 collected $23.52 from pot
permafrost07: doesn't show hand
*** SUMMARY ***
Total pot $24 | Rake $0.48
Board [7h 7s 8s Kc Jh]
Seat 1: Rus29APX (big blind) folded on the River
Seat 2: permafrost07 (button) (small blind) collected ($23.52)


PokerStars Hand #146676037619:  Hold'em Limit ($3/$6 USD) - 2016/01/08 8:37:03 ET
Table 'Naema' 2-max Seat #2 is the button
Seat 1: Rus29APX ($52 in chips)
Seat 2: permafrost07 ($151.76 in chips)
permafrost07: posts small blind $1
Rus29APX: posts big blind $3
*** HOLE CARDS ***
permafrost07: raises $3 to $6
Rus29APX: folds
Uncalled bet ($3) returned to permafrost07
permafrost07 collected $6 from pot
permafrost07: doesn't show hand
*** SUMMARY ***
Total pot $6 | Rake $0
Seat 1: Rus29APX (big blind) folded before Flop
Seat 2: permafrost07 (button) (small blind) collected ($6)


PokerStars Hand #146676024652:  Hold'em Limit ($3/$6 USD) - 2016/01/08 8:36:45 ET
Table 'Naema' 2-max Seat #1 is the button
Seat 1: Rus29APX ($73 in chips)
Seat 2: permafrost07 ($131.26 in chips)
Rus29APX: posts small blind $1
permafrost07: posts big blind $3
*** HOLE CARDS ***
Rus29APX: raises $3 to $6
permafrost07: calls $3
*** FLOP *** [Jh Qh 9d]
permafrost07: bets $3
Rus29APX: calls $3
*** TURN *** [Jh Qh 9d] [Th]
permafrost07: bets $6
Rus29APX: calls $6
*** RIVER *** [Jh Qh 9d Th] [3s]
permafrost07: bets $6
Rus29APX: calls $6
*** SHOW DOWN ***
permafrost07: shows [4d Ks] (a straight, Nine to King)
Rus29APX: mucks hand
permafrost07 collected $41.50 from pot
*** SUMMARY ***
Total pot $42 | Rake $0.50
Board [Jh Qh 9d Th 3s]
Seat 1: Rus29APX (button) (small blind) mucked
Seat 2: permafrost07 (big blind) showed [4d Ks] and won ($41.50) with a straight, Nine to King


PokerStars Hand #146676042263:  Hold'em Limit ($3/$6 USD) - 2016/01/08 8:37:09 ET
Table 'Naema' 2-max Seat #1 is the button
Seat 1: Rus29APX ($49 in chips)
Seat 2: permafrost07 ($154.76 in chips)
Rus29APX: posts small blind $1
permafrost07: posts big blind $3
*** HOLE CARDS ***
Rus29APX: raises $3 to $6
permafrost07: raises $3 to $9
Rus29APX: calls $3
*** FLOP *** [6d 3s Qc]
permafrost07: bets $3
Rus29APX: raises $3 to $6
permafrost07: calls $3
*** TURN *** [6d 3s Qc] [8d]
permafrost07: checks
Rus29APX: bets $6
permafrost07: calls $6
*** RIVER *** [6d 3s Qc 8d] [8c]
permafrost07: checks
Rus29APX: bets $6
permafrost07: calls $6
*** SHOW DOWN ***
Rus29APX: shows [Qd 5h] (two pair, Queens and Eights)
permafrost07: mucks hand
Rus29APX collected $53.50 from pot
*** SUMMARY ***
Total pot $54 | Rake $0.50
Board [6d 3s Qc 8d 8c]
Seat 1: Rus29APX (button) (small blind) showed [Qd 5h] and won ($53.50) with two pair, Queens and Eights
Seat 2: permafrost07 (big blind) mucked


PokerStars Hand #146676063057:  Hold'em Limit ($3/$6 USD) - 2016/01/08 8:37:39 ET
Table 'Naema' 2-max Seat #2 is the button
Seat 1: Rus29APX ($75.50 in chips)
Seat 2: permafrost07 ($127.76 in chips)
permafrost07: posts small blind $1
Rus29APX: posts big blind $3
*** HOLE CARDS ***
permafrost07: raises $3 to $6
Rus29APX: raises $3 to $9
permafrost07: calls $3
*** FLOP *** [Qs Js 3h]
Rus29APX: bets $3
permafrost07: calls $3
*** TURN *** [Qs Js 3h] [Ad]
Rus29APX: bets $6
permafrost07: calls $6
*** RIVER *** [Qs Js 3h Ad] [Ts]
Rus29APX: bets $6
permafrost07: raises $6 to $12
Rus29APX: calls $6
*** SHOW DOWN ***
permafrost07: shows [8s 2s] (a flush, Queen high)
Rus29APX: mucks hand
permafrost07 collected $59.50 from pot
*** SUMMARY ***
Total pot $60 | Rake $0.50
Board [Qs Js 3h Ad Ts]
Seat 1: Rus29APX (big blind) mucked
Seat 2: permafrost07 (button) (small blind) showed [8s 2s] and won ($59.50) with a flush, Queen high


PokerStars Hand #146676080370:  Hold'em Limit ($3/$6 USD) - 2016/01/08 8:38:03 ET
Table 'Naema' 2-max Seat #1 is the button
Seat 1: Rus29APX ($45.50 in chips)
Seat 2: permafrost07 ($157.26 in chips)
Rus29APX: posts small blind $1
permafrost07: posts big blind $3
*** HOLE CARDS ***
Rus29APX: raises $3 to $6
permafrost07: calls $3
*** FLOP *** [Qs 9s 2h]
permafrost07: bets $3
Rus29APX: calls $3
*** TURN *** [Qs 9s 2h] [6d]
permafrost07: bets $6
Rus29APX: calls $6
*** RIVER *** [Qs 9s 2h 6d] [Td]
permafrost07: checks
Rus29APX: checks
*** SHOW DOWN ***
permafrost07: shows [6c 7h] (a pair of Sixes)
Rus29APX: mucks hand
permafrost07 collected $29.50 from pot
*** SUMMARY ***
Total pot $30 | Rake $0.50
Board [Qs 9s 2h 6d Td]
Seat 1: Rus29APX (button) (small blind) mucked
Seat 2: permafrost07 (big blind) showed [6c 7h] and won ($29.50) with a pair of Sixes


PokerStars Hand #146676093684:  Hold'em Limit ($3/$6 USD) - 2016/01/08 8:38:22 ET
Table 'Naema' 2-max Seat #2 is the button
Seat 1: Rus29APX ($190.50 in chips)
Seat 2: permafrost07 ($171.76 in chips)
permafrost07: posts small blind $1
Rus29APX: posts big blind $3
*** HOLE CARDS ***
permafrost07: raises $3 to $6
Rus29APX: calls $3
*** FLOP *** [As 9s Kd]
Rus29APX: checks
permafrost07: bets $3
Rus29APX: folds
Uncalled bet ($3) returned to permafrost07
permafrost07 collected $11.76 from pot
permafrost07: doesn't show hand
*** SUMMARY ***
Total pot $12 | Rake $0.24
Board [As 9s Kd]
Seat 1: Rus29APX (big blind) folded on the Flop
Seat 2: permafrost07 (button) (small blind) collected ($11.76)


PokerStars Hand #146676103826:  Hold'em Limit ($3/$6 USD) - 2016/01/08 8:38:36 ET
Table 'Naema' 2-max Seat #1 is the button
Seat 1: Rus29APX ($184.50 in chips)
Seat 2: permafrost07 ($177.52 in chips)
Rus29APX: posts small blind $1
permafrost07: posts big blind $3
*** HOLE CARDS ***
Rus29APX: raises $3 to $6
permafrost07: calls $3
*** FLOP *** [2h 2s Ts]
permafrost07: checks
Rus29APX: bets $3
permafrost07: calls $3
*** TURN *** [2h 2s Ts] [9h]
permafrost07: checks
Rus29APX: bets $6
permafrost07: calls $6
*** RIVER *** [2h 2s Ts 9h] [5d]
permafrost07: bets $6
Rus29APX: calls $6
*** SHOW DOWN ***
permafrost07: shows [7s 4s] (a pair of Deuces)
Rus29APX: shows [As 9d] (two pair, Nines and Deuces)
Rus29APX collected $41.50 from pot
*** SUMMARY ***
Total pot $42 | Rake $0.50
Board [2h 2s Ts 9h 5d]
Seat 1: Rus29APX (button) (small blind) showed [As 9d] and won ($41.50) with two pair, Nines and Deuces
Seat 2: permafrost07 (big blind) showed [7s 4s] and lost with a pair of Deuces


PokerStars Hand #146676120076:  Hold'em Limit ($3/$6 USD) - 2016/01/08 8:38:59 ET
Table 'Naema' 2-max Seat #2 is the button
Seat 1: Rus29APX ($205 in chips)
Seat 2: permafrost07 ($156.52 in chips)
permafrost07: posts small blind $1
Rus29APX: posts big blind $3
*** HOLE CARDS ***
permafrost07: calls $2
Rus29APX: checks
*** FLOP *** [6d 9d 7c]
Rus29APX: checks
permafrost07: checks
*** TURN *** [6d 9d 7c] [6c]
Rus29APX: checks
permafrost07: bets $6
Rus29APX: folds
Uncalled bet ($6) returned to permafrost07
permafrost07 collected $5.88 from pot
permafrost07: doesn't show hand
*** SUMMARY ***
Total pot $6 | Rake $0.12
Board [6d 9d 7c 6c]
Seat 1: Rus29APX (big blind) folded on the Turn
Seat 2: permafrost07 (button) (small blind) collected ($5.88)


PokerStars Hand #146676132347:  Hold'em Limit ($3/$6 USD) - 2016/01/08 8:39:16 ET
Table 'Naema' 2-max Seat #1 is the button
Seat 1: Rus29APX ($202 in chips)
Seat 2: permafrost07 ($159.40 in chips)
Rus29APX: posts small blind $1
permafrost07: posts big blind $3
*** HOLE CARDS ***
Rus29APX: raises $3 to $6
permafrost07: raises $3 to $9
Rus29APX: calls $3
*** FLOP *** [9c Qh 8s]
permafrost07: bets $3
Rus29APX: calls $3
*** TURN *** [9c Qh 8s] [Ts]
permafrost07: checks
Rus29APX: checks
*** RIVER *** [9c Qh 8s Ts] [4h]
permafrost07: checks
Rus29APX: checks
*** SHOW DOWN ***
permafrost07: shows [5s Ac] (high card Ace)
Rus29APX: shows [As 7d] (high card Ace)
permafrost07 collected $11.76 from pot
Rus29APX collected $11.76 from pot
*** SUMMARY ***
Total pot $24 | Rake $0.48
Board [9c Qh 8s Ts 4h]
Seat 1: Rus29APX (button) (small blind) showed [As 7d] and won ($11.76) with high card Ace
Seat 2: permafrost07 (big blind) showed [5s Ac] and won ($11.76) with high card Ace


PokerStars Hand #146676145920:  Hold'em Limit ($3/$6 USD) - 2016/01/08 8:39:34 ET
Table 'Naema' 2-max Seat #2 is the button
Seat 1: Rus29APX ($201.76 in chips)
Seat 2: permafrost07 ($159.16 in chips)
permafrost07: posts small blind $1
Rus29APX: posts big blind $3
*** HOLE CARDS ***
permafrost07: raises $3 to $6
Rus29APX: calls $3
*** FLOP *** [Qc 9c Qh]
Rus29APX: checks
permafrost07: bets $3
Rus29APX: raises $3 to $6
permafrost07: calls $3
*** TURN *** [Qc 9c Qh] [5s]
Rus29APX: bets $6
permafrost07: calls $6
*** RIVER *** [Qc 9c Qh 5s] [Ah]
Rus29APX: bets $6
permafrost07: calls $6
*** SHOW DOWN ***
Rus29APX: shows [9d 5h] (two pair, Queens and Nines)
permafrost07: shows [Ac 9s] (two pair, Aces and Queens)
permafrost07 collected $47.50 from pot
*** SUMMARY ***
Total pot $48 | Rake $0.50
Board [Qc 9c Qh 5s Ah]
Seat 1: Rus29APX (big blind) showed [9d 5h] and lost with two pair, Queens and Nines
Seat 2: permafrost07 (button) (small blind) showed [Ac 9s] and won ($47.50) with two pair, Aces and Queens


PokerStars Hand #146676159589:  Hold'em Limit ($3/$6 USD) - 2016/01/08 8:39:53 ET
Table 'Naema' 2-max Seat #1 is the button
Seat 1: Rus29APX ($177.76 in chips)
Seat 2: permafrost07 ($182.66 in chips)
Rus29APX: posts small blind $1
permafrost07: posts big blind $3
*** HOLE CARDS ***
Rus29APX: raises $3 to $6
permafrost07: raises $3 to $9
Rus29APX: calls $3
*** FLOP *** [Ah 4c 3h]
permafrost07: bets $3
Rus29APX: calls $3
*** TURN *** [Ah 4c 3h] [9c]
permafrost07: bets $6
Rus29APX: folds
Uncalled bet ($6) returned to permafrost07
permafrost07 collected $23.52 from pot
permafrost07: doesn't show hand
*** SUMMARY ***
Total pot $24 | Rake $0.48
Board [Ah 4c 3h 9c]
Seat 1: Rus29APX (button) (small blind) folded on the Turn
Seat 2: permafrost07 (big blind) collected ($23.52)


PokerStars Hand #146676184738:  Hold'em Limit ($3/$6 USD) - 2016/01/08 8:40:29 ET
Table 'Naema' 2-max Seat #1 is the button
Seat 1: Rus29APX ($177.28 in chips)
Seat 2: permafrost07 ($182.18 in chips)
Rus29APX: posts small blind $1
permafrost07: posts big blind $3
*** HOLE CARDS ***
Rus29APX: folds
Uncalled bet ($2) returned to permafrost07
permafrost07 collected $2 from pot
permafrost07: doesn't show hand
*** SUMMARY ***
Total pot $2 | Rake $0
Seat 1: Rus29APX (button) (small blind) folded before Flop
Seat 2: permafrost07 (big blind) collected ($2)


PokerStars Hand #146676173618:  Hold'em Limit ($3/$6 USD) - 2016/01/08 8:40:13 ET
Table 'Naema' 2-max Seat #2 is the button
Seat 1: Rus29APX ($165.76 in chips)
Seat 2: permafrost07 ($194.18 in chips)
permafrost07: posts small blind $1
Rus29APX: posts big blind $3
*** HOLE CARDS ***
permafrost07: raises $3 to $6
Rus29APX: raises $3 to $9
permafrost07: calls $3
*** FLOP *** [2d Ad 5c]
Rus29APX: bets $3
permafrost07: calls $3
*** TURN *** [2d Ad 5c] [As]
Rus29APX: bets $6
permafrost07: folds
Uncalled bet ($6) returned to Rus29APX
Rus29APX collected $23.52 from pot
Rus29APX: doesn't show hand
*** SUMMARY ***
Total pot $24 | Rake $0.48
Board [2d Ad 5c As]
Seat 1: Rus29APX (big blind) collected ($23.52)
Seat 2: permafrost07 (button) (small blind) folded on the Turn


PokerStars Hand #146676188145:  Hold'em Limit ($3/$6 USD) - 2016/01/08 8:40:34 ET
Table 'Naema' 2-max Seat #2 is the button
Seat 1: Rus29APX ($176.28 in chips)
Seat 2: permafrost07 ($183.18 in chips)
permafrost07: posts small blind $1
Rus29APX: posts big blind $3
*** HOLE CARDS ***
permafrost07: raises $3 to $6
Rus29APX: calls $3
*** FLOP *** [2s 2d Ad]
Rus29APX: checks
permafrost07: checks
*** TURN *** [2s 2d Ad] [4c]
Rus29APX: checks
permafrost07: bets $6
Rus29APX: folds
Uncalled bet ($6) returned to permafrost07
permafrost07 collected $11.76 from pot
permafrost07: doesn't show hand
*** SUMMARY ***
Total pot $12 | Rake $0.24
Board [2s 2d Ad 4c]
Seat 1: Rus29APX (big blind) folded on the Turn
Seat 2: permafrost07 (button) (small blind) collected ($11.76)


PokerStars Hand #146676200660:  Hold'em Limit ($3/$6 USD) - 2016/01/08 8:40:51 ET
Table 'Naema' 2-max Seat #1 is the button
Seat 1: Rus29APX ($170.28 in chips)
Seat 2: permafrost07 ($188.94 in chips)
Rus29APX: posts small blind $1
permafrost07: posts big blind $3
*** HOLE CARDS ***
Rus29APX: folds
Uncalled bet ($2) returned to permafrost07
permafrost07 collected $2 from pot
permafrost07: doesn't show hand
*** SUMMARY ***
Total pot $2 | Rake $0
Seat 1: Rus29APX (button) (small blind) folded before Flop
Seat 2: permafrost07 (big blind) collected ($2)


PokerStars Hand #146676204633:  Hold'em Limit ($3/$6 USD) - 2016/01/08 8:40:57 ET
Table 'Naema' 2-max Seat #2 is the button
Seat 1: Rus29APX ($169.28 in chips)
Seat 2: permafrost07 ($189.94 in chips)
permafrost07: posts small blind $1
Rus29APX: posts big blind $3
*** HOLE CARDS ***
permafrost07: raises $3 to $6
Rus29APX: calls $3
*** FLOP *** [8s 7c Ad]
Rus29APX: checks
permafrost07: bets $3
Rus29APX: folds
Uncalled bet ($3) returned to permafrost07
permafrost07 collected $11.76 from pot
permafrost07: doesn't show hand
*** SUMMARY ***
Total pot $12 | Rake $0.24
Board [8s 7c Ad]
Seat 1: Rus29APX (big blind) folded on the Flop
Seat 2: permafrost07 (button) (small blind) collected ($11.76)


PokerStars Hand #146676212724:  Hold'em Limit ($3/$6 USD) - 2016/01/08 8:41:08 ET
Table 'Naema' 2-max Seat #1 is the button
Seat 1: Rus29APX ($163.28 in chips)
Seat 2: permafrost07 ($195.70 in chips)
Rus29APX: posts small blind $1
permafrost07: posts big blind $3
*** HOLE CARDS ***
Rus29APX: calls $2
permafrost07: raises $3 to $6
Rus29APX: calls $3
*** FLOP *** [2c 3h Th]
permafrost07: checks
Rus29APX: checks
*** TURN *** [2c 3h Th] [8c]
permafrost07: checks
Rus29APX: bets $6
permafrost07: calls $6
*** RIVER *** [2c 3h Th 8c] [Jh]
permafrost07: checks
Rus29APX: bets $6
permafrost07: calls $6
*** SHOW DOWN ***
Rus29APX: shows [8d 6c] (a pair of Eights)
permafrost07: mucks hand
Rus29APX collected $35.50 from pot
*** SUMMARY ***
Total pot $36 | Rake $0.50
Board [2c 3h Th 8c Jh]
Seat 1: Rus29APX (button) (small blind) showed [8d 6c] and won ($35.50) with a pair of Eights
Seat 2: permafrost07 (big blind) mucked


PokerStars Hand #146676229469:  Hold'em Limit ($3/$6 USD) - 2016/01/08 8:41:32 ET
Table 'Naema' 2-max Seat #2 is the button
Seat 1: Rus29APX ($180.78 in chips)
Seat 2: permafrost07 ($177.70 in chips)
permafrost07: posts small blind $1
Rus29APX: posts big blind $3
*** HOLE CARDS ***
permafrost07: raises $3 to $6
Rus29APX: folds
Uncalled bet ($3) returned to permafrost07
permafrost07 collected $6 from pot
permafrost07: doesn't show hand
*** SUMMARY ***
Total pot $6 | Rake $0
Seat 1: Rus29APX (big blind) folded before Flop
Seat 2: permafrost07 (button) (small blind) collected ($6)


PokerStars Hand #146676233460:  Hold'em Limit ($3/$6 USD) - 2016/01/08 8:41:38 ET
Table 'Naema' 2-max Seat #1 is the button
Seat 1: Rus29APX ($177.78 in chips)
Seat 2: permafrost07 ($180.70 in chips)
Rus29APX: posts small blind $1
permafrost07: posts big blind $3
*** HOLE CARDS ***
Rus29APX: raises $3 to $6
permafrost07: calls $3
*** FLOP *** [4c 2h 9s]
permafrost07: bets $3
Rus29APX: calls $3
*** TURN *** [4c 2h 9s] [9d]
permafrost07: checks
Rus29APX: bets $6
permafrost07: calls $6
*** RIVER *** [4c 2h 9s 9d] [4s]
permafrost07: bets $6
Rus29APX: calls $6
*** SHOW DOWN ***
permafrost07: shows [4d 8d] (a full house, Fours full of Nines)
Rus29APX: mucks hand
permafrost07 collected $41.50 from pot
*** SUMMARY ***
Total pot $42 | Rake $0.50
Board [4c 2h 9s 9d 4s]
Seat 1: Rus29APX (button) (small blind) mucked
Seat 2: permafrost07 (big blind) showed [4d 8d] and won ($41.50) with a full house, Fours full of Nines


PokerStars Hand #146676247953:  Hold'em Limit ($3/$6 USD) - 2016/01/08 8:41:58 ET
Table 'Naema' 2-max Seat #2 is the button
Seat 1: Rus29APX ($156.78 in chips)
Seat 2: permafrost07 ($201.20 in chips)
permafrost07: posts small blind $1
Rus29APX: posts big blind $3
*** HOLE CARDS ***
permafrost07: raises $3 to $6
Rus29APX: calls $3
*** FLOP *** [5s 2h 9s]
Rus29APX: checks
permafrost07: bets $3
Rus29APX: calls $3
*** TURN *** [5s 2h 9s] [Js]
Rus29APX: checks
permafrost07: checks
*** RIVER *** [5s 2h 9s Js] [2c]
Rus29APX: checks
permafrost07: checks
*** SHOW DOWN ***
Rus29APX: shows [Kd 4d] (a pair of Deuces)
permafrost07: shows [5h 6h] (two pair, Fives and Deuces)
permafrost07 collected $17.64 from pot
*** SUMMARY ***
Total pot $18 | Rake $0.36
Board [5s 2h 9s Js 2c]
Seat 1: Rus29APX (big blind) showed [Kd 4d] and lost with a pair of Deuces
Seat 2: permafrost07 (button) (small blind) showed [5h 6h] and won ($17.64) with two pair, Fives and Deuces


PokerStars Hand #146676262303:  Hold'em Limit ($3/$6 USD) - 2016/01/08 8:42:16 ET
Table 'Naema' 2-max Seat #1 is the button
Seat 1: Rus29APX ($147.78 in chips)
Seat 2: permafrost07 ($209.84 in chips)
Rus29APX: posts small blind $1
permafrost07: posts big blind $3
*** HOLE CARDS ***
Rus29APX: calls $2
permafrost07: checks
*** FLOP *** [Ts 8d Js]
permafrost07: checks
Rus29APX: checks
*** TURN *** [Ts 8d Js] [Qc]
permafrost07: checks
Rus29APX: checks
*** RIVER *** [Ts 8d Js Qc] [3h]
permafrost07: checks
Rus29APX: checks
*** SHOW DOWN ***
permafrost07: shows [2s Td] (a pair of Tens)
Rus29APX: mucks hand
permafrost07 collected $5.88 from pot
*** SUMMARY ***
Total pot $6 | Rake $0.12
Board [Ts 8d Js Qc 3h]
Seat 1: Rus29APX (button) (small blind) mucked
Seat 2: permafrost07 (big blind) showed [2s Td] and won ($5.88) with a pair of Tens


PokerStars Hand #146676302204:  Hold'em Limit ($3/$6 USD) - 2016/01/08 8:43:10 ET
Table 'Naema' 2-max Seat #1 is the button
Seat 1: Rus29APX ($137.78 in chips)
Seat 2: permafrost07 ($219.48 in chips)
Rus29APX: posts small blind $1
permafrost07: posts big blind $3
*** HOLE CARDS ***
Rus29APX: calls $2
permafrost07: checks
*** FLOP *** [Qc 8d Tc]
permafrost07: checks
Rus29APX: checks
*** TURN *** [Qc 8d Tc] [8h]
permafrost07: checks
Rus29APX: checks
*** RIVER *** [Qc 8d Tc 8h] [6s]
permafrost07: checks
Rus29APX: checks
*** SHOW DOWN ***
permafrost07: shows [5d 5c] (two pair, Eights and Fives)
Rus29APX: mucks hand
permafrost07 collected $5.88 from pot
*** SUMMARY ***
Total pot $6 | Rake $0.12
Board [Qc 8d Tc 8h 6s]
Seat 1: Rus29APX (button) (small blind) mucked
Seat 2: permafrost07 (big blind) showed [5d 5c] and won ($5.88) with two pair, Eights and Fives


PokerStars Hand #146676290403:  Hold'em Limit ($3/$6 USD) - 2016/01/08 8:42:55 ET
Table 'Naema' 2-max Seat #2 is the button
Seat 1: Rus29APX ($140.78 in chips)
Seat 2: permafrost07 ($216.60 in chips)
permafrost07: posts small blind $1
Rus29APX: posts big blind $3
*** HOLE CARDS ***
permafrost07: calls $2
Rus29APX: checks
*** FLOP *** [6c 5d Js]
Rus29APX: checks
permafrost07: bets $3
Rus29APX: folds
Uncalled bet ($3) returned to permafrost07
permafrost07 collected $5.88 from pot
permafrost07: doesn't show hand
*** SUMMARY ***
Total pot $6 | Rake $0.12
Board [6c 5d Js]
Seat 1: Rus29APX (big blind) folded on the Flop
Seat 2: permafrost07 (button) (small blind) collected ($5.88)


PokerStars Hand #146676287356:  Hold'em Limit ($3/$6 USD) - 2016/01/08 8:42:50 ET
Table 'Naema' 2-max Seat #1 is the button
Seat 1: Rus29APX ($141.78 in chips)
Seat 2: permafrost07 ($215.60 in chips)
Rus29APX: posts small blind $1
permafrost07: posts big blind $3
*** HOLE CARDS ***
Rus29APX: folds
Uncalled bet ($2) returned to permafrost07
permafrost07 collected $2 from pot
permafrost07: doesn't show hand
*** SUMMARY ***
Total pot $2 | Rake $0
Seat 1: Rus29APX (button) (small blind) folded before Flop
Seat 2: permafrost07 (big blind) collected ($2)


PokerStars Hand #146676278553:  Hold'em Limit ($3/$6 USD) - 2016/01/08 8:42:38 ET
Table 'Naema' 2-max Seat #2 is the button
Seat 1: Rus29APX ($144.78 in chips)
Seat 2: permafrost07 ($212.72 in chips)
permafrost07: posts small blind $1
Rus29APX: posts big blind $3
*** HOLE CARDS ***
permafrost07: calls $2
Rus29APX: checks
*** FLOP *** [Tc Jh Ah]
Rus29APX: checks
permafrost07: bets $3
Rus29APX: folds
Uncalled bet ($3) returned to permafrost07
permafrost07 collected $5.88 from pot
permafrost07: doesn't show hand
*** SUMMARY ***
Total pot $6 | Rake $0.12
Board [Tc Jh Ah]
Seat 1: Rus29APX (big blind) folded on the Flop
Seat 2: permafrost07 (button) (small blind) collected ($5.88)


PokerStars Hand #146676328836:  Hold'em Limit ($3/$6 USD) - 2016/01/08 8:43:46 ET
Table 'Naema' 2-max Seat #1 is the button
Seat 1: Rus29APX ($152.28 in chips)
Seat 2: permafrost07 ($204.36 in chips)
Rus29APX: posts small blind $1
permafrost07: posts big blind $3
*** HOLE CARDS ***
Rus29APX: calls $2
permafrost07: raises $3 to $6
Rus29APX: calls $3
*** FLOP *** [9s Qs 5h]
permafrost07: checks
Rus29APX: checks
*** TURN *** [9s Qs 5h] [4s]
permafrost07: bets $6
Rus29APX: calls $6
*** RIVER *** [9s Qs 5h 4s] [Tc]
permafrost07: bets $6
Rus29APX: folds
Uncalled bet ($6) returned to permafrost07
permafrost07 collected $23.52 from pot
permafrost07: doesn't show hand
*** SUMMARY ***
Total pot $24 | Rake $0.48
Board [9s Qs 5h 4s Tc]
Seat 1: Rus29APX (button) (small blind) folded on the River
Seat 2: permafrost07 (big blind) collected ($23.52)


PokerStars Hand #146676315848:  Hold'em Limit ($3/$6 USD) - 2016/01/08 8:43:28 ET
Table 'Naema' 2-max Seat #2 is the button
Seat 1: Rus29APX ($134.78 in chips)
Seat 2: permafrost07 ($222.36 in chips)
permafrost07: posts small blind $1
Rus29APX: posts big blind $3
*** HOLE CARDS ***
permafrost07: raises $3 to $6
Rus29APX: calls $3
*** FLOP *** [9c Ac Td]
Rus29APX: checks
permafrost07: checks
*** TURN *** [9c Ac Td] [Jh]
Rus29APX: bets $6
permafrost07: calls $6
*** RIVER *** [9c Ac Td Jh] [Tc]
Rus29APX: bets $6
permafrost07: calls $6
*** SHOW DOWN ***
Rus29APX: shows [Jd 7c] (two pair, Jacks and Tens)
permafrost07: mucks hand
Rus29APX collected $35.50 from pot
*** SUMMARY ***
Total pot $36 | Rake $0.50
Board [9c Ac Td Jh Tc]
Seat 1: Rus29APX (big blind) showed [Jd 7c] and won ($35.50) with two pair, Jacks and Tens
Seat 2: permafrost07 (button) (small blind) mucked


PokerStars Hand #146676386719:  Hold'em Limit ($3/$6 USD) - 2016/01/08 8:45:03 ET
Table 'Naema' 2-max Seat #1 is the button
Seat 1: Rus29APX ($150.78 in chips)
Seat 2: permafrost07 ($204.38 in chips)
Rus29APX: posts small blind $1
permafrost07: posts big blind $3
*** HOLE CARDS ***
Rus29APX: raises $3 to $6
permafrost07: raises $3 to $9
Rus29APX: calls $3
*** FLOP *** [6h 9s 7c]
permafrost07: bets $3
Rus29APX: calls $3
*** TURN *** [6h 9s 7c] [5h]
permafrost07: checks
Rus29APX: checks
*** RIVER *** [6h 9s 7c 5h] [Qd]
permafrost07: bets $6
Rus29APX: folds
Uncalled bet ($6) returned to permafrost07
permafrost07 collected $23.52 from pot
permafrost07: doesn't show hand
*** SUMMARY ***
Total pot $24 | Rake $0.48
Board [6h 9s 7c 5h Qd]
Seat 1: Rus29APX (button) (small blind) folded on the River
Seat 2: permafrost07 (big blind) collected ($23.52)


PokerStars Hand #146676370829:  Hold'em Limit ($3/$6 USD) - 2016/01/08 8:44:41 ET
Table 'Naema' 2-max Seat #2 is the button
Seat 1: Rus29APX ($168.78 in chips)
Seat 2: permafrost07 ($186.88 in chips)
permafrost07: posts small blind $1
Rus29APX: posts big blind $3
*** HOLE CARDS ***
permafrost07: raises $3 to $6
Rus29APX: calls $3
*** FLOP *** [7d 3c 8s]
Rus29APX: checks
permafrost07: checks
*** TURN *** [7d 3c 8s] [3d]
Rus29APX: bets $6
permafrost07: calls $6
*** RIVER *** [7d 3c 8s 3d] [6c]
Rus29APX: checks
permafrost07: bets $6
Rus29APX: calls $6
*** SHOW DOWN ***
permafrost07: shows [5s 9h] (a straight, Five to Nine)
Rus29APX: mucks hand
permafrost07 collected $35.50 from pot
*** SUMMARY ***
Total pot $36 | Rake $0.50
Board [7d 3c 8s 3d 6c]
Seat 1: Rus29APX (big blind) mucked
Seat 2: permafrost07 (button) (small blind) showed [5s 9h] and won ($35.50) with a straight, Five to Nine


PokerStars Hand #146676366560:  Hold'em Limit ($3/$6 USD) - 2016/01/08 8:44:36 ET
Table 'Naema' 2-max Seat #1 is the button
Seat 1: Rus29APX ($169.78 in chips)
Seat 2: permafrost07 ($185.88 in chips)
Rus29APX: posts small blind $1
permafrost07: posts big blind $3
*** HOLE CARDS ***
Rus29APX: folds
Uncalled bet ($2) returned to permafrost07
permafrost07 collected $2 from pot
permafrost07: doesn't show hand
*** SUMMARY ***
Total pot $2 | Rake $0
Seat 1: Rus29APX (button) (small blind) folded before Flop
Seat 2: permafrost07 (big blind) collected ($2)


PokerStars Hand #146676343575:  Hold'em Limit ($3/$6 USD) - 2016/01/08 8:44:06 ET
Table 'Naema' 2-max Seat #2 is the button
Seat 1: Rus29APX ($140.28 in chips)
Seat 2: permafrost07 ($215.88 in chips)
permafrost07: posts small blind $1
Rus29APX: posts big blind $3
*** HOLE CARDS ***
permafrost07: raises $3 to $6
Rus29APX: calls $3
*** FLOP *** [Jd Tc Qc]
Rus29APX: bets $3
permafrost07: raises $3 to $6
Rus29APX: raises $3 to $9
permafrost07: raises $3 to $12
Betting is capped
Rus29APX: calls $3
*** TURN *** [Jd Tc Qc] [Jh]
Rus29APX: checks
permafrost07: bets $6
Rus29APX: calls $6
*** RIVER *** [Jd Tc Qc Jh] [Jc]
Rus29APX: bets $6
permafrost07: calls $6
*** SHOW DOWN ***
Rus29APX: shows [7s Qs] (a full house, Jacks full of Queens)
permafrost07: mucks hand
Rus29APX collected $59.50 from pot
*** SUMMARY ***
Total pot $60 | Rake $0.50
Board [Jd Tc Qc Jh Jc]
Seat 1: Rus29APX (big blind) showed [7s Qs] and won ($59.50) with a full house, Jacks full of Queens
Seat 2: permafrost07 (button) (small blind) mucked


PokerStars Hand #146676440470:  Hold'em Limit ($3/$6 USD) - 2016/01/08 8:46:14 ET
Table 'Naema' 2-max Seat #1 is the button
Seat 1: Rus29APX ($159.04 in chips)
Seat 2: permafrost07 ($194.90 in chips)
Rus29APX: posts small blind $1
permafrost07: posts big blind $3
*** HOLE CARDS ***
Rus29APX: calls $2
permafrost07: raises $3 to $6
Rus29APX: calls $3
*** FLOP *** [8d 7d Kd]
permafrost07: bets $3
Rus29APX: calls $3
*** TURN *** [8d 7d Kd] [8c]
permafrost07: bets $6
Rus29APX: calls $6
*** RIVER *** [8d 7d Kd 8c] [Qc]
permafrost07: bets $6
Rus29APX: folds
Uncalled bet ($6) returned to permafrost07
permafrost07 collected $29.50 from pot
permafrost07: doesn't show hand
*** SUMMARY ***
Total pot $30 | Rake $0.50
Board [8d 7d Kd 8c Qc]
Seat 1: Rus29APX (button) (small blind) folded on the River
Seat 2: permafrost07 (big blind) collected ($29.50)


PokerStars Hand #146676434481:  Hold'em Limit ($3/$6 USD) - 2016/01/08 8:46:06 ET
Table 'Naema' 2-max Seat #2 is the button
Seat 1: Rus29APX ($162.04 in chips)
Seat 2: permafrost07 ($191.90 in chips)
permafrost07: posts small blind $1
Rus29APX: posts big blind $3
*** HOLE CARDS ***
permafrost07: raises $3 to $6
Rus29APX: folds
Uncalled bet ($3) returned to permafrost07
permafrost07 collected $6 from pot
permafrost07: doesn't show hand
*** SUMMARY ***
Total pot $6 | Rake $0
Seat 1: Rus29APX (big blind) folded before Flop
Seat 2: permafrost07 (button) (small blind) collected ($6)


PokerStars Hand #146676416682:  Hold'em Limit ($3/$6 USD) - 2016/01/08 8:45:43 ET
Table 'Naema' 2-max Seat #1 is the button
Seat 1: Rus29APX ($144.54 in chips)
Seat 2: permafrost07 ($209.90 in chips)
Rus29APX: posts small blind $1
permafrost07: posts big blind $3
*** HOLE CARDS ***
Rus29APX: calls $2
permafrost07: checks
*** FLOP *** [Qc 7s Qd]
permafrost07: checks
Rus29APX: bets $3
permafrost07: calls $3
*** TURN *** [Qc 7s Qd] [3h]
permafrost07: checks
Rus29APX: bets $6
permafrost07: calls $6
*** RIVER *** [Qc 7s Qd 3h] [Tc]
permafrost07: checks
Rus29APX: bets $6
permafrost07: calls $6
*** SHOW DOWN ***
Rus29APX: shows [7d 5c] (two pair, Queens and Sevens)
permafrost07: mucks hand
Rus29APX collected $35.50 from pot
*** SUMMARY ***
Total pot $36 | Rake $0.50
Board [Qc 7s Qd 3h Tc]
Seat 1: Rus29APX (button) (small blind) showed [7d 5c] and won ($35.50) with two pair, Queens and Sevens
Seat 2: permafrost07 (big blind) mucked


PokerStars Hand #146676405524:  Hold'em Limit ($3/$6 USD) - 2016/01/08 8:45:28 ET
Table 'Naema' 2-max Seat #2 is the button
Seat 1: Rus29APX ($138.78 in chips)
Seat 2: permafrost07 ($215.90 in chips)
permafrost07: posts small blind $1
Rus29APX: posts big blind $3
*** HOLE CARDS ***
permafrost07: raises $3 to $6
Rus29APX: calls $3
*** FLOP *** [Kd As 7s]
Rus29APX: checks
permafrost07: checks
*** TURN *** [Kd As 7s] [2c]
Rus29APX: bets $6
permafrost07: folds
Uncalled bet ($6) returned to Rus29APX
Rus29APX collected $11.76 from pot
Rus29APX: doesn't show hand
*** SUMMARY ***
Total pot $12 | Rake $0.24
Board [Kd As 7s 2c]
Seat 1: Rus29APX (big blind) collected ($11.76)
Seat 2: permafrost07 (button) (small blind) folded on the Turn


PokerStars Hand #146676490684:  Hold'em Limit ($3/$6 USD) - 2016/01/08 8:47:14 ET
Table 'Naema' 2-max Seat #2 is the button
Seat 1: Rus29APX ($155.54 in chips)
Seat 2: permafrost07 ($197.16 in chips)
permafrost07: posts small blind $1
Rus29APX: posts big blind $3
*** HOLE CARDS ***
permafrost07: raises $3 to $6
Rus29APX: raises $3 to $9
permafrost07: raises $3 to $12
Betting is capped
Rus29APX: calls $3
*** FLOP *** [Ah 2d Ad]
Rus29APX: checks
permafrost07: checks
*** TURN *** [Ah 2d Ad] [6d]
Rus29APX: bets $6
permafrost07: calls $6
*** RIVER *** [Ah 2d Ad 6d] [Qc]
Rus29APX: bets $6
permafrost07: folds
Uncalled bet ($6) returned to Rus29APX
Rus29APX collected $35.50 from pot
Rus29APX: doesn't show hand
*** SUMMARY ***
Total pot $36 | Rake $0.50
Board [Ah 2d Ad 6d Qc]
Seat 1: Rus29APX (big blind) collected ($35.50)
Seat 2: permafrost07 (button) (small blind) folded on the River


PokerStars Hand #146676469266:  Hold'em Limit ($3/$6 USD) - 2016/01/08 8:46:52 ET
Table 'Naema' 2-max Seat #1 is the button
Seat 1: Rus29APX ($138.04 in chips)
Seat 2: permafrost07 ($215.16 in chips)
Rus29APX: posts small blind $1
permafrost07: posts big blind $3
*** HOLE CARDS ***
Rus29APX: calls $2
permafrost07: checks
*** FLOP *** [Js Qh 4c]
permafrost07: bets $3
Rus29APX: calls $3
*** TURN *** [Js Qh 4c] [5s]
permafrost07: bets $6
Rus29APX: calls $6
*** RIVER *** [Js Qh 4c 5s] [8h]
permafrost07: bets $6
Rus29APX: calls $6
*** SHOW DOWN ***
permafrost07: shows [9d 3d] (high card Queen)
Rus29APX: shows [6s Jd] (a pair of Jacks)
Rus29APX collected $35.50 from pot
*** SUMMARY ***
Total pot $36 | Rake $0.50
Board [Js Qh 4c 5s 8h]
Seat 1: Rus29APX (button) (small blind) showed [6s Jd] and won ($35.50) with a pair of Jacks
Seat 2: permafrost07 (big blind) showed [9d 3d] and lost with high card Queen


PokerStars Hand #146676454878:  Hold'em Limit ($3/$6 USD) - 2016/01/08 8:46:33 ET
Table 'Naema' 2-max Seat #2 is the button
Seat 1: Rus29APX ($144.04 in chips)
Seat 2: permafrost07 ($209.40 in chips)
permafrost07: posts small blind $1
Rus29APX: posts big blind $3
*** HOLE CARDS ***
permafrost07: raises $3 to $6
Rus29APX: calls $3
*** FLOP *** [4d 9s Td]
Rus29APX: checks
permafrost07: checks
*** TURN *** [4d 9s Td] [Tc]
Rus29APX: checks
permafrost07: checks
*** RIVER *** [4d 9s Td Tc] [5s]
Rus29APX: checks
permafrost07: bets $6
Rus29APX: folds
Uncalled bet ($6) returned to permafrost07
permafrost07 collected $11.76 from pot
permafrost07: doesn't show hand
*** SUMMARY ***
Total pot $12 | Rake $0.24
Board [4d 9s Td Tc 5s]
Seat 1: Rus29APX (big blind) folded on the River
Seat 2: permafrost07 (button) (small blind) collected ($11.76)


PokerStars Hand #146676552571:  Hold'em Limit ($3/$6 USD) - 2016/01/08 8:48:25 ET
Table 'Naema' 2-max Seat #1 is the button
Seat 1: Rus29APX ($144.92 in chips)
Seat 2: permafrost07 ($206.42 in chips)
Rus29APX: posts small blind $1
permafrost07: posts big blind $3
*** HOLE CARDS ***
Rus29APX: folds
Uncalled bet ($2) returned to permafrost07
permafrost07 collected $2 from pot
permafrost07: doesn't show hand
*** SUMMARY ***
Total pot $2 | Rake $0
Seat 1: Rus29APX (button) (small blind) folded before Flop
Seat 2: permafrost07 (big blind) collected ($2)


PokerStars Hand #146676544436:  Hold'em Limit ($3/$6 USD) - 2016/01/08 8:48:14 ET
Table 'Naema' 2-max Seat #2 is the button
Seat 1: Rus29APX ($142.04 in chips)
Seat 2: permafrost07 ($209.42 in chips)
permafrost07: posts small blind $1
Rus29APX: posts big blind $3
*** HOLE CARDS ***
permafrost07: calls $2
Rus29APX: checks
*** FLOP *** [Jc As Qh]
Rus29APX: bets $3
permafrost07: folds
Uncalled bet ($3) returned to Rus29APX
Rus29APX collected $5.88 from pot
Rus29APX: doesn't show hand
*** SUMMARY ***
Total pot $6 | Rake $0.12
Board [Jc As Qh]
Seat 1: Rus29APX (big blind) collected ($5.88)
Seat 2: permafrost07 (button) (small blind) folded on the Flop


PokerStars Hand #146676540991:  Hold'em Limit ($3/$6 USD) - 2016/01/08 8:48:09 ET
Table 'Naema' 2-max Seat #1 is the button
Seat 1: Rus29APX ($143.04 in chips)
Seat 2: permafrost07 ($208.42 in chips)
Rus29APX: posts small blind $1
permafrost07: posts big blind $3
*** HOLE CARDS ***
Rus29APX: folds
Uncalled bet ($2) returned to permafrost07
permafrost07 collected $2 from pot
permafrost07: doesn't show hand
*** SUMMARY ***
Total pot $2 | Rake $0
Seat 1: Rus29APX (button) (small blind) folded before Flop
Seat 2: permafrost07 (big blind) collected ($2)


PokerStars Hand #146676530489:  Hold'em Limit ($3/$6 USD) - 2016/01/08 8:47:55 ET
Table 'Naema' 2-max Seat #2 is the button
Seat 1: Rus29APX ($149.04 in chips)
Seat 2: permafrost07 ($202.66 in chips)
permafrost07: posts small blind $1
Rus29APX: posts big blind $3
*** HOLE CARDS ***
permafrost07: raises $3 to $6
Rus29APX: calls $3
*** FLOP *** [Js 9h 3h]
Rus29APX: checks
permafrost07: bets $3
Rus29APX: folds
Uncalled bet ($3) returned to permafrost07
permafrost07 collected $11.76 from pot
permafrost07: doesn't show hand
*** SUMMARY ***
Total pot $12 | Rake $0.24
Board [Js 9h 3h]
Seat 1: Rus29APX (big blind) folded on the Flop
Seat 2: permafrost07 (button) (small blind) collected ($11.76)


PokerStars Hand #146676512477:  Hold'em Limit ($3/$6 USD) - 2016/01/08 8:47:34 ET
Table 'Naema' 2-max Seat #1 is the button
Seat 1: Rus29APX ($173.04 in chips)
Seat 2: permafrost07 ($179.16 in chips)
Rus29APX: posts small blind $1
permafrost07: posts big blind $3
*** HOLE CARDS ***
Rus29APX: raises $3 to $6
permafrost07: calls $3
*** FLOP *** [2h 6d Ah]
permafrost07: bets $3
Rus29APX: raises $3 to $6
permafrost07: calls $3
*** TURN *** [2h 6d Ah] [3h]
permafrost07: checks
Rus29APX: bets $6
permafrost07: calls $6
*** RIVER *** [2h 6d Ah 3h] [6s]
permafrost07: bets $6
Rus29APX: calls $6
*** SHOW DOWN ***
permafrost07: shows [6c 7c] (three of a kind, Sixes)
Rus29APX: mucks hand
permafrost07 collected $47.50 from pot
*** SUMMARY ***
Total pot $48 | Rake $0.50
Board [2h 6d Ah 3h 6s]
Seat 1: Rus29APX (button) (small blind) mucked
Seat 2: permafrost07 (big blind) showed [6c 7c] and won ($47.50) with three of a kind, Sixes


PokerStars Hand #146676596485:  Hold'em Limit ($3/$6 USD) - 2016/01/08 8:49:23 ET
Table 'Naema' 2-max Seat #1 is the button
Seat 1: Rus29APX ($119.92 in chips)
Seat 2: permafrost07 ($230.56 in chips)
Rus29APX: posts small blind $1
permafrost07: posts big blind $3
*** HOLE CARDS ***
Rus29APX: folds
Uncalled bet ($2) returned to permafrost07
permafrost07 collected $2 from pot
permafrost07: doesn't show hand
*** SUMMARY ***
Total pot $2 | Rake $0
Seat 1: Rus29APX (button) (small blind) folded before Flop
Seat 2: permafrost07 (big blind) collected ($2)


PokerStars Hand #146676575149:  Hold'em Limit ($3/$6 USD) - 2016/01/08 8:48:54 ET
Table 'Naema' 2-max Seat #2 is the button
Seat 1: Rus29APX ($134.92 in chips)
Seat 2: permafrost07 ($216.06 in chips)
permafrost07: posts small blind $1
Rus29APX: posts big blind $3
*** HOLE CARDS ***
permafrost07: raises $3 to $6
Rus29APX: raises $3 to $9
permafrost07: raises $3 to $12
Betting is capped
Rus29APX: calls $3
*** FLOP *** [Jc Ts 9s]
Rus29APX: checks
permafrost07: bets $3
Rus29APX: calls $3
*** TURN *** [Jc Ts 9s] [2d]
Rus29APX: checks
permafrost07: checks
*** RIVER *** [Jc Ts 9s 2d] [Qc]
Rus29APX: checks
permafrost07: bets $6
Rus29APX: folds
Uncalled bet ($6) returned to permafrost07
permafrost07 collected $29.50 from pot
permafrost07: doesn't show hand
*** SUMMARY ***
Total pot $30 | Rake $0.50
Board [Jc Ts 9s 2d Qc]
Seat 1: Rus29APX (big blind) folded on the River
Seat 2: permafrost07 (button) (small blind) collected ($29.50)


PokerStars Hand #146676566450:  Hold'em Limit ($3/$6 USD) - 2016/01/08 8:48:43 ET
Table 'Naema' 2-max Seat #1 is the button
Seat 1: Rus29APX ($137.92 in chips)
Seat 2: permafrost07 ($213.18 in chips)
Rus29APX: posts small blind $1
permafrost07: posts big blind $3
*** HOLE CARDS ***
Rus29APX: calls $2
permafrost07: checks
*** FLOP *** [Ah 4c 8d]
permafrost07: bets $3
Rus29APX: folds
Uncalled bet ($3) returned to permafrost07
permafrost07 collected $5.88 from pot
permafrost07: doesn't show hand
*** SUMMARY ***
Total pot $6 | Rake $0.12
Board [Ah 4c 8d]
Seat 1: Rus29APX (button) (small blind) folded on the Flop
Seat 2: permafrost07 (big blind) collected ($5.88)


PokerStars Hand #146676556321:  Hold'em Limit ($3/$6 USD) - 2016/01/08 8:48:29 ET
Table 'Naema' 2-max Seat #2 is the button
Seat 1: Rus29APX ($143.92 in chips)
Seat 2: permafrost07 ($207.42 in chips)
permafrost07: posts small blind $1
Rus29APX: posts big blind $3
*** HOLE CARDS ***
permafrost07: raises $3 to $6
Rus29APX: calls $3
*** FLOP *** [Js Ks 8c]
Rus29APX: checks
permafrost07: checks
*** TURN *** [Js Ks 8c] [8h]
Rus29APX: checks
permafrost07: bets $6
Rus29APX: folds
Uncalled bet ($6) returned to permafrost07
permafrost07 collected $11.76 from pot
permafrost07: doesn't show hand
*** SUMMARY ***
Total pot $12 | Rake $0.24
Board [Js Ks 8c 8h]
Seat 1: Rus29APX (big blind) folded on the Turn
Seat 2: permafrost07 (button) (small blind) collected ($11.76)


PokerStars Hand #146676635486:  Hold'em Limit ($3/$6 USD) - 2016/01/08 8:50:15 ET
Table 'Naema' 2-max Seat #2 is the button
Seat 1: Rus29APX ($121.42 in chips)
Seat 2: permafrost07 ($228.06 in chips)
permafrost07: posts small blind $1
Rus29APX: posts big blind $3
*** HOLE CARDS ***
permafrost07: raises $3 to $6
Rus29APX: calls $3
*** FLOP *** [4c Tc Ks]
Rus29APX: checks
permafrost07: checks
*** TURN *** [4c Tc Ks] [Qs]
Rus29APX: checks
permafrost07: checks
*** RIVER *** [4c Tc Ks Qs] [6c]
Rus29APX: checks
permafrost07: bets $6
Rus29APX: calls $6
*** SHOW DOWN ***
permafrost07: shows [8s 5h] (high card King)
Rus29APX: shows [2s Ac] (high card Ace)
Rus29APX collected $23.52 from pot
*** SUMMARY ***
Total pot $24 | Rake $0.48
Board [4c Tc Ks Qs 6c]
Seat 1: Rus29APX (big blind) showed [2s Ac] and won ($23.52) with high card Ace
Seat 2: permafrost07 (button) (small blind) showed [8s 5h] and lost with high card King


PokerStars Hand #146676614132:  Hold'em Limit ($3/$6 USD) - 2016/01/08 8:49:47 ET
Table 'Naema' 2-max Seat #1 is the button
Seat 1: Rus29APX ($100.92 in chips)
Seat 2: permafrost07 ($249.06 in chips)
Rus29APX: posts small blind $1
permafrost07: posts big blind $3
*** HOLE CARDS ***
Rus29APX: calls $2
permafrost07: raises $3 to $6
Rus29APX: calls $3
*** FLOP *** [Ts 7c Js]
permafrost07: bets $3
Rus29APX: calls $3
*** TURN *** [Ts 7c Js] [Td]
permafrost07: checks
Rus29APX: bets $6
permafrost07: calls $6
*** RIVER *** [Ts 7c Js Td] [2c]
permafrost07: checks
Rus29APX: bets $6
permafrost07: calls $6
*** SHOW DOWN ***
Rus29APX: shows [7d 4d] (two pair, Tens and Sevens)
permafrost07: mucks hand
Rus29APX collected $41.50 from pot
*** SUMMARY ***
Total pot $42 | Rake $0.50
Board [Ts 7c Js Td 2c]
Seat 1: Rus29APX (button) (small blind) showed [7d 4d] and won ($41.50) with two pair, Tens and Sevens
Seat 2: permafrost07 (big blind) mucked


PokerStars Hand #146676600248:  Hold'em Limit ($3/$6 USD) - 2016/01/08 8:49:28 ET
Table 'Naema' 2-max Seat #2 is the button
Seat 1: Rus29APX ($118.92 in chips)
Seat 2: permafrost07 ($231.56 in chips)
permafrost07: posts small blind $1
Rus29APX: posts big blind $3
*** HOLE CARDS ***
permafrost07: raises $3 to $6
Rus29APX: calls $3
*** FLOP *** [Tc Ac Js]
Rus29APX: checks
permafrost07: checks
*** TURN *** [Tc Ac Js] [7s]
Rus29APX: bets $6
permafrost07: calls $6
*** RIVER *** [Tc Ac Js 7s] [Qs]
Rus29APX: checks
permafrost07: bets $6
Rus29APX: calls $6
*** SHOW DOWN ***
permafrost07: shows [3s Kd] (a straight, Ten to Ace)
Rus29APX: mucks hand
permafrost07 collected $35.50 from pot
*** SUMMARY ***
Total pot $36 | Rake $0.50
Board [Tc Ac Js 7s Qs]
Seat 1: Rus29APX (big blind) mucked
Seat 2: permafrost07 (button) (small blind) showed [3s Kd] and won ($35.50) with a straight, Ten to Ace


PokerStars Hand #146676688880:  Hold'em Limit ($3/$6 USD) - 2016/01/08 8:51:27 ET
Table 'Naema' 2-max Seat #1 is the button
Seat 1: Rus29APX ($128.70 in chips)
Seat 2: permafrost07 ($219.70 in chips)
Rus29APX: posts small blind $1
permafrost07: posts big blind $3
*** HOLE CARDS ***
Rus29APX: folds
Uncalled bet ($2) returned to permafrost07
permafrost07 collected $2 from pot
permafrost07: doesn't show hand
*** SUMMARY ***
Total pot $2 | Rake $0
Seat 1: Rus29APX (button) (small blind) folded before Flop
Seat 2: permafrost07 (big blind) collected ($2)


PokerStars Hand #146676676003:  Hold'em Limit ($3/$6 USD) - 2016/01/08 8:51:09 ET
Table 'Naema' 2-max Seat #2 is the button
Seat 1: Rus29APX ($128.82 in chips)
Seat 2: permafrost07 ($219.82 in chips)
permafrost07: posts small blind $1
Rus29APX: posts big blind $3
*** HOLE CARDS ***
permafrost07: raises $3 to $6
Rus29APX: calls $3
*** FLOP *** [Ac Qc Qs]
Rus29APX: checks
permafrost07: checks
*** TURN *** [Ac Qc Qs] [Ah]
Rus29APX: checks
permafrost07: checks
*** RIVER *** [Ac Qc Qs Ah] [Th]
Rus29APX: checks
permafrost07: checks
*** SHOW DOWN ***
Rus29APX: shows [4c 6h] (two pair, Aces and Queens)
permafrost07: shows [8h 7c] (two pair, Aces and Queens)
Rus29APX collected $5.88 from pot
permafrost07 collected $5.88 from pot
*** SUMMARY ***
Total pot $12 | Rake $0.24
Board [Ac Qc Qs Ah Th]
Seat 1: Rus29APX (big blind) showed [4c 6h] and won ($5.88) with two pair, Aces and Queens
Seat 2: permafrost07 (button) (small blind) showed [8h 7c] and won ($5.88) with two pair, Aces and Queens


PokerStars Hand #146676672049:  Hold'em Limit ($3/$6 USD) - 2016/01/08 8:51:04 ET
Table 'Naema' 2-max Seat #1 is the button
Seat 1: Rus29APX ($129.82 in chips)
Seat 2: permafrost07 ($218.82 in chips)
Rus29APX: posts small blind $1
permafrost07: posts big blind $3
*** HOLE CARDS ***
Rus29APX: folds
Uncalled bet ($2) returned to permafrost07
permafrost07 collected $2 from pot
permafrost07: doesn't show hand
*** SUMMARY ***
Total pot $2 | Rake $0
Seat 1: Rus29APX (button) (small blind) folded before Flop
Seat 2: permafrost07 (big blind) collected ($2)


PokerStars Hand #146676663822:  Hold'em Limit ($3/$6 USD) - 2016/01/08 8:50:53 ET
Table 'Naema' 2-max Seat #2 is the button
Seat 1: Rus29APX ($135.82 in chips)
Seat 2: permafrost07 ($213.06 in chips)
permafrost07: posts small blind $1
Rus29APX: posts big blind $3
*** HOLE CARDS ***
permafrost07: raises $3 to $6
Rus29APX: calls $3
*** FLOP *** [Kd 4c Tc]
Rus29APX: checks
permafrost07: bets $3
Rus29APX: folds
Uncalled bet ($3) returned to permafrost07
permafrost07 collected $11.76 from pot
permafrost07: doesn't show hand
*** SUMMARY ***
Total pot $12 | Rake $0.24
Board [Kd 4c Tc]
Seat 1: Rus29APX (big blind) folded on the Flop
Seat 2: permafrost07 (button) (small blind) collected ($11.76)


PokerStars Hand #146676649245:  Hold'em Limit ($3/$6 USD) - 2016/01/08 8:50:34 ET
Table 'Naema' 2-max Seat #1 is the button
Seat 1: Rus29APX ($132.94 in chips)
Seat 2: permafrost07 ($216.06 in chips)
Rus29APX: posts small blind $1
permafrost07: posts big blind $3
*** HOLE CARDS ***
Rus29APX: calls $2
permafrost07: checks
*** FLOP *** [4c Ad 8d]
permafrost07: checks
Rus29APX: checks
*** TURN *** [4c Ad 8d] [3h]
permafrost07: checks
Rus29APX: checks
*** RIVER *** [4c Ad 8d 3h] [Th]
permafrost07: checks
Rus29APX: bets $6
permafrost07: folds
Uncalled bet ($6) returned to Rus29APX
Rus29APX collected $5.88 from pot
Rus29APX: doesn't show hand
*** SUMMARY ***
Total pot $6 | Rake $0.12
Board [4c Ad 8d 3h Th]
Seat 1: Rus29APX (button) (small blind) collected ($5.88)
Seat 2: permafrost07 (big blind) folded on the River


PokerStars Hand #146676715022:  Hold'em Limit ($3/$6 USD) - 2016/01/08 8:52:02 ET
Table 'Naema' 2-max Seat #2 is the button
Seat 1: Rus29APX ($120.70 in chips)
Seat 2: permafrost07 ($227.46 in chips)
permafrost07: posts small blind $1
Rus29APX: posts big blind $3
*** HOLE CARDS ***
permafrost07: calls $2
Rus29APX: checks
*** FLOP *** [Tc Jh 9d]
Rus29APX: checks
permafrost07: bets $3
Rus29APX: calls $3
*** TURN *** [Tc Jh 9d] [2c]
Rus29APX: checks
permafrost07: checks
*** RIVER *** [Tc Jh 9d 2c] [8h]
Rus29APX: bets $6
permafrost07: calls $6
*** SHOW DOWN ***
Rus29APX: shows [2d Qc] (a straight, Eight to Queen)
permafrost07: mucks hand
Rus29APX collected $23.52 from pot
*** SUMMARY ***
Total pot $24 | Rake $0.48
Board [Tc Jh 9d 2c 8h]
Seat 1: Rus29APX (big blind) showed [2d Qc] and won ($23.52) with a straight, Eight to Queen
Seat 2: permafrost07 (button) (small blind) mucked


PokerStars Hand #146676709214:  Hold'em Limit ($3/$6 USD) - 2016/01/08 8:51:54 ET
Table 'Naema' 2-max Seat #1 is the button
Seat 1: Rus29APX ($121.70 in chips)
Seat 2: permafrost07 ($226.46 in chips)
Rus29APX: posts small blind $1
permafrost07: posts big blind $3
*** HOLE CARDS ***
Rus29APX: folds
Uncalled bet ($2) returned to permafrost07
permafrost07 collected $2 from pot
permafrost07: doesn't show hand
*** SUMMARY ***
Total pot $2 | Rake $0
Seat 1: Rus29APX (button) (small blind) folded before Flop
Seat 2: permafrost07 (big blind) collected ($2)


PokerStars Hand #146676692601:  Hold'em Limit ($3/$6 USD) - 2016/01/08 8:51:32 ET
Table 'Naema' 2-max Seat #2 is the button
Seat 1: Rus29APX ($127.70 in chips)
Seat 2: permafrost07 ($220.70 in chips)
permafrost07: posts small blind $1
Rus29APX: posts big blind $3
*** HOLE CARDS ***
permafrost07: raises $3 to $6
Rus29APX: calls $3
*** FLOP *** [Jc 5s Kh]
Rus29APX: checks
permafrost07: checks
*** TURN *** [Jc 5s Kh] [Kc]
Rus29APX: checks
permafrost07: checks
*** RIVER *** [Jc 5s Kh Kc] [9h]
Rus29APX: checks
permafrost07: checks
*** SHOW DOWN ***
Rus29APX: shows [2d 3d] (a pair of Kings)
permafrost07: shows [Td 7h] (a pair of Kings - Jack+Ten kicker)
permafrost07 collected $11.76 from pot
*** SUMMARY ***
Total pot $12 | Rake $0.24
Board [Jc 5s Kh Kc 9h]
Seat 1: Rus29APX (big blind) showed [2d 3d] and lost with a pair of Kings
Seat 2: permafrost07 (button) (small blind) showed [Td 7h] and won ($11.76) with a pair of Kings


PokerStars Hand #146676764065:  Hold'em Limit ($3/$6 USD) - 2016/01/08 8:53:08 ET
Table 'Naema' 2-max Seat #1 is the button
Seat 1: Rus29APX ($131.74 in chips)
Seat 2: permafrost07 ($214.98 in chips)
Rus29APX: posts small blind $1
permafrost07: posts big blind $3
*** HOLE CARDS ***
Rus29APX: raises $3 to $6
permafrost07: calls $3
*** FLOP *** [Jc Th 9d]
permafrost07: bets $3
Rus29APX: calls $3
*** TURN *** [Jc Th 9d] [6h]
permafrost07: bets $6
Rus29APX: calls $6
*** RIVER *** [Jc Th 9d 6h] [4h]
permafrost07: checks
Rus29APX: checks
*** SHOW DOWN ***
permafrost07: shows [3c 9c] (a pair of Nines)
Rus29APX: mucks hand
permafrost07 collected $29.50 from pot
*** SUMMARY ***
Total pot $30 | Rake $0.50
Board [Jc Th 9d 6h 4h]
Seat 1: Rus29APX (button) (small blind) mucked
Seat 2: permafrost07 (big blind) showed [3c 9c] and won ($29.50) with a pair of Nines


PokerStars Hand #146676749840:  Hold'em Limit ($3/$6 USD) - 2016/01/08 8:52:48 ET
Table 'Naema' 2-max Seat #2 is the button
Seat 1: Rus29APX ($120.22 in chips)
Seat 2: permafrost07 ($226.98 in chips)
permafrost07: posts small blind $1
Rus29APX: posts big blind $3
*** HOLE CARDS ***
permafrost07: raises $3 to $6
Rus29APX: calls $3
*** FLOP *** [6s 9c 2h]
Rus29APX: checks
permafrost07: checks
*** TURN *** [6s 9c 2h] [Kc]
Rus29APX: checks
permafrost07: checks
*** RIVER *** [6s 9c 2h Kc] [Td]
Rus29APX: bets $6
permafrost07: calls $6
*** SHOW DOWN ***
Rus29APX: shows [Qd Jd] (a straight, Nine to King)
permafrost07: mucks hand
Rus29APX collected $23.52 from pot
*** SUMMARY ***
Total pot $24 | Rake $0.48
Board [6s 9c 2h Kc Td]
Seat 1: Rus29APX (big blind) showed [Qd Jd] and won ($23.52) with a straight, Nine to King
Seat 2: permafrost07 (button) (small blind) mucked


PokerStars Hand #146676734062:  Hold'em Limit ($3/$6 USD) - 2016/01/08 8:52:28 ET
Table 'Naema' 2-max Seat #1 is the button
Seat 1: Rus29APX ($132.22 in chips)
Seat 2: permafrost07 ($215.46 in chips)
Rus29APX: posts small blind $1
permafrost07: posts big blind $3
*** HOLE CARDS ***
Rus29APX: calls $2
permafrost07: raises $3 to $6
Rus29APX: calls $3
*** FLOP *** [Kc Jh 9s]
permafrost07: bets $3
Rus29APX: raises $3 to $6
permafrost07: calls $3
*** TURN *** [Kc Jh 9s] [4c]
permafrost07: checks
Rus29APX: checks
*** RIVER *** [Kc Jh 9s 4c] [2s]
permafrost07: checks
Rus29APX: checks
*** SHOW DOWN ***
permafrost07: shows [7h Qh] (high card King)
Rus29APX: mucks hand
permafrost07 collected $23.52 from pot
*** SUMMARY ***
Total pot $24 | Rake $0.48
Board [Kc Jh 9s 4c 2s]
Seat 1: Rus29APX (button) (small blind) mucked
Seat 2: permafrost07 (big blind) showed [7h Qh] and won ($23.52) with high card King


PokerStars Hand #146676816863:  Hold'em Limit ($3/$6 USD) - 2016/01/08 8:54:18 ET
Table 'Naema' 2-max Seat #1 is the button
Seat 1: Rus29APX ($77.74 in chips)
Seat 2: permafrost07 ($267.50 in chips)
Rus29APX: posts small blind $1
permafrost07: posts big blind $3
*** HOLE CARDS ***
Rus29APX: folds
Uncalled bet ($2) returned to permafrost07
permafrost07 collected $2 from pot
permafrost07: doesn't show hand
*** SUMMARY ***
Total pot $2 | Rake $0
Seat 1: Rus29APX (button) (small blind) folded before Flop
Seat 2: permafrost07 (big blind) collected ($2)


PokerStars Hand #146676811544:  Hold'em Limit ($3/$6 USD) - 2016/01/08 8:54:11 ET
Table 'Naema' 2-max Seat #2 is the button
Seat 1: Rus29APX ($80.74 in chips)
Seat 2: permafrost07 ($264.50 in chips)
permafrost07: posts small blind $1
Rus29APX: posts big blind $3
*** HOLE CARDS ***
permafrost07: raises $3 to $6
Rus29APX: folds
Uncalled bet ($3) returned to permafrost07
permafrost07 collected $6 from pot
permafrost07: doesn't show hand
*** SUMMARY ***
Total pot $6 | Rake $0
Seat 1: Rus29APX (big blind) folded before Flop
Seat 2: permafrost07 (button) (small blind) collected ($6)


PokerStars Hand #146676795230:  Hold'em Limit ($3/$6 USD) - 2016/01/08 8:53:49 ET
Table 'Naema' 2-max Seat #1 is the button
Seat 1: Rus29APX ($92.74 in chips)
Seat 2: permafrost07 ($252.98 in chips)
Rus29APX: posts small blind $1
permafrost07: posts big blind $3
*** HOLE CARDS ***
Rus29APX: raises $3 to $6
permafrost07: raises $3 to $9
Rus29APX: calls $3
*** FLOP *** [Jh Qh 8s]
permafrost07: bets $3
Rus29APX: calls $3
*** TURN *** [Jh Qh 8s] [6c]
permafrost07: checks
Rus29APX: checks
*** RIVER *** [Jh Qh 8s 6c] [7c]
permafrost07: checks
Rus29APX: checks
*** SHOW DOWN ***
permafrost07: shows [Kd 7d] (a pair of Sevens)
Rus29APX: mucks hand
permafrost07 collected $23.52 from pot
*** SUMMARY ***
Total pot $24 | Rake $0.48
Board [Jh Qh 8s 6c 7c]
Seat 1: Rus29APX (button) (small blind) mucked
Seat 2: permafrost07 (big blind) showed [Kd 7d] and won ($23.52) with a pair of Sevens


PokerStars Hand #146676777433:  Hold'em Limit ($3/$6 USD) - 2016/01/08 8:53:25 ET
Table 'Naema' 2-max Seat #2 is the button
Seat 1: Rus29APX ($116.74 in chips)
Seat 2: permafrost07 ($229.48 in chips)
permafrost07: posts small blind $1
Rus29APX: posts big blind $3
*** HOLE CARDS ***
permafrost07: raises $3 to $6
Rus29APX: calls $3
*** FLOP *** [2s 6d 5s]
Rus29APX: checks
permafrost07: checks
*** TURN *** [2s 6d 5s] [Ts]
Rus29APX: bets $6
permafrost07: calls $6
*** RIVER *** [2s 6d 5s Ts] [9c]
Rus29APX: bets $6
permafrost07: raises $6 to $12
Rus29APX: calls $6
*** SHOW DOWN ***
permafrost07: shows [5d 2h] (two pair, Fives and Deuces)
Rus29APX: mucks hand
permafrost07 collected $47.50 from pot
*** SUMMARY ***
Total pot $48 | Rake $0.50
Board [2s 6d 5s Ts 9c]
Seat 1: Rus29APX (big blind) mucked
Seat 2: permafrost07 (button) (small blind) showed [5d 2h] and won ($47.50) with two pair, Fives and Deuces


PokerStars Hand #146676820516:  Hold'em Limit ($3/$6 USD) - 2016/01/08 8:54:23 ET
Table 'Naema' 2-max Seat #2 is the button
Seat 1: Rus29APX ($76.74 in chips)
Seat 2: permafrost07 ($268.50 in chips)
permafrost07: posts small blind $1
Rus29APX: posts big blind $3
*** HOLE CARDS ***
permafrost07: raises $3 to $6
Rus29APX: folds
Uncalled bet ($3) returned to permafrost07
permafrost07 collected $6 from pot
permafrost07: doesn't show hand
*** SUMMARY ***
Total pot $6 | Rake $0
Seat 1: Rus29APX (big blind) folded before Flop
Seat 2: permafrost07 (button) (small blind) collected ($6)


PokerStars Hand #146676861038:  Hold'em Limit ($3/$6 USD) - 2016/01/08 8:55:20 ET
Table 'Naema' 2-max Seat #2 is the button
Seat 1: Rus29APX ($317.74 in chips)
Seat 2: permafrost07 ($286.90 in chips)
permafrost07: posts small blind $1
Rus29APX: posts big blind $3
*** HOLE CARDS ***
permafrost07: calls $2
Rus29APX: checks
*** FLOP *** [Tc 2d 4d]
Rus29APX: checks
permafrost07: bets $3
Rus29APX: folds
Uncalled bet ($3) returned to permafrost07
permafrost07 collected $5.88 from pot
permafrost07: doesn't show hand
*** SUMMARY ***
Total pot $6 | Rake $0.12
Board [Tc 2d 4d]
Seat 1: Rus29APX (big blind) folded on the Flop
Seat 2: permafrost07 (button) (small blind) collected ($5.88)


PokerStars Hand #146676858107:  Hold'em Limit ($3/$6 USD) - 2016/01/08 8:55:15 ET
Table 'Naema' 2-max Seat #1 is the button
Seat 1: Rus29APX ($318.74 in chips)
Seat 2: permafrost07 ($285.90 in chips)
Rus29APX: posts small blind $1
permafrost07: posts big blind $3
*** HOLE CARDS ***
Rus29APX: folds
Uncalled bet ($2) returned to permafrost07
permafrost07 collected $2 from pot
permafrost07: doesn't show hand
*** SUMMARY ***
Total pot $2 | Rake $0
Seat 1: Rus29APX (button) (small blind) folded before Flop
Seat 2: permafrost07 (big blind) collected ($2)


PokerStars Hand #146676847235:  Hold'em Limit ($3/$6 USD) - 2016/01/08 8:54:58 ET
Table 'Naema' 2-max Seat #2 is the button
Seat 1: Rus29APX ($64.74 in chips)
Seat 2: permafrost07 ($280.14 in chips)
permafrost07: posts small blind $1
Rus29APX: posts big blind $3
*** HOLE CARDS ***
permafrost07: raises $3 to $6
Rus29APX: calls $3
*** FLOP *** [8h Ad Th]
Rus29APX: checks
permafrost07: checks
*** TURN *** [8h Ad Th] [9d]
Rus29APX: checks
permafrost07: checks
*** RIVER *** [8h Ad Th 9d] [As]
Rus29APX: checks
permafrost07: checks
*** SHOW DOWN ***
Rus29APX: shows [Kc 6s] (a pair of Aces)
permafrost07: shows [Ks Js] (a pair of Aces - King+Jack kicker)
permafrost07 collected $11.76 from pot
*** SUMMARY ***
Total pot $12 | Rake $0.24
Board [8h Ad Th 9d As]
Seat 1: Rus29APX (big blind) showed [Kc 6s] and lost with a pair of Aces
Seat 2: permafrost07 (button) (small blind) showed [Ks Js] and won ($11.76) with a pair of Aces


PokerStars Hand #146676833520:  Hold'em Limit ($3/$6 USD) - 2016/01/08 8:54:40 ET
Table 'Naema' 2-max Seat #1 is the button
Seat 1: Rus29APX ($73.74 in chips)
Seat 2: permafrost07 ($271.50 in chips)
Rus29APX: posts small blind $1
permafrost07: posts big blind $3
*** HOLE CARDS ***
Rus29APX: raises $3 to $6
permafrost07: raises $3 to $9
Rus29APX: calls $3
*** FLOP *** [Th Jh 8h]
permafrost07: bets $3
Rus29APX: folds
Uncalled bet ($3) returned to permafrost07
permafrost07 collected $17.64 from pot
permafrost07: doesn't show hand
*** SUMMARY ***
Total pot $18 | Rake $0.36
Board [Th Jh 8h]
Seat 1: Rus29APX (button) (small blind) folded on the Flop
Seat 2: permafrost07 (big blind) collected ($17.64)


PokerStars Hand #146676872628:  Hold'em Limit ($3/$6 USD) - 2016/01/08 8:55:39 ET
Table 'Naema' 2-max Seat #1 is the button
Seat 1: Rus29APX ($314.74 in chips)
Seat 2: permafrost07 ($289.78 in chips)
Rus29APX: posts small blind $1
permafrost07: posts big blind $3
*** HOLE CARDS ***
Rus29APX: folds
Uncalled bet ($2) returned to permafrost07
permafrost07 collected $2 from pot
permafrost07: doesn't show hand
*** SUMMARY ***
Total pot $2 | Rake $0
Seat 1: Rus29APX (button) (small blind) folded before Flop
Seat 2: permafrost07 (big blind) collected ($2)


PokerStars Hand #146676875708:  Hold'em Limit ($3/$6 USD) - 2016/01/08 8:55:44 ET
Table 'Naema' 2-max Seat #2 is the button
Seat 1: Rus29APX ($313.74 in chips)
Seat 2: permafrost07 ($290.78 in chips)
permafrost07: posts small blind $1
Rus29APX: posts big blind $3
*** HOLE CARDS ***
permafrost07: raises $3 to $6
Rus29APX: calls $3
*** FLOP *** [Tc 5d 7c]
Rus29APX: bets $3
permafrost07: calls $3
*** TURN *** [Tc 5d 7c] [7d]
Rus29APX: bets $6
permafrost07: calls $6
*** RIVER *** [Tc 5d 7c 7d] [8h]
Rus29APX: bets $6
permafrost07: folds
Uncalled bet ($6) returned to Rus29APX
Rus29APX collected $29.50 from pot
Rus29APX: doesn't show hand
*** SUMMARY ***
Total pot $30 | Rake $0.50
Board [Tc 5d 7c 7d 8h]
Seat 1: Rus29APX (big blind) collected ($29.50)
Seat 2: permafrost07 (button) (small blind) folded on the River


PokerStars Hand #146676899253:  Hold'em Limit ($3/$6 USD) - 2016/01/08 8:56:23 ET
Table 'Naema' 2-max Seat #1 is the button
Seat 1: Rus29APX ($328.24 in chips)
Seat 2: permafrost07 ($275.78 in chips)
Rus29APX: posts small blind $1
permafrost07: posts big blind $3
*** HOLE CARDS ***
Rus29APX: calls $2
permafrost07: checks
*** FLOP *** [5s 8h 3h]
permafrost07: bets $3
Rus29APX: calls $3
*** TURN *** [5s 8h 3h] [4d]
permafrost07: bets $6
Rus29APX: calls $6
*** RIVER *** [5s 8h 3h 4d] [9h]
permafrost07: checks
Rus29APX: checks
*** SHOW DOWN ***
permafrost07: shows [3s Qh] (a pair of Threes)
Rus29APX: shows [5c 7s] (a pair of Fives)
Rus29APX collected $23.52 from pot
*** SUMMARY ***
Total pot $24 | Rake $0.48
Board [5s 8h 3h 4d 9h]
Seat 1: Rus29APX (button) (small blind) showed [5c 7s] and won ($23.52) with a pair of Fives
Seat 2: permafrost07 (big blind) showed [3s Qh] and lost with a pair of Threes


PokerStars Hand #146676932003:  Hold'em Limit ($3/$6 USD) - 2016/01/08 8:57:16 ET
Table 'Naema' 2-max Seat #2 is the button
Seat 1: Rus29APX ($357.26 in chips)
Seat 2: permafrost07 ($245.78 in chips)
permafrost07: posts small blind $1
Rus29APX: posts big blind $3
*** HOLE CARDS ***
permafrost07: raises $3 to $6
Rus29APX: calls $3
*** FLOP *** [5h 2d Jd]
Rus29APX: checks
permafrost07: bets $3
Rus29APX: calls $3
*** TURN *** [5h 2d Jd] [8s]
Rus29APX: checks
permafrost07: checks
*** RIVER *** [5h 2d Jd 8s] [7s]
Rus29APX: checks
permafrost07: checks
*** SHOW DOWN ***
Rus29APX: shows [3c As] (high card Ace)
permafrost07: shows [5d Ac] (a pair of Fives)
permafrost07 collected $17.64 from pot
*** SUMMARY ***
Total pot $18 | Rake $0.36
Board [5h 2d Jd 8s 7s]
Seat 1: Rus29APX (big blind) showed [3c As] and lost with high card Ace
Seat 2: permafrost07 (button) (small blind) showed [5d Ac] and won ($17.64) with a pair of Fives


PokerStars Hand #146676916877:  Hold'em Limit ($3/$6 USD) - 2016/01/08 8:56:52 ET
Table 'Naema' 2-max Seat #1 is the button
Seat 1: Rus29APX ($336.76 in chips)
Seat 2: permafrost07 ($266.78 in chips)
Rus29APX: posts small blind $1
permafrost07: posts big blind $3
*** HOLE CARDS ***
Rus29APX: calls $2
permafrost07: raises $3 to $6
Rus29APX: calls $3
*** FLOP *** [4h Ad Jh]
permafrost07: bets $3
Rus29APX: calls $3
*** TURN *** [4h Ad Jh] [6h]
permafrost07: checks
Rus29APX: bets $6
permafrost07: calls $6
*** RIVER *** [4h Ad Jh 6h] [Ks]
permafrost07: checks
Rus29APX: bets $6
permafrost07: calls $6
*** SHOW DOWN ***
Rus29APX: shows [Jc 5c] (a pair of Jacks)
permafrost07: mucks hand
Rus29APX collected $41.50 from pot
*** SUMMARY ***
Total pot $42 | Rake $0.50
Board [4h Ad Jh 6h Ks]
Seat 1: Rus29APX (button) (small blind) showed [Jc 5c] and won ($41.50) with a pair of Jacks
Seat 2: permafrost07 (big blind) mucked


PokerStars Hand #146676913366:  Hold'em Limit ($3/$6 USD) - 2016/01/08 8:56:46 ET
Table 'Naema' 2-max Seat #2 is the button
Seat 1: Rus29APX ($339.76 in chips)
Seat 2: permafrost07 ($263.78 in chips)
permafrost07: posts small blind $1
Rus29APX: posts big blind $3
*** HOLE CARDS ***
permafrost07: raises $3 to $6
Rus29APX: folds
Uncalled bet ($3) returned to permafrost07
permafrost07 collected $6 from pot
permafrost07: doesn't show hand
*** SUMMARY ***
Total pot $6 | Rake $0
Seat 1: Rus29APX (big blind) folded before Flop
Seat 2: permafrost07 (button) (small blind) collected ($6)


PokerStars Hand #146676944944:  Hold'em Limit ($3/$6 USD) - 2016/01/08 8:57:37 ET
Table 'Naema' 2-max Seat #1 is the button
Seat 1: Rus29APX ($348.26 in chips)
Seat 2: permafrost07 ($254.42 in chips)
Rus29APX: posts small blind $1
permafrost07: posts big blind $3
*** HOLE CARDS ***
Rus29APX: calls $2
permafrost07: raises $3 to $6
Rus29APX: calls $3
*** FLOP *** [6s 4c 7c]
permafrost07: bets $3
Rus29APX: calls $3
*** TURN *** [6s 4c 7c] [8c]
permafrost07: bets $6
Rus29APX: calls $6
*** RIVER *** [6s 4c 7c 8c] [5s]
permafrost07: bets $6
Rus29APX: calls $6
*** SHOW DOWN ***
permafrost07: shows [5h 7d] (a straight, Four to Eight)
Rus29APX: shows [Th Jc] (a straight, Four to Eight)
permafrost07 collected $20.75 from pot
Rus29APX collected $20.75 from pot
*** SUMMARY ***
Total pot $42 | Rake $0.50
Board [6s 4c 7c 8c 5s]
Seat 1: Rus29APX (button) (small blind) showed [Th Jc] and won ($20.75) with a straight, Four to Eight
Seat 2: permafrost07 (big blind) showed [5h 7d] and won ($20.75) with a straight, Four to Eight


PokerStars Hand #146676955591:  Hold'em Limit ($3/$6 USD) - 2016/01/08 8:57:54 ET
Table 'Naema' 2-max Seat #2 is the button
Seat 1: Rus29APX ($348.01 in chips)
Seat 2: permafrost07 ($254.17 in chips)
permafrost07: posts small blind $1
Rus29APX: posts big blind $3
*** HOLE CARDS ***
permafrost07: raises $3 to $6
Rus29APX: calls $3
*** FLOP *** [6d Kd 2s]
Rus29APX: checks
permafrost07: bets $3
Rus29APX: calls $3
*** TURN *** [6d Kd 2s] [2c]
Rus29APX: checks
permafrost07: checks
*** RIVER *** [6d Kd 2s 2c] [5h]
Rus29APX: checks
permafrost07: bets $6
Rus29APX: calls $6
*** SHOW DOWN ***
permafrost07: shows [Tc 7c] (a pair of Deuces)
Rus29APX: shows [Qs Ts] (a pair of Deuces - King+Queen kicker)
Rus29APX collected $29.50 from pot
*** SUMMARY ***
Total pot $30 | Rake $0.50
Board [6d Kd 2s 2c 5h]
Seat 1: Rus29APX (big blind) showed [Qs Ts] and won ($29.50) with a pair of Deuces
Seat 2: permafrost07 (button) (small blind) showed [Tc 7c] and lost with a pair of Deuces


PokerStars Hand #146676967278:  Hold'em Limit ($3/$6 USD) - 2016/01/08 8:58:13 ET
Table 'Naema' 2-max Seat #1 is the button
Seat 1: Rus29APX ($362.51 in chips)
Seat 2: permafrost07 ($239.17 in chips)
Rus29APX: posts small blind $1
permafrost07: posts big blind $3
*** HOLE CARDS ***
Rus29APX: raises $3 to $6
permafrost07: folds
Uncalled bet ($3) returned to Rus29APX
Rus29APX collected $6 from pot
Rus29APX: doesn't show hand
*** SUMMARY ***
Total pot $6 | Rake $0
Seat 1: Rus29APX (button) (small blind) collected ($6)
Seat 2: permafrost07 (big blind) folded before Flop


PokerStars Hand #146676972809:  Hold'em Limit ($3/$6 USD) - 2016/01/08 8:58:22 ET
Table 'Naema' 2-max Seat #2 is the button
Seat 1: Rus29APX ($365.51 in chips)
Seat 2: permafrost07 ($236.17 in chips)
permafrost07: posts small blind $1
Rus29APX: posts big blind $3
*** HOLE CARDS ***
permafrost07: raises $3 to $6
Rus29APX: calls $3
*** FLOP *** [2s Ah 9s]
Rus29APX: checks
permafrost07: checks
*** TURN *** [2s Ah 9s] [Td]
Rus29APX: bets $6
permafrost07: calls $6
*** RIVER *** [2s Ah 9s Td] [Tc]
Rus29APX: bets $6
permafrost07: folds
Uncalled bet ($6) returned to Rus29APX
Rus29APX collected $23.52 from pot
Rus29APX: doesn't show hand
*** SUMMARY ***
Total pot $24 | Rake $0.48
Board [2s Ah 9s Td Tc]
Seat 1: Rus29APX (big blind) collected ($23.52)
Seat 2: permafrost07 (button) (small blind) folded on the River


PokerStars Hand #146676983196:  Hold'em Limit ($3/$6 USD) - 2016/01/08 8:58:39 ET
Table 'Naema' 2-max Seat #1 is the button
Seat 1: Rus29APX ($377.03 in chips)
Seat 2: permafrost07 ($224.17 in chips)
Rus29APX: posts small blind $1
permafrost07: posts big blind $3
*** HOLE CARDS ***
Rus29APX: raises $3 to $6
permafrost07: calls $3
*** FLOP *** [Ac 8d 8s]
permafrost07: checks
Rus29APX: bets $3
permafrost07: folds
Uncalled bet ($3) returned to Rus29APX
Rus29APX collected $11.76 from pot
Rus29APX: doesn't show hand
*** SUMMARY ***
Total pot $12 | Rake $0.24
Board [Ac 8d 8s]
Seat 1: Rus29APX (button) (small blind) collected ($11.76)
Seat 2: permafrost07 (big blind) folded on the Flop


PokerStars Hand #146676990223:  Hold'em Limit ($3/$6 USD) - 2016/01/08 8:58:51 ET
Table 'Naema' 2-max Seat #2 is the button
Seat 1: Rus29APX ($382.79 in chips)
Seat 2: permafrost07 ($218.17 in chips)
permafrost07: posts small blind $1
Rus29APX: posts big blind $3
*** HOLE CARDS ***
permafrost07: raises $3 to $6
Rus29APX: calls $3
*** FLOP *** [Jh As 4s]
Rus29APX: checks
permafrost07: checks
*** TURN *** [Jh As 4s] [2s]
Rus29APX: bets $6
permafrost07: calls $6
*** RIVER *** [Jh As 4s 2s] [Ts]
Rus29APX: bets $6
permafrost07: calls $6
*** SHOW DOWN ***
Rus29APX: shows [5s 8h] (a flush, Ace high)
permafrost07: shows [7s 2c] (a flush, Ace high - Seven higher)
permafrost07 collected $35.50 from pot
*** SUMMARY ***
Total pot $36 | Rake $0.50
Board [Jh As 4s 2s Ts]
Seat 1: Rus29APX (big blind) showed [5s 8h] and lost with a flush, Ace high
Seat 2: permafrost07 (button) (small blind) showed [7s 2c] and won ($35.50) with a flush, Ace high


PokerStars Hand #146677002151:  Hold'em Limit ($3/$6 USD) - 2016/01/08 8:59:10 ET
Table 'Naema' 2-max Seat #1 is the button
Seat 1: Rus29APX ($364.79 in chips)
Seat 2: permafrost07 ($235.67 in chips)
Rus29APX: posts small blind $1
permafrost07: posts big blind $3
*** HOLE CARDS ***
Rus29APX: raises $3 to $6
permafrost07: raises $3 to $9
Rus29APX: raises $3 to $12
Betting is capped
permafrost07: calls $3
*** FLOP *** [7s 5c Kh]
permafrost07: bets $3
Rus29APX: calls $3
*** TURN *** [7s 5c Kh] [7d]
permafrost07: bets $6
Rus29APX: calls $6
*** RIVER *** [7s 5c Kh 7d] [3s]
permafrost07: bets $6
Rus29APX: calls $6
*** SHOW DOWN ***
permafrost07: shows [Th Qh] (a pair of Sevens)
Rus29APX: shows [8h 8s] (two pair, Eights and Sevens)
Rus29APX collected $53.50 from pot
*** SUMMARY ***
Total pot $54 | Rake $0.50
Board [7s 5c Kh 7d 3s]
Seat 1: Rus29APX (button) (small blind) showed [8h 8s] and won ($53.50) with two pair, Eights and Sevens
Seat 2: permafrost07 (big blind) showed [Th Qh] and lost with a pair of Sevens


PokerStars Hand #146677035232:  Hold'em Limit ($3/$6 USD) - 2016/01/08 9:00:03 ET
Table 'Naema' 2-max Seat #1 is the button
Seat 1: Rus29APX ($378.29 in chips)
Seat 2: permafrost07 ($221.19 in chips)
Rus29APX: posts small blind $1
permafrost07: posts big blind $3
*** HOLE CARDS ***
Rus29APX: folds
Uncalled bet ($2) returned to permafrost07
permafrost07 collected $2 from pot
permafrost07: doesn't show hand
*** SUMMARY ***
Total pot $2 | Rake $0
Seat 1: Rus29APX (button) (small blind) folded before Flop
Seat 2: permafrost07 (big blind) collected ($2)


PokerStars Hand #146677026340:  Hold'em Limit ($3/$6 USD) - 2016/01/08 8:59:49 ET
Table 'Naema' 2-max Seat #2 is the button
Seat 1: Rus29APX ($384.29 in chips)
Seat 2: permafrost07 ($215.43 in chips)
permafrost07: posts small blind $1
Rus29APX: posts big blind $3
*** HOLE CARDS ***
permafrost07: raises $3 to $6
Rus29APX: calls $3
*** FLOP *** [5s 9c 3h]
Rus29APX: checks
permafrost07: checks
*** TURN *** [5s 9c 3h] [3d]
Rus29APX: checks
permafrost07: checks
*** RIVER *** [5s 9c 3h 3d] [8d]
Rus29APX: checks
permafrost07: checks
*** SHOW DOWN ***
Rus29APX: shows [Qs 2d] (a pair of Threes)
permafrost07: shows [5d 6h] (two pair, Fives and Threes)
permafrost07 collected $11.76 from pot
*** SUMMARY ***
Total pot $12 | Rake $0.24
Board [5s 9c 3h 3d 8d]
Seat 1: Rus29APX (big blind) showed [Qs 2d] and lost with a pair of Threes
Seat 2: permafrost07 (button) (small blind) showed [5d 6h] and won ($11.76) with two pair, Fives and Threes


PokerStars Hand #146677039353:  Hold'em Limit ($3/$6 USD) - 2016/01/08 9:00:10 ET
Table 'Naema' 2-max Seat #2 is the button
Seat 1: Rus29APX ($377.29 in chips)
Seat 2: permafrost07 ($222.19 in chips)
permafrost07: posts small blind $1
Rus29APX: posts big blind $3
*** HOLE CARDS ***
permafrost07: calls $2
Rus29APX: raises $3 to $6
permafrost07: calls $3
*** FLOP *** [Ts 8s Qs]
Rus29APX: bets $3
permafrost07: calls $3
*** TURN *** [Ts 8s Qs] [5c]
Rus29APX: checks
permafrost07: checks
*** RIVER *** [Ts 8s Qs 5c] [4d]
Rus29APX: checks
permafrost07: checks
*** SHOW DOWN ***
Rus29APX: shows [7d Kd] (high card King)
permafrost07: shows [3h 5s] (a pair of Fives)
permafrost07 collected $17.64 from pot
*** SUMMARY ***
Total pot $18 | Rake $0.36
Board [Ts 8s Qs 5c 4d]
Seat 1: Rus29APX (big blind) showed [7d Kd] and lost with high card King
Seat 2: permafrost07 (button) (small blind) showed [3h 5s] and won ($17.64) with a pair of Fives


PokerStars Hand #146677050624:  Hold'em Limit ($3/$6 USD) - 2016/01/08 9:00:27 ET
Table 'Naema' 2-max Seat #1 is the button
Seat 1: Rus29APX ($368.29 in chips)
Seat 2: permafrost07 ($230.83 in chips)
Rus29APX: posts small blind $1
permafrost07: posts big blind $3
*** HOLE CARDS ***
Rus29APX: folds
Uncalled bet ($2) returned to permafrost07
permafrost07 collected $2 from pot
permafrost07: doesn't show hand
*** SUMMARY ***
Total pot $2 | Rake $0
Seat 1: Rus29APX (button) (small blind) folded before Flop
Seat 2: permafrost07 (big blind) collected ($2)


PokerStars Hand #146677023355:  Hold'em Limit ($3/$6 USD) - 2016/01/08 8:59:44 ET
Table 'Naema' 2-max Seat #1 is the button
Seat 1: Rus29APX ($385.29 in chips)
Seat 2: permafrost07 ($214.43 in chips)
Rus29APX: posts small blind $1
permafrost07: posts big blind $3
*** HOLE CARDS ***
Rus29APX: folds
Uncalled bet ($2) returned to permafrost07
permafrost07 collected $2 from pot
permafrost07: doesn't show hand
*** SUMMARY ***
Total pot $2 | Rake $0
Seat 1: Rus29APX (button) (small blind) folded before Flop
Seat 2: permafrost07 (big blind) collected ($2)


PokerStars Hand #146677014645:  Hold'em Limit ($3/$6 USD) - 2016/01/08 8:59:30 ET
Table 'Naema' 2-max Seat #2 is the button
Seat 1: Rus29APX ($391.29 in chips)
Seat 2: permafrost07 ($208.67 in chips)
permafrost07: posts small blind $1
Rus29APX: posts big blind $3
*** HOLE CARDS ***
permafrost07: raises $3 to $6
Rus29APX: calls $3
*** FLOP *** [Ad 5h 7s]
Rus29APX: checks
permafrost07: checks
*** TURN *** [Ad 5h 7s] [7h]
Rus29APX: checks
permafrost07: bets $6
Rus29APX: folds
Uncalled bet ($6) returned to permafrost07
permafrost07 collected $11.76 from pot
permafrost07: doesn't show hand
*** SUMMARY ***
Total pot $12 | Rake $0.24
Board [Ad 5h 7s 7h]
Seat 1: Rus29APX (big blind) folded on the Turn
Seat 2: permafrost07 (button) (small blind) collected ($11.76)


PokerStars Hand #146677053718:  Hold'em Limit ($3/$6 USD) - 2016/01/08 9:00:31 ET
Table 'Naema' 2-max Seat #2 is the button
Seat 1: Rus29APX ($367.29 in chips)
Seat 2: permafrost07 ($231.83 in chips)
permafrost07: posts small blind $1
Rus29APX: posts big blind $3
*** HOLE CARDS ***
permafrost07: raises $3 to $6
Rus29APX: calls $3
*** FLOP *** [Js 9h Th]
Rus29APX: checks
permafrost07: bets $3
Rus29APX: calls $3
*** TURN *** [Js 9h Th] [9s]
Rus29APX: checks
permafrost07: bets $6
Rus29APX: calls $6
*** RIVER *** [Js 9h Th 9s] [Kd]
Rus29APX: checks
permafrost07: checks
*** SHOW DOWN ***
Rus29APX: shows [8h 6h] (a pair of Nines)
permafrost07: shows [9d 7s] (three of a kind, Nines)
permafrost07 collected $29.50 from pot
*** SUMMARY ***
Total pot $30 | Rake $0.50
Board [Js 9h Th 9s Kd]
Seat 1: Rus29APX (big blind) showed [8h 6h] and lost with a pair of Nines
Seat 2: permafrost07 (button) (small blind) showed [9d 7s] and won ($29.50) with three of a kind, Nines


PokerStars Hand #146677070535:  Hold'em Limit ($3/$6 USD) - 2016/01/08 9:00:57 ET
Table 'Naema' 2-max Seat #1 is the button
Seat 1: Rus29APX ($352.29 in chips)
Seat 2: permafrost07 ($246.33 in chips)
Rus29APX: posts small blind $1
permafrost07: posts big blind $3
*** HOLE CARDS ***
Rus29APX: raises $3 to $6
permafrost07: raises $3 to $9
Rus29APX: calls $3
*** FLOP *** [8s Ks 3s]
permafrost07: bets $3
Rus29APX: calls $3
*** TURN *** [8s Ks 3s] [7c]
permafrost07: bets $6
Rus29APX: raises $6 to $12
permafrost07: raises $6 to $18
Rus29APX: calls $6
*** RIVER *** [8s Ks 3s 7c] [4h]
permafrost07: bets $6
Rus29APX: calls $6
*** SHOW DOWN ***
permafrost07: shows [6s 7s] (a flush, King high)
Rus29APX: mucks hand
permafrost07 collected $71.50 from pot
*** SUMMARY ***
Total pot $72 | Rake $0.50
Board [8s Ks 3s 7c 4h]
Seat 1: Rus29APX (button) (small blind) mucked
Seat 2: permafrost07 (big blind) showed [6s 7s] and won ($71.50) with a flush, King high


PokerStars Hand #146677084923:  Hold'em Limit ($3/$6 USD) - 2016/01/08 9:01:18 ET
Table 'Naema' 2-max Seat #2 is the button
Seat 1: Rus29APX ($316.29 in chips)
Seat 2: permafrost07 ($281.83 in chips)
permafrost07: posts small blind $1
Rus29APX: posts big blind $3
*** HOLE CARDS ***
permafrost07: raises $3 to $6
Rus29APX: calls $3
*** FLOP *** [Ks 5h 2s]
Rus29APX: bets $3
permafrost07: raises $3 to $6
Rus29APX: calls $3
*** TURN *** [Ks 5h 2s] [As]
Rus29APX: checks
permafrost07: checks
*** RIVER *** [Ks 5h 2s As] [6h]
Rus29APX: checks
permafrost07: checks
*** SHOW DOWN ***
Rus29APX: shows [5s 9c] (a pair of Fives)
permafrost07: mucks hand
Rus29APX collected $23.52 from pot
*** SUMMARY ***
Total pot $24 | Rake $0.48
Board [Ks 5h 2s As 6h]
Seat 1: Rus29APX (big blind) showed [5s 9c] and won ($23.52) with a pair of Fives
Seat 2: permafrost07 (button) (small blind) mucked


PokerStars Hand #146677099175:  Hold'em Limit ($3/$6 USD) - 2016/01/08 9:01:39 ET
Table 'Naema' 2-max Seat #1 is the button
Seat 1: Rus29APX ($327.81 in chips)
Seat 2: permafrost07 ($269.83 in chips)
Rus29APX: posts small blind $1
permafrost07: posts big blind $3
*** HOLE CARDS ***
Rus29APX: raises $3 to $6
permafrost07: calls $3
*** FLOP *** [5c 9c Jh]
permafrost07: checks
Rus29APX: bets $3
permafrost07: folds
Uncalled bet ($3) returned to Rus29APX
Rus29APX collected $11.76 from pot
Rus29APX: doesn't show hand
*** SUMMARY ***
Total pot $12 | Rake $0.24
Board [5c 9c Jh]
Seat 1: Rus29APX (button) (small blind) collected ($11.76)
Seat 2: permafrost07 (big blind) folded on the Flop


PokerStars Hand #146677110145:  Hold'em Limit ($3/$6 USD) - 2016/01/08 9:01:54 ET
Table 'Naema' 2-max Seat #2 is the button
Seat 1: Rus29APX ($333.57 in chips)
Seat 2: permafrost07 ($263.83 in chips)
permafrost07: posts small blind $1
Rus29APX: posts big blind $3
*** HOLE CARDS ***
permafrost07: raises $3 to $6
Rus29APX: calls $3
*** FLOP *** [7d 8d 4d]
Rus29APX: bets $3
permafrost07: calls $3
*** TURN *** [7d 8d 4d] [8c]
Rus29APX: bets $6
permafrost07: calls $6
*** RIVER *** [7d 8d 4d 8c] [2c]
Rus29APX: bets $6
permafrost07: calls $6
*** SHOW DOWN ***
Rus29APX: shows [4c 5d] (two pair, Eights and Fours)
permafrost07: shows [5c 7s] (two pair, Eights and Sevens)
permafrost07 collected $41.50 from pot
*** SUMMARY ***
Total pot $42 | Rake $0.50
Board [7d 8d 4d 8c 2c]
Seat 1: Rus29APX (big blind) showed [4c 5d] and lost with two pair, Eights and Fours
Seat 2: permafrost07 (button) (small blind) showed [5c 7s] and won ($41.50) with two pair, Eights and Sevens


PokerStars Hand #146677147479:  Hold'em Limit ($3/$6 USD) - 2016/01/08 9:02:45 ET
Table 'Naema' 2-max Seat #2 is the button
Seat 1: Rus29APX ($327.07 in chips)
Seat 2: permafrost07 ($269.33 in chips)
permafrost07: posts small blind $1
Rus29APX: posts big blind $3
*** HOLE CARDS ***
permafrost07: raises $3 to $6
Rus29APX: calls $3
*** FLOP *** [Th Tc 4d]
Rus29APX: checks
permafrost07: bets $3
Rus29APX: raises $3 to $6
permafrost07: folds
Uncalled bet ($3) returned to Rus29APX
Rus29APX collected $17.64 from pot
Rus29APX: doesn't show hand
*** SUMMARY ***
Total pot $18 | Rake $0.36
Board [Th Tc 4d]
Seat 1: Rus29APX (big blind) collected ($17.64)
Seat 2: permafrost07 (button) (small blind) folded on the Flop


PokerStars Hand #146677164689:  Hold'em Limit ($3/$6 USD) - 2016/01/08 9:03:08 ET
Table 'Naema' 2-max Seat #1 is the button
Seat 1: Rus29APX ($335.71 in chips)
Seat 2: permafrost07 ($260.33 in chips)
Rus29APX: posts small blind $1
permafrost07: posts big blind $3
*** HOLE CARDS ***
Rus29APX: raises $3 to $6
permafrost07: calls $3
*** FLOP *** [Qh Ac Kh]
permafrost07: bets $3
Rus29APX: calls $3
*** TURN *** [Qh Ac Kh] [3d]
permafrost07: checks
Rus29APX: checks
*** RIVER *** [Qh Ac Kh 3d] [6c]
permafrost07: checks
Rus29APX: checks
*** SHOW DOWN ***
permafrost07: shows [8h Tc] (high card Ace)
Rus29APX: shows [Jd Js] (a pair of Jacks)
Rus29APX collected $17.64 from pot
*** SUMMARY ***
Total pot $18 | Rake $0.36
Board [Qh Ac Kh 3d 6c]
Seat 1: Rus29APX (button) (small blind) showed [Jd Js] and won ($17.64) with a pair of Jacks
Seat 2: permafrost07 (big blind) showed [8h Tc] and lost with high card Ace


PokerStars Hand #146677126526:  Hold'em Limit ($3/$6 USD) - 2016/01/08 9:02:18 ET
Table 'Naema' 2-max Seat #1 is the button
Seat 1: Rus29APX ($312.57 in chips)
Seat 2: permafrost07 ($284.33 in chips)
Rus29APX: posts small blind $1
permafrost07: posts big blind $3
*** HOLE CARDS ***
Rus29APX: calls $2
permafrost07: checks
*** FLOP *** [6s Kc 5c]
permafrost07: checks
Rus29APX: checks
*** TURN *** [6s Kc 5c] [3c]
permafrost07: checks
Rus29APX: bets $6
permafrost07: calls $6
*** RIVER *** [6s Kc 5c 3c] [As]
permafrost07: checks
Rus29APX: bets $6
permafrost07: calls $6
*** SHOW DOWN ***
Rus29APX: shows [9c 4c] (a flush, King high)
permafrost07: mucks hand
Rus29APX collected $29.50 from pot
*** SUMMARY ***
Total pot $30 | Rake $0.50
Board [6s Kc 5c 3c As]
Seat 1: Rus29APX (button) (small blind) showed [9c 4c] and won ($29.50) with a flush, King high
Seat 2: permafrost07 (big blind) mucked


PokerStars Hand #146677198959:  Hold'em Limit ($3/$6 USD) - 2016/01/08 9:03:54 ET
Table 'Naema' 2-max Seat #1 is the button
Seat 1: Rus29APX ($302.35 in chips)
Seat 2: permafrost07 ($292.83 in chips)
Rus29APX: posts small blind $1
permafrost07: posts big blind $3
*** HOLE CARDS ***
Rus29APX: raises $3 to $6
permafrost07: calls $3
*** FLOP *** [6s 6h Td]
permafrost07: bets $3
Rus29APX: calls $3
*** TURN *** [6s 6h Td] [5h]
permafrost07: bets $6
Rus29APX: folds
Uncalled bet ($6) returned to permafrost07
permafrost07 collected $17.64 from pot
permafrost07: doesn't show hand
*** SUMMARY ***
Total pot $18 | Rake $0.36
Board [6s 6h Td 5h]
Seat 1: Rus29APX (button) (small blind) folded on the Turn
Seat 2: permafrost07 (big blind) collected ($17.64)


PokerStars Hand #146677212966:  Hold'em Limit ($3/$6 USD) - 2016/01/08 9:04:12 ET
Table 'Naema' 2-max Seat #2 is the button
Seat 1: Rus29APX ($293.35 in chips)
Seat 2: permafrost07 ($301.47 in chips)
permafrost07: posts small blind $1
Rus29APX: posts big blind $3
*** HOLE CARDS ***
permafrost07: raises $3 to $6
Rus29APX: calls $3
*** FLOP *** [4d 5c 3d]
Rus29APX: bets $3
permafrost07: raises $3 to $6
Rus29APX: calls $3
*** TURN *** [4d 5c 3d] [6s]
Rus29APX: checks
permafrost07: bets $6
Rus29APX: calls $6
*** RIVER *** [4d 5c 3d 6s] [Jc]
Rus29APX: checks
permafrost07: checks
*** SHOW DOWN ***
Rus29APX: shows [4s Qs] (a pair of Fours)
permafrost07: shows [9c 9s] (a pair of Nines)
permafrost07 collected $35.50 from pot
*** SUMMARY ***
Total pot $36 | Rake $0.50
Board [4d 5c 3d 6s Jc]
Seat 1: Rus29APX (big blind) showed [4s Qs] and lost with a pair of Fours
Seat 2: permafrost07 (button) (small blind) showed [9c 9s] and won ($35.50) with a pair of Nines


PokerStars Hand #146677183125:  Hold'em Limit ($3/$6 USD) - 2016/01/08 9:03:33 ET
Table 'Naema' 2-max Seat #2 is the button
Seat 1: Rus29APX ($344.35 in chips)
Seat 2: permafrost07 ($251.33 in chips)
permafrost07: posts small blind $1
Rus29APX: posts big blind $3
*** HOLE CARDS ***
permafrost07: raises $3 to $6
Rus29APX: raises $3 to $9
permafrost07: raises $3 to $12
Betting is capped
Rus29APX: calls $3
*** FLOP *** [Kd 8d 4c]
Rus29APX: bets $3
permafrost07: raises $3 to $6
Rus29APX: raises $3 to $9
permafrost07: raises $3 to $12
Betting is capped
Rus29APX: calls $3
*** TURN *** [Kd 8d 4c] [8h]
Rus29APX: bets $6
permafrost07: raises $6 to $12
Rus29APX: calls $6
*** RIVER *** [Kd 8d 4c 8h] [Qs]
Rus29APX: checks
permafrost07: bets $6
Rus29APX: calls $6
*** SHOW DOWN ***
permafrost07: shows [4h 4s] (a full house, Fours full of Eights)
Rus29APX: mucks hand
permafrost07 collected $83.50 from pot
*** SUMMARY ***
Total pot $84 | Rake $0.50
Board [Kd 8d 4c 8h Qs]
Seat 1: Rus29APX (big blind) mucked
Seat 2: permafrost07 (button) (small blind) showed [4h 4s] and won ($83.50) with a full house, Fours full of Eights


PokerStars Hand #146677227547:  Hold'em Limit ($3/$6 USD) - 2016/01/08 9:04:32 ET
Table 'Naema' 2-max Seat #1 is the button
Seat 1: Rus29APX ($275.35 in chips)
Seat 2: permafrost07 ($318.97 in chips)
Rus29APX: posts small blind $1
permafrost07: posts big blind $3
*** HOLE CARDS ***
Rus29APX: raises $3 to $6
permafrost07: raises $3 to $9
Rus29APX: calls $3
*** FLOP *** [Ks 7d 3h]
permafrost07: bets $3
Rus29APX: calls $3
*** TURN *** [Ks 7d 3h] [4c]
permafrost07: checks
Rus29APX: checks
*** RIVER *** [Ks 7d 3h 4c] [Js]
permafrost07: checks
Rus29APX: checks
*** SHOW DOWN ***
permafrost07: shows [Qh Ah] (high card Ace)
Rus29APX: mucks hand
permafrost07 collected $23.52 from pot
*** SUMMARY ***
Total pot $24 | Rake $0.48
Board [Ks 7d 3h 4c Js]
Seat 1: Rus29APX (button) (small blind) mucked
Seat 2: permafrost07 (big blind) showed [Qh Ah] and won ($23.52) with high card Ace


