PokerStars Hand #156657456052:  Hold'em Limit ($3/$6 USD) - 2016/07/30 20:08:03 ET
Table 'Naema' 6-max Seat #6 is the button
Seat 2: RaisemyNut$ ($181.48 in chips)
Seat 6: ABATAPP ($117 in chips)
ABATAPP: posts small blind $1
ValeryRon: is sitting out
RaisemyNut$: posts big blind $3
*** HOLE CARDS ***
ABATAPP: raises $3 to $6
ValeryRon leaves the table
RaisemyNut$: calls $3
*** FLOP *** [5s 4d 9c]
RaisemyNut$: checks
ABATAPP: checks
*** TURN *** [5s 4d 9c] [7c]
RaisemyNut$: bets $6
ABATAPP: calls $6
*** RIVER *** [5s 4d 9c 7c] [2h]
RaisemyNut$: bets $6
ABATAPP: calls $6
*** SHOW DOWN ***
RaisemyNut$: shows [Ac 3s] (a straight, Ace to Five)
ABATAPP: mucks hand
RaisemyNut$ collected $35.50 from pot
*** SUMMARY ***
Total pot $36 | Rake $0.50
Board [5s 4d 9c 7c 2h]
Seat 2: RaisemyNut$ (big blind) showed [Ac 3s] and won ($35.50) with a straight, Ace to Five
Seat 6: ABATAPP (button) (small blind) mucked


PokerStars Hand #156662251109:  Hold'em Limit ($3/$6 USD) - 2016/07/30 23:44:01 ET
Table 'Naema' 6-max Seat #5 is the button
Seat 2: RaisemyNut$ ($391.53 in chips)
Seat 5: pogi74 ($180.81 in chips)
pogi74: posts small blind $1
Masqb: is sitting out
RaisemyNut$: posts big blind $3
*** HOLE CARDS ***
pogi74: raises $3 to $6
Masqb leaves the table
RaisemyNut$: calls $3
*** FLOP *** [5s 7d Qc]
RaisemyNut$: checks
pogi74: bets $3
RaisemyNut$: calls $3
*** TURN *** [5s 7d Qc] [6d]
RaisemyNut$: checks
pogi74: bets $6
RaisemyNut$: calls $6
*** RIVER *** [5s 7d Qc 6d] [9d]
RaisemyNut$: checks
pogi74: checks
*** SHOW DOWN ***
RaisemyNut$: shows [Td 5h] (a pair of Fives)
pogi74: shows [3h 6h] (a pair of Sixes)
pogi74 collected $29.50 from pot
*** SUMMARY ***
Total pot $30 | Rake $0.50
Board [5s 7d Qc 6d 9d]
Seat 2: RaisemyNut$ (big blind) showed [Td 5h] and lost with a pair of Fives
Seat 5: pogi74 (button) (small blind) showed [3h 6h] and won ($29.50) with a pair of Sixes


PokerStars Hand #156662257065:  Hold'em Limit ($3/$6 USD) - 2016/07/30 23:44:23 ET
Table 'Naema' 6-max Seat #2 is the button
Seat 2: RaisemyNut$ ($376.53 in chips)
Seat 5: pogi74 ($195.31 in chips)
RaisemyNut$: posts small blind $1
pogi74: posts big blind $3
*** HOLE CARDS ***
RaisemyNut$: folds
Uncalled bet ($2) returned to pogi74
pogi74 collected $2 from pot
pogi74: doesn't show hand
*** SUMMARY ***
Total pot $2 | Rake $0
Seat 2: RaisemyNut$ (button) (small blind) folded before Flop
Seat 5: pogi74 (big blind) collected ($2)


PokerStars Hand #156662267289:  Hold'em Limit ($3/$6 USD) - 2016/07/30 23:45:00 ET
Table 'Naema' 6-max Seat #5 is the button
Seat 2: RaisemyNut$ ($399.03 in chips)
Seat 5: pogi74 ($172.31 in chips)
pogi74: posts small blind $1
RaisemyNut$: posts big blind $3
*** HOLE CARDS ***
pogi74: folds
Uncalled bet ($2) returned to RaisemyNut$
RaisemyNut$ collected $2 from pot
RaisemyNut$: doesn't show hand
*** SUMMARY ***
Total pot $2 | Rake $0
Seat 2: RaisemyNut$ (big blind) collected ($2)
Seat 5: pogi74 (button) (small blind) folded before Flop


PokerStars Hand #156662258641:  Hold'em Limit ($3/$6 USD) - 2016/07/30 23:44:29 ET
Table 'Naema' 6-max Seat #5 is the button
Seat 2: RaisemyNut$ ($375.53 in chips)
Seat 5: pogi74 ($196.31 in chips)
pogi74: posts small blind $1
RaisemyNut$: posts big blind $3
*** HOLE CARDS ***
pogi74: raises $3 to $6
RaisemyNut$: raises $3 to $9
pogi74: raises $3 to $12
Betting is capped
RaisemyNut$: calls $3
*** FLOP *** [8c 5s 9h]
RaisemyNut$: checks
pogi74: bets $3
RaisemyNut$: calls $3
*** TURN *** [8c 5s 9h] [Th]
RaisemyNut$: checks
pogi74: bets $6
RaisemyNut$: calls $6
*** RIVER *** [8c 5s 9h Th] [Ac]
RaisemyNut$: checks
pogi74: checks
*** SHOW DOWN ***
RaisemyNut$: shows [7s 7d] (a pair of Sevens)
pogi74: mucks hand
RaisemyNut$ collected $41.50 from pot
*** SUMMARY ***
Total pot $42 | Rake $0.50
Board [8c 5s 9h Th Ac]
Seat 2: RaisemyNut$ (big blind) showed [7s 7d] and won ($41.50) with a pair of Sevens
Seat 5: pogi74 (button) (small blind) mucked


PokerStars Hand #156662277070:  Hold'em Limit ($3/$6 USD) - 2016/07/30 23:45:35 ET
Table 'Naema' 6-max Seat #5 is the button
Seat 2: RaisemyNut$ ($423.53 in chips)
Seat 5: pogi74 ($147.31 in chips)
pogi74: posts small blind $1
RaisemyNut$: posts big blind $3
*** HOLE CARDS ***
pogi74: folds
Uncalled bet ($2) returned to RaisemyNut$
RaisemyNut$ collected $2 from pot
RaisemyNut$: doesn't show hand
*** SUMMARY ***
Total pot $2 | Rake $0
Seat 2: RaisemyNut$ (big blind) collected ($2)
Seat 5: pogi74 (button) (small blind) folded before Flop


PokerStars Hand #156662268860:  Hold'em Limit ($3/$6 USD) - 2016/07/30 23:45:06 ET
Table 'Naema' 6-max Seat #2 is the button
Seat 2: RaisemyNut$ ($400.03 in chips)
Seat 5: pogi74 ($171.31 in chips)
RaisemyNut$: posts small blind $1
pogi74: posts big blind $3
*** HOLE CARDS ***
RaisemyNut$: raises $3 to $6
pogi74: raises $3 to $9
RaisemyNut$: calls $3
*** FLOP *** [Jc 3s 4c]
pogi74: bets $3
RaisemyNut$: calls $3
*** TURN *** [Jc 3s 4c] [Ad]
pogi74: bets $6
RaisemyNut$: raises $6 to $12
pogi74: calls $6
*** RIVER *** [Jc 3s 4c Ad] [Td]
pogi74: checks
RaisemyNut$: checks
*** SHOW DOWN ***
pogi74: shows [6h 5d] (high card Ace)
RaisemyNut$: shows [8c Qh] (high card Ace - Queen kicker)
RaisemyNut$ collected $47.50 from pot
*** SUMMARY ***
Total pot $48 | Rake $0.50
Board [Jc 3s 4c Ad Td]
Seat 2: RaisemyNut$ (button) (small blind) showed [8c Qh] and won ($47.50) with high card Ace
Seat 5: pogi74 (big blind) showed [6h 5d] and lost with high card Ace


PokerStars Hand #156662278850:  Hold'em Limit ($3/$6 USD) - 2016/07/30 23:45:42 ET
Table 'Naema' 6-max Seat #2 is the button
Seat 2: RaisemyNut$ ($424.53 in chips)
Seat 5: pogi74 ($146.31 in chips)
RaisemyNut$: posts small blind $1
pogi74: posts big blind $3
*** HOLE CARDS ***
RaisemyNut$: raises $3 to $6
pogi74: raises $3 to $9
RaisemyNut$: calls $3
*** FLOP *** [Jd Js 5s]
pogi74: bets $3
RaisemyNut$: calls $3
*** TURN *** [Jd Js 5s] [5d]
pogi74: bets $6
RaisemyNut$: calls $6
*** RIVER *** [Jd Js 5s 5d] [9c]
pogi74: bets $6
RaisemyNut$: calls $6
*** SHOW DOWN ***
pogi74: shows [8s 8d] (two pair, Jacks and Eights)
RaisemyNut$: mucks hand
pogi74 collected $47.50 from pot
*** SUMMARY ***
Total pot $48 | Rake $0.50
Board [Jd Js 5s 5d 9c]
Seat 2: RaisemyNut$ (button) (small blind) mucked
Seat 5: pogi74 (big blind) showed [8s 8d] and won ($47.50) with two pair, Jacks and Eights


PokerStars Hand #156662284783:  Hold'em Limit ($3/$6 USD) - 2016/07/30 23:46:04 ET
Table 'Naema' 6-max Seat #5 is the button
Seat 2: RaisemyNut$ ($400.53 in chips)
Seat 5: pogi74 ($169.81 in chips)
pogi74: posts small blind $1
RaisemyNut$: posts big blind $3
*** HOLE CARDS ***
pogi74: raises $3 to $6
RaisemyNut$: folds
Uncalled bet ($3) returned to pogi74
pogi74 collected $6 from pot
pogi74: doesn't show hand
*** SUMMARY ***
Total pot $6 | Rake $0
Seat 2: RaisemyNut$ (big blind) folded before Flop
Seat 5: pogi74 (button) (small blind) collected ($6)


PokerStars Hand #156662286466:  Hold'em Limit ($3/$6 USD) - 2016/07/30 23:46:10 ET
Table 'Naema' 6-max Seat #2 is the button
Seat 2: RaisemyNut$ ($397.53 in chips)
Seat 5: pogi74 ($172.81 in chips)
RaisemyNut$: posts small blind $1
pogi74: posts big blind $3
*** HOLE CARDS ***
RaisemyNut$: raises $3 to $6
pogi74: raises $3 to $9
RaisemyNut$: calls $3
*** FLOP *** [7c 3h Td]
pogi74: bets $3
RaisemyNut$: calls $3
*** TURN *** [7c 3h Td] [4c]
pogi74: bets $6
RaisemyNut$: raises $6 to $12
pogi74: raises $6 to $18
RaisemyNut$: calls $6
*** RIVER *** [7c 3h Td 4c] [Tc]
pogi74: bets $6
RaisemyNut$: raises $6 to $12
pogi74: calls $6
*** SHOW DOWN ***
RaisemyNut$: shows [5s Ts] (three of a kind, Tens)
pogi74: shows [6h 5h] (a straight, Three to Seven)
pogi74 collected $83.50 from pot
*** SUMMARY ***
Total pot $84 | Rake $0.50
Board [7c 3h Td 4c Tc]
Seat 2: RaisemyNut$ (button) (small blind) showed [5s Ts] and lost with three of a kind, Tens
Seat 5: pogi74 (big blind) showed [6h 5h] and won ($83.50) with a straight, Three to Seven


PokerStars Hand #156662314622:  Hold'em Limit ($3/$6 USD) - 2016/07/30 23:47:52 ET
Table 'Naema' 6-max Seat #5 is the button
Seat 2: RaisemyNut$ ($355.03 in chips)
Seat 5: pogi74 ($213.81 in chips)
pogi74: posts small blind $1
RaisemyNut$: posts big blind $3
*** HOLE CARDS ***
pogi74: raises $3 to $6
RaisemyNut$: calls $3
*** FLOP *** [2h Jh 8d]
RaisemyNut$: checks
pogi74: bets $3
RaisemyNut$: folds
Uncalled bet ($3) returned to pogi74
pogi74 collected $11.76 from pot
pogi74: doesn't show hand
*** SUMMARY ***
Total pot $12 | Rake $0.24
Board [2h Jh 8d]
Seat 2: RaisemyNut$ (big blind) folded on the Flop
Seat 5: pogi74 (button) (small blind) collected ($11.76)


PokerStars Hand #156662294344:  Hold'em Limit ($3/$6 USD) - 2016/07/30 23:46:38 ET
Table 'Naema' 6-max Seat #5 is the button
Seat 2: RaisemyNut$ ($355.53 in chips)
Seat 5: pogi74 ($214.31 in chips)
pogi74: posts small blind $1
RaisemyNut$: posts big blind $3
*** HOLE CARDS ***
pogi74: raises $3 to $6
RaisemyNut$: calls $3
*** FLOP *** [4c 8c 2h]
RaisemyNut$: checks
pogi74: bets $3
RaisemyNut$: raises $3 to $6
pogi74: calls $3
*** TURN *** [4c 8c 2h] [7d]
RaisemyNut$: bets $6
pogi74: calls $6
*** RIVER *** [4c 8c 2h 7d] [6c]
RaisemyNut$: checks
pogi74: checks
*** SHOW DOWN ***
RaisemyNut$: shows [Ah 8h] (a pair of Eights)
pogi74: mucks hand
RaisemyNut$ collected $35.50 from pot
*** SUMMARY ***
Total pot $36 | Rake $0.50
Board [4c 8c 2h 7d 6c]
Seat 2: RaisemyNut$ (big blind) showed [Ah 8h] and won ($35.50) with a pair of Eights
Seat 5: pogi74 (button) (small blind) mucked


PokerStars Hand #156662310983:  Hold'em Limit ($3/$6 USD) - 2016/07/30 23:47:39 ET
Table 'Naema' 6-max Seat #5 is the button
Seat 2: RaisemyNut$ ($355.03 in chips)
Seat 5: pogi74 ($213.81 in chips)
pogi74: posts small blind $1
RaisemyNut$: posts big blind $3
*** HOLE CARDS ***
pogi74: folds
Uncalled bet ($2) returned to RaisemyNut$
RaisemyNut$ collected $2 from pot
RaisemyNut$: doesn't show hand
*** SUMMARY ***
Total pot $2 | Rake $0
Seat 2: RaisemyNut$ (big blind) collected ($2)
Seat 5: pogi74 (button) (small blind) folded before Flop


PokerStars Hand #156662303175:  Hold'em Limit ($3/$6 USD) - 2016/07/30 23:47:10 ET
Table 'Naema' 6-max Seat #2 is the button
Seat 2: RaisemyNut$ ($373.03 in chips)
Seat 5: pogi74 ($196.31 in chips)
RaisemyNut$: posts small blind $1
pogi74: posts big blind $3
*** HOLE CARDS ***
RaisemyNut$: raises $3 to $6
pogi74: raises $3 to $9
RaisemyNut$: calls $3
*** FLOP *** [4s Ac Qc]
pogi74: bets $3
RaisemyNut$: calls $3
*** TURN *** [4s Ac Qc] [7c]
pogi74: bets $6
RaisemyNut$: calls $6
*** RIVER *** [4s Ac Qc 7c] [3c]
pogi74: bets $6
RaisemyNut$: folds
Uncalled bet ($6) returned to pogi74
pogi74 collected $35.50 from pot
pogi74: doesn't show hand
*** SUMMARY ***
Total pot $36 | Rake $0.50
Board [4s Ac Qc 7c 3c]
Seat 2: RaisemyNut$ (button) (small blind) folded on the River
Seat 5: pogi74 (big blind) collected ($35.50)


PokerStars Hand #156662312637:  Hold'em Limit ($3/$6 USD) - 2016/07/30 23:47:45 ET
Table 'Naema' 6-max Seat #2 is the button
Seat 2: RaisemyNut$ ($356.03 in chips)
Seat 5: pogi74 ($212.81 in chips)
RaisemyNut$: posts small blind $1
pogi74: posts big blind $3
*** HOLE CARDS ***
RaisemyNut$: folds
Uncalled bet ($2) returned to pogi74
pogi74 collected $2 from pot
pogi74: doesn't show hand
*** SUMMARY ***
Total pot $2 | Rake $0
Seat 2: RaisemyNut$ (button) (small blind) folded before Flop
Seat 5: pogi74 (big blind) collected ($2)


PokerStars Hand #156662318049:  Hold'em Limit ($3/$6 USD) - 2016/07/30 23:48:04 ET
Table 'Naema' 6-max Seat #2 is the button
Seat 2: RaisemyNut$ ($349.03 in chips)
Seat 5: pogi74 ($219.57 in chips)
RaisemyNut$: posts small blind $1
pogi74: posts big blind $3
*** HOLE CARDS ***
RaisemyNut$: raises $3 to $6
pogi74: raises $3 to $9
RaisemyNut$: calls $3
*** FLOP *** [7c Js Jh]
pogi74: bets $3
RaisemyNut$: calls $3
*** TURN *** [7c Js Jh] [2d]
pogi74: bets $6
RaisemyNut$: calls $6
*** RIVER *** [7c Js Jh 2d] [Kh]
pogi74: bets $6
RaisemyNut$: calls $6
*** SHOW DOWN ***
pogi74: shows [5c Qc] (a pair of Jacks)
RaisemyNut$: shows [3c Kd] (two pair, Kings and Jacks)
RaisemyNut$ collected $47.50 from pot
*** SUMMARY ***
Total pot $48 | Rake $0.50
Board [7c Js Jh 2d Kh]
Seat 2: RaisemyNut$ (button) (small blind) showed [3c Kd] and won ($47.50) with two pair, Kings and Jacks
Seat 5: pogi74 (big blind) showed [5c Qc] and lost with a pair of Jacks


PokerStars Hand #156662331821:  Hold'em Limit ($3/$6 USD) - 2016/07/30 23:48:26 ET
Table 'Naema' 6-max Seat #5 is the button
Seat 2: RaisemyNut$ ($372.53 in chips)
Seat 5: pogi74 ($195.57 in chips)
pogi74: posts small blind $1
RaisemyNut$: posts big blind $3
*** HOLE CARDS ***
pogi74: raises $3 to $6
RaisemyNut$: calls $3
*** FLOP *** [As 5d Qd]
RaisemyNut$: checks
pogi74: bets $3
RaisemyNut$: calls $3
*** TURN *** [As 5d Qd] [Qs]
RaisemyNut$: checks
pogi74: bets $6
RaisemyNut$: calls $6
*** RIVER *** [As 5d Qd Qs] [7d]
RaisemyNut$: checks
pogi74: checks
*** SHOW DOWN ***
RaisemyNut$: shows [Jd Th] (a pair of Queens)
pogi74: mucks hand
RaisemyNut$ collected $29.50 from pot
*** SUMMARY ***
Total pot $30 | Rake $0.50
Board [As 5d Qd Qs 7d]
Seat 2: RaisemyNut$ (big blind) showed [Jd Th] and won ($29.50) with a pair of Queens
Seat 5: pogi74 (button) (small blind) mucked


PokerStars Hand #156662337917:  Hold'em Limit ($3/$6 USD) - 2016/07/30 23:48:47 ET
Table 'Naema' 6-max Seat #2 is the button
Seat 2: RaisemyNut$ ($387.03 in chips)
Seat 5: pogi74 ($180.57 in chips)
RaisemyNut$: posts small blind $1
pogi74: posts big blind $3
*** HOLE CARDS ***
RaisemyNut$: raises $3 to $6
pogi74: raises $3 to $9
RaisemyNut$: calls $3
*** FLOP *** [6c Kc 4c]
pogi74: bets $3
RaisemyNut$: calls $3
*** TURN *** [6c Kc 4c] [8c]
pogi74: checks
hairy1961 joins the table at seat #6
RaisemyNut$: bets $6
pogi74 said, "check call?? all the time??"
pogi74: folds
Uncalled bet ($6) returned to RaisemyNut$
RaisemyNut$ collected $23.52 from pot
RaisemyNut$: doesn't show hand
*** SUMMARY ***
Total pot $24 | Rake $0.48
Board [6c Kc 4c 8c]
Seat 2: RaisemyNut$ (button) (small blind) collected ($23.52)
Seat 5: pogi74 (big blind) folded on the Turn


PokerStars Hand #156662352611:  Hold'em Limit ($3/$6 USD) - 2016/07/30 23:49:41 ET
Table 'Naema' 6-max Seat #2 is the button
Seat 2: RaisemyNut$ ($399.55 in chips)
Seat 6: hairy1961 ($60 in chips)
RaisemyNut$: posts small blind $1
pogi74: is sitting out
hairy1961: posts big blind $3
*** HOLE CARDS ***
RaisemyNut$: raises $3 to $6
hairy1961: folds
Uncalled bet ($3) returned to RaisemyNut$
RaisemyNut$ collected $6 from pot
RaisemyNut$: doesn't show hand
*** SUMMARY ***
Total pot $6 | Rake $0
Seat 2: RaisemyNut$ (button) (small blind) collected ($6)
Seat 6: hairy1961 (big blind) folded before Flop


PokerStars Hand #156662844584:  Hold'em Limit ($3/$6 USD) - 2016/07/31 0:21:15 ET
Table 'Naema' 6-max Seat #2 is the button
Seat 1: Scheubi88 ($256.50 in chips)
Seat 2: RaisemyNut$ ($413.44 in chips)
RaisemyNut$: posts small blind $1
Glaucon: is sitting out
Scheubi88: posts big blind $3
*** HOLE CARDS ***
Glaucon leaves the table
RaisemyNut$: raises $3 to $6
Scheubi88: calls $3
*** FLOP *** [Ts 4s 7h]
Scheubi88: checks
RaisemyNut$: bets $3
Scheubi88: calls $3
*** TURN *** [Ts 4s 7h] [8h]
Scheubi88: checks
RaisemyNut$: bets $6
Scheubi88: raises $6 to $12
RaisemyNut$: calls $6
*** RIVER *** [Ts 4s 7h 8h] [3d]
Scheubi88: bets $6
RaisemyNut$: calls $6
*** SHOW DOWN ***
Scheubi88: shows [7c Td] (two pair, Tens and Sevens)
RaisemyNut$: mucks hand
Scheubi88 collected $53.50 from pot
*** SUMMARY ***
Total pot $54 | Rake $0.50
Board [Ts 4s 7h 8h 3d]
Seat 1: Scheubi88 (big blind) showed [7c Td] and won ($53.50) with two pair, Tens and Sevens
Seat 2: RaisemyNut$ (button) (small blind) mucked


PokerStars Hand #156662849947:  Hold'em Limit ($3/$6 USD) - 2016/07/31 0:21:37 ET
Table 'Naema' 6-max Seat #1 is the button
Seat 1: Scheubi88 ($283 in chips)
Seat 2: RaisemyNut$ ($386.44 in chips)
Scheubi88: posts small blind $1
RaisemyNut$: posts big blind $3
*** HOLE CARDS ***
Scheubi88: raises $3 to $6
RaisemyNut$: calls $3
*** FLOP *** [Kh 2s 5d]
RaisemyNut$: checks
Scheubi88: bets $3
RaisemyNut$: calls $3
*** TURN *** [Kh 2s 5d] [Td]
RaisemyNut$: checks
Scheubi88: bets $6
RaisemyNut$: folds
Uncalled bet ($6) returned to Scheubi88
Scheubi88 collected $17.64 from pot
Scheubi88: doesn't show hand
*** SUMMARY ***
Total pot $18 | Rake $0.36
Board [Kh 2s 5d Td]
Seat 1: Scheubi88 (button) (small blind) collected ($17.64)
Seat 2: RaisemyNut$ (big blind) folded on the Turn


PokerStars Hand #156662857501:  Hold'em Limit ($3/$6 USD) - 2016/07/31 0:22:06 ET
Table 'Naema' 6-max Seat #2 is the button
Seat 1: Scheubi88 ($291.64 in chips)
Seat 2: RaisemyNut$ ($377.44 in chips)
RaisemyNut$: posts small blind $1
Scheubi88: posts big blind $3
*** HOLE CARDS ***
RaisemyNut$: raises $3 to $6
Scheubi88: calls $3
*** FLOP *** [4d 4h 9d]
Scheubi88: checks
RaisemyNut$: bets $3
Scheubi88: folds
Uncalled bet ($3) returned to RaisemyNut$
RaisemyNut$ collected $11.76 from pot
RaisemyNut$: doesn't show hand
*** SUMMARY ***
Total pot $12 | Rake $0.24
Board [4d 4h 9d]
Seat 1: Scheubi88 (big blind) folded on the Flop
Seat 2: RaisemyNut$ (button) (small blind) collected ($11.76)


PokerStars Hand #156662864814:  Hold'em Limit ($3/$6 USD) - 2016/07/31 0:22:35 ET
Table 'Naema' 6-max Seat #2 is the button
Seat 1: Scheubi88 ($288.64 in chips)
Seat 2: RaisemyNut$ ($380.20 in chips)
RaisemyNut$: posts small blind $1
Scheubi88: posts big blind $3
*** HOLE CARDS ***
RaisemyNut$: folds
Uncalled bet ($2) returned to Scheubi88
Scheubi88 collected $2 from pot
Scheubi88: doesn't show hand
*** SUMMARY ***
Total pot $2 | Rake $0
Seat 1: Scheubi88 (big blind) collected ($2)
Seat 2: RaisemyNut$ (button) (small blind) folded before Flop


PokerStars Hand #156662866087:  Hold'em Limit ($3/$6 USD) - 2016/07/31 0:22:40 ET
Table 'Naema' 6-max Seat #1 is the button
Seat 1: Scheubi88 ($289.64 in chips)
Seat 2: RaisemyNut$ ($379.20 in chips)
Scheubi88: posts small blind $1
RaisemyNut$: posts big blind $3
*** HOLE CARDS ***
Scheubi88: raises $3 to $6
RaisemyNut$: calls $3
*** FLOP *** [8h Qd Jd]
RaisemyNut$: checks
Scheubi88: bets $3
RaisemyNut$: calls $3
*** TURN *** [8h Qd Jd] [6s]
RaisemyNut$: checks
Scheubi88: bets $6
RaisemyNut$: calls $6
*** RIVER *** [8h Qd Jd 6s] [2d]
RaisemyNut$: checks
Scheubi88: bets $6
RaisemyNut$: calls $6
*** SHOW DOWN ***
Scheubi88: shows [Ts 9d] (a straight, Eight to Queen)
RaisemyNut$: mucks hand
Scheubi88 collected $41.50 from pot
*** SUMMARY ***
Total pot $42 | Rake $0.50
Board [8h Qd Jd 6s 2d]
Seat 1: Scheubi88 (button) (small blind) showed [Ts 9d] and won ($41.50) with a straight, Eight to Queen
Seat 2: RaisemyNut$ (big blind) mucked


PokerStars Hand #156662879440:  Hold'em Limit ($3/$6 USD) - 2016/07/31 0:23:33 ET
Table 'Naema' 6-max Seat #1 is the button
Seat 1: Scheubi88 ($292.14 in chips)
Seat 2: RaisemyNut$ ($375.70 in chips)
Scheubi88: posts small blind $1
RaisemyNut$: posts big blind $3
*** HOLE CARDS ***
Scheubi88: raises $3 to $6
RaisemyNut$: calls $3
*** FLOP *** [Kc Jd 5s]
RaisemyNut$: checks
Scheubi88: bets $3
RaisemyNut$: raises $3 to $6
Scheubi88: calls $3
*** TURN *** [Kc Jd 5s] [9s]
RaisemyNut$: bets $6
Scheubi88: calls $6
*** RIVER *** [Kc Jd 5s 9s] [2h]
RaisemyNut$: checks
Scheubi88: checks
*** SHOW DOWN ***
RaisemyNut$: shows [Qc 3s] (high card King)
Scheubi88: shows [7d 5h] (a pair of Fives)
Scheubi88 collected $35.50 from pot
*** SUMMARY ***
Total pot $36 | Rake $0.50
Board [Kc Jd 5s 9s 2h]
Seat 1: Scheubi88 (button) (small blind) showed [7d 5h] and won ($35.50) with a pair of Fives
Seat 2: RaisemyNut$ (big blind) showed [Qc 3s] and lost with high card King


PokerStars Hand #156662871969:  Hold'em Limit ($3/$6 USD) - 2016/07/31 0:23:04 ET
Table 'Naema' 6-max Seat #2 is the button
Seat 1: Scheubi88 ($310.14 in chips)
Seat 2: RaisemyNut$ ($358.20 in chips)
RaisemyNut$: posts small blind $1
Scheubi88: posts big blind $3
*** HOLE CARDS ***
RaisemyNut$: raises $3 to $6
Scheubi88: raises $3 to $9
RaisemyNut$: calls $3
*** FLOP *** [8c 3c 9d]
Scheubi88: bets $3
Sisi Capwell joins the table at seat #3
RaisemyNut$: calls $3
*** TURN *** [8c 3c 9d] [8h]
Scheubi88: checks
Sisi Capwell leaves the table
Leko leaves the table
RaisemyNut$: bets $6
Scheubi88: calls $6
*** RIVER *** [8c 3c 9d 8h] [Kc]
Scheubi88: checks
RaisemyNut$: checks
*** SHOW DOWN ***
Scheubi88: shows [Ah 7s] (a pair of Eights)
RaisemyNut$: shows [3d Js] (two pair, Eights and Threes)
RaisemyNut$ collected $35.50 from pot
*** SUMMARY ***
Total pot $36 | Rake $0.50
Board [8c 3c 9d 8h Kc]
Seat 1: Scheubi88 (big blind) showed [Ah 7s] and lost with a pair of Eights
Seat 2: RaisemyNut$ (button) (small blind) showed [3d Js] and won ($35.50) with two pair, Eights and Threes


PokerStars Hand #156662884445:  Hold'em Limit ($3/$6 USD) - 2016/07/31 0:23:54 ET
Table 'Naema' 6-max Seat #2 is the button
Seat 1: Scheubi88 ($309.64 in chips)
Seat 2: RaisemyNut$ ($357.70 in chips)
RaisemyNut$: posts small blind $1
Scheubi88: posts big blind $3
*** HOLE CARDS ***
RaisemyNut$: raises $3 to $6
Scheubi88: calls $3
*** FLOP *** [2h 4c 7s]
Scheubi88: checks
RaisemyNut$: bets $3
Scheubi88: folds
Uncalled bet ($3) returned to RaisemyNut$
RaisemyNut$ collected $11.76 from pot
RaisemyNut$: doesn't show hand
*** SUMMARY ***
Total pot $12 | Rake $0.24
Board [2h 4c 7s]
Seat 1: Scheubi88 (big blind) folded on the Flop
Seat 2: RaisemyNut$ (button) (small blind) collected ($11.76)


PokerStars Hand #156662899937:  Hold'em Limit ($3/$6 USD) - 2016/07/31 0:24:56 ET
Table 'Naema' 6-max Seat #2 is the button
Seat 1: Scheubi88 ($267.64 in chips)
Seat 2: RaisemyNut$ ($398.96 in chips)
RaisemyNut$: posts small blind $1
Scheubi88: posts big blind $3
*** HOLE CARDS ***
RaisemyNut$: folds
Uncalled bet ($2) returned to Scheubi88
Scheubi88 collected $2 from pot
Scheubi88: doesn't show hand
*** SUMMARY ***
Total pot $2 | Rake $0
Seat 1: Scheubi88 (big blind) collected ($2)
Seat 2: RaisemyNut$ (button) (small blind) folded before Flop


PokerStars Hand #156662890040:  Hold'em Limit ($3/$6 USD) - 2016/07/31 0:24:16 ET
Table 'Naema' 6-max Seat #1 is the button
Seat 1: Scheubi88 ($303.64 in chips)
Seat 2: RaisemyNut$ ($363.46 in chips)
Scheubi88: posts small blind $1
RaisemyNut$: posts big blind $3
*** HOLE CARDS ***
Scheubi88: raises $3 to $6
RaisemyNut$: raises $3 to $9
Scheubi88: calls $3
*** FLOP *** [3s 7d 6d]
RaisemyNut$: bets $3
Scheubi88: calls $3
*** TURN *** [3s 7d 6d] [Jh]
RaisemyNut$: bets $6
Scheubi88: raises $6 to $12
RaisemyNut$: raises $6 to $18
Scheubi88: calls $6
*** RIVER *** [3s 7d 6d Jh] [4h]
RaisemyNut$: bets $6
Scheubi88: calls $6
*** SHOW DOWN ***
RaisemyNut$: shows [Kh Jd] (a pair of Jacks)
Scheubi88: mucks hand
RaisemyNut$ collected $71.50 from pot
*** SUMMARY ***
Total pot $72 | Rake $0.50
Board [3s 7d 6d Jh 4h]
Seat 1: Scheubi88 (button) (small blind) mucked
Seat 2: RaisemyNut$ (big blind) showed [Kh Jd] and won ($71.50) with a pair of Jacks


PokerStars Hand #156662901199:  Hold'em Limit ($3/$6 USD) - 2016/07/31 0:25:02 ET
Table 'Naema' 6-max Seat #1 is the button
Seat 1: Scheubi88 ($268.64 in chips)
Seat 2: RaisemyNut$ ($397.96 in chips)
Scheubi88: posts small blind $1
RaisemyNut$: posts big blind $3
*** HOLE CARDS ***
Scheubi88: raises $3 to $6
RaisemyNut$: raises $3 to $9
Scheubi88: calls $3
*** FLOP *** [9c 7d 3d]
RaisemyNut$: bets $3
Scheubi88: calls $3
*** TURN *** [9c 7d 3d] [4d]
RaisemyNut$: bets $6
Scheubi88: raises $6 to $12
hairy1961 joins the table at seat #6
RaisemyNut$: calls $6
*** RIVER *** [9c 7d 3d 4d] [4c]
RaisemyNut$: checks
Scheubi88: bets $6
RaisemyNut$: raises $6 to $12
Scheubi88: calls $6
*** SHOW DOWN ***
RaisemyNut$: shows [Qc Jd] (a pair of Fours)
Scheubi88: shows [5c 9h] (two pair, Nines and Fours)
Scheubi88 collected $71.50 from pot
*** SUMMARY ***
Total pot $72 | Rake $0.50
Board [9c 7d 3d 4d 4c]
Seat 1: Scheubi88 (button) (small blind) showed [5c 9h] and won ($71.50) with two pair, Nines and Fours
Seat 2: RaisemyNut$ (big blind) showed [Qc Jd] and lost with a pair of Fours


PokerStars Hand #156664088846:  Hold'em Limit ($3/$6 USD) - 2016/07/31 1:43:12 ET
Table 'Naema' 6-max Seat #2 is the button
Seat 2: Agrotait ($92.18 in chips)
Seat 4: 3mmPLEASE ($112.96 in chips)
Agrotait: posts small blind $1
3mmPLEASE: posts big blind $3
*** HOLE CARDS ***
Agrotait: raises $3 to $6
3mmPLEASE: folds
Uncalled bet ($3) returned to Agrotait
Agrotait collected $6 from pot
Agrotait: doesn't show hand
*** SUMMARY ***
Total pot $6 | Rake $0
Seat 2: Agrotait (button) (small blind) collected ($6)
Seat 4: 3mmPLEASE (big blind) folded before Flop


PokerStars Hand #156664090534:  Hold'em Limit ($3/$6 USD) - 2016/07/31 1:43:19 ET
Table 'Naema' 6-max Seat #4 is the button
Seat 2: Agrotait ($95.18 in chips)
Seat 4: 3mmPLEASE ($109.96 in chips)
3mmPLEASE: posts small blind $1
Agrotait: posts big blind $3
*** HOLE CARDS ***
3mmPLEASE: calls $2
Agrotait: raises $3 to $6
3mmPLEASE: calls $3
*** FLOP *** [As Jc Js]
Agrotait: bets $3
3mmPLEASE: folds
Uncalled bet ($3) returned to Agrotait
Agrotait collected $11.76 from pot
Agrotait: doesn't show hand
*** SUMMARY ***
Total pot $12 | Rake $0.24
Board [As Jc Js]
Seat 2: Agrotait (big blind) collected ($11.76)
Seat 4: 3mmPLEASE (button) (small blind) folded on the Flop


PokerStars Hand #156664097949:  Hold'em Limit ($3/$6 USD) - 2016/07/31 1:43:49 ET
Table 'Naema' 6-max Seat #4 is the button
Seat 2: Agrotait ($103.94 in chips)
Seat 4: 3mmPLEASE ($100.96 in chips)
3mmPLEASE: posts small blind $1
Agrotait: posts big blind $3
*** HOLE CARDS ***
3mmPLEASE: raises $3 to $6
Agrotait: raises $3 to $9
3mmPLEASE: calls $3
*** FLOP *** [4h Jc 8s]
Agrotait: bets $3
3mmPLEASE: calls $3
*** TURN *** [4h Jc 8s] [5c]
Agrotait: bets $6
3mmPLEASE: folds
Uncalled bet ($6) returned to Agrotait
Agrotait collected $23.52 from pot
Agrotait: doesn't show hand
*** SUMMARY ***
Total pot $24 | Rake $0.48
Board [4h Jc 8s 5c]
Seat 2: Agrotait (big blind) collected ($23.52)
Seat 4: 3mmPLEASE (button) (small blind) folded on the Turn


PokerStars Hand #156664095851:  Hold'em Limit ($3/$6 USD) - 2016/07/31 1:43:41 ET
Table 'Naema' 6-max Seat #2 is the button
Seat 2: Agrotait ($100.94 in chips)
Seat 4: 3mmPLEASE ($103.96 in chips)
Agrotait: posts small blind $1
3mmPLEASE: posts big blind $3
*** HOLE CARDS ***
Agrotait: raises $3 to $6
3mmPLEASE: folds
Uncalled bet ($3) returned to Agrotait
Agrotait collected $6 from pot
Agrotait: doesn't show hand
*** SUMMARY ***
Total pot $6 | Rake $0
Seat 2: Agrotait (button) (small blind) collected ($6)
Seat 4: 3mmPLEASE (big blind) folded before Flop


PokerStars Hand #156664115443:  Hold'em Limit ($3/$6 USD) - 2016/07/31 1:45:01 ET
Table 'Naema' 6-max Seat #4 is the button
Seat 2: Agrotait ($114.22 in chips)
Seat 4: 3mmPLEASE ($89.72 in chips)
3mmPLEASE: posts small blind $1
Agrotait: posts big blind $3
*** HOLE CARDS ***
3mmPLEASE: folds
Uncalled bet ($2) returned to Agrotait
Agrotait collected $2 from pot
Agrotait: doesn't show hand
*** SUMMARY ***
Total pot $2 | Rake $0
Seat 2: Agrotait (big blind) collected ($2)
Seat 4: 3mmPLEASE (button) (small blind) folded before Flop


PokerStars Hand #156664114237:  Hold'em Limit ($3/$6 USD) - 2016/07/31 1:44:56 ET
Table 'Naema' 6-max Seat #2 is the button
Seat 2: Agrotait ($115.22 in chips)
Seat 4: 3mmPLEASE ($88.72 in chips)
Agrotait: posts small blind $1
3mmPLEASE: posts big blind $3
*** HOLE CARDS ***
Agrotait: folds
Uncalled bet ($2) returned to 3mmPLEASE
3mmPLEASE collected $2 from pot
3mmPLEASE: doesn't show hand
*** SUMMARY ***
Total pot $2 | Rake $0
Seat 2: Agrotait (button) (small blind) folded before Flop
Seat 4: 3mmPLEASE (big blind) collected ($2)


PokerStars Hand #156664106785:  Hold'em Limit ($3/$6 USD) - 2016/07/31 1:44:25 ET
Table 'Naema' 6-max Seat #2 is the button
Seat 2: Agrotait ($115.46 in chips)
Seat 4: 3mmPLEASE ($88.96 in chips)
Agrotait: posts small blind $1
3mmPLEASE: posts big blind $3
*** HOLE CARDS ***
Agrotait: raises $3 to $6
3mmPLEASE: calls $3
*** FLOP *** [7s Ks 9h]
3mmPLEASE: checks
Agrotait: bets $3
3mmPLEASE: folds
Uncalled bet ($3) returned to Agrotait
Agrotait collected $11.76 from pot
Agrotait: doesn't show hand
*** SUMMARY ***
Total pot $12 | Rake $0.24
Board [7s Ks 9h]
Seat 2: Agrotait (button) (small blind) collected ($11.76)
Seat 4: 3mmPLEASE (big blind) folded on the Flop


PokerStars Hand #156664111267:  Hold'em Limit ($3/$6 USD) - 2016/07/31 1:44:44 ET
Table 'Naema' 6-max Seat #4 is the button
Seat 2: Agrotait ($121.22 in chips)
Seat 4: 3mmPLEASE ($82.96 in chips)
3mmPLEASE: posts small blind $1
Agrotait: posts big blind $3
*** HOLE CARDS ***
3mmPLEASE: raises $3 to $6
Agrotait: calls $3
*** FLOP *** [Kc Tc 9d]
Agrotait: checks
3mmPLEASE: bets $3
Agrotait: folds
Uncalled bet ($3) returned to 3mmPLEASE
3mmPLEASE collected $11.76 from pot
3mmPLEASE: doesn't show hand
*** SUMMARY ***
Total pot $12 | Rake $0.24
Board [Kc Tc 9d]
Seat 2: Agrotait (big blind) folded on the Flop
Seat 4: 3mmPLEASE (button) (small blind) collected ($11.76)


PokerStars Hand #156664116696:  Hold'em Limit ($3/$6 USD) - 2016/07/31 1:45:06 ET
Table 'Naema' 6-max Seat #2 is the button
Seat 2: Agrotait ($115.22 in chips)
Seat 4: 3mmPLEASE ($88.72 in chips)
Agrotait: posts small blind $1
3mmPLEASE: posts big blind $3
*** HOLE CARDS ***
Agrotait: raises $3 to $6
3mmPLEASE: calls $3
*** FLOP *** [7h Jc Ts]
3mmPLEASE: checks
Agrotait: bets $3
3mmPLEASE: raises $3 to $6
Agrotait: calls $3
*** TURN *** [7h Jc Ts] [6d]
3mmPLEASE: bets $6
Agrotait: calls $6
*** RIVER *** [7h Jc Ts 6d] [Qc]
3mmPLEASE: checks
Agrotait: checks
*** SHOW DOWN ***
3mmPLEASE: shows [Td 9c] (a pair of Tens)
Agrotait: shows [Ac Tc] (a pair of Tens - Ace kicker)
Agrotait collected $35.50 from pot
*** SUMMARY ***
Total pot $36 | Rake $0.50
Board [7h Jc Ts 6d Qc]
Seat 2: Agrotait (button) (small blind) showed [Ac Tc] and won ($35.50) with a pair of Tens
Seat 4: 3mmPLEASE (big blind) showed [Td 9c] and lost with a pair of Tens


PokerStars Hand #156664125601:  Hold'em Limit ($3/$6 USD) - 2016/07/31 1:45:42 ET
Table 'Naema' 6-max Seat #4 is the button
Seat 2: Agrotait ($132.72 in chips)
Seat 4: 3mmPLEASE ($70.72 in chips)
3mmPLEASE: posts small blind $1
Agrotait: posts big blind $3
*** HOLE CARDS ***
3mmPLEASE: raises $3 to $6
vitamin168 joins the table at seat #3
Agrotait: calls $3
*** FLOP *** [Kd 6s Kc]
Agrotait: checks
3mmPLEASE: bets $3
Agrotait: calls $3
*** TURN *** [Kd 6s Kc] [7h]
Agrotait: checks
3mmPLEASE: checks
*** RIVER *** [Kd 6s Kc 7h] [3s]
Agrotait: checks
3mmPLEASE: checks
*** SHOW DOWN ***
Agrotait: shows [Ad 5h] (a pair of Kings)
3mmPLEASE: shows [Ah Qc] (a pair of Kings - Ace+Queen kicker)
3mmPLEASE collected $17.64 from pot
*** SUMMARY ***
Total pot $18 | Rake $0.36
Board [Kd 6s Kc 7h 3s]
Seat 2: Agrotait (big blind) showed [Ad 5h] and lost with a pair of Kings
Seat 4: 3mmPLEASE (button) (small blind) showed [Ah Qc] and won ($17.64) with a pair of Kings


PokerStars Hand #156669851342:  Hold'em Limit ($3/$6 USD) - 2016/07/31 6:33:21 ET
Table 'Naema' 6-max Seat #1 is the button
Seat 1: Ag3r0n ($184.42 in chips)
Seat 4: The_Flute ($83.09 in chips)
Ag3r0n: posts small blind $1
The_Flute: posts big blind $3
*** HOLE CARDS ***
Ag3r0n: folds
Uncalled bet ($2) returned to The_Flute
The_Flute collected $2 from pot
The_Flute: doesn't show hand
*** SUMMARY ***
Total pot $2 | Rake $0
Seat 1: Ag3r0n (button) (small blind) folded before Flop
Seat 4: The_Flute (big blind) collected ($2)


PokerStars Hand #156669842113:  Hold'em Limit ($3/$6 USD) - 2016/07/31 6:33:00 ET
Table 'Naema' 6-max Seat #4 is the button
Seat 1: Ag3r0n ($190.42 in chips)
Seat 4: The_Flute ($77.33 in chips)
The_Flute: posts small blind $1
Ag3r0n: posts big blind $3
*** HOLE CARDS ***
The_Flute: raises $3 to $6
Ag3r0n: calls $3
*** FLOP *** [4h Qs Qh]
Ag3r0n: checks
The_Flute: checks
*** TURN *** [4h Qs Qh] [3d]
Ag3r0n: checks
The_Flute: checks
*** RIVER *** [4h Qs Qh 3d] [2s]
Ag3r0n: checks
The_Flute: checks
*** SHOW DOWN ***
Ag3r0n: shows [7c 5c] (a pair of Queens)
The_Flute: shows [Tc 9c] (a pair of Queens - Ten kicker)
The_Flute collected $11.76 from pot
*** SUMMARY ***
Total pot $12 | Rake $0.24
Board [4h Qs Qh 3d 2s]
Seat 1: Ag3r0n (big blind) showed [7c 5c] and lost with a pair of Queens
Seat 4: The_Flute (button) (small blind) showed [Tc 9c] and won ($11.76) with a pair of Queens


PokerStars Hand #156669839455:  Hold'em Limit ($3/$6 USD) - 2016/07/31 6:32:54 ET
Table 'Naema' 6-max Seat #1 is the button
Seat 1: Ag3r0n ($191.42 in chips)
Seat 4: The_Flute ($76.33 in chips)
Ag3r0n: posts small blind $1
The_Flute: posts big blind $3
*** HOLE CARDS ***
Ag3r0n: folds
Uncalled bet ($2) returned to The_Flute
The_Flute collected $2 from pot
The_Flute: doesn't show hand
*** SUMMARY ***
Total pot $2 | Rake $0
Seat 1: Ag3r0n (button) (small blind) folded before Flop
Seat 4: The_Flute (big blind) collected ($2)


