PokerStars Hand #173442988211:  Hold'em Limit ($3/$6 USD) - 2017/07/24 8:31:32 ET
Table 'Naiad' 6-max Seat #4 is the button
Seat 2: matys112 ($102 in chips)
Seat 4: Whatze Phuck ($96.50 in chips)
Whatze Phuck: posts small blind $1
matys112: posts big blind $3
*** HOLE CARDS ***
Whatze Phuck: raises $3 to $6
matys112: calls $3
*** FLOP *** [5d 8s Jd]
matys112: checks
Whatze Phuck: bets $3
matys112: raises $3 to $6
Whatze Phuck: folds
Uncalled bet ($3) returned to matys112
matys112 collected $17.64 from pot
matys112: doesn't show hand
*** SUMMARY ***
Total pot $18 | Rake $0.36
Board [5d 8s Jd]
Seat 2: matys112 (big blind) collected ($17.64)
Seat 4: Whatze Phuck (button) (small blind) folded on the Flop


PokerStars Hand #173442978604:  Hold'em Limit ($3/$6 USD) - 2017/07/24 8:31:11 ET
Table 'Naiad' 6-max Seat #2 is the button
Seat 2: matys112 ($120 in chips)
Seat 4: Whatze Phuck ($79 in chips)
matys112: posts small blind $1
Whatze Phuck: posts big blind $3
*** HOLE CARDS ***
matys112: raises $3 to $6
Whatze Phuck: raises $3 to $9
matys112: calls $3
*** FLOP *** [Jd Ts 4c]
Whatze Phuck: bets $3
matys112: calls $3
*** TURN *** [Jd Ts 4c] [Qd]
Whatze Phuck: bets $6
sim5sim5 leaves the table
matys112: calls $6
*** RIVER *** [Jd Ts 4c Qd] [Js]
Whatze Phuck: bets $6
matys112: folds
Uncalled bet ($6) returned to Whatze Phuck
Whatze Phuck collected $35.50 from pot
Whatze Phuck: doesn't show hand
*** SUMMARY ***
Total pot $36 | Rake $0.50
Board [Jd Ts 4c Qd Js]
Seat 2: matys112 (button) (small blind) folded on the River
Seat 4: Whatze Phuck (big blind) collected ($35.50)


PokerStars Hand #173443003401:  Hold'em Limit ($3/$6 USD) - 2017/07/24 8:32:05 ET
Table 'Naiad' 6-max Seat #4 is the button
Seat 2: matys112 ($92.64 in chips)
Seat 4: Whatze Phuck ($105 in chips)
Whatze Phuck: posts small blind $1
matys112: posts big blind $3
*** HOLE CARDS ***
Whatze Phuck: raises $3 to $6
matys112: folds
Uncalled bet ($3) returned to Whatze Phuck
Whatze Phuck collected $6 from pot
Whatze Phuck: doesn't show hand
*** SUMMARY ***
Total pot $6 | Rake $0
Seat 2: matys112 (big blind) folded before Flop
Seat 4: Whatze Phuck (button) (small blind) collected ($6)


PokerStars Hand #173442994953:  Hold'em Limit ($3/$6 USD) - 2017/07/24 8:31:47 ET
Table 'Naiad' 6-max Seat #2 is the button
Seat 2: matys112 ($110.64 in chips)
Seat 4: Whatze Phuck ($87.50 in chips)
matys112: posts small blind $1
Whatze Phuck: posts big blind $3
*** HOLE CARDS ***
Iseethelight joins the table at seat #3
matys112: raises $3 to $6
Whatze Phuck: calls $3
*** FLOP *** [6c 9h 8h]
Whatze Phuck: checks
matys112: checks
*** TURN *** [6c 9h 8h] [2h]
Whatze Phuck: bets $6
matys112: calls $6
*** RIVER *** [6c 9h 8h 2h] [8s]
Whatze Phuck: bets $6
matys112: calls $6
*** SHOW DOWN ***
Whatze Phuck: shows [4h 7h] (a flush, Nine high)
matys112: mucks hand
Whatze Phuck collected $35.50 from pot
*** SUMMARY ***
Total pot $36 | Rake $0.50
Board [6c 9h 8h 2h 8s]
Seat 2: matys112 (button) (small blind) mucked
Seat 4: Whatze Phuck (big blind) showed [4h 7h] and won ($35.50) with a flush, Nine high


PokerStars Hand #173448521716:  Hold'em Limit ($3/$6 USD) - 2017/07/24 11:24:19 ET
Table 'Naiad' 6-max Seat #5 is the button
Seat 1: MAG_JG ($84 in chips)
Seat 5: scorpio04 ($150 in chips)
scorpio04: posts small blind $1
MAG_JG: posts big blind $3
*** HOLE CARDS ***
scorpio04: raises $3 to $6
MAG_JG: folds
Uncalled bet ($3) returned to scorpio04
scorpio04 collected $6 from pot
scorpio04: doesn't show hand
*** SUMMARY ***
Total pot $6 | Rake $0
Seat 1: MAG_JG (big blind) folded before Flop
Seat 5: scorpio04 (button) (small blind) collected ($6)


PokerStars Hand #173458361400:  Hold'em Limit ($3/$6 USD) - 2017/07/24 15:18:31 ET
Table 'Naiad' 6-max Seat #3 is the button
Seat 2: SEQUOIA2012 ($120.25 in chips)
Seat 3: kikiriki ($99.12 in chips)
kikiriki: posts small blind $1
SEQUOIA2012: posts big blind $3
*** HOLE CARDS ***
kikiriki: raises $3 to $6
SEQUOIA2012: calls $3
*** FLOP *** [4s As Kh]
SEQUOIA2012: checks
kikiriki: bets $3
SEQUOIA2012: calls $3
*** TURN *** [4s As Kh] [8c]
SEQUOIA2012: checks
kikiriki: bets $6
SEQUOIA2012: raises $6 to $12
kikiriki: calls $6
*** RIVER *** [4s As Kh 8c] [6h]
SEQUOIA2012: bets $6
kikiriki: folds
Uncalled bet ($6) returned to SEQUOIA2012
SEQUOIA2012 collected $41.50 from pot
SEQUOIA2012: doesn't show hand
*** SUMMARY ***
Total pot $42 | Rake $0.50
Board [4s As Kh 8c 6h]
Seat 2: SEQUOIA2012 (big blind) collected ($41.50)
Seat 3: kikiriki (button) (small blind) folded on the River


PokerStars Hand #173458353720:  Hold'em Limit ($3/$6 USD) - 2017/07/24 15:18:22 ET
Table 'Naiad' 6-max Seat #2 is the button
Seat 2: SEQUOIA2012 ($117.25 in chips)
Seat 3: kikiriki ($102.12 in chips)
SEQUOIA2012: posts small blind $1
kikiriki: posts big blind $3
*** HOLE CARDS ***
SEQUOIA2012: raises $3 to $6
kikiriki: folds
Uncalled bet ($3) returned to SEQUOIA2012
SEQUOIA2012 collected $6 from pot
SEQUOIA2012: doesn't show hand
*** SUMMARY ***
Total pot $6 | Rake $0
Seat 2: SEQUOIA2012 (button) (small blind) collected ($6)
Seat 3: kikiriki (big blind) folded before Flop


PokerStars Hand #173458422202:  Hold'em Limit ($3/$6 USD) - 2017/07/24 15:19:44 ET
Table 'Naiad' 6-max Seat #2 is the button
Seat 2: SEQUOIA2012 ($136.75 in chips)
Seat 5: protector14 ($87.65 in chips)
SEQUOIA2012: posts small blind $1
protector14: posts big blind $3
*** HOLE CARDS ***
SEQUOIA2012: folds
Uncalled bet ($2) returned to protector14
protector14 collected $2 from pot
*** SUMMARY ***
Total pot $2 | Rake $0
Seat 2: SEQUOIA2012 (button) (small blind) folded before Flop
Seat 5: protector14 (big blind) collected ($2)


PokerStars Hand #173458414853:  Hold'em Limit ($3/$6 USD) - 2017/07/24 15:19:35 ET
Table 'Naiad' 6-max Seat #5 is the button
Seat 2: SEQUOIA2012 ($139.75 in chips)
Seat 5: protector14 ($84.65 in chips)
protector14: posts small blind $1
SEQUOIA2012: posts big blind $3
*** HOLE CARDS ***
protector14: raises $3 to $6
SEQUOIA2012: folds
Uncalled bet ($3) returned to protector14
protector14 collected $6 from pot
*** SUMMARY ***
Total pot $6 | Rake $0
Seat 2: SEQUOIA2012 (big blind) folded before Flop
Seat 5: protector14 (button) (small blind) collected ($6)


PokerStars Hand #173458426464:  Hold'em Limit ($3/$6 USD) - 2017/07/24 15:19:49 ET
Table 'Naiad' 6-max Seat #5 is the button
Seat 2: SEQUOIA2012 ($135.75 in chips)
Seat 5: protector14 ($88.65 in chips)
protector14: posts small blind $1
SEQUOIA2012: posts big blind $3
*** HOLE CARDS ***
protector14: calls $2
SEQUOIA2012: checks
*** FLOP *** [6s 9s 2d]
SEQUOIA2012: checks
protector14: bets $3
SEQUOIA2012: calls $3
*** TURN *** [6s 9s 2d] [7h]
SEQUOIA2012: checks
protector14: bets $6
SEQUOIA2012: calls $6
*** RIVER *** [6s 9s 2d 7h] [6c]
SEQUOIA2012: bets $6
protector14: raises $6 to $12
SEQUOIA2012: calls $6
*** SHOW DOWN ***
protector14: shows [7c 6d] (a full house, Sixes full of Sevens)
SEQUOIA2012: mucks hand
protector14 collected $47.50 from pot
*** SUMMARY ***
Total pot $48 | Rake $0.50
Board [6s 9s 2d 7h 6c]
Seat 2: SEQUOIA2012 (big blind) mucked
Seat 5: protector14 (button) (small blind) showed [7c 6d] and won ($47.50) with a full house, Sixes full of Sevens


PokerStars Hand #173458471903:  Hold'em Limit ($3/$6 USD) - 2017/07/24 15:20:44 ET
Table 'Naiad' 6-max Seat #2 is the button
Seat 2: SEQUOIA2012 ($111.75 in chips)
Seat 5: protector14 ($112.15 in chips)
SEQUOIA2012: posts small blind $1
protector14: posts big blind $3
*** HOLE CARDS ***
SEQUOIA2012: calls $2
protector14: checks
*** FLOP *** [9s 9h 4c]
protector14: checks
SEQUOIA2012: bets $3
protector14: folds
Uncalled bet ($3) returned to SEQUOIA2012
SEQUOIA2012 collected $5.88 from pot
*** SUMMARY ***
Total pot $6 | Rake $0.12
Board [9s 9h 4c]
Seat 2: SEQUOIA2012 (button) (small blind) collected ($5.88)
Seat 5: protector14 (big blind) folded on the Flop


PokerStars Hand #173458466948:  Hold'em Limit ($3/$6 USD) - 2017/07/24 15:20:38 ET
Table 'Naiad' 6-max Seat #5 is the button
Seat 2: SEQUOIA2012 ($110.75 in chips)
Seat 5: protector14 ($113.15 in chips)
protector14: posts small blind $1
SEQUOIA2012: posts big blind $3
*** HOLE CARDS ***
protector14: folds
Uncalled bet ($2) returned to SEQUOIA2012
SEQUOIA2012 collected $2 from pot
SEQUOIA2012: doesn't show hand
*** SUMMARY ***
Total pot $2 | Rake $0
Seat 2: SEQUOIA2012 (big blind) collected ($2)
Seat 5: protector14 (button) (small blind) folded before Flop


PokerStars Hand #173458461681:  Hold'em Limit ($3/$6 USD) - 2017/07/24 15:20:31 ET
Table 'Naiad' 6-max Seat #2 is the button
Seat 2: SEQUOIA2012 ($111.75 in chips)
Seat 5: protector14 ($112.15 in chips)
SEQUOIA2012: posts small blind $1
protector14: posts big blind $3
*** HOLE CARDS ***
SEQUOIA2012: folds
Uncalled bet ($2) returned to protector14
protector14 collected $2 from pot
*** SUMMARY ***
Total pot $2 | Rake $0
Seat 2: SEQUOIA2012 (button) (small blind) folded before Flop
Seat 5: protector14 (big blind) collected ($2)


PokerStars Hand #173458527331:  Hold'em Limit ($3/$6 USD) - 2017/07/24 15:21:48 ET
Table 'Naiad' 6-max Seat #5 is the button
Seat 2: SEQUOIA2012 ($102.39 in chips)
Seat 5: protector14 ($120.65 in chips)
protector14: posts small blind $1
SEQUOIA2012: posts big blind $3
*** HOLE CARDS ***
protector14: calls $2
SEQUOIA2012: checks
*** FLOP *** [6s Qs 9c]
SEQUOIA2012: checks
protector14: bets $3
SEQUOIA2012: folds
Uncalled bet ($3) returned to protector14
protector14 collected $5.88 from pot
*** SUMMARY ***
Total pot $6 | Rake $0.12
Board [6s Qs 9c]
Seat 2: SEQUOIA2012 (big blind) folded on the Flop
Seat 5: protector14 (button) (small blind) collected ($5.88)


PokerStars Hand #173458513205:  Hold'em Limit ($3/$6 USD) - 2017/07/24 15:21:31 ET
Table 'Naiad' 6-max Seat #2 is the button
Seat 2: SEQUOIA2012 ($96.63 in chips)
Seat 5: protector14 ($126.65 in chips)
SEQUOIA2012: posts small blind $1
protector14: posts big blind $3
*** HOLE CARDS ***
SEQUOIA2012: raises $3 to $6
protector14: calls $3
*** FLOP *** [Jh Qc Ac]
protector14: checks
SEQUOIA2012: bets $3
protector14: folds
Uncalled bet ($3) returned to SEQUOIA2012
SEQUOIA2012 collected $11.76 from pot
SEQUOIA2012: doesn't show hand
*** SUMMARY ***
Total pot $12 | Rake $0.24
Board [Jh Qc Ac]
Seat 2: SEQUOIA2012 (button) (small blind) collected ($11.76)
Seat 5: protector14 (big blind) folded on the Flop


PokerStars Hand #173458490038:  Hold'em Limit ($3/$6 USD) - 2017/07/24 15:21:03 ET
Table 'Naiad' 6-max Seat #5 is the button
Seat 2: SEQUOIA2012 ($114.63 in chips)
Seat 5: protector14 ($109.15 in chips)
protector14: posts small blind $1
SEQUOIA2012: posts big blind $3
*** HOLE CARDS ***
protector14: raises $3 to $6
SEQUOIA2012: calls $3
*** FLOP *** [4s 7h 3s]
SEQUOIA2012: checks
protector14: checks
*** TURN *** [4s 7h 3s] [Tc]
SEQUOIA2012: bets $6
protector14: calls $6
*** RIVER *** [4s 7h 3s Tc] [Jd]
SEQUOIA2012: bets $6
protector14: calls $6
*** SHOW DOWN ***
SEQUOIA2012: shows [5c 4d] (a pair of Fours)
protector14: shows [Th Kc] (a pair of Tens)
protector14 collected $35.50 from pot
*** SUMMARY ***
Total pot $36 | Rake $0.50
Board [4s 7h 3s Tc Jd]
Seat 2: SEQUOIA2012 (big blind) showed [5c 4d] and lost with a pair of Fours
Seat 5: protector14 (button) (small blind) showed [Th Kc] and won ($35.50) with a pair of Tens


