PokerStars Hand #148647177088:  Hold'em Limit ($3/$6 USD) - 2016/02/11 19:13:33 ET
Table 'Naiad II' 2-max Seat #1 is the button
Seat 1: knysi ($25.45 in chips)
Seat 2: ChrisTuff ($152.14 in chips)
knysi: posts small blind $1
ChrisTuff: posts big blind $3
*** HOLE CARDS ***
knysi: raises $3 to $6
ChrisTuff: raises $3 to $9
knysi: calls $3
*** FLOP *** [Jh 2h Ad]
ChrisTuff: bets $3
knysi: calls $3
*** TURN *** [Jh 2h Ad] [4h]
ChrisTuff: bets $6
knysi: raises $6 to $12
ChrisTuff: raises $6 to $18
knysi: calls $1.45 and is all-in
Uncalled bet ($4.55) returned to ChrisTuff
*** RIVER *** [Jh 2h Ad 4h] [As]
*** SHOW DOWN ***
ChrisTuff: shows [Tc Ah] (three of a kind, Aces)
knysi: shows [Ac Jd] (a full house, Aces full of Jacks)
knysi collected $50.40 from pot
*** SUMMARY ***
Total pot $50.90 | Rake $0.50
Board [Jh 2h Ad 4h As]
Seat 1: knysi (button) (small blind) showed [Ac Jd] and won ($50.40) with a full house, Aces full of Jacks
Seat 2: ChrisTuff (big blind) showed [Tc Ah] and lost with three of a kind, Aces


PokerStars Hand #148647173744:  Hold'em Limit ($3/$6 USD) - 2016/02/11 19:13:29 ET
Table 'Naiad II' 2-max Seat #2 is the button
Seat 1: knysi ($28.45 in chips)
Seat 2: ChrisTuff ($149.14 in chips)
ChrisTuff: posts small blind $1
knysi: posts big blind $3
*** HOLE CARDS ***
ChrisTuff: raises $3 to $6
knysi: folds
Uncalled bet ($3) returned to ChrisTuff
ChrisTuff collected $6 from pot
ChrisTuff: doesn't show hand
*** SUMMARY ***
Total pot $6 | Rake $0
Seat 1: knysi (big blind) folded before Flop
Seat 2: ChrisTuff (button) (small blind) collected ($6)


PokerStars Hand #148647166525:  Hold'em Limit ($3/$6 USD) - 2016/02/11 19:13:19 ET
Table 'Naiad II' 2-max Seat #1 is the button
Seat 1: knysi ($37.45 in chips)
Seat 2: ChrisTuff ($140.50 in chips)
knysi: posts small blind $1
ChrisTuff: posts big blind $3
*** HOLE CARDS ***
knysi: raises $3 to $6
ChrisTuff: raises $3 to $9
knysi: calls $3
*** FLOP *** [Jd Ad 4c]
ChrisTuff: bets $3
knysi: folds
Uncalled bet ($3) returned to ChrisTuff
ChrisTuff collected $17.64 from pot
ChrisTuff: doesn't show hand
*** SUMMARY ***
Total pot $18 | Rake $0.36
Board [Jd Ad 4c]
Seat 1: knysi (button) (small blind) folded on the Flop
Seat 2: ChrisTuff (big blind) collected ($17.64)


PokerStars Hand #148647155439:  Hold'em Limit ($3/$6 USD) - 2016/02/11 19:13:03 ET
Table 'Naiad II' 2-max Seat #2 is the button
Seat 1: knysi ($58.45 in chips)
Seat 2: ChrisTuff ($120 in chips)
ChrisTuff: posts small blind $1
knysi: posts big blind $3
*** HOLE CARDS ***
ChrisTuff: raises $3 to $6
knysi: calls $3
*** FLOP *** [2d Qh Tc]
knysi: checks
ChrisTuff: bets $3
knysi: calls $3
*** TURN *** [2d Qh Tc] [7h]
knysi: checks
ChrisTuff: checks
*** RIVER *** [2d Qh Tc 7h] [As]
knysi: bets $6
ChrisTuff: raises $6 to $12
knysi: calls $6
*** SHOW DOWN ***
ChrisTuff: shows [Kc Jd] (a straight, Ten to Ace)
knysi: mucks hand
ChrisTuff collected $41.50 from pot
*** SUMMARY ***
Total pot $42 | Rake $0.50
Board [2d Qh Tc 7h As]
Seat 1: knysi (big blind) mucked
Seat 2: ChrisTuff (button) (small blind) showed [Kc Jd] and won ($41.50) with a straight, Ten to Ace


PokerStars Hand #148647140557:  Hold'em Limit ($3/$6 USD) - 2016/02/11 19:12:42 ET
Table 'Naiad II' 2-max Seat #1 is the button
Seat 1: knysi ($34.95 in chips)
Seat 2: ChrisTuff ($120 in chips)
knysi: posts small blind $1
ChrisTuff: posts big blind $3
*** HOLE CARDS ***
knysi: raises $3 to $6
ChrisTuff: raises $3 to $9
knysi: calls $3
*** FLOP *** [As 9s 8c]
ChrisTuff: bets $3
knysi: calls $3
*** TURN *** [As 9s 8c] [9h]
ChrisTuff: bets $6
knysi: raises $6 to $12
ChrisTuff: calls $6
*** RIVER *** [As 9s 8c 9h] [5s]
ChrisTuff: checks
knysi: bets $6
ChrisTuff: folds
Uncalled bet ($6) returned to knysi
knysi collected $47.50 from pot
knysi: doesn't show hand
*** SUMMARY ***
Total pot $48 | Rake $0.50
Board [As 9s 8c 9h 5s]
Seat 1: knysi (button) (small blind) collected ($47.50)
Seat 2: ChrisTuff (big blind) folded on the River


PokerStars Hand #148647219819:  Hold'em Limit ($3/$6 USD) - 2016/02/11 19:14:33 ET
Table 'Naiad II' 2-max Seat #2 is the button
Seat 1: knysi ($23.04 in chips)
Seat 2: ChrisTuff ($155.50 in chips)
ChrisTuff: posts small blind $1
knysi: posts big blind $3
*** HOLE CARDS ***
ChrisTuff: raises $3 to $6
knysi: calls $3
*** FLOP *** [8d 3d Qc]
knysi: checks
ChrisTuff: bets $3
knysi: calls $3
*** TURN *** [8d 3d Qc] [Kc]
knysi: checks
ChrisTuff: checks
*** RIVER *** [8d 3d Qc Kc] [Jd]
knysi: bets $6
ChrisTuff: raises $6 to $12
knysi: raises $2.04 to $14.04 and is all-in
ChrisTuff: calls $2.04
*** SHOW DOWN ***
knysi: shows [5h Qs] (a pair of Queens)
ChrisTuff: shows [Ah Ts] (a straight, Ten to Ace)
ChrisTuff collected $45.58 from pot
*** SUMMARY ***
Total pot $46.08 | Rake $0.50
Board [8d 3d Qc Kc Jd]
Seat 1: knysi (big blind) showed [5h Qs] and lost with a pair of Queens
Seat 2: ChrisTuff (button) (small blind) showed [Ah Ts] and won ($45.58) with a straight, Ten to Ace


PokerStars Hand #148647208692:  Hold'em Limit ($3/$6 USD) - 2016/02/11 19:14:18 ET
Table 'Naiad II' 2-max Seat #1 is the button
Seat 1: knysi ($59.04 in chips)
Seat 2: ChrisTuff ($120 in chips)
knysi: posts small blind $1
ChrisTuff: posts big blind $3
*** HOLE CARDS ***
knysi: raises $3 to $6
ChrisTuff: raises $3 to $9
knysi: calls $3
*** FLOP *** [Qd 9h 3c]
ChrisTuff: bets $3
knysi: calls $3
*** TURN *** [Qd 9h 3c] [As]
ChrisTuff: bets $6
knysi: raises $6 to $12
ChrisTuff: calls $6
*** RIVER *** [Qd 9h 3c As] [Kc]
ChrisTuff: checks
knysi: bets $6
ChrisTuff: raises $6 to $12
knysi: calls $6
*** SHOW DOWN ***
ChrisTuff: shows [Js Tc] (a straight, Ten to Ace)
knysi: mucks hand
ChrisTuff collected $71.50 from pot
*** SUMMARY ***
Total pot $72 | Rake $0.50
Board [Qd 9h 3c As Kc]
Seat 1: knysi (button) (small blind) mucked
Seat 2: ChrisTuff (big blind) showed [Js Tc] and won ($71.50) with a straight, Ten to Ace


PokerStars Hand #148647205711:  Hold'em Limit ($3/$6 USD) - 2016/02/11 19:14:13 ET
Table 'Naiad II' 2-max Seat #2 is the button
Seat 1: knysi ($58.04 in chips)
Seat 2: ChrisTuff ($121 in chips)
ChrisTuff: posts small blind $1
knysi: posts big blind $3
*** HOLE CARDS ***
ChrisTuff: folds
Uncalled bet ($2) returned to knysi
knysi collected $2 from pot
knysi: doesn't show hand
*** SUMMARY ***
Total pot $2 | Rake $0
Seat 1: knysi (big blind) collected ($2)
Seat 2: ChrisTuff (button) (small blind) folded before Flop


PokerStars Hand #148647202400:  Hold'em Limit ($3/$6 USD) - 2016/02/11 19:14:09 ET
Table 'Naiad II' 2-max Seat #1 is the button
Seat 1: knysi ($59.04 in chips)
Seat 2: ChrisTuff ($120 in chips)
knysi: posts small blind $1
ChrisTuff: posts big blind $3
*** HOLE CARDS ***
knysi: folds
Uncalled bet ($2) returned to ChrisTuff
ChrisTuff collected $2 from pot
ChrisTuff: doesn't show hand
*** SUMMARY ***
Total pot $2 | Rake $0
Seat 1: knysi (button) (small blind) folded before Flop
Seat 2: ChrisTuff (big blind) collected ($2)


PokerStars Hand #148647190710:  Hold'em Limit ($3/$6 USD) - 2016/02/11 19:13:52 ET
Table 'Naiad II' 2-max Seat #2 is the button
Seat 1: knysi ($50.40 in chips)
Seat 2: ChrisTuff ($126.69 in chips)
ChrisTuff: posts small blind $1
knysi: posts big blind $3
*** HOLE CARDS ***
ChrisTuff: raises $3 to $6
knysi: calls $3
*** FLOP *** [6s 8d 6c]
knysi: checks
ChrisTuff: bets $3
knysi: calls $3
*** TURN *** [6s 8d 6c] [Td]
knysi: checks
ChrisTuff: checks
*** RIVER *** [6s 8d 6c Td] [7s]
knysi: bets $6
ChrisTuff: folds
Uncalled bet ($6) returned to knysi
knysi collected $17.64 from pot
knysi: doesn't show hand
*** SUMMARY ***
Total pot $18 | Rake $0.36
Board [6s 8d 6c Td 7s]
Seat 1: knysi (big blind) collected ($17.64)
Seat 2: ChrisTuff (button) (small blind) folded on the River


