PokerStars Hand #155079812345:  Hold'em Limit ($3/$6 USD) - 2016/06/22 19:20:21 ET
Table 'Naiad' 6-max Seat #3 is the button
Seat 3: jacks292001 ($84 in chips)
Seat 5: Pandakey ($120 in chips)
jacks292001: posts small blind $1
Pandakey: posts big blind $3
*** HOLE CARDS ***
jacks292001: raises $3 to $6
Pandakey: calls $3
*** FLOP *** [3h 4h Jd]
Pandakey: checks
jacks292001: checks
*** TURN *** [3h 4h Jd] [Jc]
Pandakey: bets $6
jacks292001: calls $6
*** RIVER *** [3h 4h Jd Jc] [Kc]
Pandakey: bets $6
jacks292001: calls $6
*** SHOW DOWN ***
Pandakey: shows [3c 9c] (two pair, Jacks and Threes)
jacks292001: shows [Ks Td] (two pair, Kings and Jacks)
jacks292001 collected $35.50 from pot
*** SUMMARY ***
Total pot $36 | Rake $0.50
Board [3h 4h Jd Jc Kc]
Seat 3: jacks292001 (button) (small blind) showed [Ks Td] and won ($35.50) with two pair, Kings and Jacks
Seat 5: Pandakey (big blind) showed [3c 9c] and lost with two pair, Jacks and Threes


PokerStars Hand #155079850102:  Hold'em Limit ($3/$6 USD) - 2016/06/22 19:21:35 ET
Table 'Naiad' 6-max Seat #5 is the button
Seat 3: jacks292001 ($95.14 in chips)
Seat 5: Pandakey ($107.50 in chips)
Pandakey: posts small blind $1
jacks292001: posts big blind $3
*** HOLE CARDS ***
Pandakey: folds
Uncalled bet ($2) returned to jacks292001
jacks292001 collected $2 from pot
*** SUMMARY ***
Total pot $2 | Rake $0
Seat 3: jacks292001 (big blind) collected ($2)
Seat 5: Pandakey (button) (small blind) folded before Flop


PokerStars Hand #155079840077:  Hold'em Limit ($3/$6 USD) - 2016/06/22 19:21:15 ET
Table 'Naiad' 6-max Seat #3 is the button
Seat 3: jacks292001 ($110.14 in chips)
Seat 5: Pandakey ($93 in chips)
jacks292001: posts small blind $1
Pandakey: posts big blind $3
*** HOLE CARDS ***
jacks292001: calls $2
Pandakey: raises $3 to $6
jacks292001: calls $3
*** FLOP *** [Tc 5c 6c]
Pandakey: bets $3
jacks292001: calls $3
*** TURN *** [Tc 5c 6c] [Js]
Pandakey: checks
jacks292001: checks
*** RIVER *** [Tc 5c 6c Js] [3d]
Pandakey: bets $6
jacks292001: calls $6
*** SHOW DOWN ***
Pandakey: shows [Jc Ks] (a pair of Jacks)
jacks292001: mucks hand
Pandakey collected $29.50 from pot
*** SUMMARY ***
Total pot $30 | Rake $0.50
Board [Tc 5c 6c Js 3d]
Seat 3: jacks292001 (button) (small blind) mucked
Seat 5: Pandakey (big blind) showed [Jc Ks] and won ($29.50) with a pair of Jacks


PokerStars Hand #155079827137:  Hold'em Limit ($3/$6 USD) - 2016/06/22 19:20:50 ET
Table 'Naiad' 6-max Seat #5 is the button
Seat 3: jacks292001 ($101.50 in chips)
Seat 5: Pandakey ($102 in chips)
Pandakey: posts small blind $1
jacks292001: posts big blind $3
*** HOLE CARDS ***
Pandakey: raises $3 to $6
jacks292001: calls $3
*** FLOP *** [Ks 8c Jh]
jacks292001: checks
Pandakey: bets $3
jacks292001: calls $3
*** TURN *** [Ks 8c Jh] [Ac]
jacks292001: checks
Pandakey: checks
*** RIVER *** [Ks 8c Jh Ac] [7h]
jacks292001: checks
Pandakey: checks
*** SHOW DOWN ***
jacks292001: shows [4c 4d] (a pair of Fours)
Pandakey: mucks hand
jacks292001 collected $17.64 from pot
*** SUMMARY ***
Total pot $18 | Rake $0.36
Board [Ks 8c Jh Ac 7h]
Seat 3: jacks292001 (big blind) showed [4c 4d] and won ($17.64) with a pair of Fours
Seat 5: Pandakey (button) (small blind) mucked


PokerStars Hand #155079852748:  Hold'em Limit ($3/$6 USD) - 2016/06/22 19:21:40 ET
Table 'Naiad' 6-max Seat #3 is the button
Seat 3: jacks292001 ($96.14 in chips)
Seat 5: Pandakey ($106.50 in chips)
jacks292001: posts small blind $1
Pandakey: posts big blind $3
*** HOLE CARDS ***
jacks292001: raises $3 to $6
Pandakey: raises $3 to $9
jacks292001: calls $3
*** FLOP *** [8s 7d Jd]
Pandakey: bets $3
jacks292001: calls $3
*** TURN *** [8s 7d Jd] [3s]
Pandakey: bets $6
jacks292001: calls $6
*** RIVER *** [8s 7d Jd 3s] [Jh]
Pandakey: bets $6
jacks292001: folds
Uncalled bet ($6) returned to Pandakey
Pandakey collected $35.50 from pot
Pandakey: doesn't show hand
*** SUMMARY ***
Total pot $36 | Rake $0.50
Board [8s 7d Jd 3s Jh]
Seat 3: jacks292001 (button) (small blind) folded on the River
Seat 5: Pandakey (big blind) collected ($35.50)


PokerStars Hand #155079864436:  Hold'em Limit ($3/$6 USD) - 2016/06/22 19:22:03 ET
Table 'Naiad' 6-max Seat #5 is the button
Seat 3: jacks292001 ($78.14 in chips)
Seat 5: Pandakey ($124 in chips)
Pandakey: posts small blind $1
jacks292001: posts big blind $3
*** HOLE CARDS ***
Pandakey: raises $3 to $6
jacks292001: raises $3 to $9
Pandakey: calls $3
*** FLOP *** [6s Th Jd]
jacks292001: bets $3
Pandakey: folds
Uncalled bet ($3) returned to jacks292001
jacks292001 collected $17.64 from pot
*** SUMMARY ***
Total pot $18 | Rake $0.36
Board [6s Th Jd]
Seat 3: jacks292001 (big blind) collected ($17.64)
Seat 5: Pandakey (button) (small blind) folded on the Flop


PokerStars Hand #155079871561:  Hold'em Limit ($3/$6 USD) - 2016/06/22 19:22:17 ET
Table 'Naiad' 6-max Seat #3 is the button
Seat 3: jacks292001 ($86.78 in chips)
Seat 5: Pandakey ($115 in chips)
jacks292001: posts small blind $1
Pandakey: posts big blind $3
*** HOLE CARDS ***
jacks292001: raises $3 to $6
Pandakey: raises $3 to $9
jacks292001: raises $3 to $12
Betting is capped
Pandakey: calls $3
*** FLOP *** [7h 2h Qc]
Pandakey: checks
jacks292001: bets $3
Pandakey: raises $3 to $6
jacks292001: calls $3
*** TURN *** [7h 2h Qc] [5c]
Pandakey: bets $6
jacks292001: calls $6
*** RIVER *** [7h 2h Qc 5c] [3c]
Pandakey: bets $6
jacks292001: folds
Uncalled bet ($6) returned to Pandakey
Pandakey collected $47.50 from pot
Pandakey: doesn't show hand
*** SUMMARY ***
Total pot $48 | Rake $0.50
Board [7h 2h Qc 5c 3c]
Seat 3: jacks292001 (button) (small blind) folded on the River
Seat 5: Pandakey (big blind) collected ($47.50)


PokerStars Hand #155079896468:  Hold'em Limit ($3/$6 USD) - 2016/06/22 19:23:06 ET
Table 'Naiad' 6-max Seat #3 is the button
Seat 3: jacks292001 ($83.28 in chips)
Seat 5: Pandakey ($117.50 in chips)
jacks292001: posts small blind $1
Pandakey: posts big blind $3
*** HOLE CARDS ***
jacks292001: folds
Uncalled bet ($2) returned to Pandakey
Pandakey collected $2 from pot
Pandakey: doesn't show hand
*** SUMMARY ***
Total pot $2 | Rake $0
Seat 3: jacks292001 (button) (small blind) folded before Flop
Seat 5: Pandakey (big blind) collected ($2)


PokerStars Hand #155079886054:  Hold'em Limit ($3/$6 USD) - 2016/06/22 19:22:45 ET
Table 'Naiad' 6-max Seat #5 is the button
Seat 3: jacks292001 ($62.78 in chips)
Seat 5: Pandakey ($138.50 in chips)
Pandakey: posts small blind $1
jacks292001: posts big blind $3
*** HOLE CARDS ***
Pandakey: raises $3 to $6
jacks292001: calls $3
*** FLOP *** [8d 6h Ks]
jacks292001: checks
Pandakey: bets $3
jacks292001: calls $3
*** TURN *** [8d 6h Ks] [7c]
jacks292001: checks
Pandakey: bets $6
jacks292001: calls $6
*** RIVER *** [8d 6h Ks 7c] [4s]
jacks292001: bets $6
Pandakey: calls $6
*** SHOW DOWN ***
jacks292001: shows [5s 7h] (a straight, Four to Eight)
Pandakey: mucks hand
jacks292001 collected $41.50 from pot
*** SUMMARY ***
Total pot $42 | Rake $0.50
Board [8d 6h Ks 7c 4s]
Seat 3: jacks292001 (big blind) showed [5s 7h] and won ($41.50) with a straight, Four to Eight
Seat 5: Pandakey (button) (small blind) mucked


PokerStars Hand #155079915835:  Hold'em Limit ($3/$6 USD) - 2016/06/22 19:23:37 ET
Table 'Naiad' 6-max Seat #5 is the button
Seat 3: jacks292001 ($82.04 in chips)
Seat 5: Pandakey ($118.26 in chips)
Pandakey: posts small blind $1
jacks292001: posts big blind $3
*** HOLE CARDS ***
Pandakey: raises $3 to $6
jacks292001: calls $3
*** FLOP *** [Kh 9d 6d]
jacks292001: checks
Pandakey: checks
*** TURN *** [Kh 9d 6d] [3c]
jacks292001: checks
Pandakey: bets $6
jacks292001: folds
Uncalled bet ($6) returned to Pandakey
Pandakey collected $11.76 from pot
Pandakey: doesn't show hand
*** SUMMARY ***
Total pot $12 | Rake $0.24
Board [Kh 9d 6d 3c]
Seat 3: jacks292001 (big blind) folded on the Turn
Seat 5: Pandakey (button) (small blind) collected ($11.76)


PokerStars Hand #155079909679:  Hold'em Limit ($3/$6 USD) - 2016/06/22 19:23:25 ET
Table 'Naiad' 6-max Seat #3 is the button
Seat 3: jacks292001 ($76.28 in chips)
Seat 5: Pandakey ($124.26 in chips)
jacks292001: posts small blind $1
Pandakey: posts big blind $3
*** HOLE CARDS ***
jacks292001: raises $3 to $6
Pandakey: calls $3
*** FLOP *** [Ah Ks 2h]
ABATAPP joins the table at seat #4
Pandakey: checks
jacks292001: bets $3
Pandakey: folds
Uncalled bet ($3) returned to jacks292001
jacks292001 collected $11.76 from pot
*** SUMMARY ***
Total pot $12 | Rake $0.24
Board [Ah Ks 2h]
Seat 3: jacks292001 (button) (small blind) collected ($11.76)
Seat 5: Pandakey (big blind) folded on the Flop


PokerStars Hand #155079902700:  Hold'em Limit ($3/$6 USD) - 2016/06/22 19:23:11 ET
Table 'Naiad' 6-max Seat #5 is the button
Seat 3: jacks292001 ($82.28 in chips)
Seat 5: Pandakey ($118.50 in chips)
Pandakey: posts small blind $1
jacks292001: posts big blind $3
*** HOLE CARDS ***
Pandakey: raises $3 to $6
jacks292001: calls $3
*** FLOP *** [Ac 3s Kc]
jacks292001: checks
Pandakey: checks
*** TURN *** [Ac 3s Kc] [Ad]
jacks292001: checks
Pandakey: bets $6
jacks292001: folds
Uncalled bet ($6) returned to Pandakey
Pandakey collected $11.76 from pot
Pandakey: doesn't show hand
*** SUMMARY ***
Total pot $12 | Rake $0.24
Board [Ac 3s Kc Ad]
Seat 3: jacks292001 (big blind) folded on the Turn
Seat 5: Pandakey (button) (small blind) collected ($11.76)


PokerStars Hand #155079951175:  Hold'em Limit ($3/$6 USD) - 2016/06/22 19:24:47 ET
Table 'Naiad' 6-max Seat #4 is the button
Seat 3: jacks292001 ($42.04 in chips)
Seat 4: ABATAPP ($108.37 in chips)
ABATAPP: posts small blind $1
Pandakey: is sitting out
jacks292001: posts big blind $3
*** HOLE CARDS ***
Pandakey leaves the table
ABATAPP: raises $3 to $6
jacks292001: calls $3
*** FLOP *** [6s Kc 9s]
jacks292001: bets $3
ABATAPP: calls $3
*** TURN *** [6s Kc 9s] [Kd]
jacks292001: bets $6
ABATAPP: calls $6
*** RIVER *** [6s Kc 9s Kd] [9d]
jacks292001: bets $6
ABATAPP: calls $6
*** SHOW DOWN ***
jacks292001: shows [Jc 9h] (a full house, Nines full of Kings)
ABATAPP: mucks hand
jacks292001 collected $41.50 from pot
*** SUMMARY ***
Total pot $42 | Rake $0.50
Board [6s Kc 9s Kd 9d]
Seat 3: jacks292001 (big blind) showed [Jc 9h] and won ($41.50) with a full house, Nines full of Kings
Seat 4: ABATAPP (button) (small blind) mucked


PokerStars Hand #155079961100:  Hold'em Limit ($3/$6 USD) - 2016/06/22 19:25:07 ET
Table 'Naiad' 6-max Seat #3 is the button
Seat 3: jacks292001 ($62.54 in chips)
Seat 4: ABATAPP ($87.37 in chips)
jacks292001: posts small blind $1
ABATAPP: posts big blind $3
*** HOLE CARDS ***
jacks292001: raises $3 to $6
ABATAPP: calls $3
*** FLOP *** [6c Jh 4d]
ABATAPP: checks
jacks292001: bets $3
ABATAPP: folds
Uncalled bet ($3) returned to jacks292001
jacks292001 collected $11.76 from pot
*** SUMMARY ***
Total pot $12 | Rake $0.24
Board [6c Jh 4d]
Seat 3: jacks292001 (button) (small blind) collected ($11.76)
Seat 4: ABATAPP (big blind) folded on the Flop


PokerStars Hand #155079966059:  Hold'em Limit ($3/$6 USD) - 2016/06/22 19:25:17 ET
Table 'Naiad' 6-max Seat #4 is the button
Seat 3: jacks292001 ($68.30 in chips)
Seat 4: ABATAPP ($81.37 in chips)
ABATAPP: posts small blind $1
jacks292001: posts big blind $3
*** HOLE CARDS ***
ABATAPP: raises $3 to $6
jacks292001: calls $3
*** FLOP *** [Jc 2c Jh]
jacks292001: checks
ABATAPP: bets $3
jacks292001: calls $3
*** TURN *** [Jc 2c Jh] [7d]
jacks292001: checks
ABATAPP: bets $6
jacks292001: folds
Uncalled bet ($6) returned to ABATAPP
ABATAPP collected $17.64 from pot
ABATAPP: doesn't show hand
*** SUMMARY ***
Total pot $18 | Rake $0.36
Board [Jc 2c Jh 7d]
Seat 3: jacks292001 (big blind) folded on the Turn
Seat 4: ABATAPP (button) (small blind) collected ($17.64)


PokerStars Hand #155079978231:  Hold'em Limit ($3/$6 USD) - 2016/06/22 19:25:41 ET
Table 'Naiad' 6-max Seat #3 is the button
Seat 3: jacks292001 ($59.30 in chips)
Seat 4: ABATAPP ($90.01 in chips)
jacks292001: posts small blind $1
ABATAPP: posts big blind $3
*** HOLE CARDS ***
jacks292001: folds
Uncalled bet ($2) returned to ABATAPP
ABATAPP collected $2 from pot
ABATAPP: doesn't show hand
*** SUMMARY ***
Total pot $2 | Rake $0
Seat 3: jacks292001 (button) (small blind) folded before Flop
Seat 4: ABATAPP (big blind) collected ($2)


PokerStars Hand #155079980845:  Hold'em Limit ($3/$6 USD) - 2016/06/22 19:25:46 ET
Table 'Naiad' 6-max Seat #4 is the button
Seat 3: jacks292001 ($58.30 in chips)
Seat 4: ABATAPP ($91.01 in chips)
ABATAPP: posts small blind $1
jacks292001: posts big blind $3
*** HOLE CARDS ***
ABATAPP: raises $3 to $6
jacks292001: calls $3
*** FLOP *** [5c Qc Tc]
jacks292001: checks
ABATAPP: checks
*** TURN *** [5c Qc Tc] [7s]
dirtygame93 joins the table at seat #2
jacks292001: bets $6
ABATAPP: calls $6
*** RIVER *** [5c Qc Tc 7s] [Kd]
jacks292001: checks
ABATAPP: checks
*** SHOW DOWN ***
jacks292001: shows [Ts 4d] (a pair of Tens)
ABATAPP: mucks hand
jacks292001 collected $23.52 from pot
*** SUMMARY ***
Total pot $24 | Rake $0.48
Board [5c Qc Tc 7s Kd]
Seat 3: jacks292001 (big blind) showed [Ts 4d] and won ($23.52) with a pair of Tens
Seat 4: ABATAPP (button) (small blind) mucked


PokerStars Hand #155079990130:  Hold'em Limit ($3/$6 USD) - 2016/06/22 19:26:05 ET
Table 'Naiad' 6-max Seat #3 is the button
Seat 3: jacks292001 ($69.82 in chips)
Seat 4: ABATAPP ($79.01 in chips)
jacks292001: posts small blind $1
ABATAPP: posts big blind $3
*** HOLE CARDS ***
jacks292001: calls $2
ABATAPP: checks
*** FLOP *** [Kh Qd 9c]
ABATAPP: bets $3
jacks292001: raises $3 to $6
ABATAPP: raises $3 to $9
jacks292001: folds
Uncalled bet ($3) returned to ABATAPP
ABATAPP collected $17.64 from pot
ABATAPP: doesn't show hand
*** SUMMARY ***
Total pot $18 | Rake $0.36
Board [Kh Qd 9c]
Seat 3: jacks292001 (button) (small blind) folded on the Flop
Seat 4: ABATAPP (big blind) collected ($17.64)


PokerStars Hand #155080299608:  Hold'em Limit ($3/$6 USD) - 2016/06/22 19:36:29 ET
Table 'Naiad' 6-max Seat #5 is the button
Seat 4: ABATAPP ($117.04 in chips)
Seat 5: BrownieSpy ($138.81 in chips)
BrownieSpy: posts small blind $1
ABATAPP: posts big blind $3
*** HOLE CARDS ***
BrownieSpy: folds
Uncalled bet ($2) returned to ABATAPP
ABATAPP collected $2 from pot
ABATAPP: doesn't show hand
*** SUMMARY ***
Total pot $2 | Rake $0
Seat 4: ABATAPP (big blind) collected ($2)
Seat 5: BrownieSpy (button) (small blind) folded before Flop


