PokerStars Hand #170435685964:  Hold'em Limit ($3/$6 USD) - 2017/05/14 21:28:10 ET
Table 'Namaqua' 6-max Seat #4 is the button
Seat 4: arre86 ($292.86 in chips)
Seat 6: napol ($121.83 in chips)
arre86: posts small blind $1
samurai.ru was removed from the table for failing to post
napol: posts big blind $3
*** HOLE CARDS ***
arre86: folds
Uncalled bet ($2) returned to napol
napol collected $2 from pot
napol: doesn't show hand
*** SUMMARY ***
Total pot $2 | Rake $0
Seat 4: arre86 (button) (small blind) folded before Flop
Seat 6: napol (big blind) collected ($2)


PokerStars Hand #170435684026:  Hold'em Limit ($3/$6 USD) - 2017/05/14 21:28:05 ET
Table 'Namaqua' 6-max Seat #6 is the button
Seat 4: arre86 ($291.86 in chips)
Seat 6: napol ($122.83 in chips)
napol: posts small blind $1
arre86: posts big blind $3
*** HOLE CARDS ***
napol: folds
Uncalled bet ($2) returned to arre86
arre86 collected $2 from pot
arre86: doesn't show hand
*** SUMMARY ***
Total pot $2 | Rake $0
Seat 4: arre86 (big blind) collected ($2)
Seat 6: napol (button) (small blind) folded before Flop


PokerStars Hand #170435681955:  Hold'em Limit ($3/$6 USD) - 2017/05/14 21:28:00 ET
Table 'Namaqua' 6-max Seat #4 is the button
Seat 4: arre86 ($292.86 in chips)
Seat 6: napol ($121.83 in chips)
arre86: posts small blind $1
napol: posts big blind $3
*** HOLE CARDS ***
arre86: folds
Uncalled bet ($2) returned to napol
napol collected $2 from pot
napol: doesn't show hand
*** SUMMARY ***
Total pot $2 | Rake $0
Seat 4: arre86 (button) (small blind) folded before Flop
Seat 6: napol (big blind) collected ($2)


PokerStars Hand #170435679878:  Hold'em Limit ($3/$6 USD) - 2017/05/14 21:27:55 ET
Table 'Namaqua' 6-max Seat #6 is the button
Seat 4: arre86 ($291.86 in chips)
Seat 6: napol ($122.83 in chips)
napol: posts small blind $1
arre86: posts big blind $3
*** HOLE CARDS ***
napol: folds
Uncalled bet ($2) returned to arre86
arre86 collected $2 from pot
arre86: doesn't show hand
*** SUMMARY ***
Total pot $2 | Rake $0
Seat 4: arre86 (big blind) collected ($2)
Seat 6: napol (button) (small blind) folded before Flop


PokerStars Hand #170435677685:  Hold'em Limit ($3/$6 USD) - 2017/05/14 21:27:50 ET
Table 'Namaqua' 6-max Seat #4 is the button
Seat 4: arre86 ($292.86 in chips)
Seat 6: napol ($121.83 in chips)
arre86: posts small blind $1
napol: posts big blind $3
*** HOLE CARDS ***
arre86: folds
Uncalled bet ($2) returned to napol
napol collected $2 from pot
napol: doesn't show hand
*** SUMMARY ***
Total pot $2 | Rake $0
Seat 4: arre86 (button) (small blind) folded before Flop
Seat 6: napol (big blind) collected ($2)


PokerStars Hand #170435673094:  Hold'em Limit ($3/$6 USD) - 2017/05/14 21:27:39 ET
Table 'Namaqua' 6-max Seat #6 is the button
Seat 4: arre86 ($298.86 in chips)
Seat 6: napol ($116.07 in chips)
napol: posts small blind $1
rascal_319: is sitting out
arre86: posts big blind $3
*** HOLE CARDS ***
napol: raises $3 to $6
arre86: calls $3
*** FLOP *** [2c Ad Jc]
arre86: checks
napol: bets $3
arre86: folds
Uncalled bet ($3) returned to napol
napol collected $11.76 from pot
napol: doesn't show hand
*** SUMMARY ***
Total pot $12 | Rake $0.24
Board [2c Ad Jc]
Seat 4: arre86 (big blind) folded on the Flop
Seat 6: napol (button) (small blind) collected ($11.76)


PokerStars Hand #170435688054:  Hold'em Limit ($3/$6 USD) - 2017/05/14 21:28:15 ET
Table 'Namaqua' 6-max Seat #6 is the button
Seat 4: arre86 ($291.86 in chips)
Seat 6: napol ($122.83 in chips)
napol: posts small blind $1
arre86: posts big blind $3
*** HOLE CARDS ***
napol: raises $3 to $6
arre86: calls $3
*** FLOP *** [Qd 9h 7s]
arre86: checks
napol: bets $3
arre86: calls $3
*** TURN *** [Qd 9h 7s] [Td]
arre86: checks
napol: bets $6
arre86: raises $6 to $12
napol: calls $6
*** RIVER *** [Qd 9h 7s Td] [8d]
arre86: bets $6
napol: calls $6
*** SHOW DOWN ***
arre86: shows [9d Tc] (two pair, Tens and Nines)
napol: shows [Ts 6h] (a straight, Six to Ten)
napol collected $53.50 from pot
*** SUMMARY ***
Total pot $54 | Rake $0.50
Board [Qd 9h 7s Td 8d]
Seat 4: arre86 (big blind) showed [9d Tc] and lost with two pair, Tens and Nines
Seat 6: napol (button) (small blind) showed [Ts 6h] and won ($53.50) with a straight, Six to Ten


PokerStars Hand #170435702904:  Hold'em Limit ($3/$6 USD) - 2017/05/14 21:28:51 ET
Table 'Namaqua' 6-max Seat #4 is the button
Seat 4: arre86 ($261.86 in chips)
Seat 6: napol ($152.09 in chips)
arre86: posts small blind $1
napol: posts big blind $3
*** HOLE CARDS ***
arre86: raises $3 to $6
napol: calls $3
*** FLOP *** [5d Js 4c]
napol: checks
arre86: bets $3
napol: calls $3
*** TURN *** [5d Js 4c] [Jh]
napol: checks
arre86: bets $6
napol: folds
Uncalled bet ($6) returned to arre86
arre86 collected $17.64 from pot
arre86: doesn't show hand
*** SUMMARY ***
Total pot $18 | Rake $0.36
Board [5d Js 4c Jh]
Seat 4: arre86 (button) (small blind) collected ($17.64)
Seat 6: napol (big blind) folded on the Turn


PokerStars Hand #170435698629:  Hold'em Limit ($3/$6 USD) - 2017/05/14 21:28:40 ET
Table 'Namaqua' 6-max Seat #6 is the button
Seat 4: arre86 ($267.86 in chips)
Seat 6: napol ($146.33 in chips)
napol: posts small blind $1
arre86: posts big blind $3
*** HOLE CARDS ***
napol: raises $3 to $6
arre86: calls $3
*** FLOP *** [Jh 2s Kc]
arre86: checks
napol: bets $3
arre86: folds
Uncalled bet ($3) returned to napol
napol collected $11.76 from pot
napol: doesn't show hand
*** SUMMARY ***
Total pot $12 | Rake $0.24
Board [Jh 2s Kc]
Seat 4: arre86 (big blind) folded on the Flop
Seat 6: napol (button) (small blind) collected ($11.76)


PokerStars Hand #170435696228:  Hold'em Limit ($3/$6 USD) - 2017/05/14 21:28:35 ET
Table 'Namaqua' 6-max Seat #4 is the button
Seat 4: arre86 ($264.86 in chips)
Seat 6: napol ($149.33 in chips)
arre86: posts small blind $1
napol: posts big blind $3
*** HOLE CARDS ***
arre86: raises $3 to $6
napol: folds
Uncalled bet ($3) returned to arre86
arre86 collected $6 from pot
arre86: doesn't show hand
*** SUMMARY ***
Total pot $6 | Rake $0
Seat 4: arre86 (button) (small blind) collected ($6)
Seat 6: napol (big blind) folded before Flop


PokerStars Hand #170435785565:  Hold'em Limit ($3/$6 USD) - 2017/05/14 21:32:04 ET
Table 'Namaqua' 6-max Seat #6 is the button
Seat 4: arre86 ($276.56 in chips)
Seat 6: napol ($108.09 in chips)
napol: posts small blind $1
rascal_319: is sitting out
arre86: posts big blind $3
*** HOLE CARDS ***
napol: raises $3 to $6
arre86: calls $3
*** FLOP *** [2h Jh 2c]
arre86: checks
napol: bets $3
arre86: folds
Uncalled bet ($3) returned to napol
napol collected $11.76 from pot
napol: doesn't show hand
*** SUMMARY ***
Total pot $12 | Rake $0.24
Board [2h Jh 2c]
Seat 4: arre86 (big blind) folded on the Flop
Seat 6: napol (button) (small blind) collected ($11.76)


PokerStars Hand #170435796291:  Hold'em Limit ($3/$6 USD) - 2017/05/14 21:32:30 ET
Table 'Namaqua' 6-max Seat #6 is the button
Seat 4: arre86 ($279.20 in chips)
Seat 6: napol ($104.85 in chips)
napol: posts small blind $1
arre86: posts big blind $3
*** HOLE CARDS ***
napol: folds
Uncalled bet ($2) returned to arre86
arre86 collected $2 from pot
arre86: doesn't show hand
*** SUMMARY ***
Total pot $2 | Rake $0
Seat 4: arre86 (big blind) collected ($2)
Seat 6: napol (button) (small blind) folded before Flop


PokerStars Hand #170435790044:  Hold'em Limit ($3/$6 USD) - 2017/05/14 21:32:15 ET
Table 'Namaqua' 6-max Seat #4 is the button
Seat 4: arre86 ($270.56 in chips)
Seat 6: napol ($113.85 in chips)
arre86: posts small blind $1
napol: posts big blind $3
*** HOLE CARDS ***
arre86: raises $3 to $6
napol: calls $3
*** FLOP *** [Ah 3d Kd]
napol: checks
arre86: bets $3
napol: calls $3
*** TURN *** [Ah 3d Kd] [2h]
rascal_319 leaves the table
napol: checks
arre86: bets $6
napol: folds
Uncalled bet ($6) returned to arre86
arre86 collected $17.64 from pot
arre86: doesn't show hand
*** SUMMARY ***
Total pot $18 | Rake $0.36
Board [Ah 3d Kd 2h]
Seat 4: arre86 (button) (small blind) collected ($17.64)
Seat 6: napol (big blind) folded on the Turn


PokerStars Hand #170435808143:  Hold'em Limit ($3/$6 USD) - 2017/05/14 21:32:59 ET
Table 'Namaqua' 6-max Seat #6 is the button
Seat 4: arre86 ($292.84 in chips)
Seat 6: napol ($90.85 in chips)
napol: posts small blind $1
arre86: posts big blind $3
*** HOLE CARDS ***
napol: folds
Uncalled bet ($2) returned to arre86
arre86 collected $2 from pot
arre86: doesn't show hand
*** SUMMARY ***
Total pot $2 | Rake $0
Seat 4: arre86 (big blind) collected ($2)
Seat 6: napol (button) (small blind) folded before Flop


PokerStars Hand #170435802165:  Hold'em Limit ($3/$6 USD) - 2017/05/14 21:32:44 ET
Table 'Namaqua' 6-max Seat #4 is the button
Seat 4: arre86 ($284.20 in chips)
Seat 6: napol ($99.85 in chips)
arre86: posts small blind $1
napol: posts big blind $3
*** HOLE CARDS ***
arre86: raises $3 to $6
napol: calls $3
*** FLOP *** [4s 3d Ac]
napol: checks
arre86: bets $3
napol: calls $3
*** TURN *** [4s 3d Ac] [4h]
napol: checks
arre86: bets $6
napol: folds
Uncalled bet ($6) returned to arre86
arre86 collected $17.64 from pot
arre86: doesn't show hand
*** SUMMARY ***
Total pot $18 | Rake $0.36
Board [4s 3d Ac 4h]
Seat 4: arre86 (button) (small blind) collected ($17.64)
Seat 6: napol (big blind) folded on the Turn


PokerStars Hand #170435821409:  Hold'em Limit ($3/$6 USD) - 2017/05/14 21:33:31 ET
Table 'Namaqua' 6-max Seat #4 is the button
Seat 4: arre86 ($302.34 in chips)
Seat 6: napol ($80.61 in chips)
arre86: posts small blind $1
napol: posts big blind $3
*** HOLE CARDS ***
arre86: raises $3 to $6
napol: folds
Uncalled bet ($3) returned to arre86
arre86 collected $6 from pot
arre86: doesn't show hand
*** SUMMARY ***
Total pot $6 | Rake $0
Seat 4: arre86 (button) (small blind) collected ($6)
Seat 6: napol (big blind) folded before Flop


PokerStars Hand #170435817408:  Hold'em Limit ($3/$6 USD) - 2017/05/14 21:33:21 ET
Table 'Namaqua' 6-max Seat #6 is the button
Seat 4: arre86 ($308.34 in chips)
Seat 6: napol ($74.85 in chips)
napol: posts small blind $1
arre86: posts big blind $3
*** HOLE CARDS ***
napol: raises $3 to $6
arre86: calls $3
*** FLOP *** [Kd 6h Jh]
arre86: checks
napol: bets $3
arre86: folds
Uncalled bet ($3) returned to napol
napol collected $11.76 from pot
napol: doesn't show hand
*** SUMMARY ***
Total pot $12 | Rake $0.24
Board [Kd 6h Jh]
Seat 4: arre86 (big blind) folded on the Flop
Seat 6: napol (button) (small blind) collected ($11.76)


PokerStars Hand #170435810043:  Hold'em Limit ($3/$6 USD) - 2017/05/14 21:33:04 ET
Table 'Namaqua' 6-max Seat #4 is the button
Seat 4: arre86 ($293.84 in chips)
Seat 6: napol ($89.85 in chips)
arre86: posts small blind $1
napol: posts big blind $3
*** HOLE CARDS ***
arre86: raises $3 to $6
napol: calls $3
*** FLOP *** [9c 4h 9s]
napol: checks
arre86: bets $3
napol: calls $3
*** TURN *** [9c 4h 9s] [7d]
napol: checks
arre86: bets $6
napol: calls $6
*** RIVER *** [9c 4h 9s 7d] [6c]
napol: checks
arre86: bets $6
napol: folds
Uncalled bet ($6) returned to arre86
arre86 collected $29.50 from pot
arre86: doesn't show hand
*** SUMMARY ***
Total pot $30 | Rake $0.50
Board [9c 4h 9s 7d 6c]
Seat 4: arre86 (button) (small blind) collected ($29.50)
Seat 6: napol (big blind) folded on the River


PokerStars Hand #170435800224:  Hold'em Limit ($3/$6 USD) - 2017/05/14 21:32:39 ET
Table 'Namaqua' 6-max Seat #6 is the button
Seat 4: arre86 ($283.20 in chips)
Seat 6: napol ($100.85 in chips)
napol: posts small blind $1
arre86: posts big blind $3
*** HOLE CARDS ***
napol: folds
Uncalled bet ($2) returned to arre86
arre86 collected $2 from pot
arre86: doesn't show hand
*** SUMMARY ***
Total pot $2 | Rake $0
Seat 4: arre86 (big blind) collected ($2)
Seat 6: napol (button) (small blind) folded before Flop


PokerStars Hand #170435798189:  Hold'em Limit ($3/$6 USD) - 2017/05/14 21:32:34 ET
Table 'Namaqua' 6-max Seat #4 is the button
Seat 4: arre86 ($280.20 in chips)
Seat 6: napol ($103.85 in chips)
arre86: posts small blind $1
napol: posts big blind $3
*** HOLE CARDS ***
arre86: raises $3 to $6
napol: folds
Uncalled bet ($3) returned to arre86
arre86 collected $6 from pot
arre86: doesn't show hand
*** SUMMARY ***
Total pot $6 | Rake $0
Seat 4: arre86 (button) (small blind) collected ($6)
Seat 6: napol (big blind) folded before Flop


PokerStars Hand #170435828165:  Hold'em Limit ($3/$6 USD) - 2017/05/14 21:33:47 ET
Table 'Namaqua' 6-max Seat #4 is the button
Seat 4: arre86 ($299.34 in chips)
Seat 6: napol ($83.37 in chips)
arre86: posts small blind $1
napol: posts big blind $3
*** HOLE CARDS ***
arre86: raises $3 to $6
napol: calls $3
*** FLOP *** [As Kd 6h]
napol: checks
arre86: bets $3
napol: folds
Uncalled bet ($3) returned to arre86
arre86 collected $11.76 from pot
arre86: doesn't show hand
*** SUMMARY ***
Total pot $12 | Rake $0.24
Board [As Kd 6h]
Seat 4: arre86 (button) (small blind) collected ($11.76)
Seat 6: napol (big blind) folded on the Flop


PokerStars Hand #170435831954:  Hold'em Limit ($3/$6 USD) - 2017/05/14 21:33:57 ET
Table 'Namaqua' 6-max Seat #6 is the button
Seat 4: arre86 ($305.10 in chips)
Seat 6: napol ($77.37 in chips)
napol: posts small blind $1
arre86: posts big blind $3
*** HOLE CARDS ***
napol: raises $3 to $6
arre86: calls $3
*** FLOP *** [6d Jc 3s]
arre86: checks
napol: checks
*** TURN *** [6d Jc 3s] [Th]
arre86: checks
napol: checks
*** RIVER *** [6d Jc 3s Th] [Qc]
arre86: bets $6
napol: folds
Uncalled bet ($6) returned to arre86
arre86 collected $11.76 from pot
arre86: doesn't show hand
*** SUMMARY ***
Total pot $12 | Rake $0.24
Board [6d Jc 3s Th Qc]
Seat 4: arre86 (big blind) collected ($11.76)
Seat 6: napol (button) (small blind) folded on the River


PokerStars Hand #170435838435:  Hold'em Limit ($3/$6 USD) - 2017/05/14 21:34:12 ET
Table 'Namaqua' 6-max Seat #4 is the button
Seat 4: arre86 ($310.86 in chips)
Seat 6: napol ($71.37 in chips)
arre86: posts small blind $1
napol: posts big blind $3
*** HOLE CARDS ***
arre86: folds
Uncalled bet ($2) returned to napol
napol collected $2 from pot
napol: doesn't show hand
*** SUMMARY ***
Total pot $2 | Rake $0
Seat 4: arre86 (button) (small blind) folded before Flop
Seat 6: napol (big blind) collected ($2)


PokerStars Hand #170435823338:  Hold'em Limit ($3/$6 USD) - 2017/05/14 21:33:36 ET
Table 'Namaqua' 6-max Seat #6 is the button
Seat 4: arre86 ($305.34 in chips)
Seat 6: napol ($77.61 in chips)
napol: posts small blind $1
arre86: posts big blind $3
*** HOLE CARDS ***
napol: raises $3 to $6
arre86: calls $3
*** FLOP *** [9h Qd 4d]
arre86: checks
napol: bets $3
arre86: folds
Uncalled bet ($3) returned to napol
napol collected $11.76 from pot
napol: doesn't show hand
*** SUMMARY ***
Total pot $12 | Rake $0.24
Board [9h Qd 4d]
Seat 4: arre86 (big blind) folded on the Flop
Seat 6: napol (button) (small blind) collected ($11.76)


PokerStars Hand #170435840557:  Hold'em Limit ($3/$6 USD) - 2017/05/14 21:34:17 ET
Table 'Namaqua' 6-max Seat #6 is the button
Seat 4: arre86 ($309.86 in chips)
Seat 6: napol ($72.37 in chips)
napol: posts small blind $1
arre86: posts big blind $3
*** HOLE CARDS ***
napol: raises $3 to $6
arre86: calls $3
*** FLOP *** [9h 3s 8d]
arre86: checks
napol: bets $3
arre86: calls $3
*** TURN *** [9h 3s 8d] [8c]
arre86: checks
napol: bets $6
arre86: calls $6
*** RIVER *** [9h 3s 8d 8c] [6s]
arre86: checks
napol: bets $6
arre86: calls $6
*** SHOW DOWN ***
napol: shows [6d 6h] (a full house, Sixes full of Eights)
arre86: mucks hand
Chrisgalo33 joins the table at seat #5
napol collected $41.50 from pot
*** SUMMARY ***
Total pot $42 | Rake $0.50
Board [9h 3s 8d 8c 6s]
Seat 4: arre86 (big blind) mucked
Seat 6: napol (button) (small blind) showed [6d 6h] and won ($41.50) with a full house, Sixes full of Eights


PokerStars Hand #170437197480:  Hold'em Limit ($3/$6 USD) - 2017/05/14 22:36:05 ET
Table 'Namaqua' 6-max Seat #1 is the button
Seat 1: degal76 ($162.25 in chips)
Seat 4: arre86 ($717.16 in chips)
degal76: posts small blind $1
arre86: posts big blind $3
*** HOLE CARDS ***
degal76: raises $3 to $6
arre86: raises $3 to $9
degal76: raises $3 to $12
Betting is capped
arre86: calls $3
*** FLOP *** [Jd 9c 8d]
arre86: checks
degal76: bets $3
arre86: calls $3
*** TURN *** [Jd 9c 8d] [2c]
arre86: checks
degal76: bets $6
arre86: calls $6
*** RIVER *** [Jd 9c 8d 2c] [Th]
arre86: checks
degal76: bets $6
arre86: calls $6
*** SHOW DOWN ***
degal76: shows [Tc Td] (three of a kind, Tens)
arre86: mucks hand
degal76 collected $53.50 from pot
*** SUMMARY ***
Total pot $54 | Rake $0.50
Board [Jd 9c 8d 2c Th]
Seat 1: degal76 (button) (small blind) showed [Tc Td] and won ($53.50) with three of a kind, Tens
Seat 4: arre86 (big blind) mucked


PokerStars Hand #170437204877:  Hold'em Limit ($3/$6 USD) - 2017/05/14 22:36:28 ET
Table 'Namaqua' 6-max Seat #4 is the button
Seat 1: degal76 ($188.75 in chips)
Seat 4: arre86 ($690.16 in chips)
arre86: posts small blind $1
degal76: posts big blind $3
*** HOLE CARDS ***
arre86: raises $3 to $6
degal76: folds
Uncalled bet ($3) returned to arre86
arre86 collected $6 from pot
arre86: doesn't show hand
*** SUMMARY ***
Total pot $6 | Rake $0
Seat 1: degal76 (big blind) folded before Flop
Seat 4: arre86 (button) (small blind) collected ($6)


PokerStars Hand #170437193332:  Hold'em Limit ($3/$6 USD) - 2017/05/14 22:35:53 ET
Table 'Namaqua' 6-max Seat #4 is the button
Seat 1: degal76 ($153.61 in chips)
Seat 4: arre86 ($726.16 in chips)
arre86: posts small blind $1
degal76: posts big blind $3
*** HOLE CARDS ***
arre86: raises $3 to $6
degal76: calls $3
*** FLOP *** [Kc Qd 7d]
degal76: checks
arre86: bets $3
degal76: raises $3 to $6
arre86: folds
Uncalled bet ($3) returned to degal76
degal76 collected $17.64 from pot
degal76: doesn't show hand
*** SUMMARY ***
Total pot $18 | Rake $0.36
Board [Kc Qd 7d]
Seat 1: degal76 (big blind) collected ($17.64)
Seat 4: arre86 (button) (small blind) folded on the Flop


PokerStars Hand #170437229537:  Hold'em Limit ($3/$6 USD) - 2017/05/14 22:37:43 ET
Table 'Namaqua' 6-max Seat #1 is the button
Seat 1: degal76 ($191.77 in chips)
Seat 4: arre86 ($685.66 in chips)
degal76: posts small blind $1
arre86: posts big blind $3
*** HOLE CARDS ***
samurai.ru leaves the table
degal76: folds
Uncalled bet ($2) returned to arre86
arre86 collected $2 from pot
arre86: doesn't show hand
*** SUMMARY ***
Total pot $2 | Rake $0
Seat 1: degal76 (button) (small blind) folded before Flop
Seat 4: arre86 (big blind) collected ($2)


PokerStars Hand #170437223601:  Hold'em Limit ($3/$6 USD) - 2017/05/14 22:37:25 ET
Table 'Namaqua' 6-max Seat #4 is the button
Seat 1: degal76 ($218.77 in chips)
Seat 4: arre86 ($659.16 in chips)
arre86: posts small blind $1
degal76: posts big blind $3
*** HOLE CARDS ***
arre86: raises $3 to $6
degal76: raises $3 to $9
arre86: raises $3 to $12
Betting is capped
degal76: calls $3
*** FLOP *** [2d 9d 5d]
degal76: checks
arre86: bets $3
degal76: calls $3
*** TURN *** [2d 9d 5d] [Jh]
degal76: checks
arre86: bets $6
degal76: calls $6
*** RIVER *** [2d 9d 5d Jh] [Th]
degal76: checks
arre86: bets $6
degal76: calls $6
*** SHOW DOWN ***
arre86: shows [Kc Jc] (a pair of Jacks)
degal76: mucks hand
arre86 collected $53.50 from pot
*** SUMMARY ***
Total pot $54 | Rake $0.50
Board [2d 9d 5d Jh Th]
Seat 1: degal76 (big blind) mucked
Seat 4: arre86 (button) (small blind) showed [Kc Jc] and won ($53.50) with a pair of Jacks


PokerStars Hand #170437212892:  Hold'em Limit ($3/$6 USD) - 2017/05/14 22:36:52 ET
Table 'Namaqua' 6-max Seat #4 is the button
Seat 1: degal76 ($212.25 in chips)
Seat 4: arre86 ($666.16 in chips)
arre86: posts small blind $1
degal76: posts big blind $3
*** HOLE CARDS ***
arre86: raises $3 to $6
degal76: calls $3
*** FLOP *** [5s 3d 3h]
degal76: checks
arre86: bets $3
degal76: raises $3 to $6
arre86: calls $3
*** TURN *** [5s 3d 3h] [6h]
degal76: bets $6
arre86: folds
Uncalled bet ($6) returned to degal76
degal76 collected $23.52 from pot
degal76: doesn't show hand
*** SUMMARY ***
Total pot $24 | Rake $0.48
Board [5s 3d 3h 6h]
Seat 1: degal76 (big blind) collected ($23.52)
Seat 4: arre86 (button) (small blind) folded on the Turn


PokerStars Hand #170437221944:  Hold'em Limit ($3/$6 USD) - 2017/05/14 22:37:20 ET
Table 'Namaqua' 6-max Seat #1 is the button
Seat 1: degal76 ($219.77 in chips)
Seat 4: arre86 ($658.16 in chips)
degal76: posts small blind $1
arre86: posts big blind $3
*** HOLE CARDS ***
degal76: folds
Uncalled bet ($2) returned to arre86
arre86 collected $2 from pot
arre86: doesn't show hand
*** SUMMARY ***
Total pot $2 | Rake $0
Seat 1: degal76 (button) (small blind) folded before Flop
Seat 4: arre86 (big blind) collected ($2)


PokerStars Hand #170437206784:  Hold'em Limit ($3/$6 USD) - 2017/05/14 22:36:34 ET
Table 'Namaqua' 6-max Seat #1 is the button
Seat 1: degal76 ($185.75 in chips)
Seat 4: arre86 ($693.16 in chips)
degal76: posts small blind $1
arre86: posts big blind $3
*** HOLE CARDS ***
degal76: raises $3 to $6
arre86: raises $3 to $9
degal76: raises $3 to $12
Betting is capped
arre86: calls $3
*** FLOP *** [8s 3h Th]
arre86: checks
degal76: bets $3
arre86: calls $3
*** TURN *** [8s 3h Th] [8h]
arre86: checks
degal76: bets $6
arre86: calls $6
*** RIVER *** [8s 3h Th 8h] [5c]
arre86: checks
degal76: bets $6
arre86: calls $6
*** SHOW DOWN ***
degal76: shows [Qd Ah] (a pair of Eights)
arre86: mucks hand
degal76 collected $53.50 from pot
*** SUMMARY ***
Total pot $54 | Rake $0.50
Board [8s 3h Th 8h 5c]
Seat 1: degal76 (button) (small blind) showed [Qd Ah] and won ($53.50) with a pair of Eights
Seat 4: arre86 (big blind) mucked


PokerStars Hand #170437219363:  Hold'em Limit ($3/$6 USD) - 2017/05/14 22:37:12 ET
Table 'Namaqua' 6-max Seat #4 is the button
Seat 1: degal76 ($222.77 in chips)
Seat 4: arre86 ($655.16 in chips)
arre86: posts small blind $1
degal76: posts big blind $3
*** HOLE CARDS ***
arre86: raises $3 to $6
degal76: folds
Uncalled bet ($3) returned to arre86
arre86 collected $6 from pot
arre86: doesn't show hand
*** SUMMARY ***
Total pot $6 | Rake $0
Seat 1: degal76 (big blind) folded before Flop
Seat 4: arre86 (button) (small blind) collected ($6)


PokerStars Hand #170437217660:  Hold'em Limit ($3/$6 USD) - 2017/05/14 22:37:07 ET
Table 'Namaqua' 6-max Seat #1 is the button
Seat 1: degal76 ($223.77 in chips)
Seat 4: arre86 ($654.16 in chips)
degal76: posts small blind $1
arre86: posts big blind $3
*** HOLE CARDS ***
degal76: folds
Uncalled bet ($2) returned to arre86
arre86 collected $2 from pot
arre86: doesn't show hand
*** SUMMARY ***
Total pot $2 | Rake $0
Seat 1: degal76 (button) (small blind) folded before Flop
Seat 4: arre86 (big blind) collected ($2)


PokerStars Hand #170437236062:  Hold'em Limit ($3/$6 USD) - 2017/05/14 22:38:03 ET
Table 'Namaqua' 6-max Seat #1 is the button
Seat 1: degal76 ($184.77 in chips)
Seat 4: arre86 ($692.42 in chips)
degal76: posts small blind $1
arre86: posts big blind $3
*** HOLE CARDS ***
degal76: folds
Uncalled bet ($2) returned to arre86
arre86 collected $2 from pot
arre86: doesn't show hand
*** SUMMARY ***
Total pot $2 | Rake $0
Seat 1: degal76 (button) (small blind) folded before Flop
Seat 4: arre86 (big blind) collected ($2)


PokerStars Hand #170437231811:  Hold'em Limit ($3/$6 USD) - 2017/05/14 22:37:50 ET
Table 'Namaqua' 6-max Seat #4 is the button
Seat 1: degal76 ($190.77 in chips)
Seat 4: arre86 ($686.66 in chips)
arre86: posts small blind $1
degal76: posts big blind $3
*** HOLE CARDS ***
arre86: raises $3 to $6
degal76: calls $3
*** FLOP *** [Th 7h Qh]
degal76: checks
arre86: bets $3
degal76: folds
Uncalled bet ($3) returned to arre86
arre86 collected $11.76 from pot
arre86: doesn't show hand
*** SUMMARY ***
Total pot $12 | Rake $0.24
Board [Th 7h Qh]
Seat 1: degal76 (big blind) folded on the Flop
Seat 4: arre86 (button) (small blind) collected ($11.76)


PokerStars Hand #170437256515:  Hold'em Limit ($3/$6 USD) - 2017/05/14 22:38:40 ET
Table 'Namaqua' 6-max Seat #4 is the button
Seat 1: degal76 ($197.29 in chips)
Seat 4: arre86 ($679.42 in chips)
arre86: posts small blind $1
degal76: posts big blind $3
*** HOLE CARDS ***
arre86: folds
Uncalled bet ($2) returned to degal76
degal76 collected $2 from pot
degal76: doesn't show hand
*** SUMMARY ***
Total pot $2 | Rake $0
Seat 1: degal76 (big blind) collected ($2)
Seat 4: arre86 (button) (small blind) folded before Flop


PokerStars Hand #170437251724:  Hold'em Limit ($3/$6 USD) - 2017/05/14 22:38:25 ET
Table 'Namaqua' 6-max Seat #4 is the button
Seat 1: degal76 ($190.53 in chips)
Seat 4: arre86 ($686.42 in chips)
arre86: posts small blind $1
degal76: posts big blind $3
*** HOLE CARDS ***
arre86: folds
Uncalled bet ($2) returned to degal76
degal76 collected $2 from pot
degal76: doesn't show hand
*** SUMMARY ***
Total pot $2 | Rake $0
Seat 1: degal76 (big blind) collected ($2)
Seat 4: arre86 (button) (small blind) folded before Flop


PokerStars Hand #170437239757:  Hold'em Limit ($3/$6 USD) - 2017/05/14 22:38:14 ET
Table 'Namaqua' 6-max Seat #1 is the button
Seat 1: degal76 ($184.77 in chips)
Seat 4: arre86 ($692.42 in chips)
degal76: posts small blind $1
arre86: posts big blind $3
*** HOLE CARDS ***
degal76: raises $3 to $6
arre86: calls $3
*** FLOP *** [Js Ks Ac]
arre86: checks
degal76: bets $3
arre86: folds
Uncalled bet ($3) returned to degal76
degal76 collected $11.76 from pot
degal76: doesn't show hand
*** SUMMARY ***
Total pot $12 | Rake $0.24
Board [Js Ks Ac]
Seat 1: degal76 (button) (small blind) collected ($11.76)
Seat 4: arre86 (big blind) folded on the Flop


PokerStars Hand #170437253389:  Hold'em Limit ($3/$6 USD) - 2017/05/14 22:38:30 ET
Table 'Namaqua' 6-max Seat #1 is the button
Seat 1: degal76 ($191.53 in chips)
Seat 4: arre86 ($685.42 in chips)
degal76: posts small blind $1
arre86: posts big blind $3
*** HOLE CARDS ***
degal76: raises $3 to $6
arre86: calls $3
*** FLOP *** [Ts Th 6d]
arre86: checks
degal76: bets $3
arre86: folds
Uncalled bet ($3) returned to degal76
degal76 collected $11.76 from pot
degal76: doesn't show hand
*** SUMMARY ***
Total pot $12 | Rake $0.24
Board [Ts Th 6d]
Seat 1: degal76 (button) (small blind) collected ($11.76)
Seat 4: arre86 (big blind) folded on the Flop


PokerStars Hand #170437258191:  Hold'em Limit ($3/$6 USD) - 2017/05/14 22:38:45 ET
Table 'Namaqua' 6-max Seat #1 is the button
Seat 1: degal76 ($198.29 in chips)
Seat 4: arre86 ($678.42 in chips)
degal76: posts small blind $1
arre86: posts big blind $3
*** HOLE CARDS ***
degal76: raises $3 to $6
arre86: calls $3
*** FLOP *** [Ts Ks 5c]
arre86: checks
degal76: bets $3
arre86: folds
Uncalled bet ($3) returned to degal76
degal76 collected $11.76 from pot
degal76: doesn't show hand
*** SUMMARY ***
Total pot $12 | Rake $0.24
Board [Ts Ks 5c]
Seat 1: degal76 (button) (small blind) collected ($11.76)
Seat 4: arre86 (big blind) folded on the Flop


PokerStars Hand #170437277150:  Hold'em Limit ($3/$6 USD) - 2017/05/14 22:39:42 ET
Table 'Namaqua' 6-max Seat #1 is the button
Seat 1: degal76 ($191.05 in chips)
Seat 4: arre86 ($685.06 in chips)
degal76: posts small blind $1
arre86: posts big blind $3
*** HOLE CARDS ***
degal76: raises $3 to $6
arre86: folds
Uncalled bet ($3) returned to degal76
degal76 collected $6 from pot
degal76: doesn't show hand
*** SUMMARY ***
Total pot $6 | Rake $0
Seat 1: degal76 (button) (small blind) collected ($6)
Seat 4: arre86 (big blind) folded before Flop


PokerStars Hand #170437275436:  Hold'em Limit ($3/$6 USD) - 2017/05/14 22:39:37 ET
Table 'Namaqua' 6-max Seat #4 is the button
Seat 1: degal76 ($190.05 in chips)
Seat 4: arre86 ($686.06 in chips)
arre86: posts small blind $1
degal76: posts big blind $3
*** HOLE CARDS ***
arre86: folds
Uncalled bet ($2) returned to degal76
degal76 collected $2 from pot
degal76: doesn't show hand
*** SUMMARY ***
Total pot $2 | Rake $0
Seat 1: degal76 (big blind) collected ($2)
Seat 4: arre86 (button) (small blind) folded before Flop


PokerStars Hand #170437273888:  Hold'em Limit ($3/$6 USD) - 2017/05/14 22:39:32 ET
Table 'Namaqua' 6-max Seat #1 is the button
Seat 1: degal76 ($191.05 in chips)
Seat 4: arre86 ($685.06 in chips)
degal76: posts small blind $1
arre86: posts big blind $3
*** HOLE CARDS ***
degal76: folds
Uncalled bet ($2) returned to arre86
arre86 collected $2 from pot
arre86: doesn't show hand
*** SUMMARY ***
Total pot $2 | Rake $0
Seat 1: degal76 (button) (small blind) folded before Flop
Seat 4: arre86 (big blind) collected ($2)


PokerStars Hand #170437272234:  Hold'em Limit ($3/$6 USD) - 2017/05/14 22:39:27 ET
Table 'Namaqua' 6-max Seat #4 is the button
Seat 1: degal76 ($190.05 in chips)
Seat 4: arre86 ($686.06 in chips)
arre86: posts small blind $1
degal76: posts big blind $3
*** HOLE CARDS ***
arre86: folds
Uncalled bet ($2) returned to degal76
degal76 collected $2 from pot
degal76: doesn't show hand
*** SUMMARY ***
Total pot $2 | Rake $0
Seat 1: degal76 (big blind) collected ($2)
Seat 4: arre86 (button) (small blind) folded before Flop


PokerStars Hand #170437270537:  Hold'em Limit ($3/$6 USD) - 2017/05/14 22:39:22 ET
Table 'Namaqua' 6-max Seat #1 is the button
Seat 1: degal76 ($191.05 in chips)
Seat 4: arre86 ($685.06 in chips)
degal76: posts small blind $1
arre86: posts big blind $3
*** HOLE CARDS ***
degal76: folds
Uncalled bet ($2) returned to arre86
arre86 collected $2 from pot
arre86: doesn't show hand
*** SUMMARY ***
Total pot $2 | Rake $0
Seat 1: degal76 (button) (small blind) folded before Flop
Seat 4: arre86 (big blind) collected ($2)


PokerStars Hand #170437268495:  Hold'em Limit ($3/$6 USD) - 2017/05/14 22:39:16 ET
Table 'Namaqua' 6-max Seat #4 is the button
Seat 1: degal76 ($194.05 in chips)
Seat 4: arre86 ($682.06 in chips)
arre86: posts small blind $1
degal76: posts big blind $3
*** HOLE CARDS ***
arre86: raises $3 to $6
degal76: folds
Uncalled bet ($3) returned to arre86
arre86 collected $6 from pot
arre86: doesn't show hand
*** SUMMARY ***
Total pot $6 | Rake $0
Seat 1: degal76 (big blind) folded before Flop
Seat 4: arre86 (button) (small blind) collected ($6)


PokerStars Hand #170437266493:  Hold'em Limit ($3/$6 USD) - 2017/05/14 22:39:10 ET
Table 'Namaqua' 6-max Seat #1 is the button
Seat 1: degal76 ($195.05 in chips)
Seat 4: arre86 ($681.06 in chips)
degal76: posts small blind $1
arre86: posts big blind $3
*** HOLE CARDS ***
degal76: folds
Uncalled bet ($2) returned to arre86
arre86 collected $2 from pot
arre86: doesn't show hand
*** SUMMARY ***
Total pot $2 | Rake $0
Seat 1: degal76 (button) (small blind) folded before Flop
Seat 4: arre86 (big blind) collected ($2)


PokerStars Hand #170437261754:  Hold'em Limit ($3/$6 USD) - 2017/05/14 22:38:55 ET
Table 'Namaqua' 6-max Seat #4 is the button
Seat 1: degal76 ($204.05 in chips)
Seat 4: arre86 ($672.42 in chips)
arre86: posts small blind $1
degal76: posts big blind $3
*** HOLE CARDS ***
arre86: raises $3 to $6
degal76: calls $3
*** FLOP *** [2d 2s 3h]
degal76: checks
arre86: bets $3
degal76: calls $3
*** TURN *** [2d 2s 3h] [Kd]
degal76: checks
arre86: bets $6
degal76: folds
Uncalled bet ($6) returned to arre86
arre86 collected $17.64 from pot
arre86: doesn't show hand
*** SUMMARY ***
Total pot $18 | Rake $0.36
Board [2d 2s 3h Kd]
Seat 1: degal76 (big blind) folded on the Turn
Seat 4: arre86 (button) (small blind) collected ($17.64)


PokerStars Hand #170437279313:  Hold'em Limit ($3/$6 USD) - 2017/05/14 22:39:49 ET
Table 'Namaqua' 6-max Seat #4 is the button
Seat 1: degal76 ($194.05 in chips)
Seat 4: arre86 ($682.06 in chips)
arre86: posts small blind $1
degal76: posts big blind $3
*** HOLE CARDS ***
arre86: raises $3 to $6
degal76: folds
Uncalled bet ($3) returned to arre86
arre86 collected $6 from pot
arre86: doesn't show hand
*** SUMMARY ***
Total pot $6 | Rake $0
Seat 1: degal76 (big blind) folded before Flop
Seat 4: arre86 (button) (small blind) collected ($6)


PokerStars Hand #170437281266:  Hold'em Limit ($3/$6 USD) - 2017/05/14 22:39:55 ET
Table 'Namaqua' 6-max Seat #1 is the button
Seat 1: degal76 ($191.05 in chips)
Seat 4: arre86 ($685.06 in chips)
degal76: posts small blind $1
arre86: posts big blind $3
*** HOLE CARDS ***
degal76: raises $3 to $6
arre86: calls $3
*** FLOP *** [8s 7s 2c]
arre86: checks
degal76: bets $3
arre86: calls $3
*** TURN *** [8s 7s 2c] [6s]
arre86: checks
degal76: bets $6
arre86: calls $6
*** RIVER *** [8s 7s 2c 6s] [4c]
arre86: checks
degal76: checks
*** SHOW DOWN ***
arre86: shows [Kc 7d] (a pair of Sevens)
degal76: mucks hand
arre86 collected $29.50 from pot
*** SUMMARY ***
Total pot $30 | Rake $0.50
Board [8s 7s 2c 6s 4c]
Seat 1: degal76 (button) (small blind) mucked
Seat 4: arre86 (big blind) showed [Kc 7d] and won ($29.50) with a pair of Sevens


PokerStars Hand #170437296300:  Hold'em Limit ($3/$6 USD) - 2017/05/14 22:40:40 ET
Table 'Namaqua' 6-max Seat #4 is the button
Seat 1: degal76 ($199.55 in chips)
Seat 4: arre86 ($675.56 in chips)
arre86: posts small blind $1
degal76: posts big blind $3
*** HOLE CARDS ***
arre86: raises $3 to $6
degal76: calls $3
*** FLOP *** [5d Kh 6c]
degal76: checks
arre86: bets $3
degal76: folds
Uncalled bet ($3) returned to arre86
arre86 collected $11.76 from pot
arre86: doesn't show hand
*** SUMMARY ***
Total pot $12 | Rake $0.24
Board [5d Kh 6c]
Seat 1: degal76 (big blind) folded on the Flop
Seat 4: arre86 (button) (small blind) collected ($11.76)


PokerStars Hand #170437293963:  Hold'em Limit ($3/$6 USD) - 2017/05/14 22:40:33 ET
Table 'Namaqua' 6-max Seat #1 is the button
Seat 1: degal76 ($196.55 in chips)
Seat 4: arre86 ($678.56 in chips)
degal76: posts small blind $1
arre86: posts big blind $3
*** HOLE CARDS ***
degal76: raises $3 to $6
arre86: folds
Uncalled bet ($3) returned to degal76
degal76 collected $6 from pot
degal76: doesn't show hand
*** SUMMARY ***
Total pot $6 | Rake $0
Seat 1: degal76 (button) (small blind) collected ($6)
Seat 4: arre86 (big blind) folded before Flop


PokerStars Hand #170437287343:  Hold'em Limit ($3/$6 USD) - 2017/05/14 22:40:13 ET
Table 'Namaqua' 6-max Seat #4 is the button
Seat 1: degal76 ($176.05 in chips)
Seat 4: arre86 ($699.56 in chips)
arre86: posts small blind $1
degal76: posts big blind $3
*** HOLE CARDS ***
arre86: raises $3 to $6
degal76: calls $3
*** FLOP *** [7h Ts 5s]
degal76: checks
arre86: bets $3
degal76: calls $3
*** TURN *** [7h Ts 5s] [4s]
degal76: checks
arre86: bets $6
degal76: calls $6
*** RIVER *** [7h Ts 5s 4s] [3s]
degal76: bets $6
arre86: calls $6
*** SHOW DOWN ***
degal76: shows [Jd Qs] (a flush, Queen high)
arre86: mucks hand
degal76 collected $41.50 from pot
*** SUMMARY ***
Total pot $42 | Rake $0.50
Board [7h Ts 5s 4s 3s]
Seat 1: degal76 (big blind) showed [Jd Qs] and won ($41.50) with a flush, Queen high
Seat 4: arre86 (button) (small blind) mucked


PokerStars Hand #170437312372:  Hold'em Limit ($3/$6 USD) - 2017/05/14 22:41:29 ET
Table 'Namaqua' 6-max Seat #4 is the button
Seat 1: degal76 ($219.81 in chips)
Seat 4: arre86 ($654.08 in chips)
arre86: posts small blind $1
degal76: posts big blind $3
*** HOLE CARDS ***
arre86: raises $3 to $6
degal76: calls $3
*** FLOP *** [Kd 8c 2c]
degal76: checks
arre86: bets $3
degal76: calls $3
*** TURN *** [Kd 8c 2c] [2d]
degal76: checks
arre86: bets $6
degal76: calls $6
*** RIVER *** [Kd 8c 2c 2d] [Th]
degal76: checks
arre86: checks
*** SHOW DOWN ***
degal76: shows [3c Ad] (a pair of Deuces)
arre86: mucks hand
degal76 collected $29.50 from pot
*** SUMMARY ***
Total pot $30 | Rake $0.50
Board [Kd 8c 2c 2d Th]
Seat 1: degal76 (big blind) showed [3c Ad] and won ($29.50) with a pair of Deuces
Seat 4: arre86 (button) (small blind) mucked


PokerStars Hand #170437299192:  Hold'em Limit ($3/$6 USD) - 2017/05/14 22:40:49 ET
Table 'Namaqua' 6-max Seat #1 is the button
Seat 1: degal76 ($193.55 in chips)
Seat 4: arre86 ($681.32 in chips)
degal76: posts small blind $1
arre86: posts big blind $3
*** HOLE CARDS ***
degal76: raises $3 to $6
arre86: raises $3 to $9
degal76: calls $3
*** FLOP *** [4d Th 6s]
arre86: bets $3
degal76: raises $3 to $6
arre86: calls $3
*** TURN *** [4d Th 6s] [5d]
arre86: checks
degal76: bets $6
arre86: calls $6
*** RIVER *** [4d Th 6s 5d] [Kc]
arre86: checks
degal76: bets $6
arre86: calls $6
*** SHOW DOWN ***
degal76: shows [Kd 6d] (two pair, Kings and Sixes)
arre86: mucks hand
degal76 collected $53.50 from pot
*** SUMMARY ***
Total pot $54 | Rake $0.50
Board [4d Th 6s 5d Kc]
Seat 1: degal76 (button) (small blind) showed [Kd 6d] and won ($53.50) with two pair, Kings and Sixes
Seat 4: arre86 (big blind) mucked


PokerStars Hand #170437305810:  Hold'em Limit ($3/$6 USD) - 2017/05/14 22:41:10 ET
Table 'Namaqua' 6-max Seat #4 is the button
Seat 1: degal76 ($220.05 in chips)
Seat 4: arre86 ($654.32 in chips)
arre86: posts small blind $1
degal76: posts big blind $3
*** HOLE CARDS ***
arre86: raises $3 to $6
degal76: calls $3
*** FLOP *** [Td 7h 9d]
degal76: checks
arre86: bets $3
degal76: folds
Uncalled bet ($3) returned to arre86
arre86 collected $11.76 from pot
arre86: doesn't show hand
*** SUMMARY ***
Total pot $12 | Rake $0.24
Board [Td 7h 9d]
Seat 1: degal76 (big blind) folded on the Flop
Seat 4: arre86 (button) (small blind) collected ($11.76)


PokerStars Hand #170437308937:  Hold'em Limit ($3/$6 USD) - 2017/05/14 22:41:19 ET
Table 'Namaqua' 6-max Seat #1 is the button
Seat 1: degal76 ($214.05 in chips)
Seat 4: arre86 ($660.08 in chips)
degal76: posts small blind $1
arre86: posts big blind $3
*** HOLE CARDS ***
degal76: raises $3 to $6
arre86: calls $3
*** FLOP *** [Th Qh 5s]
arre86: checks
degal76: bets $3
arre86: folds
Uncalled bet ($3) returned to degal76
degal76 collected $11.76 from pot
degal76: doesn't show hand
*** SUMMARY ***
Total pot $12 | Rake $0.24
Board [Th Qh 5s]
Seat 1: degal76 (button) (small blind) collected ($11.76)
Seat 4: arre86 (big blind) folded on the Flop


PokerStars Hand #170437328503:  Hold'em Limit ($3/$6 USD) - 2017/05/14 22:42:20 ET
Table 'Namaqua' 6-max Seat #1 is the button
Seat 1: degal76 ($226.31 in chips)
Seat 4: arre86 ($647.08 in chips)
degal76: posts small blind $1
arre86: posts big blind $3
*** HOLE CARDS ***
degal76: raises $3 to $6
arre86: calls $3
*** FLOP *** [8h 7h Kh]
arre86: checks
degal76: bets $3
arre86: calls $3
*** TURN *** [8h 7h Kh] [8d]
arre86: checks
degal76: bets $6
arre86: calls $6
*** RIVER *** [8h 7h Kh 8d] [As]
arre86: checks
degal76: bets $6
arre86: calls $6
*** SHOW DOWN ***
degal76: shows [Js Kd] (two pair, Kings and Eights)
arre86: shows [7d Ks] (two pair, Kings and Eights)
arre86 collected $20.75 from pot
degal76 collected $20.75 from pot
*** SUMMARY ***
Total pot $42 | Rake $0.50
Board [8h 7h Kh 8d As]
Seat 1: degal76 (button) (small blind) showed [Js Kd] and won ($20.75) with two pair, Kings and Eights
Seat 4: arre86 (big blind) showed [7d Ks] and won ($20.75) with two pair, Kings and Eights


PokerStars Hand #170437334661:  Hold'em Limit ($3/$6 USD) - 2017/05/14 22:42:38 ET
Table 'Namaqua' 6-max Seat #4 is the button
Seat 1: degal76 ($226.06 in chips)
Seat 4: arre86 ($646.83 in chips)
arre86: posts small blind $1
degal76: posts big blind $3
*** HOLE CARDS ***
arre86: raises $3 to $6
degal76: folds
Uncalled bet ($3) returned to arre86
arre86 collected $6 from pot
arre86: doesn't show hand
*** SUMMARY ***
Total pot $6 | Rake $0
Seat 1: degal76 (big blind) folded before Flop
Seat 4: arre86 (button) (small blind) collected ($6)


PokerStars Hand #170437326460:  Hold'em Limit ($3/$6 USD) - 2017/05/14 22:42:13 ET
Table 'Namaqua' 6-max Seat #4 is the button
Seat 1: degal76 ($229.31 in chips)
Seat 4: arre86 ($644.08 in chips)
arre86: posts small blind $1
degal76: posts big blind $3
*** HOLE CARDS ***
arre86: raises $3 to $6
degal76: folds
Uncalled bet ($3) returned to arre86
arre86 collected $6 from pot
arre86: doesn't show hand
*** SUMMARY ***
Total pot $6 | Rake $0
Seat 1: degal76 (big blind) folded before Flop
Seat 4: arre86 (button) (small blind) collected ($6)


PokerStars Hand #170437324734:  Hold'em Limit ($3/$6 USD) - 2017/05/14 22:42:08 ET
Table 'Namaqua' 6-max Seat #1 is the button
Seat 1: degal76 ($230.31 in chips)
Seat 4: arre86 ($643.08 in chips)
degal76: posts small blind $1
arre86: posts big blind $3
*** HOLE CARDS ***
degal76: folds
Uncalled bet ($2) returned to arre86
arre86 collected $2 from pot
arre86: doesn't show hand
*** SUMMARY ***
Total pot $2 | Rake $0
Seat 1: degal76 (button) (small blind) folded before Flop
Seat 4: arre86 (big blind) collected ($2)


PokerStars Hand #170437319605:  Hold'em Limit ($3/$6 USD) - 2017/05/14 22:41:52 ET
Table 'Namaqua' 6-max Seat #4 is the button
Seat 1: degal76 ($233.31 in chips)
Seat 4: arre86 ($640.08 in chips)
arre86: posts small blind $1
degal76: posts big blind $3
*** HOLE CARDS ***
arre86: folds
Uncalled bet ($2) returned to degal76
degal76 collected $2 from pot
degal76: doesn't show hand
*** SUMMARY ***
Total pot $2 | Rake $0
Seat 1: degal76 (big blind) collected ($2)
Seat 4: arre86 (button) (small blind) folded before Flop


PokerStars Hand #170437317794:  Hold'em Limit ($3/$6 USD) - 2017/05/14 22:41:46 ET
Table 'Namaqua' 6-max Seat #1 is the button
Seat 1: degal76 ($234.31 in chips)
Seat 4: arre86 ($639.08 in chips)
degal76: posts small blind $1
arre86: posts big blind $3
*** HOLE CARDS ***
degal76: folds
Uncalled bet ($2) returned to arre86
arre86 collected $2 from pot
arre86: doesn't show hand
*** SUMMARY ***
Total pot $2 | Rake $0
Seat 1: degal76 (button) (small blind) folded before Flop
Seat 4: arre86 (big blind) collected ($2)


PokerStars Hand #170437322798:  Hold'em Limit ($3/$6 USD) - 2017/05/14 22:42:02 ET
Table 'Namaqua' 6-max Seat #4 is the button
Seat 1: degal76 ($233.31 in chips)
Seat 4: arre86 ($640.08 in chips)
arre86: posts small blind $1
degal76: posts big blind $3
*** HOLE CARDS ***
arre86: raises $3 to $6
degal76: folds
Uncalled bet ($3) returned to arre86
arre86 collected $6 from pot
arre86: doesn't show hand
*** SUMMARY ***
Total pot $6 | Rake $0
Seat 1: degal76 (big blind) folded before Flop
Seat 4: arre86 (button) (small blind) collected ($6)


PokerStars Hand #170437321127:  Hold'em Limit ($3/$6 USD) - 2017/05/14 22:41:57 ET
Table 'Namaqua' 6-max Seat #1 is the button
Seat 1: degal76 ($234.31 in chips)
Seat 4: arre86 ($639.08 in chips)
degal76: posts small blind $1
arre86: posts big blind $3
*** HOLE CARDS ***
degal76: folds
Uncalled bet ($2) returned to arre86
arre86 collected $2 from pot
arre86: doesn't show hand
*** SUMMARY ***
Total pot $2 | Rake $0
Seat 1: degal76 (button) (small blind) folded before Flop
Seat 4: arre86 (big blind) collected ($2)


PokerStars Hand #170437350857:  Hold'em Limit ($3/$6 USD) - 2017/05/14 22:43:29 ET
Table 'Namaqua' 6-max Seat #4 is the button
Seat 1: degal76 ($272.82 in chips)
Seat 4: arre86 ($598.83 in chips)
arre86: posts small blind $1
degal76: posts big blind $3
*** HOLE CARDS ***
arre86: folds
Uncalled bet ($2) returned to degal76
degal76 collected $2 from pot
degal76: doesn't show hand
*** SUMMARY ***
Total pot $2 | Rake $0
Seat 1: degal76 (big blind) collected ($2)
Seat 4: arre86 (button) (small blind) folded before Flop


PokerStars Hand #170437352473:  Hold'em Limit ($3/$6 USD) - 2017/05/14 22:43:34 ET
Table 'Namaqua' 6-max Seat #1 is the button
Seat 1: degal76 ($273.82 in chips)
Seat 4: arre86 ($597.83 in chips)
degal76: posts small blind $1
arre86: posts big blind $3
*** HOLE CARDS ***
degal76: raises $3 to $6
arre86: calls $3
*** FLOP *** [7d Jh 4c]
arre86: checks
degal76: checks
*** TURN *** [7d Jh 4c] [7h]
arre86: bets $6
degal76: folds
Uncalled bet ($6) returned to arre86
arre86 collected $11.76 from pot
arre86: doesn't show hand
*** SUMMARY ***
Total pot $12 | Rake $0.24
Board [7d Jh 4c 7h]
Seat 1: degal76 (button) (small blind) folded on the Turn
Seat 4: arre86 (big blind) collected ($11.76)


PokerStars Hand #170437342223:  Hold'em Limit ($3/$6 USD) - 2017/05/14 22:43:02 ET
Table 'Namaqua' 6-max Seat #4 is the button
Seat 1: degal76 ($249.56 in chips)
Seat 4: arre86 ($622.83 in chips)
arre86: posts small blind $1
degal76: posts big blind $3
*** HOLE CARDS ***
arre86: raises $3 to $6
degal76: calls $3
*** FLOP *** [3s 7h 6d]
degal76: checks
arre86: bets $3
degal76: raises $3 to $6
arre86: calls $3
*** TURN *** [3s 7h 6d] [2s]
degal76: bets $6
arre86: calls $6
*** RIVER *** [3s 7h 6d 2s] [7s]
degal76: bets $6
arre86: folds
Uncalled bet ($6) returned to degal76
degal76 collected $35.50 from pot
degal76: doesn't show hand
*** SUMMARY ***
Total pot $36 | Rake $0.50
Board [3s 7h 6d 2s 7s]
Seat 1: degal76 (big blind) collected ($35.50)
Seat 4: arre86 (button) (small blind) folded on the River


PokerStars Hand #170437336801:  Hold'em Limit ($3/$6 USD) - 2017/05/14 22:42:45 ET
Table 'Namaqua' 6-max Seat #1 is the button
Seat 1: degal76 ($223.06 in chips)
Seat 4: arre86 ($649.83 in chips)
degal76: posts small blind $1
arre86: posts big blind $3
*** HOLE CARDS ***
degal76: raises $3 to $6
arre86: raises $3 to $9
degal76: calls $3
*** FLOP *** [Th 6d Qh]
arre86: bets $3
degal76: raises $3 to $6
arre86: calls $3
*** TURN *** [Th 6d Qh] [4h]
arre86: checks
degal76: bets $6
arre86: calls $6
*** RIVER *** [Th 6d Qh 4h] [Qc]
arre86: checks
degal76: bets $6
arre86: calls $6
*** SHOW DOWN ***
degal76: shows [Jh 8h] (a flush, Queen high)
arre86: mucks hand
degal76 collected $53.50 from pot
*** SUMMARY ***
Total pot $54 | Rake $0.50
Board [Th 6d Qh 4h Qc]
Seat 1: degal76 (button) (small blind) showed [Jh 8h] and won ($53.50) with a flush, Queen high
Seat 4: arre86 (big blind) mucked


PokerStars Hand #170437374674:  Hold'em Limit ($3/$6 USD) - 2017/05/14 22:44:42 ET
Table 'Namaqua' 6-max Seat #4 is the button
Seat 1: degal76 ($206.82 in chips)
Seat 4: arre86 ($663.23 in chips)
arre86: posts small blind $1
degal76: posts big blind $3
*** HOLE CARDS ***
arre86: raises $3 to $6
degal76: folds
Uncalled bet ($3) returned to arre86
arre86 collected $6 from pot
arre86: doesn't show hand
*** SUMMARY ***
Total pot $6 | Rake $0
Seat 1: degal76 (big blind) folded before Flop
Seat 4: arre86 (button) (small blind) collected ($6)


PokerStars Hand #170437364871:  Hold'em Limit ($3/$6 USD) - 2017/05/14 22:44:12 ET
Table 'Namaqua' 6-max Seat #4 is the button
Seat 1: degal76 ($233.82 in chips)
Seat 4: arre86 ($637.09 in chips)
arre86: posts small blind $1
degal76: posts big blind $3
*** HOLE CARDS ***
arre86: raises $3 to $6
degal76: calls $3
*** FLOP *** [3c Ks 7c]
degal76: checks
arre86: bets $3
degal76: calls $3
*** TURN *** [3c Ks 7c] [8h]
degal76: checks
arre86: bets $6
degal76: folds
Uncalled bet ($6) returned to arre86
arre86 collected $17.64 from pot
arre86: doesn't show hand
*** SUMMARY ***
Total pot $18 | Rake $0.36
Board [3c Ks 7c 8h]
Seat 1: degal76 (big blind) folded on the Turn
Seat 4: arre86 (button) (small blind) collected ($17.64)


PokerStars Hand #170437369266:  Hold'em Limit ($3/$6 USD) - 2017/05/14 22:44:26 ET
Table 'Namaqua' 6-max Seat #1 is the button
Seat 1: degal76 ($224.82 in chips)
Seat 4: arre86 ($645.73 in chips)
degal76: posts small blind $1
arre86: posts big blind $3
*** HOLE CARDS ***
degal76: raises $3 to $6
arre86: raises $3 to $9
degal76: calls $3
*** FLOP *** [Jd 4d 4h]
arre86: bets $3
degal76: calls $3
*** TURN *** [Jd 4d 4h] [7s]
arre86: bets $6
degal76: calls $6
*** RIVER *** [Jd 4d 4h 7s] [2s]
arre86: bets $6
degal76: folds
Uncalled bet ($6) returned to arre86
arre86 collected $35.50 from pot
arre86: doesn't show hand
*** SUMMARY ***
Total pot $36 | Rake $0.50
Board [Jd 4d 4h 7s 2s]
Seat 1: degal76 (button) (small blind) folded on the River
Seat 4: arre86 (big blind) collected ($35.50)


PokerStars Hand #170437378860:  Hold'em Limit ($3/$6 USD) - 2017/05/14 22:44:55 ET
Table 'Namaqua' 6-max Seat #4 is the button
Seat 1: degal76 ($202.82 in chips)
Seat 4: arre86 ($667.23 in chips)
arre86: posts small blind $1
degal76: posts big blind $3
*** HOLE CARDS ***
arre86: raises $3 to $6
degal76: folds
Uncalled bet ($3) returned to arre86
arre86 collected $6 from pot
arre86: doesn't show hand
*** SUMMARY ***
Total pot $6 | Rake $0
Seat 1: degal76 (big blind) folded before Flop
Seat 4: arre86 (button) (small blind) collected ($6)


PokerStars Hand #170437376767:  Hold'em Limit ($3/$6 USD) - 2017/05/14 22:44:49 ET
Table 'Namaqua' 6-max Seat #1 is the button
Seat 1: degal76 ($203.82 in chips)
Seat 4: arre86 ($666.23 in chips)
degal76: posts small blind $1
arre86: posts big blind $3
*** HOLE CARDS ***
degal76: folds
Uncalled bet ($2) returned to arre86
arre86 collected $2 from pot
arre86: doesn't show hand
*** SUMMARY ***
Total pot $2 | Rake $0
Seat 1: degal76 (button) (small blind) folded before Flop
Seat 4: arre86 (big blind) collected ($2)


PokerStars Hand #170437380615:  Hold'em Limit ($3/$6 USD) - 2017/05/14 22:45:01 ET
Table 'Namaqua' 6-max Seat #1 is the button
Seat 1: degal76 ($199.82 in chips)
Seat 4: arre86 ($670.23 in chips)
degal76: posts small blind $1
arre86: posts big blind $3
*** HOLE CARDS ***
degal76: raises $3 to $6
arre86: calls $3
*** FLOP *** [Ts Ad 9h]
arre86: checks
degal76: bets $3
arre86: folds
Uncalled bet ($3) returned to degal76
degal76 collected $11.76 from pot
degal76: doesn't show hand
*** SUMMARY ***
Total pot $12 | Rake $0.24
Board [Ts Ad 9h]
Seat 1: degal76 (button) (small blind) collected ($11.76)
Seat 4: arre86 (big blind) folded on the Flop


PokerStars Hand #170437383970:  Hold'em Limit ($3/$6 USD) - 2017/05/14 22:45:11 ET
Table 'Namaqua' 6-max Seat #4 is the button
Seat 1: degal76 ($205.58 in chips)
Seat 4: arre86 ($664.23 in chips)
arre86: posts small blind $1
degal76: posts big blind $3
*** HOLE CARDS ***
arre86: raises $3 to $6
degal76: calls $3
*** FLOP *** [Jd 2d 8c]
degal76: checks
arre86: bets $3
degal76: folds
Uncalled bet ($3) returned to arre86
arre86 collected $11.76 from pot
arre86: doesn't show hand
*** SUMMARY ***
Total pot $12 | Rake $0.24
Board [Jd 2d 8c]
Seat 1: degal76 (big blind) folded on the Flop
Seat 4: arre86 (button) (small blind) collected ($11.76)


PokerStars Hand #170437387038:  Hold'em Limit ($3/$6 USD) - 2017/05/14 22:45:21 ET
Table 'Namaqua' 6-max Seat #1 is the button
Seat 1: degal76 ($199.58 in chips)
Seat 4: arre86 ($669.99 in chips)
degal76: posts small blind $1
arre86: posts big blind $3
*** HOLE CARDS ***
degal76: raises $3 to $6
arre86: calls $3
*** FLOP *** [5c Ks As]
arre86: checks
degal76: bets $3
arre86: raises $3 to $6
degal76: calls $3
*** TURN *** [5c Ks As] [3s]
arre86: bets $6
degal76: raises $6 to $12
arre86: raises $6 to $18
degal76: raises $6 to $24
Betting is capped
arre86: calls $6
*** RIVER *** [5c Ks As 3s] [9h]
arre86: bets $6
degal76: calls $6
*** SHOW DOWN ***
arre86: shows [7s Js] (a flush, Ace high)
degal76: mucks hand
arre86 collected $83.50 from pot
*** SUMMARY ***
Total pot $84 | Rake $0.50
Board [5c Ks As 3s 9h]
Seat 1: degal76 (button) (small blind) mucked
Seat 4: arre86 (big blind) showed [7s Js] and won ($83.50) with a flush, Ace high


PokerStars Hand #170437394932:  Hold'em Limit ($3/$6 USD) - 2017/05/14 22:45:46 ET
Table 'Namaqua' 6-max Seat #4 is the button
Seat 1: degal76 ($157.58 in chips)
Seat 4: arre86 ($711.49 in chips)
arre86: posts small blind $1
degal76: posts big blind $3
*** HOLE CARDS ***
arre86: raises $3 to $6
degal76: calls $3
*** FLOP *** [Ad 8s 9d]
degal76: checks
arre86: bets $3
degal76: folds
Uncalled bet ($3) returned to arre86
arre86 collected $11.76 from pot
arre86: doesn't show hand
degal76 leaves the table
*** SUMMARY ***
Total pot $12 | Rake $0.24
Board [Ad 8s 9d]
Seat 1: degal76 (big blind) folded on the Flop
Seat 4: arre86 (button) (small blind) collected ($11.76)


PokerStars Hand #170438448173:  Hold'em Limit ($3/$6 USD) - 2017/05/14 23:45:37 ET
Table 'Namaqua' 6-max Seat #5 is the button
Seat 4: Agrotait ($72 in chips)
Seat 5: Brama Br ($120 in chips)
Brama Br: posts small blind $1
Agrotait: posts big blind $3
*** HOLE CARDS ***
Brama Br: raises $3 to $6
Agrotait: folds
Uncalled bet ($3) returned to Brama Br
Brama Br collected $6 from pot
*** SUMMARY ***
Total pot $6 | Rake $0
Seat 4: Agrotait (big blind) folded before Flop
Seat 5: Brama Br (button) (small blind) collected ($6)


PokerStars Hand #170438453781:  Hold'em Limit ($3/$6 USD) - 2017/05/14 23:45:58 ET
Table 'Namaqua' 6-max Seat #4 is the button
Seat 4: Agrotait ($69 in chips)
Seat 5: Brama Br ($123 in chips)
Agrotait: posts small blind $1
Brama Br: posts big blind $3
*** HOLE CARDS ***
Agrotait: raises $3 to $6
Brama Br: calls $3
*** FLOP *** [8s 3s As]
Brama Br: checks
Agrotait: bets $3
Brama Br: calls $3
*** TURN *** [8s 3s As] [6c]
Brama Br: checks
Agrotait: checks
*** RIVER *** [8s 3s As 6c] [Qc]
Brama Br: bets $6
Agrotait: calls $6
*** SHOW DOWN ***
Brama Br: shows [Ad 5c] (a pair of Aces)
Agrotait: mucks hand
Brama Br collected $29.50 from pot
*** SUMMARY ***
Total pot $30 | Rake $0.50
Board [8s 3s As 6c Qc]
Seat 4: Agrotait (button) (small blind) mucked
Seat 5: Brama Br (big blind) showed [Ad 5c] and won ($29.50) with a pair of Aces


PokerStars Hand #170438467101:  Hold'em Limit ($3/$6 USD) - 2017/05/14 23:46:47 ET
Table 'Namaqua' 6-max Seat #5 is the button
Seat 4: Agrotait ($72 in chips)
Seat 5: Brama Br ($137.50 in chips)
Brama Br: posts small blind $1
Agrotait: posts big blind $3
*** HOLE CARDS ***
Brama Br: raises $3 to $6
Agrotait: calls $3
*** FLOP *** [9c 3s 7c]
Agrotait: checks
Brama Br: checks
*** TURN *** [9c 3s 7c] [4h]
Agrotait: bets $6
Brama Br: calls $6
*** RIVER *** [9c 3s 7c 4h] [4c]
Agrotait: bets $6
Brama Br: calls $6
*** SHOW DOWN ***
Agrotait: shows [5s 7h] (two pair, Sevens and Fours)
Brama Br: mucks hand
Agrotait collected $35.50 from pot
*** SUMMARY ***
Total pot $36 | Rake $0.50
Board [9c 3s 7c 4h 4c]
Seat 4: Agrotait (big blind) showed [5s 7h] and won ($35.50) with two pair, Sevens and Fours
Seat 5: Brama Br (button) (small blind) mucked


PokerStars Hand #170438483357:  Hold'em Limit ($3/$6 USD) - 2017/05/14 23:47:47 ET
Table 'Namaqua' 6-max Seat #4 is the button
Seat 4: Agrotait ($89.50 in chips)
Seat 5: Brama Br ($119.50 in chips)
Agrotait: posts small blind $1
Brama Br: posts big blind $3
*** HOLE CARDS ***
Agrotait: raises $3 to $6
Brama Br: calls $3
*** FLOP *** [3s Qc 9d]
Brama Br: checks
Agrotait: bets $3
Brama Br: raises $3 to $6
Agrotait: calls $3
*** TURN *** [3s Qc 9d] [Ks]
Brama Br: bets $6
Agrotait: calls $6
*** RIVER *** [3s Qc 9d Ks] [6d]
Brama Br: bets $6
Agrotait: calls $6
*** SHOW DOWN ***
Brama Br: shows [Qd 6h] (two pair, Queens and Sixes)
Agrotait: mucks hand
Brama Br collected $47.50 from pot
*** SUMMARY ***
Total pot $48 | Rake $0.50
Board [3s Qc 9d Ks 6d]
Seat 4: Agrotait (button) (small blind) mucked
Seat 5: Brama Br (big blind) showed [Qd 6h] and won ($47.50) with two pair, Queens and Sixes


PokerStars Hand #170438494814:  Hold'em Limit ($3/$6 USD) - 2017/05/14 23:48:29 ET
Table 'Namaqua' 6-max Seat #5 is the button
Seat 4: Agrotait ($65.50 in chips)
Seat 5: Brama Br ($143 in chips)
Brama Br: posts small blind $1
Agrotait: posts big blind $3
*** HOLE CARDS ***
cumdawg joins the table at seat #3
Brama Br: raises $3 to $6
Agrotait: calls $3
*** FLOP *** [8c Qc 8s]
Agrotait: checks
Brama Br: bets $3
Agrotait: folds
Uncalled bet ($3) returned to Brama Br
Brama Br collected $11.76 from pot
Brama Br: doesn't show hand
*** SUMMARY ***
Total pot $12 | Rake $0.24
Board [8c Qc 8s]
Seat 4: Agrotait (big blind) folded on the Flop
Seat 5: Brama Br (button) (small blind) collected ($11.76)


PokerStars Hand #170438506806:  Hold'em Limit ($3/$6 USD) - 2017/05/14 23:49:13 ET
Table 'Namaqua' 6-max Seat #4 is the button
Seat 4: Agrotait ($72 in chips)
Seat 5: Brama Br ($148.76 in chips)
Agrotait: posts small blind $1
Brama Br: posts big blind $3
*** HOLE CARDS ***
Agrotait: raises $3 to $6
Brama Br: calls $3
*** FLOP *** [9d 3s 8h]
Brama Br: checks
Agrotait: bets $3
Brama Br: calls $3
*** TURN *** [9d 3s 8h] [2c]
Brama Br: checks
Agrotait: checks
*** RIVER *** [9d 3s 8h 2c] [4d]
Brama Br: bets $6
Agrotait: folds
Uncalled bet ($6) returned to Brama Br
Brama Br collected $17.64 from pot
*** SUMMARY ***
Total pot $18 | Rake $0.36
Board [9d 3s 8h 2c 4d]
Seat 4: Agrotait (button) (small blind) folded on the River
Seat 5: Brama Br (big blind) collected ($17.64)


PokerStars Hand #170439056155:  Hold'em Limit ($3/$6 USD) - 2017/05/15 0:24:43 ET
Table 'Namaqua' 6-max Seat #1 is the button
Seat 1: CharginWapos ($99.88 in chips)
Seat 6: a.v.kopli ($173.53 in chips)
CharginWapos: posts small blind $1
a.v.kopli: posts big blind $3
*** HOLE CARDS ***
Brama Br leaves the table
CharginWapos: raises $3 to $6
a.v.kopli: calls $3
*** FLOP *** [2d Qh 6s]
a.v.kopli: checks
CharginWapos: checks
*** TURN *** [2d Qh 6s] [Qc]
a.v.kopli: checks
CharginWapos: bets $6
a.v.kopli: raises $6 to $12
CharginWapos: calls $6
*** RIVER *** [2d Qh 6s Qc] [4s]
a.v.kopli: bets $6
CharginWapos: calls $6
*** SHOW DOWN ***
a.v.kopli: shows [2s Qs] (a full house, Queens full of Deuces)
CharginWapos: mucks hand
a.v.kopli collected $47.50 from pot
*** SUMMARY ***
Total pot $48 | Rake $0.50
Board [2d Qh 6s Qc 4s]
Seat 1: CharginWapos (button) (small blind) mucked
Seat 6: a.v.kopli (big blind) showed [2s Qs] and won ($47.50) with a full house, Queens full of Deuces


PokerStars Hand #170439063516:  Hold'em Limit ($3/$6 USD) - 2017/05/15 0:25:13 ET
Table 'Namaqua' 6-max Seat #6 is the button
Seat 1: CharginWapos ($75.88 in chips)
Seat 6: a.v.kopli ($197.03 in chips)
a.v.kopli: posts small blind $1
CharginWapos: posts big blind $3
*** HOLE CARDS ***
a.v.kopli: folds
Uncalled bet ($2) returned to CharginWapos
CharginWapos collected $2 from pot
CharginWapos: doesn't show hand
*** SUMMARY ***
Total pot $2 | Rake $0
Seat 1: CharginWapos (big blind) collected ($2)
Seat 6: a.v.kopli (button) (small blind) folded before Flop


PokerStars Hand #170439065121:  Hold'em Limit ($3/$6 USD) - 2017/05/15 0:25:20 ET
Table 'Namaqua' 6-max Seat #1 is the button
Seat 1: CharginWapos ($76.88 in chips)
Seat 6: a.v.kopli ($196.03 in chips)
CharginWapos: posts small blind $1
a.v.kopli: posts big blind $3
*** HOLE CARDS ***
CharginWapos: raises $3 to $6
a.v.kopli: folds
Uncalled bet ($3) returned to CharginWapos
CharginWapos collected $6 from pot
CharginWapos: doesn't show hand
*** SUMMARY ***
Total pot $6 | Rake $0
Seat 1: CharginWapos (button) (small blind) collected ($6)
Seat 6: a.v.kopli (big blind) folded before Flop


PokerStars Hand #170439073515:  Hold'em Limit ($3/$6 USD) - 2017/05/15 0:25:54 ET
Table 'Namaqua' 6-max Seat #6 is the button
Seat 1: CharginWapos ($57.88 in chips)
Seat 6: a.v.kopli ($214.53 in chips)
a.v.kopli: posts small blind $1
CharginWapos: posts big blind $3
*** HOLE CARDS ***
a.v.kopli: raises $3 to $6
CharginWapos: calls $3
*** FLOP *** [As 9s Kc]
CharginWapos: checks
a.v.kopli: bets $3
CharginWapos: folds
Uncalled bet ($3) returned to a.v.kopli
a.v.kopli collected $11.76 from pot
a.v.kopli: shows [8s Ac] (a pair of Aces)
*** SUMMARY ***
Total pot $12 | Rake $0.24
Board [As 9s Kc]
Seat 1: CharginWapos (big blind) folded on the Flop
Seat 6: a.v.kopli (button) (small blind) collected ($11.76)


PokerStars Hand #170439072304:  Hold'em Limit ($3/$6 USD) - 2017/05/15 0:25:49 ET
Table 'Namaqua' 6-max Seat #1 is the button
Seat 1: CharginWapos ($58.88 in chips)
Seat 6: a.v.kopli ($213.53 in chips)
CharginWapos: posts small blind $1
a.v.kopli: posts big blind $3
*** HOLE CARDS ***
CharginWapos: folds
Uncalled bet ($2) returned to a.v.kopli
a.v.kopli collected $2 from pot
*** SUMMARY ***
Total pot $2 | Rake $0
Seat 1: CharginWapos (button) (small blind) folded before Flop
Seat 6: a.v.kopli (big blind) collected ($2)


PokerStars Hand #170439066878:  Hold'em Limit ($3/$6 USD) - 2017/05/15 0:25:27 ET
Table 'Namaqua' 6-max Seat #6 is the button
Seat 1: CharginWapos ($79.88 in chips)
Seat 6: a.v.kopli ($193.03 in chips)
a.v.kopli: posts small blind $1
CharginWapos: posts big blind $3
*** HOLE CARDS ***
a.v.kopli: raises $3 to $6
CharginWapos: calls $3
*** FLOP *** [6h 8d 8h]
CharginWapos: checks
a.v.kopli: bets $3
CharginWapos: calls $3
*** TURN *** [6h 8d 8h] [8s]
CharginWapos: checks
a.v.kopli: bets $6
CharginWapos: calls $6
*** RIVER *** [6h 8d 8h 8s] [3h]
CharginWapos: checks
a.v.kopli: bets $6
CharginWapos: calls $6
*** SHOW DOWN ***
a.v.kopli: shows [4c 4s] (a full house, Eights full of Fours)
CharginWapos: mucks hand
a.v.kopli collected $41.50 from pot
*** SUMMARY ***
Total pot $42 | Rake $0.50
Board [6h 8d 8h 8s 3h]
Seat 1: CharginWapos (big blind) mucked
Seat 6: a.v.kopli (button) (small blind) showed [4c 4s] and won ($41.50) with a full house, Eights full of Fours


PokerStars Hand #170439076435:  Hold'em Limit ($3/$6 USD) - 2017/05/15 0:26:06 ET
Table 'Namaqua' 6-max Seat #1 is the button
Seat 1: CharginWapos ($51.88 in chips)
Seat 6: a.v.kopli ($220.29 in chips)
CharginWapos: posts small blind $1
a.v.kopli: posts big blind $3
*** HOLE CARDS ***
CharginWapos: raises $3 to $6
a.v.kopli: calls $3
*** FLOP *** [8d Qs 3c]
a.v.kopli: checks
CharginWapos: checks
*** TURN *** [8d Qs 3c] [7s]
a.v.kopli: bets $6
CharginWapos: calls $6
*** RIVER *** [8d Qs 3c 7s] [Ks]
a.v.kopli: checks
CharginWapos: checks
*** SHOW DOWN ***
a.v.kopli: shows [4c 5s] (high card King)
CharginWapos: shows [7h 4h] (a pair of Sevens)
CharginWapos collected $23.52 from pot
*** SUMMARY ***
Total pot $24 | Rake $0.48
Board [8d Qs 3c 7s Ks]
Seat 1: CharginWapos (button) (small blind) showed [7h 4h] and won ($23.52) with a pair of Sevens
Seat 6: a.v.kopli (big blind) showed [4c 5s] and lost with high card King


PokerStars Hand #170439090333:  Hold'em Limit ($3/$6 USD) - 2017/05/15 0:27:02 ET
Table 'Namaqua' 6-max Seat #6 is the button
Seat 1: CharginWapos ($93.88 in chips)
Seat 6: a.v.kopli ($225.57 in chips)
a.v.kopli: posts small blind $1
CharginWapos: posts big blind $3
*** HOLE CARDS ***
a.v.kopli: raises $3 to $6
CharginWapos: calls $3
*** FLOP *** [8c 6s Ad]
CharginWapos: checks
a.v.kopli: bets $3
CharginWapos: calls $3
*** TURN *** [8c 6s Ad] [Th]
CharginWapos: checks
a.v.kopli: bets $6
CharginWapos: calls $6
*** RIVER *** [8c 6s Ad Th] [3s]
CharginWapos: checks
a.v.kopli: bets $6
CharginWapos: calls $6
*** SHOW DOWN ***
a.v.kopli: shows [2d Td] (a pair of Tens)
CharginWapos: mucks hand
a.v.kopli collected $41.50 from pot
*** SUMMARY ***
Total pot $42 | Rake $0.50
Board [8c 6s Ad Th 3s]
Seat 1: CharginWapos (big blind) mucked
Seat 6: a.v.kopli (button) (small blind) showed [2d Td] and won ($41.50) with a pair of Tens


PokerStars Hand #170439086109:  Hold'em Limit ($3/$6 USD) - 2017/05/15 0:26:45 ET
Table 'Namaqua' 6-max Seat #1 is the button
Seat 1: CharginWapos ($54.40 in chips)
Seat 6: a.v.kopli ($216.93 in chips)
CharginWapos: posts small blind $1
a.v.kopli: posts big blind $3
*** HOLE CARDS ***
CharginWapos: raises $3 to $6
a.v.kopli: calls $3
*** FLOP *** [Ah 3c 7h]
a.v.kopli: checks
CharginWapos: bets $3
a.v.kopli: raises $3 to $6
CharginWapos: folds
Uncalled bet ($3) returned to a.v.kopli
a.v.kopli collected $17.64 from pot
*** SUMMARY ***
Total pot $18 | Rake $0.36
Board [Ah 3c 7h]
Seat 1: CharginWapos (button) (small blind) folded on the Flop
Seat 6: a.v.kopli (big blind) collected ($17.64)


PokerStars Hand #170439082284:  Hold'em Limit ($3/$6 USD) - 2017/05/15 0:26:29 ET
Table 'Namaqua' 6-max Seat #6 is the button
Seat 1: CharginWapos ($63.40 in chips)
Seat 6: a.v.kopli ($208.29 in chips)
a.v.kopli: posts small blind $1
CharginWapos: posts big blind $3
*** HOLE CARDS ***
a.v.kopli: raises $3 to $6
CharginWapos: calls $3
*** FLOP *** [4d Td Kc]
CharginWapos: checks
a.v.kopli: bets $3
CharginWapos: calls $3
*** TURN *** [4d Td Kc] [Qd]
CharginWapos: checks
a.v.kopli: bets $6
CharginWapos: folds
Uncalled bet ($6) returned to a.v.kopli
a.v.kopli collected $17.64 from pot
*** SUMMARY ***
Total pot $18 | Rake $0.36
Board [4d Td Kc Qd]
Seat 1: CharginWapos (big blind) folded on the Turn
Seat 6: a.v.kopli (button) (small blind) collected ($17.64)


PokerStars Hand #170439096085:  Hold'em Limit ($3/$6 USD) - 2017/05/15 0:27:26 ET
Table 'Namaqua' 6-max Seat #1 is the button
Seat 1: CharginWapos ($72.88 in chips)
Seat 6: a.v.kopli ($246.07 in chips)
CharginWapos: posts small blind $1
a.v.kopli: posts big blind $3
*** HOLE CARDS ***
CharginWapos: folds
Uncalled bet ($2) returned to a.v.kopli
a.v.kopli collected $2 from pot
*** SUMMARY ***
Total pot $2 | Rake $0
Seat 1: CharginWapos (button) (small blind) folded before Flop
Seat 6: a.v.kopli (big blind) collected ($2)


PokerStars Hand #170439101414:  Hold'em Limit ($3/$6 USD) - 2017/05/15 0:27:47 ET
Table 'Namaqua' 6-max Seat #1 is the button
Seat 1: CharginWapos ($83.40 in chips)
Seat 6: a.v.kopli ($235.07 in chips)
CharginWapos: posts small blind $1
a.v.kopli: posts big blind $3
*** HOLE CARDS ***
CharginWapos: raises $3 to $6
a.v.kopli: raises $3 to $9
CharginWapos: raises $3 to $12
Betting is capped
a.v.kopli: calls $3
*** FLOP *** [3d Qh 7d]
a.v.kopli: checks
CharginWapos: bets $3
a.v.kopli: calls $3
*** TURN *** [3d Qh 7d] [Ac]
a.v.kopli: checks
CharginWapos: bets $6
a.v.kopli: raises $6 to $12
CharginWapos: calls $6
*** RIVER *** [3d Qh 7d Ac] [5d]
a.v.kopli: bets $6
CharginWapos: raises $6 to $12
a.v.kopli: calls $6
*** SHOW DOWN ***
CharginWapos: shows [9d Qd] (a flush, Queen high)
a.v.kopli: mucks hand
CharginWapos collected $77.50 from pot
*** SUMMARY ***
Total pot $78 | Rake $0.50
Board [3d Qh 7d Ac 5d]
Seat 1: CharginWapos (button) (small blind) showed [9d Qd] and won ($77.50) with a flush, Queen high
Seat 6: a.v.kopli (big blind) mucked


PokerStars Hand #170439097980:  Hold'em Limit ($3/$6 USD) - 2017/05/15 0:27:33 ET
Table 'Namaqua' 6-max Seat #6 is the button
Seat 1: CharginWapos ($71.88 in chips)
Seat 6: a.v.kopli ($247.07 in chips)
a.v.kopli: posts small blind $1
CharginWapos: posts big blind $3
*** HOLE CARDS ***
a.v.kopli: raises $3 to $6
CharginWapos: raises $3 to $9
a.v.kopli: calls $3
*** FLOP *** [8c Ts Kd]
CharginWapos: bets $3
a.v.kopli: calls $3
*** TURN *** [8c Ts Kd] [Qs]
CharginWapos: bets $6
a.v.kopli: folds
Uncalled bet ($6) returned to CharginWapos
CharginWapos collected $23.52 from pot
CharginWapos: doesn't show hand
*** SUMMARY ***
Total pot $24 | Rake $0.48
Board [8c Ts Kd Qs]
Seat 1: CharginWapos (big blind) collected ($23.52)
Seat 6: a.v.kopli (button) (small blind) folded on the Turn


PokerStars Hand #170439108966:  Hold'em Limit ($3/$6 USD) - 2017/05/15 0:28:18 ET
Table 'Namaqua' 6-max Seat #6 is the button
Seat 1: CharginWapos ($121.90 in chips)
Seat 6: a.v.kopli ($196.07 in chips)
a.v.kopli: posts small blind $1
CharginWapos: posts big blind $3
*** HOLE CARDS ***
a.v.kopli: raises $3 to $6
CharginWapos: raises $3 to $9
a.v.kopli: raises $3 to $12
Betting is capped
CharginWapos: calls $3
*** FLOP *** [6h 5s Qs]
CharginWapos: checks
a.v.kopli: bets $3
CharginWapos: calls $3
*** TURN *** [6h 5s Qs] [4h]
CharginWapos: checks
a.v.kopli: checks
*** RIVER *** [6h 5s Qs 4h] [8c]
CharginWapos: bets $6
a.v.kopli: calls $6
*** SHOW DOWN ***
CharginWapos: shows [Ah 7d] (a straight, Four to Eight)
a.v.kopli: mucks hand
CharginWapos collected $41.50 from pot
*** SUMMARY ***
Total pot $42 | Rake $0.50
Board [6h 5s Qs 4h 8c]
Seat 1: CharginWapos (big blind) showed [Ah 7d] and won ($41.50) with a straight, Four to Eight
Seat 6: a.v.kopli (button) (small blind) mucked


