PokerStars Hand #170430175373:  Hold'em Limit ($3/$6 USD) - 2017/05/14 18:33:28 ET
Table 'Namaqua' 6-max Seat #3 is the button
Seat 1: Zubasa07 ($305.76 in chips)
Seat 3: sienvan ($24 in chips)
sienvan: posts small blind $1
Zubasa07: posts big blind $3
*** HOLE CARDS ***
sienvan: raises $3 to $6
Zubasa07: raises $3 to $9
sienvan: calls $3
*** FLOP *** [7s 2h Jh]
Zubasa07: bets $3
sienvan: calls $3
*** TURN *** [7s 2h Jh] [3c]
Zubasa07: bets $6
sienvan: folds
Uncalled bet ($6) returned to Zubasa07
Zubasa07 collected $23.52 from pot
Zubasa07: doesn't show hand
*** SUMMARY ***
Total pot $24 | Rake $0.48
Board [7s 2h Jh 3c]
Seat 1: Zubasa07 (big blind) collected ($23.52)
Seat 3: sienvan (button) (small blind) folded on the Turn


PokerStars Hand #170430154724:  Hold'em Limit ($3/$6 USD) - 2017/05/14 18:32:59 ET
Table 'Namaqua' 6-max Seat #1 is the button
Seat 1: Zubasa07 ($300 in chips)
Seat 3: sienvan ($30 in chips)
Zubasa07: posts small blind $1
sienvan: posts big blind $3
*** HOLE CARDS ***
Zubasa07: raises $3 to $6
sienvan: calls $3
*** FLOP *** [8h Ad Tc]
sienvan: checks
Zubasa07: bets $3
sienvan: folds
Uncalled bet ($3) returned to Zubasa07
Zubasa07 collected $11.76 from pot
Zubasa07: doesn't show hand
*** SUMMARY ***
Total pot $12 | Rake $0.24
Board [8h Ad Tc]
Seat 1: Zubasa07 (button) (small blind) collected ($11.76)
Seat 3: sienvan (big blind) folded on the Flop


PokerStars Hand #170430208123:  Hold'em Limit ($3/$6 USD) - 2017/05/14 18:34:14 ET
Table 'Namaqua' 6-max Seat #3 is the button
Seat 1: Zubasa07 ($323.04 in chips)
Seat 3: sienvan ($6 in chips)
sienvan: posts small blind $1
Zubasa07: posts big blind $3
*** HOLE CARDS ***
sienvan: folds
Uncalled bet ($2) returned to Zubasa07
Zubasa07 collected $2 from pot
Zubasa07: doesn't show hand
*** SUMMARY ***
Total pot $2 | Rake $0
Seat 1: Zubasa07 (big blind) collected ($2)
Seat 3: sienvan (button) (small blind) folded before Flop


PokerStars Hand #170430189622:  Hold'em Limit ($3/$6 USD) - 2017/05/14 18:33:48 ET
Table 'Namaqua' 6-max Seat #1 is the button
Seat 1: Zubasa07 ($317.28 in chips)
Seat 3: sienvan ($12 in chips)
Zubasa07: posts small blind $1
sienvan: posts big blind $3
*** HOLE CARDS ***
Zubasa07: raises $3 to $6
sienvan: calls $3
*** FLOP *** [Ks 5h Jc]
sienvan: checks
Zubasa07: bets $3
sienvan: folds
Uncalled bet ($3) returned to Zubasa07
Zubasa07 collected $11.76 from pot
Zubasa07: doesn't show hand
*** SUMMARY ***
Total pot $12 | Rake $0.24
Board [Ks 5h Jc]
Seat 1: Zubasa07 (button) (small blind) collected ($11.76)
Seat 3: sienvan (big blind) folded on the Flop


PokerStars Hand #170430211188:  Hold'em Limit ($3/$6 USD) - 2017/05/14 18:34:18 ET
Table 'Namaqua' 6-max Seat #1 is the button
Seat 1: Zubasa07 ($324.04 in chips)
Seat 3: sienvan ($5 in chips)
Zubasa07: posts small blind $1
sienvan: posts big blind $3
*** HOLE CARDS ***
Zubasa07: raises $3 to $6
sienvan: calls $2 and is all-in
Uncalled bet ($1) returned to Zubasa07
*** FLOP *** [9s 4d Js]
*** TURN *** [9s 4d Js] [9c]
*** RIVER *** [9s 4d Js 9c] [4c]
*** SHOW DOWN ***
sienvan: shows [As 5h] (two pair, Nines and Fours)
Zubasa07: shows [Ac 6d] (two pair, Nines and Fours)
sienvan collected $4.90 from pot
Zubasa07 collected $4.90 from pot
*** SUMMARY ***
Total pot $10 | Rake $0.20
Board [9s 4d Js 9c 4c]
Seat 1: Zubasa07 (button) (small blind) showed [Ac 6d] and won ($4.90) with two pair, Nines and Fours
Seat 3: sienvan (big blind) showed [As 5h] and won ($4.90) with two pair, Nines and Fours


