PokerStars Hand #152837716836:  Hold'em Limit ($3/$6 USD) - 2016/05/04 9:01:53 ET
Table 'Namaqua' 10-max Seat #8 is the button
Seat 3: Airbag999 ($123 in chips)
Seat 8: Pandakey ($117 in chips)
Pandakey: posts small blind $1
Airbag999: posts big blind $3
*** HOLE CARDS ***
Pandakey: folds
Uncalled bet ($2) returned to Airbag999
Airbag999 collected $2 from pot
Airbag999: doesn't show hand
*** SUMMARY ***
Total pot $2 | Rake $0
Seat 3: Airbag999 (big blind) collected ($2)
Seat 8: Pandakey (button) (small blind) folded before Flop


PokerStars Hand #152837723278:  Hold'em Limit ($3/$6 USD) - 2016/05/04 9:02:06 ET
Table 'Namaqua' 10-max Seat #3 is the button
Seat 3: Airbag999 ($124 in chips)
Seat 8: Pandakey ($116 in chips)
Airbag999: posts small blind $1
Pandakey: posts big blind $3
*** HOLE CARDS ***
Airbag999: raises $3 to $6
Pandakey: calls $3
*** FLOP *** [9s 6c Kh]
Pandakey: checks
Airbag999: bets $3
Pandakey: raises $3 to $6
Airbag999: calls $3
*** TURN *** [9s 6c Kh] [9h]
Pandakey: bets $6
Airbag999: calls $6
*** RIVER *** [9s 6c Kh 9h] [3h]
Pandakey: bets $6
Airbag999: calls $6
*** SHOW DOWN ***
Pandakey: shows [Jd Kc] (two pair, Kings and Nines)
Airbag999: mucks hand
Pandakey collected $47.50 from pot
*** SUMMARY ***
Total pot $48 | Rake $0.50
Board [9s 6c Kh 9h 3h]
Seat 3: Airbag999 (button) (small blind) mucked
Seat 8: Pandakey (big blind) showed [Jd Kc] and won ($47.50) with two pair, Kings and Nines


PokerStars Hand #152837744135:  Hold'em Limit ($3/$6 USD) - 2016/05/04 9:02:46 ET
Table 'Namaqua' 10-max Seat #8 is the button
Seat 3: Airbag999 ($100 in chips)
Seat 8: Pandakey ($139.50 in chips)
Pandakey: posts small blind $1
Airbag999: posts big blind $3
*** HOLE CARDS ***
Pandakey: folds
Uncalled bet ($2) returned to Airbag999
Airbag999 collected $2 from pot
Airbag999: doesn't show hand
*** SUMMARY ***
Total pot $2 | Rake $0
Seat 3: Airbag999 (big blind) collected ($2)
Seat 8: Pandakey (button) (small blind) folded before Flop


PokerStars Hand #152837747928:  Hold'em Limit ($3/$6 USD) - 2016/05/04 9:02:53 ET
Table 'Namaqua' 10-max Seat #3 is the button
Seat 3: Airbag999 ($101 in chips)
Seat 8: Pandakey ($138.50 in chips)
Airbag999: posts small blind $1
Pandakey: posts big blind $3
*** HOLE CARDS ***
Airbag999: raises $3 to $6
Pandakey: folds
Uncalled bet ($3) returned to Airbag999
Airbag999 collected $6 from pot
Airbag999: doesn't show hand
*** SUMMARY ***
Total pot $6 | Rake $0
Seat 3: Airbag999 (button) (small blind) collected ($6)
Seat 8: Pandakey (big blind) folded before Flop


PokerStars Hand #152837763296:  Hold'em Limit ($3/$6 USD) - 2016/05/04 9:03:21 ET
Table 'Namaqua' 10-max Seat #3 is the button
Seat 3: Airbag999 ($98 in chips)
Seat 8: Pandakey ($141.26 in chips)
Airbag999: posts small blind $1
Pandakey: posts big blind $3
*** HOLE CARDS ***
Airbag999: raises $3 to $6
Pandakey: folds
Uncalled bet ($3) returned to Airbag999
Airbag999 collected $6 from pot
Airbag999: doesn't show hand
*** SUMMARY ***
Total pot $6 | Rake $0
Seat 3: Airbag999 (button) (small blind) collected ($6)
Seat 8: Pandakey (big blind) folded before Flop


PokerStars Hand #152837756480:  Hold'em Limit ($3/$6 USD) - 2016/05/04 9:03:08 ET
Table 'Namaqua' 10-max Seat #8 is the button
Seat 3: Airbag999 ($104 in chips)
Seat 8: Pandakey ($135.50 in chips)
Pandakey: posts small blind $1
Airbag999: posts big blind $3
*** HOLE CARDS ***
Pandakey: raises $3 to $6
Airbag999: calls $3
*** FLOP *** [8c Ah Kd]
Airbag999: checks
Pandakey: bets $3
Airbag999: folds
Uncalled bet ($3) returned to Pandakey
Pandakey collected $11.76 from pot
Pandakey: doesn't show hand
*** SUMMARY ***
Total pot $12 | Rake $0.24
Board [8c Ah Kd]
Seat 3: Airbag999 (big blind) folded on the Flop
Seat 8: Pandakey (button) (small blind) collected ($11.76)


PokerStars Hand #152837767289:  Hold'em Limit ($3/$6 USD) - 2016/05/04 9:03:28 ET
Table 'Namaqua' 10-max Seat #8 is the button
Seat 3: Airbag999 ($101 in chips)
Seat 8: Pandakey ($138.26 in chips)
Pandakey: posts small blind $1
Airbag999: posts big blind $3
*** HOLE CARDS ***
Pandakey: folds
Uncalled bet ($2) returned to Airbag999
Airbag999 collected $2 from pot
Airbag999: doesn't show hand
*** SUMMARY ***
Total pot $2 | Rake $0
Seat 3: Airbag999 (big blind) collected ($2)
Seat 8: Pandakey (button) (small blind) folded before Flop


PokerStars Hand #152837778014:  Hold'em Limit ($3/$6 USD) - 2016/05/04 9:03:48 ET
Table 'Namaqua' 10-max Seat #8 is the button
Seat 3: Airbag999 ($101 in chips)
Seat 8: Pandakey ($138.26 in chips)
Pandakey: posts small blind $1
Airbag999: posts big blind $3
*** HOLE CARDS ***
Pandakey: raises $3 to $6
Airbag999: folds
Uncalled bet ($3) returned to Pandakey
Pandakey collected $6 from pot
Pandakey: doesn't show hand
*** SUMMARY ***
Total pot $6 | Rake $0
Seat 3: Airbag999 (big blind) folded before Flop
Seat 8: Pandakey (button) (small blind) collected ($6)


PokerStars Hand #152837781229:  Hold'em Limit ($3/$6 USD) - 2016/05/04 9:03:54 ET
Table 'Namaqua' 10-max Seat #3 is the button
Seat 3: Airbag999 ($98 in chips)
Seat 8: Pandakey ($141.26 in chips)
Airbag999: posts small blind $1
Pandakey: posts big blind $3
*** HOLE CARDS ***
Airbag999: raises $3 to $6
Pandakey: calls $3
*** FLOP *** [As 3c 6h]
Pandakey: checks
Airbag999: bets $3
Pandakey: calls $3
*** TURN *** [As 3c 6h] [5h]
Pandakey: checks
Airbag999: checks
*** RIVER *** [As 3c 6h 5h] [4c]
Pandakey: bets $6
Airbag999: folds
Uncalled bet ($6) returned to Pandakey
Pandakey collected $17.64 from pot
Pandakey: doesn't show hand
*** SUMMARY ***
Total pot $18 | Rake $0.36
Board [As 3c 6h 5h 4c]
Seat 3: Airbag999 (button) (small blind) folded on the River
Seat 8: Pandakey (big blind) collected ($17.64)


PokerStars Hand #152837772281:  Hold'em Limit ($3/$6 USD) - 2016/05/04 9:03:37 ET
Table 'Namaqua' 10-max Seat #3 is the button
Seat 3: Airbag999 ($102 in chips)
Seat 8: Pandakey ($137.26 in chips)
Airbag999: posts small blind $1
Pandakey: posts big blind $3
*** HOLE CARDS ***
Airbag999: folds
Uncalled bet ($2) returned to Pandakey
Pandakey collected $2 from pot
Pandakey: doesn't show hand
*** SUMMARY ***
Total pot $2 | Rake $0
Seat 3: Airbag999 (button) (small blind) folded before Flop
Seat 8: Pandakey (big blind) collected ($2)


PokerStars Hand #152837796353:  Hold'em Limit ($3/$6 USD) - 2016/05/04 9:04:22 ET
Table 'Namaqua' 10-max Seat #8 is the button
Seat 3: Airbag999 ($120 in chips)
Seat 8: Pandakey ($149.90 in chips)
Pandakey: posts small blind $1
Airbag999: posts big blind $3
*** HOLE CARDS ***
Pandakey: raises $3 to $6
B_loJkl joins the table at seat #4
Airbag999: raises $3 to $9
Pandakey: calls $3
*** FLOP *** [Qh 4s 7d]
Airbag999: bets $3
Pandakey: calls $3
*** TURN *** [Qh 4s 7d] [9s]
Airbag999: checks
Pandakey: bets $6
Airbag999: calls $6
*** RIVER *** [Qh 4s 7d 9s] [7h]
Airbag999: checks
Pandakey: checks
*** SHOW DOWN ***
Airbag999: shows [Ks 8c] (a pair of Sevens)
Pandakey: shows [Ac 8d] (a pair of Sevens - Ace kicker)
Pandakey collected $35.50 from pot
*** SUMMARY ***
Total pot $36 | Rake $0.50
Board [Qh 4s 7d 9s 7h]
Seat 3: Airbag999 (big blind) showed [Ks 8c] and lost with a pair of Sevens
Seat 8: Pandakey (button) (small blind) showed [Ac 8d] and won ($35.50) with a pair of Sevens


PokerStars Hand #152837829552:  Hold'em Limit ($3/$6 USD) - 2016/05/04 9:05:22 ET
Table 'Namaqua' 10-max Seat #4 is the button
Seat 3: Airbag999 ($110.46 in chips)
Seat 4: B_loJkl ($141 in chips)
B_loJkl: posts small blind $1
Pandakey: is sitting out
Airbag999: posts big blind $3
*** HOLE CARDS ***
B_loJkl: raises $3 to $6
Pandakey leaves the table
Airbag999: calls $3
*** FLOP *** [7s Ah 9d]
Airbag999: checks
B_loJkl: bets $3
Airbag999: calls $3
*** TURN *** [7s Ah 9d] [Ad]
Airbag999: checks
B_loJkl: checks
*** RIVER *** [7s Ah 9d Ad] [3d]
Airbag999: checks
B_loJkl: checks
*** SHOW DOWN ***
Airbag999: shows [Ks 5d] (a pair of Aces)
B_loJkl: shows [Kd Qc] (a pair of Aces - King+Queen kicker)
B_loJkl collected $17.64 from pot
*** SUMMARY ***
Total pot $18 | Rake $0.36
Board [7s Ah 9d Ad 3d]
Seat 3: Airbag999 (big blind) showed [Ks 5d] and lost with a pair of Aces
Seat 4: B_loJkl (button) (small blind) showed [Kd Qc] and won ($17.64) with a pair of Aces


PokerStars Hand #152837873486:  Hold'em Limit ($3/$6 USD) - 2016/05/04 9:06:42 ET
Table 'Namaqua' 10-max Seat #4 is the button
Seat 3: Airbag999 ($118.96 in chips)
Seat 4: B_loJkl ($131.64 in chips)
B_loJkl: posts small blind $1
Airbag999: posts big blind $3
*** HOLE CARDS ***
B_loJkl: raises $3 to $6
Airbag999: calls $3
*** FLOP *** [Ah Ac 5c]
Airbag999: checks
B_loJkl: bets $3
Airbag999: raises $3 to $6
B_loJkl: folds
Uncalled bet ($3) returned to Airbag999
Airbag999 collected $17.64 from pot
Airbag999: doesn't show hand
*** SUMMARY ***
Total pot $18 | Rake $0.36
Board [Ah Ac 5c]
Seat 3: Airbag999 (big blind) collected ($17.64)
Seat 4: B_loJkl (button) (small blind) folded on the Flop


PokerStars Hand #152837854455:  Hold'em Limit ($3/$6 USD) - 2016/05/04 9:06:08 ET
Table 'Namaqua' 10-max Seat #3 is the button
Seat 3: Airbag999 ($101.46 in chips)
Seat 4: B_loJkl ($149.64 in chips)
Airbag999: posts small blind $1
B_loJkl: posts big blind $3
*** HOLE CARDS ***
Airbag999: raises $3 to $6
B_loJkl: calls $3
*** FLOP *** [2d Kh 8c]
B_loJkl: bets $3
Airbag999: raises $3 to $6
B_loJkl: calls $3
*** TURN *** [2d Kh 8c] [7c]
B_loJkl: checks
Airbag999: bets $6
B_loJkl: calls $6
*** RIVER *** [2d Kh 8c 7c] [Tc]
B_loJkl: checks
Airbag999: bets $6
B_loJkl: folds
Uncalled bet ($6) returned to Airbag999
Airbag999 collected $35.50 from pot
Airbag999: doesn't show hand
*** SUMMARY ***
Total pot $36 | Rake $0.50
Board [2d Kh 8c 7c Tc]
Seat 3: Airbag999 (button) (small blind) collected ($35.50)
Seat 4: B_loJkl (big blind) folded on the River


PokerStars Hand #152837910095:  Hold'em Limit ($3/$6 USD) - 2016/05/04 9:07:48 ET
Table 'Namaqua' 10-max Seat #4 is the button
Seat 3: Airbag999 ($97.60 in chips)
Seat 4: B_loJkl ($152.14 in chips)
B_loJkl: posts small blind $1
Airbag999: posts big blind $3
*** HOLE CARDS ***
B_loJkl: raises $3 to $6
Airbag999: raises $3 to $9
B_loJkl: calls $3
*** FLOP *** [Jc 8c 5h]
Airbag999: bets $3
B_loJkl: calls $3
*** TURN *** [Jc 8c 5h] [6s]
Airbag999: bets $6
B_loJkl: raises $6 to $12
Airbag999: calls $6
*** RIVER *** [Jc 8c 5h 6s] [3c]
Airbag999: checks
B_loJkl: bets $6
Airbag999: calls $6
*** SHOW DOWN ***
B_loJkl: shows [Jd Jh] (three of a kind, Jacks)
Airbag999: mucks hand
B_loJkl collected $59.50 from pot
*** SUMMARY ***
Total pot $60 | Rake $0.50
Board [Jc 8c 5h 6s 3c]
Seat 3: Airbag999 (big blind) mucked
Seat 4: B_loJkl (button) (small blind) showed [Jd Jh] and won ($59.50) with three of a kind, Jacks


PokerStars Hand #152837886829:  Hold'em Limit ($3/$6 USD) - 2016/05/04 9:07:06 ET
Table 'Namaqua' 10-max Seat #3 is the button
Seat 3: Airbag999 ($127.60 in chips)
Seat 4: B_loJkl ($122.64 in chips)
Airbag999: posts small blind $1
B_loJkl: posts big blind $3
*** HOLE CARDS ***
Airbag999: raises $3 to $6
B_loJkl: calls $3
*** FLOP *** [Th 5h 8h]
B_loJkl: checks
Airbag999: bets $3
B_loJkl: raises $3 to $6
Airbag999: calls $3
*** TURN *** [Th 5h 8h] [Kd]
B_loJkl: bets $6
Airbag999: calls $6
*** RIVER *** [Th 5h 8h Kd] [7s]
B_loJkl: bets $6
Airbag999: raises $6 to $12
B_loJkl: raises $6 to $18
Airbag999: folds
Uncalled bet ($6) returned to B_loJkl
B_loJkl collected $59.50 from pot
B_loJkl: doesn't show hand
*** SUMMARY ***
Total pot $60 | Rake $0.50
Board [Th 5h 8h Kd 7s]
Seat 3: Airbag999 (button) (small blind) folded on the River
Seat 4: B_loJkl (big blind) collected ($59.50)


PokerStars Hand #152837953847:  Hold'em Limit ($3/$6 USD) - 2016/05/04 9:09:06 ET
Table 'Namaqua' 10-max Seat #4 is the button
Seat 3: Airbag999 ($152.50 in chips)
Seat 4: B_loJkl ($148.64 in chips)
B_loJkl: posts small blind $1
Airbag999: posts big blind $3
*** HOLE CARDS ***
B_loJkl: raises $3 to $6
Airbag999: raises $3 to $9
B_loJkl: calls $3
*** FLOP *** [Kd 6c 8h]
Airbag999: bets $3
B_loJkl: calls $3
*** TURN *** [Kd 6c 8h] [3h]
Airbag999: checks
B_loJkl: bets $6
Airbag999: calls $6
*** RIVER *** [Kd 6c 8h 3h] [6d]
Airbag999: checks
B_loJkl: bets $6
Airbag999: calls $6
*** SHOW DOWN ***
B_loJkl: shows [5s 5c] (two pair, Sixes and Fives)
Airbag999: shows [7h 7s] (two pair, Sevens and Sixes)
Airbag999 collected $47.50 from pot
*** SUMMARY ***
Total pot $48 | Rake $0.50
Board [Kd 6c 8h 3h 6d]
Seat 3: Airbag999 (big blind) showed [7h 7s] and won ($47.50) with two pair, Sevens and Sixes
Seat 4: B_loJkl (button) (small blind) showed [5s 5c] and lost with two pair, Sixes and Fives


PokerStars Hand #152837928820:  Hold'em Limit ($3/$6 USD) - 2016/05/04 9:08:21 ET
Table 'Namaqua' 10-max Seat #3 is the button
Seat 3: Airbag999 ($120 in chips)
Seat 4: B_loJkl ($181.64 in chips)
Airbag999: posts small blind $1
B_loJkl: posts big blind $3
*** HOLE CARDS ***
Airbag999: raises $3 to $6
B_loJkl: calls $3
*** FLOP *** [Td Qd 4d]
B_loJkl: checks
Airbag999: bets $3
B_loJkl: calls $3
*** TURN *** [Td Qd 4d] [6h]
B_loJkl: checks
Airbag999: bets $6
B_loJkl: calls $6
*** RIVER *** [Td Qd 4d 6h] [Kh]
B_loJkl: checks
Airbag999: bets $6
B_loJkl: raises $6 to $12
Airbag999: raises $6 to $18
B_loJkl: calls $6
*** SHOW DOWN ***
Airbag999: shows [Kd Jd] (a flush, King high)
B_loJkl: mucks hand
Airbag999 collected $65.50 from pot
*** SUMMARY ***
Total pot $66 | Rake $0.50
Board [Td Qd 4d 6h Kh]
Seat 3: Airbag999 (button) (small blind) showed [Kd Jd] and won ($65.50) with a flush, King high
Seat 4: B_loJkl (big blind) mucked


PokerStars Hand #152837995398:  Hold'em Limit ($3/$6 USD) - 2016/05/04 9:10:20 ET
Table 'Namaqua' 10-max Seat #3 is the button
Seat 3: Airbag999 ($151 in chips)
Seat 4: B_loJkl ($149.14 in chips)
Airbag999: posts small blind $1
B_loJkl: posts big blind $3
*** HOLE CARDS ***
Airbag999: raises $3 to $6
B_loJkl: folds
Uncalled bet ($3) returned to Airbag999
Airbag999 collected $6 from pot
Airbag999: doesn't show hand
*** SUMMARY ***
Total pot $6 | Rake $0
Seat 3: Airbag999 (button) (small blind) collected ($6)
Seat 4: B_loJkl (big blind) folded before Flop


PokerStars Hand #152837974599:  Hold'em Limit ($3/$6 USD) - 2016/05/04 9:09:43 ET
Table 'Namaqua' 10-max Seat #4 is the button
Seat 3: Airbag999 ($175 in chips)
Seat 4: B_loJkl ($125.64 in chips)
B_loJkl: posts small blind $1
Airbag999: posts big blind $3
*** HOLE CARDS ***
B_loJkl: raises $3 to $6
Airbag999: calls $3
*** FLOP *** [6d 8s 9d]
Airbag999: checks
B_loJkl: bets $3
Airbag999: raises $3 to $6
B_loJkl: calls $3
*** TURN *** [6d 8s 9d] [4h]
Airbag999: bets $6
B_loJkl: raises $6 to $12
Airbag999: calls $6
*** RIVER *** [6d 8s 9d 4h] [2s]
Airbag999: checks
B_loJkl: bets $6
Airbag999: folds
Uncalled bet ($6) returned to B_loJkl
B_loJkl collected $47.50 from pot
B_loJkl: doesn't show hand
*** SUMMARY ***
Total pot $48 | Rake $0.50
Board [6d 8s 9d 4h 2s]
Seat 3: Airbag999 (big blind) folded on the River
Seat 4: B_loJkl (button) (small blind) collected ($47.50)


PokerStars Hand #152837968748:  Hold'em Limit ($3/$6 USD) - 2016/05/04 9:09:33 ET
Table 'Namaqua' 10-max Seat #3 is the button
Seat 3: Airbag999 ($176 in chips)
Seat 4: B_loJkl ($124.64 in chips)
Airbag999: posts small blind $1
B_loJkl: posts big blind $3
*** HOLE CARDS ***
Airbag999: folds
Uncalled bet ($2) returned to B_loJkl
B_loJkl collected $2 from pot
B_loJkl: doesn't show hand
*** SUMMARY ***
Total pot $2 | Rake $0
Seat 3: Airbag999 (button) (small blind) folded before Flop
Seat 4: B_loJkl (big blind) collected ($2)


PokerStars Hand #152838033772:  Hold'em Limit ($3/$6 USD) - 2016/05/04 9:11:30 ET
Table 'Namaqua' 10-max Seat #4 is the button
Seat 3: Airbag999 ($118 in chips)
Seat 4: B_loJkl ($181.14 in chips)
B_loJkl: posts small blind $1
Airbag999: posts big blind $3
*** HOLE CARDS ***
B_loJkl: folds
Uncalled bet ($2) returned to Airbag999
Airbag999 collected $2 from pot
Airbag999: doesn't show hand
*** SUMMARY ***
Total pot $2 | Rake $0
Seat 3: Airbag999 (big blind) collected ($2)
Seat 4: B_loJkl (button) (small blind) folded before Flop


PokerStars Hand #152838013809:  Hold'em Limit ($3/$6 USD) - 2016/05/04 9:10:54 ET
Table 'Namaqua' 10-max Seat #3 is the button
Seat 3: Airbag999 ($136 in chips)
Seat 4: B_loJkl ($163.64 in chips)
Airbag999: posts small blind $1
B_loJkl: posts big blind $3
*** HOLE CARDS ***
Airbag999: raises $3 to $6
B_loJkl: calls $3
*** FLOP *** [Jd Jh 8d]
B_loJkl: checks
Airbag999: checks
*** TURN *** [Jd Jh 8d] [Kc]
B_loJkl: bets $6
Airbag999: calls $6
*** RIVER *** [Jd Jh 8d Kc] [Ac]
B_loJkl: bets $6
Airbag999: calls $6
*** SHOW DOWN ***
B_loJkl: shows [Ah 5h] (two pair, Aces and Jacks)
Airbag999: mucks hand
B_loJkl collected $35.50 from pot
*** SUMMARY ***
Total pot $36 | Rake $0.50
Board [Jd Jh 8d Kc Ac]
Seat 3: Airbag999 (button) (small blind) mucked
Seat 4: B_loJkl (big blind) showed [Ah 5h] and won ($35.50) with two pair, Aces and Jacks


PokerStars Hand #152838000445:  Hold'em Limit ($3/$6 USD) - 2016/05/04 9:10:29 ET
Table 'Namaqua' 10-max Seat #4 is the button
Seat 3: Airbag999 ($154 in chips)
Seat 4: B_loJkl ($146.14 in chips)
B_loJkl: posts small blind $1
Airbag999: posts big blind $3
*** HOLE CARDS ***
B_loJkl: raises $3 to $6
Airbag999: calls $3
*** FLOP *** [Qh 5s 3h]
Airbag999: checks
B_loJkl: bets $3
Airbag999: raises $3 to $6
B_loJkl: calls $3
*** TURN *** [Qh 5s 3h] [Qd]
Airbag999: bets $6
B_loJkl: calls $6
*** RIVER *** [Qh 5s 3h Qd] [Ks]
Airbag999: checks
B_loJkl: checks
*** SHOW DOWN ***
Airbag999: shows [4h As] (a pair of Queens)
B_loJkl: shows [6s Ad] (a pair of Queens - Ace+King+Six kicker)
B_loJkl collected $35.50 from pot
*** SUMMARY ***
Total pot $36 | Rake $0.50
Board [Qh 5s 3h Qd Ks]
Seat 3: Airbag999 (big blind) showed [4h As] and lost with a pair of Queens
Seat 4: B_loJkl (button) (small blind) showed [6s Ad] and won ($35.50) with a pair of Queens


PokerStars Hand #152838052720:  Hold'em Limit ($3/$6 USD) - 2016/05/04 9:12:04 ET
Table 'Namaqua' 10-max Seat #4 is the button
Seat 3: Airbag999 ($124.76 in chips)
Seat 4: B_loJkl ($174.14 in chips)
B_loJkl: posts small blind $1
Airbag999: posts big blind $3
*** HOLE CARDS ***
B_loJkl: raises $3 to $6
Airbag999: calls $3
*** FLOP *** [6s 4h 2c]
Airbag999: checks
B_loJkl: bets $3
Airbag999: calls $3
*** TURN *** [6s 4h 2c] [9h]
Airbag999: checks
B_loJkl: bets $6
Airbag999: folds
Uncalled bet ($6) returned to B_loJkl
B_loJkl collected $17.64 from pot
B_loJkl: doesn't show hand
*** SUMMARY ***
Total pot $18 | Rake $0.36
Board [6s 4h 2c 9h]
Seat 3: Airbag999 (big blind) folded on the Turn
Seat 4: B_loJkl (button) (small blind) collected ($17.64)


PokerStars Hand #152838038699:  Hold'em Limit ($3/$6 USD) - 2016/05/04 9:11:39 ET
Table 'Namaqua' 10-max Seat #3 is the button
Seat 3: Airbag999 ($119 in chips)
Seat 4: B_loJkl ($180.14 in chips)
Airbag999: posts small blind $1
B_loJkl: posts big blind $3
*** HOLE CARDS ***
Airbag999: raises $3 to $6
B_loJkl: calls $3
*** FLOP *** [5s Kc Ac]
B_loJkl: checks
Airbag999: bets $3
B_loJkl: folds
Uncalled bet ($3) returned to Airbag999
Airbag999 collected $11.76 from pot
Airbag999: doesn't show hand
*** SUMMARY ***
Total pot $12 | Rake $0.24
Board [5s Kc Ac]
Seat 3: Airbag999 (button) (small blind) collected ($11.76)
Seat 4: B_loJkl (big blind) folded on the Flop


PokerStars Hand #152838093222:  Hold'em Limit ($3/$6 USD) - 2016/05/04 9:13:17 ET
Table 'Namaqua' 10-max Seat #3 is the button
Seat 3: Airbag999 ($97.52 in chips)
Seat 4: B_loJkl ($200.28 in chips)
Airbag999: posts small blind $1
B_loJkl: posts big blind $3
*** HOLE CARDS ***
Airbag999: folds
Uncalled bet ($2) returned to B_loJkl
B_loJkl collected $2 from pot
B_loJkl: doesn't show hand
*** SUMMARY ***
Total pot $2 | Rake $0
Seat 3: Airbag999 (button) (small blind) folded before Flop
Seat 4: B_loJkl (big blind) collected ($2)


PokerStars Hand #152838075975:  Hold'em Limit ($3/$6 USD) - 2016/05/04 9:12:46 ET
Table 'Namaqua' 10-max Seat #4 is the button
Seat 3: Airbag999 ($121.52 in chips)
Seat 4: B_loJkl ($176.78 in chips)
B_loJkl: posts small blind $1
Airbag999: posts big blind $3
*** HOLE CARDS ***
B_loJkl: raises $3 to $6
Airbag999: calls $3
*** FLOP *** [5h 6h 4c]
Airbag999: checks
B_loJkl: bets $3
Airbag999: raises $3 to $6
B_loJkl: calls $3
*** TURN *** [5h 6h 4c] [8h]
Airbag999: checks
B_loJkl: bets $6
Airbag999: calls $6
*** RIVER *** [5h 6h 4c 8h] [Ks]
Airbag999: checks
B_loJkl: bets $6
Airbag999: calls $6
*** SHOW DOWN ***
B_loJkl: shows [6d 6c] (three of a kind, Sixes)
Airbag999: mucks hand
B_loJkl collected $47.50 from pot
*** SUMMARY ***
Total pot $48 | Rake $0.50
Board [5h 6h 4c 8h Ks]
Seat 3: Airbag999 (big blind) mucked
Seat 4: B_loJkl (button) (small blind) showed [6d 6c] and won ($47.50) with three of a kind, Sixes


PokerStars Hand #152838068748:  Hold'em Limit ($3/$6 USD) - 2016/05/04 9:12:33 ET
Table 'Namaqua' 10-max Seat #3 is the button
Seat 3: Airbag999 ($115.76 in chips)
Seat 4: B_loJkl ($182.78 in chips)
Airbag999: posts small blind $1
B_loJkl: posts big blind $3
*** HOLE CARDS ***
Airbag999: raises $3 to $6
B_loJkl: calls $3
*** FLOP *** [Ks 6d 5d]
B_loJkl: checks
Airbag999: bets $3
B_loJkl: folds
Uncalled bet ($3) returned to Airbag999
Airbag999 collected $11.76 from pot
Airbag999: doesn't show hand
*** SUMMARY ***
Total pot $12 | Rake $0.24
Board [Ks 6d 5d]
Seat 3: Airbag999 (button) (small blind) collected ($11.76)
Seat 4: B_loJkl (big blind) folded on the Flop


PokerStars Hand #152838114925:  Hold'em Limit ($3/$6 USD) - 2016/05/04 9:13:56 ET
Table 'Namaqua' 10-max Seat #4 is the button
Seat 3: Airbag999 ($123 in chips)
Seat 4: B_loJkl ($221.78 in chips)
B_loJkl: posts small blind $1
Airbag999: posts big blind $3
*** HOLE CARDS ***
B_loJkl: raises $3 to $6
Airbag999: folds
Uncalled bet ($3) returned to B_loJkl
B_loJkl collected $6 from pot
B_loJkl: doesn't show hand
*** SUMMARY ***
Total pot $6 | Rake $0
Seat 3: Airbag999 (big blind) folded before Flop
Seat 4: B_loJkl (button) (small blind) collected ($6)


PokerStars Hand #152838110505:  Hold'em Limit ($3/$6 USD) - 2016/05/04 9:13:48 ET
Table 'Namaqua' 10-max Seat #3 is the button
Seat 3: Airbag999 ($120 in chips)
Seat 4: B_loJkl ($224.78 in chips)
Airbag999: posts small blind $1
B_loJkl: posts big blind $3
*** HOLE CARDS ***
Airbag999: raises $3 to $6
B_loJkl: folds
Uncalled bet ($3) returned to Airbag999
Airbag999 collected $6 from pot
Airbag999: doesn't show hand
*** SUMMARY ***
Total pot $6 | Rake $0
Seat 3: Airbag999 (button) (small blind) collected ($6)
Seat 4: B_loJkl (big blind) folded before Flop


PokerStars Hand #152838097540:  Hold'em Limit ($3/$6 USD) - 2016/05/04 9:13:25 ET
Table 'Namaqua' 10-max Seat #4 is the button
Seat 3: Airbag999 ($96.52 in chips)
Seat 4: B_loJkl ($201.28 in chips)
B_loJkl: posts small blind $1
Airbag999: posts big blind $3
*** HOLE CARDS ***
B_loJkl: raises $3 to $6
Airbag999: calls $3
*** FLOP *** [3d Kc 5d]
Airbag999: checks
B_loJkl: bets $3
Airbag999: raises $3 to $6
B_loJkl: calls $3
*** TURN *** [3d Kc 5d] [Tc]
Airbag999: bets $6
B_loJkl: calls $6
*** RIVER *** [3d Kc 5d Tc] [7h]
Airbag999: bets $6
B_loJkl: calls $6
*** SHOW DOWN ***
Airbag999: shows [8c 4c] (high card King)
B_loJkl: shows [Ah 7c] (a pair of Sevens)
B_loJkl collected $47.50 from pot
*** SUMMARY ***
Total pot $48 | Rake $0.50
Board [3d Kc 5d Tc 7h]
Seat 3: Airbag999 (big blind) showed [8c 4c] and lost with high card King
Seat 4: B_loJkl (button) (small blind) showed [Ah 7c] and won ($47.50) with a pair of Sevens


PokerStars Hand #152838147757:  Hold'em Limit ($3/$6 USD) - 2016/05/04 9:14:57 ET
Table 'Namaqua' 10-max Seat #4 is the button
Seat 3: Airbag999 ($120 in chips)
Seat 4: B_loJkl ($251.28 in chips)
B_loJkl: posts small blind $1
Airbag999: posts big blind $3
*** HOLE CARDS ***
B_loJkl: raises $3 to $6
Airbag999: raises $3 to $9
B_loJkl: calls $3
*** FLOP *** [Kc Jh Qc]
Airbag999: bets $3
B_loJkl: folds
Uncalled bet ($3) returned to Airbag999
Airbag999 collected $17.64 from pot
Airbag999: doesn't show hand
*** SUMMARY ***
Total pot $18 | Rake $0.36
Board [Kc Jh Qc]
Seat 3: Airbag999 (big blind) collected ($17.64)
Seat 4: B_loJkl (button) (small blind) folded on the Flop


PokerStars Hand #152838119195:  Hold'em Limit ($3/$6 USD) - 2016/05/04 9:14:04 ET
Table 'Namaqua' 10-max Seat #3 is the button
Seat 3: Airbag999 ($120 in chips)
Seat 4: B_loJkl ($224.78 in chips)
Airbag999: posts small blind $1
B_loJkl: posts big blind $3
*** HOLE CARDS ***
Airbag999: raises $3 to $6
B_loJkl: calls $3
*** FLOP *** [Tc Qc 2d]
B_loJkl: checks
Airbag999: bets $3
B_loJkl: calls $3
*** TURN *** [Tc Qc 2d] [9h]
B_loJkl: checks
Airbag999: bets $6
B_loJkl: raises $6 to $12
Airbag999: calls $6
*** RIVER *** [Tc Qc 2d 9h] [9d]
B_loJkl: bets $6
Airbag999: calls $6
*** SHOW DOWN ***
B_loJkl: shows [Jh 8s] (a straight, Eight to Queen)
Airbag999: mucks hand
B_loJkl collected $53.50 from pot
*** SUMMARY ***
Total pot $54 | Rake $0.50
Board [Tc Qc 2d 9h 9d]
Seat 3: Airbag999 (button) (small blind) mucked
Seat 4: B_loJkl (big blind) showed [Jh 8s] and won ($53.50) with a straight, Eight to Queen


PokerStars Hand #152838195512:  Hold'em Limit ($3/$6 USD) - 2016/05/04 9:16:23 ET
Table 'Namaqua' 10-max Seat #3 is the button
Seat 3: Airbag999 ($143.16 in chips)
Seat 4: B_loJkl ($227.28 in chips)
Airbag999: posts small blind $1
B_loJkl: posts big blind $3
*** HOLE CARDS ***
Airbag999: folds
Uncalled bet ($2) returned to B_loJkl
B_loJkl collected $2 from pot
B_loJkl: doesn't show hand
*** SUMMARY ***
Total pot $2 | Rake $0
Seat 3: Airbag999 (button) (small blind) folded before Flop
Seat 4: B_loJkl (big blind) collected ($2)


PokerStars Hand #152838174734:  Hold'em Limit ($3/$6 USD) - 2016/05/04 9:15:46 ET
Table 'Namaqua' 10-max Seat #4 is the button
Seat 3: Airbag999 ($131.64 in chips)
Seat 4: B_loJkl ($239.28 in chips)
B_loJkl: posts small blind $1
Airbag999: posts big blind $3
*** HOLE CARDS ***
B_loJkl: raises $3 to $6
Airbag999: calls $3
*** FLOP *** [Ts Jh 9d]
Airbag999: checks
B_loJkl: checks
*** TURN *** [Ts Jh 9d] [Qh]
Airbag999: checks
B_loJkl: bets $6
Airbag999: calls $6
*** RIVER *** [Ts Jh 9d Qh] [7h]
Airbag999: checks
B_loJkl: checks
*** SHOW DOWN ***
Airbag999: shows [Qs 6c] (a pair of Queens)
B_loJkl: mucks hand
Airbag999 collected $23.52 from pot
*** SUMMARY ***
Total pot $24 | Rake $0.48
Board [Ts Jh 9d Qh 7h]
Seat 3: Airbag999 (big blind) showed [Qs 6c] and won ($23.52) with a pair of Queens
Seat 4: B_loJkl (button) (small blind) mucked


PokerStars Hand #152838164877:  Hold'em Limit ($3/$6 USD) - 2016/05/04 9:15:27 ET
Table 'Namaqua' 10-max Seat #3 is the button
Seat 3: Airbag999 ($128.64 in chips)
Seat 4: B_loJkl ($242.28 in chips)
Airbag999: posts small blind $1
B_loJkl: posts big blind $3
*** HOLE CARDS ***
Airbag999: raises $3 to $6
B_loJkl: folds
Uncalled bet ($3) returned to Airbag999
Airbag999 collected $6 from pot
Airbag999: doesn't show hand
*** SUMMARY ***
Total pot $6 | Rake $0
Seat 3: Airbag999 (button) (small blind) collected ($6)
Seat 4: B_loJkl (big blind) folded before Flop


PokerStars Hand #152838200104:  Hold'em Limit ($3/$6 USD) - 2016/05/04 9:16:32 ET
Table 'Namaqua' 10-max Seat #4 is the button
Seat 3: Airbag999 ($142.16 in chips)
Seat 4: B_loJkl ($228.28 in chips)
B_loJkl: posts small blind $1
Airbag999: posts big blind $3
*** HOLE CARDS ***
B_loJkl: raises $3 to $6
Airbag999: raises $3 to $9
B_loJkl: calls $3
*** FLOP *** [4h 2s 9h]
Airbag999: bets $3
B_loJkl: calls $3
*** TURN *** [4h 2s 9h] [8h]
Airbag999: checks
B_loJkl: checks
*** RIVER *** [4h 2s 9h 8h] [Ac]
Airbag999: checks
B_loJkl: checks
*** SHOW DOWN ***
Airbag999: shows [Td Ks] (high card Ace)
B_loJkl: shows [8c Tc] (a pair of Eights)
B_loJkl collected $23.52 from pot
*** SUMMARY ***
Total pot $24 | Rake $0.48
Board [4h 2s 9h 8h Ac]
Seat 3: Airbag999 (big blind) showed [Td Ks] and lost with high card Ace
Seat 4: B_loJkl (button) (small blind) showed [8c Tc] and won ($23.52) with a pair of Eights


PokerStars Hand #152838215320:  Hold'em Limit ($3/$6 USD) - 2016/05/04 9:16:59 ET
Table 'Namaqua' 10-max Seat #3 is the button
Seat 3: Airbag999 ($130.16 in chips)
Seat 4: B_loJkl ($239.80 in chips)
Airbag999: posts small blind $1
B_loJkl: posts big blind $3
*** HOLE CARDS ***
Airbag999: raises $3 to $6
B_loJkl: calls $3
*** FLOP *** [5s 9c 3h]
B_loJkl: checks
Airbag999: checks
*** TURN *** [5s 9c 3h] [4c]
B_loJkl: checks
Airbag999: bets $6
B_loJkl: raises $6 to $12
Airbag999: calls $6
*** RIVER *** [5s 9c 3h 4c] [2d]
B_loJkl: checks
Airbag999: checks
*** SHOW DOWN ***
B_loJkl: shows [9h Td] (a pair of Nines)
Airbag999: mucks hand
B_loJkl collected $35.50 from pot
*** SUMMARY ***
Total pot $36 | Rake $0.50
Board [5s 9c 3h 4c 2d]
Seat 3: Airbag999 (button) (small blind) mucked
Seat 4: B_loJkl (big blind) showed [9h Td] and won ($35.50) with a pair of Nines


PokerStars Hand #152838247405:  Hold'em Limit ($3/$6 USD) - 2016/05/04 9:17:58 ET
Table 'Namaqua' 10-max Seat #3 is the button
Seat 3: Airbag999 ($120 in chips)
Seat 4: B_loJkl ($283.80 in chips)
Airbag999: posts small blind $1
B_loJkl: posts big blind $3
*** HOLE CARDS ***
Airbag999: raises $3 to $6
B_loJkl: calls $3
*** FLOP *** [6h 8h 4h]
B_loJkl: checks
Airbag999: bets $3
B_loJkl: raises $3 to $6
Airbag999: calls $3
*** TURN *** [6h 8h 4h] [Qc]
B_loJkl: bets $6
Airbag999: raises $6 to $12
B_loJkl: calls $6
*** RIVER *** [6h 8h 4h Qc] [2h]
B_loJkl: checks
Airbag999: bets $6
B_loJkl: calls $6
*** SHOW DOWN ***
Airbag999: shows [Qh 2s] (a flush, Queen high)
B_loJkl: mucks hand
Airbag999 collected $59.50 from pot
*** SUMMARY ***
Total pot $60 | Rake $0.50
Board [6h 8h 4h Qc 2h]
Seat 3: Airbag999 (button) (small blind) showed [Qh 2s] and won ($59.50) with a flush, Queen high
Seat 4: B_loJkl (big blind) mucked


PokerStars Hand #152838229647:  Hold'em Limit ($3/$6 USD) - 2016/05/04 9:17:25 ET
Table 'Namaqua' 10-max Seat #4 is the button
Seat 3: Airbag999 ($112.16 in chips)
Seat 4: B_loJkl ($257.30 in chips)
B_loJkl: posts small blind $1
Airbag999: posts big blind $3
*** HOLE CARDS ***
B_loJkl: raises $3 to $6
Airbag999: calls $3
*** FLOP *** [7c 8c 3c]
Airbag999: checks
B_loJkl: bets $3
Airbag999: calls $3
*** TURN *** [7c 8c 3c] [3d]
Airbag999: checks
B_loJkl: bets $6
Airbag999: raises $6 to $12
B_loJkl: calls $6
*** RIVER *** [7c 8c 3c 3d] [3s]
Airbag999: bets $6
B_loJkl: calls $6
*** SHOW DOWN ***
Airbag999: shows [9d 4c] (three of a kind, Threes)
B_loJkl: shows [6h Ac] (three of a kind, Threes - Ace kicker)
B_loJkl collected $53.50 from pot
*** SUMMARY ***
Total pot $54 | Rake $0.50
Board [7c 8c 3c 3d 3s]
Seat 3: Airbag999 (big blind) showed [9d 4c] and lost with three of a kind, Threes
Seat 4: B_loJkl (button) (small blind) showed [6h Ac] and won ($53.50) with three of a kind, Threes


PokerStars Hand #152838273383:  Hold'em Limit ($3/$6 USD) - 2016/05/04 9:18:45 ET
Table 'Namaqua' 10-max Seat #3 is the button
Seat 3: Airbag999 ($140.50 in chips)
Seat 4: B_loJkl ($262.44 in chips)
Airbag999: posts small blind $1
B_loJkl: posts big blind $3
*** HOLE CARDS ***
Airbag999: raises $3 to $6
B_loJkl: calls $3
*** FLOP *** [Ad Jc Kd]
B_loJkl: checks
Airbag999: bets $3
B_loJkl: folds
Uncalled bet ($3) returned to Airbag999
Airbag999 collected $11.76 from pot
Airbag999: doesn't show hand
*** SUMMARY ***
Total pot $12 | Rake $0.24
Board [Ad Jc Kd]
Seat 3: Airbag999 (button) (small blind) collected ($11.76)
Seat 4: B_loJkl (big blind) folded on the Flop


PokerStars Hand #152838262931:  Hold'em Limit ($3/$6 USD) - 2016/05/04 9:18:26 ET
Table 'Namaqua' 10-max Seat #4 is the button
Seat 3: Airbag999 ($149.50 in chips)
Seat 4: B_loJkl ($253.80 in chips)
B_loJkl: posts small blind $1
Airbag999: posts big blind $3
*** HOLE CARDS ***
B_loJkl: raises $3 to $6
Airbag999: calls $3
*** FLOP *** [9c 6d 3s]
Airbag999: checks
B_loJkl: bets $3
Airbag999: calls $3
*** TURN *** [9c 6d 3s] [7s]
Airbag999: checks
B_loJkl: bets $6
Airbag999: folds
Uncalled bet ($6) returned to B_loJkl
B_loJkl collected $17.64 from pot
B_loJkl: doesn't show hand
*** SUMMARY ***
Total pot $18 | Rake $0.36
Board [9c 6d 3s 7s]
Seat 3: Airbag999 (big blind) folded on the Turn
Seat 4: B_loJkl (button) (small blind) collected ($17.64)


PokerStars Hand #152838319568:  Hold'em Limit ($3/$6 USD) - 2016/05/04 9:20:10 ET
Table 'Namaqua' 10-max Seat #3 is the button
Seat 3: Airbag999 ($164.54 in chips)
Seat 4: B_loJkl ($237.44 in chips)
Airbag999: posts small blind $1
B_loJkl: posts big blind $3
*** HOLE CARDS ***
Airbag999: raises $3 to $6
B_loJkl: calls $3
*** FLOP *** [6h 4c Kh]
B_loJkl: checks
Airbag999: bets $3
B_loJkl: folds
Uncalled bet ($3) returned to Airbag999
Airbag999 collected $11.76 from pot
Airbag999: doesn't show hand
*** SUMMARY ***
Total pot $12 | Rake $0.24
Board [6h 4c Kh]
Seat 3: Airbag999 (button) (small blind) collected ($11.76)
Seat 4: B_loJkl (big blind) folded on the Flop


PokerStars Hand #152838316556:  Hold'em Limit ($3/$6 USD) - 2016/05/04 9:20:04 ET
Table 'Namaqua' 10-max Seat #4 is the button
Seat 3: Airbag999 ($163.54 in chips)
Seat 4: B_loJkl ($238.44 in chips)
B_loJkl: posts small blind $1
Airbag999: posts big blind $3
*** HOLE CARDS ***
B_loJkl: folds
Uncalled bet ($2) returned to Airbag999
Airbag999 collected $2 from pot
Airbag999: doesn't show hand
*** SUMMARY ***
Total pot $2 | Rake $0
Seat 3: Airbag999 (big blind) collected ($2)
Seat 4: B_loJkl (button) (small blind) folded before Flop


PokerStars Hand #152838308377:  Hold'em Limit ($3/$6 USD) - 2016/05/04 9:19:49 ET
Table 'Namaqua' 10-max Seat #3 is the button
Seat 3: Airbag999 ($157.78 in chips)
Seat 4: B_loJkl ($244.44 in chips)
Airbag999: posts small blind $1
B_loJkl: posts big blind $3
*** HOLE CARDS ***
Airbag999: raises $3 to $6
B_loJkl: calls $3
*** FLOP *** [9h Td 2d]
B_loJkl: checks
Airbag999: bets $3
B_loJkl: folds
Uncalled bet ($3) returned to Airbag999
Airbag999 collected $11.76 from pot
Airbag999: doesn't show hand
*** SUMMARY ***
Total pot $12 | Rake $0.24
Board [9h Td 2d]
Seat 3: Airbag999 (button) (small blind) collected ($11.76)
Seat 4: B_loJkl (big blind) folded on the Flop


PokerStars Hand #152838289862:  Hold'em Limit ($3/$6 USD) - 2016/05/04 9:19:16 ET
Table 'Namaqua' 10-max Seat #4 is the button
Seat 3: Airbag999 ($146.26 in chips)
Seat 4: B_loJkl ($256.44 in chips)
B_loJkl: posts small blind $1
Airbag999: posts big blind $3
*** HOLE CARDS ***
B_loJkl: raises $3 to $6
Airbag999: raises $3 to $9
B_loJkl: calls $3
*** FLOP *** [5d Th 6h]
Airbag999: bets $3
B_loJkl: calls $3
*** TURN *** [5d Th 6h] [6c]
Airbag999: checks
B_loJkl: checks
*** RIVER *** [5d Th 6h 6c] [Ad]
Airbag999: bets $6
B_loJkl: folds
Uncalled bet ($6) returned to Airbag999
Airbag999 collected $23.52 from pot
Airbag999: doesn't show hand
*** SUMMARY ***
Total pot $24 | Rake $0.48
Board [5d Th 6h 6c Ad]
Seat 3: Airbag999 (big blind) collected ($23.52)
Seat 4: B_loJkl (button) (small blind) folded on the River


PokerStars Hand #152838343341:  Hold'em Limit ($3/$6 USD) - 2016/05/04 9:20:53 ET
Table 'Namaqua' 10-max Seat #3 is the button
Seat 3: Airbag999 ($164.30 in chips)
Seat 4: B_loJkl ($237.20 in chips)
Airbag999: posts small blind $1
B_loJkl: posts big blind $3
*** HOLE CARDS ***
Airbag999: folds
Uncalled bet ($2) returned to B_loJkl
B_loJkl collected $2 from pot
B_loJkl: doesn't show hand
*** SUMMARY ***
Total pot $2 | Rake $0
Seat 3: Airbag999 (button) (small blind) folded before Flop
Seat 4: B_loJkl (big blind) collected ($2)


PokerStars Hand #152838333382:  Hold'em Limit ($3/$6 USD) - 2016/05/04 9:20:35 ET
Table 'Namaqua' 10-max Seat #4 is the button
Seat 3: Airbag999 ($170.30 in chips)
Seat 4: B_loJkl ($231.44 in chips)
B_loJkl: posts small blind $1
Airbag999: posts big blind $3
*** HOLE CARDS ***
B_loJkl: raises $3 to $6
Airbag999: calls $3
*** FLOP *** [9s 7c 3d]
Airbag999: checks
B_loJkl: bets $3
Airbag999: folds
Uncalled bet ($3) returned to B_loJkl
B_loJkl collected $11.76 from pot
B_loJkl: doesn't show hand
*** SUMMARY ***
Total pot $12 | Rake $0.24
Board [9s 7c 3d]
Seat 3: Airbag999 (big blind) folded on the Flop
Seat 4: B_loJkl (button) (small blind) collected ($11.76)


PokerStars Hand #152838346632:  Hold'em Limit ($3/$6 USD) - 2016/05/04 9:20:59 ET
Table 'Namaqua' 10-max Seat #4 is the button
Seat 3: Airbag999 ($163.30 in chips)
Seat 4: B_loJkl ($238.20 in chips)
B_loJkl: posts small blind $1
Airbag999: posts big blind $3
*** HOLE CARDS ***
B_loJkl: raises $3 to $6
Airbag999: folds
Uncalled bet ($3) returned to B_loJkl
B_loJkl collected $6 from pot
B_loJkl: doesn't show hand
*** SUMMARY ***
Total pot $6 | Rake $0
Seat 3: Airbag999 (big blind) folded before Flop
Seat 4: B_loJkl (button) (small blind) collected ($6)


PokerStars Hand #152838350163:  Hold'em Limit ($3/$6 USD) - 2016/05/04 9:21:05 ET
Table 'Namaqua' 10-max Seat #3 is the button
Seat 3: Airbag999 ($160.30 in chips)
Seat 4: B_loJkl ($241.20 in chips)
Airbag999: posts small blind $1
B_loJkl: posts big blind $3
*** HOLE CARDS ***
Airbag999: raises $3 to $6
B_loJkl: calls $3
*** FLOP *** [6c Qc Ad]
B_loJkl: checks
Airbag999: bets $3
B_loJkl: raises $3 to $6
Airbag999: folds
Uncalled bet ($3) returned to B_loJkl
B_loJkl collected $17.64 from pot
B_loJkl: doesn't show hand
*** SUMMARY ***
Total pot $18 | Rake $0.36
Board [6c Qc Ad]
Seat 3: Airbag999 (button) (small blind) folded on the Flop
Seat 4: B_loJkl (big blind) collected ($17.64)


PokerStars Hand #152838360039:  Hold'em Limit ($3/$6 USD) - 2016/05/04 9:21:24 ET
Table 'Namaqua' 10-max Seat #4 is the button
Seat 3: Airbag999 ($151.30 in chips)
Seat 4: B_loJkl ($249.84 in chips)
B_loJkl: posts small blind $1
Airbag999: posts big blind $3
*** HOLE CARDS ***
B_loJkl: raises $3 to $6
Airbag999: calls $3
*** FLOP *** [Ad 8s 6d]
Airbag999: checks
B_loJkl: bets $3
Airbag999: calls $3
*** TURN *** [Ad 8s 6d] [4h]
Airbag999: checks
B_loJkl: checks
*** RIVER *** [Ad 8s 6d 4h] [Tc]
Airbag999: checks
B_loJkl: bets $6
Airbag999: folds
Uncalled bet ($6) returned to B_loJkl
B_loJkl collected $17.64 from pot
B_loJkl: doesn't show hand
*** SUMMARY ***
Total pot $18 | Rake $0.36
Board [Ad 8s 6d 4h Tc]
Seat 3: Airbag999 (big blind) folded on the River
Seat 4: B_loJkl (button) (small blind) collected ($17.64)


PokerStars Hand #152838377214:  Hold'em Limit ($3/$6 USD) - 2016/05/04 9:21:54 ET
Table 'Namaqua' 10-max Seat #3 is the button
Seat 3: Airbag999 ($142.30 in chips)
Seat 4: B_loJkl ($258.48 in chips)
Airbag999: posts small blind $1
B_loJkl: posts big blind $3
*** HOLE CARDS ***
Airbag999: raises $3 to $6
B_loJkl: calls $3
*** FLOP *** [Kh Ac Qh]
B_loJkl: checks
Airbag999: bets $3
B_loJkl: calls $3
*** TURN *** [Kh Ac Qh] [5h]
B_loJkl: checks
Airbag999: bets $6
B_loJkl: folds
Uncalled bet ($6) returned to Airbag999
Airbag999 collected $17.64 from pot
Airbag999: doesn't show hand
*** SUMMARY ***
Total pot $18 | Rake $0.36
Board [Kh Ac Qh 5h]
Seat 3: Airbag999 (button) (small blind) collected ($17.64)
Seat 4: B_loJkl (big blind) folded on the Turn


PokerStars Hand #152838409258:  Hold'em Limit ($3/$6 USD) - 2016/05/04 9:22:53 ET
Table 'Namaqua' 10-max Seat #4 is the button
Seat 3: Airbag999 ($167.44 in chips)
Seat 4: B_loJkl ($232.48 in chips)
B_loJkl: posts small blind $1
Airbag999: posts big blind $3
*** HOLE CARDS ***
B_loJkl: raises $3 to $6
Airbag999: calls $3
*** FLOP *** [2d 9s 9d]
Airbag999: checks
B_loJkl: bets $3
Airbag999: calls $3
*** TURN *** [2d 9s 9d] [Kc]
Airbag999: checks
B_loJkl: checks
*** RIVER *** [2d 9s 9d Kc] [Jd]
Airbag999: checks
B_loJkl: checks
*** SHOW DOWN ***
Airbag999: shows [4c Qs] (a pair of Nines)
B_loJkl: mucks hand
Airbag999 collected $17.64 from pot
*** SUMMARY ***
Total pot $18 | Rake $0.36
Board [2d 9s 9d Kc Jd]
Seat 3: Airbag999 (big blind) showed [4c Qs] and won ($17.64) with a pair of Nines
Seat 4: B_loJkl (button) (small blind) mucked


PokerStars Hand #152838420889:  Hold'em Limit ($3/$6 USD) - 2016/05/04 9:23:14 ET
Table 'Namaqua' 10-max Seat #3 is the button
Seat 3: Airbag999 ($176.08 in chips)
Seat 4: B_loJkl ($223.48 in chips)
Airbag999: posts small blind $1
B_loJkl: posts big blind $3
*** HOLE CARDS ***
Airbag999: raises $3 to $6
B_loJkl: calls $3
*** FLOP *** [4s Ac 7d]
B_loJkl: checks
Airbag999: bets $3
B_loJkl: folds
Uncalled bet ($3) returned to Airbag999
Airbag999 collected $11.76 from pot
Airbag999: doesn't show hand
*** SUMMARY ***
Total pot $12 | Rake $0.24
Board [4s Ac 7d]
Seat 3: Airbag999 (button) (small blind) collected ($11.76)
Seat 4: B_loJkl (big blind) folded on the Flop


PokerStars Hand #152838404672:  Hold'em Limit ($3/$6 USD) - 2016/05/04 9:22:44 ET
Table 'Namaqua' 10-max Seat #3 is the button
Seat 3: Airbag999 ($168.44 in chips)
Seat 4: B_loJkl ($231.48 in chips)
Airbag999: posts small blind $1
B_loJkl: posts big blind $3
*** HOLE CARDS ***
Airbag999: folds
Uncalled bet ($2) returned to B_loJkl
B_loJkl collected $2 from pot
B_loJkl: doesn't show hand
*** SUMMARY ***
Total pot $2 | Rake $0
Seat 3: Airbag999 (button) (small blind) folded before Flop
Seat 4: B_loJkl (big blind) collected ($2)


PokerStars Hand #152838391762:  Hold'em Limit ($3/$6 USD) - 2016/05/04 9:22:21 ET
Table 'Namaqua' 10-max Seat #4 is the button
Seat 3: Airbag999 ($150.94 in chips)
Seat 4: B_loJkl ($249.48 in chips)
B_loJkl: posts small blind $1
Airbag999: posts big blind $3
*** HOLE CARDS ***
B_loJkl: raises $3 to $6
Airbag999: raises $3 to $9
B_loJkl: calls $3
*** FLOP *** [As 4h 5c]
Airbag999: bets $3
B_loJkl: calls $3
*** TURN *** [As 4h 5c] [Ad]
Airbag999: bets $6
B_loJkl: calls $6
*** RIVER *** [As 4h 5c Ad] [6d]
Airbag999: checks
B_loJkl: checks
*** SHOW DOWN ***
Airbag999: shows [5s 7s] (two pair, Aces and Fives)
B_loJkl: mucks hand
Airbag999 collected $35.50 from pot
*** SUMMARY ***
Total pot $36 | Rake $0.50
Board [As 4h 5c Ad 6d]
Seat 3: Airbag999 (big blind) showed [5s 7s] and won ($35.50) with two pair, Aces and Fives
Seat 4: B_loJkl (button) (small blind) mucked


PokerStars Hand #152838437336:  Hold'em Limit ($3/$6 USD) - 2016/05/04 9:23:43 ET
Table 'Namaqua' 10-max Seat #3 is the button
Seat 3: Airbag999 ($178.84 in chips)
Seat 4: B_loJkl ($220.48 in chips)
Airbag999: posts small blind $1
B_loJkl: posts big blind $3
*** HOLE CARDS ***
Airbag999: raises $3 to $6
B_loJkl: calls $3
*** FLOP *** [7s 5c 5h]
B_loJkl: checks
Airbag999: bets $3
B_loJkl: raises $3 to $6
Airbag999: calls $3
*** TURN *** [7s 5c 5h] [3c]
B_loJkl: bets $6
Airbag999: calls $6
*** RIVER *** [7s 5c 5h 3c] [4h]
B_loJkl: checks
Airbag999: checks
*** SHOW DOWN ***
B_loJkl: shows [Jh 7h] (two pair, Sevens and Fives)
Airbag999: mucks hand
B_loJkl collected $35.50 from pot
*** SUMMARY ***
Total pot $36 | Rake $0.50
Board [7s 5c 5h 3c 4h]
Seat 3: Airbag999 (button) (small blind) mucked
Seat 4: B_loJkl (big blind) showed [Jh 7h] and won ($35.50) with two pair, Sevens and Fives


PokerStars Hand #152838432645:  Hold'em Limit ($3/$6 USD) - 2016/05/04 9:23:35 ET
Table 'Namaqua' 10-max Seat #4 is the button
Seat 3: Airbag999 ($181.84 in chips)
Seat 4: B_loJkl ($217.48 in chips)
B_loJkl: posts small blind $1
Airbag999: posts big blind $3
*** HOLE CARDS ***
B_loJkl: raises $3 to $6
Airbag999: folds
Uncalled bet ($3) returned to B_loJkl
B_loJkl collected $6 from pot
B_loJkl: doesn't show hand
*** SUMMARY ***
Total pot $6 | Rake $0
Seat 3: Airbag999 (big blind) folded before Flop
Seat 4: B_loJkl (button) (small blind) collected ($6)


PokerStars Hand #152838457947:  Hold'em Limit ($3/$6 USD) - 2016/05/04 9:24:20 ET
Table 'Namaqua' 10-max Seat #4 is the button
Seat 3: Airbag999 ($160.84 in chips)
Seat 4: B_loJkl ($237.98 in chips)
B_loJkl: posts small blind $1
Airbag999: posts big blind $3
*** HOLE CARDS ***
B_loJkl: raises $3 to $6
Airbag999: raises $3 to $9
B_loJkl: calls $3
*** FLOP *** [4c 4h Qd]
Airbag999: bets $3
B_loJkl: calls $3
*** TURN *** [4c 4h Qd] [Th]
Airbag999: checks
B_loJkl: bets $6
Airbag999: calls $6
*** RIVER *** [4c 4h Qd Th] [Ad]
Airbag999: checks
B_loJkl: checks
*** SHOW DOWN ***
Airbag999: shows [Ks 8c] (a pair of Fours)
B_loJkl: shows [Qs Tc] (two pair, Queens and Tens)
B_loJkl collected $35.50 from pot
*** SUMMARY ***
Total pot $36 | Rake $0.50
Board [4c 4h Qd Th Ad]
Seat 3: Airbag999 (big blind) showed [Ks 8c] and lost with a pair of Fours
Seat 4: B_loJkl (button) (small blind) showed [Qs Tc] and won ($35.50) with two pair, Queens and Tens


PokerStars Hand #152838477513:  Hold'em Limit ($3/$6 USD) - 2016/05/04 9:24:56 ET
Table 'Namaqua' 10-max Seat #3 is the button
Seat 3: Airbag999 ($142.84 in chips)
Seat 4: B_loJkl ($255.48 in chips)
Airbag999: posts small blind $1
B_loJkl: posts big blind $3
*** HOLE CARDS ***
Airbag999: raises $3 to $6
B_loJkl: calls $3
*** FLOP *** [9d 9c 2d]
B_loJkl: checks
Airbag999: bets $3
B_loJkl: raises $3 to $6
Airbag999: calls $3
*** TURN *** [9d 9c 2d] [9s]
B_loJkl: bets $6
Airbag999: raises $6 to $12
B_loJkl: calls $6
*** RIVER *** [9d 9c 2d 9s] [8c]
B_loJkl: checks
Airbag999: bets $6
B_loJkl: calls $6
*** SHOW DOWN ***
Airbag999: shows [7c Jh] (three of a kind, Nines)
B_loJkl: shows [2c 4c] (a full house, Nines full of Deuces)
B_loJkl collected $59.50 from pot
*** SUMMARY ***
Total pot $60 | Rake $0.50
Board [9d 9c 2d 9s 8c]
Seat 3: Airbag999 (button) (small blind) showed [7c Jh] and lost with three of a kind, Nines
Seat 4: B_loJkl (big blind) showed [2c 4c] and won ($59.50) with a full house, Nines full of Deuces


PokerStars Hand #152838494793:  Hold'em Limit ($3/$6 USD) - 2016/05/04 9:25:27 ET
Table 'Namaqua' 10-max Seat #4 is the button
Seat 3: Airbag999 ($112.84 in chips)
Seat 4: B_loJkl ($284.98 in chips)
B_loJkl: posts small blind $1
Airbag999: posts big blind $3
*** HOLE CARDS ***
B_loJkl: raises $3 to $6
Airbag999: calls $3
*** FLOP *** [Jd 8d Js]
Airbag999: checks
B_loJkl: bets $3
Airbag999: raises $3 to $6
B_loJkl: calls $3
*** TURN *** [Jd 8d Js] [Ks]
Airbag999: bets $6
B_loJkl: raises $6 to $12
Airbag999: calls $6
*** RIVER *** [Jd 8d Js Ks] [Kd]
Airbag999: checks
B_loJkl: bets $6
Airbag999: folds
Uncalled bet ($6) returned to B_loJkl
B_loJkl collected $47.50 from pot
B_loJkl: doesn't show hand
*** SUMMARY ***
Total pot $48 | Rake $0.50
Board [Jd 8d Js Ks Kd]
Seat 3: Airbag999 (big blind) folded on the River
Seat 4: B_loJkl (button) (small blind) collected ($47.50)


PokerStars Hand #152838525937:  Hold'em Limit ($3/$6 USD) - 2016/05/04 9:26:24 ET
Table 'Namaqua' 10-max Seat #3 is the button
Seat 3: Airbag999 ($120 in chips)
Seat 4: B_loJkl ($308.48 in chips)
Airbag999: posts small blind $1
B_loJkl: posts big blind $3
*** HOLE CARDS ***
Airbag999: raises $3 to $6
B_loJkl: calls $3
*** FLOP *** [2h Qh 5c]
B_loJkl: checks
Airbag999: bets $3
B_loJkl: calls $3
*** TURN *** [2h Qh 5c] [Ts]
B_loJkl: checks
Airbag999: bets $6
B_loJkl: calls $6
*** RIVER *** [2h Qh 5c Ts] [3d]
B_loJkl: checks
Airbag999: bets $6
B_loJkl: folds
Uncalled bet ($6) returned to Airbag999
Airbag999 collected $29.50 from pot
Airbag999: doesn't show hand
*** SUMMARY ***
Total pot $30 | Rake $0.50
Board [2h Qh 5c Ts 3d]
Seat 3: Airbag999 (button) (small blind) collected ($29.50)
Seat 4: B_loJkl (big blind) folded on the River


PokerStars Hand #152838553727:  Hold'em Limit ($3/$6 USD) - 2016/05/04 9:27:14 ET
Table 'Namaqua' 10-max Seat #4 is the button
Seat 3: Airbag999 ($134.50 in chips)
Seat 4: B_loJkl ($293.48 in chips)
B_loJkl: posts small blind $1
Airbag999: posts big blind $3
*** HOLE CARDS ***
B_loJkl: raises $3 to $6
Airbag999: calls $3
*** FLOP *** [Jh Qh Qs]
Airbag999: checks
B_loJkl: checks
*** TURN *** [Jh Qh Qs] [3c]
Airbag999: checks
B_loJkl: checks
*** RIVER *** [Jh Qh Qs 3c] [Jd]
Airbag999: checks
B_loJkl: checks
*** SHOW DOWN ***
Airbag999: shows [4h 6c] (two pair, Queens and Jacks)
B_loJkl: shows [5h Td] (two pair, Queens and Jacks - Ten kicker)
B_loJkl collected $11.76 from pot
*** SUMMARY ***
Total pot $12 | Rake $0.24
Board [Jh Qh Qs 3c Jd]
Seat 3: Airbag999 (big blind) showed [4h 6c] and lost with two pair, Queens and Jacks
Seat 4: B_loJkl (button) (small blind) showed [5h Td] and won ($11.76) with two pair, Queens and Jacks


PokerStars Hand #152838582089:  Hold'em Limit ($3/$6 USD) - 2016/05/04 9:28:05 ET
Table 'Namaqua' 10-max Seat #3 is the button
Seat 3: Airbag999 ($99.50 in chips)
Seat 4: B_loJkl ($327.74 in chips)
Airbag999: posts small blind $1
B_loJkl: posts big blind $3
*** HOLE CARDS ***
Airbag999: raises $3 to $6
B_loJkl: calls $3
*** FLOP *** [7c 5h 2c]
B_loJkl: checks
Airbag999: bets $3
B_loJkl: raises $3 to $6
Airbag999: calls $3
*** TURN *** [7c 5h 2c] [9d]
B_loJkl: bets $6
Airbag999: raises $6 to $12
B_loJkl: raises $6 to $18
Airbag999: calls $6
*** RIVER *** [7c 5h 2c 9d] [2s]
B_loJkl: bets $6
Airbag999: raises $6 to $12
B_loJkl: calls $6
*** SHOW DOWN ***
Airbag999: shows [5d 5s] (a full house, Fives full of Deuces)
B_loJkl: mucks hand
Airbag999 collected $83.50 from pot
*** SUMMARY ***
Total pot $84 | Rake $0.50
Board [7c 5h 2c 9d 2s]
Seat 3: Airbag999 (button) (small blind) showed [5d 5s] and won ($83.50) with a full house, Fives full of Deuces
Seat 4: B_loJkl (big blind) mucked


PokerStars Hand #152838564542:  Hold'em Limit ($3/$6 USD) - 2016/05/04 9:27:34 ET
Table 'Namaqua' 10-max Seat #3 is the button
Seat 3: Airbag999 ($128.50 in chips)
Seat 4: B_loJkl ($299.24 in chips)
Airbag999: posts small blind $1
B_loJkl: posts big blind $3
*** HOLE CARDS ***
Airbag999: raises $3 to $6
B_loJkl: calls $3
*** FLOP *** [3d Kc 8s]
B_loJkl: checks
Airbag999: bets $3
B_loJkl: raises $3 to $6
Airbag999: calls $3
*** TURN *** [3d Kc 8s] [5s]
B_loJkl: checks
Airbag999: bets $6
B_loJkl: raises $6 to $12
Airbag999: calls $6
*** RIVER *** [3d Kc 8s 5s] [4s]
B_loJkl: bets $6
Airbag999: calls $6
*** SHOW DOWN ***
B_loJkl: shows [Kh 5h] (two pair, Kings and Fives)
Airbag999: mucks hand
B_loJkl collected $59.50 from pot
*** SUMMARY ***
Total pot $60 | Rake $0.50
Board [3d Kc 8s 5s 4s]
Seat 3: Airbag999 (button) (small blind) mucked
Seat 4: B_loJkl (big blind) showed [Kh 5h] and won ($59.50) with two pair, Kings and Fives


PokerStars Hand #152838579114:  Hold'em Limit ($3/$6 USD) - 2016/05/04 9:28:00 ET
Table 'Namaqua' 10-max Seat #4 is the button
Seat 3: Airbag999 ($98.50 in chips)
Seat 4: B_loJkl ($328.74 in chips)
B_loJkl: posts small blind $1
Airbag999: posts big blind $3
*** HOLE CARDS ***
B_loJkl: folds
Uncalled bet ($2) returned to Airbag999
Airbag999 collected $2 from pot
Airbag999: doesn't show hand
*** SUMMARY ***
Total pot $2 | Rake $0
Seat 3: Airbag999 (big blind) collected ($2)
Seat 4: B_loJkl (button) (small blind) folded before Flop


PokerStars Hand #152838606672:  Hold'em Limit ($3/$6 USD) - 2016/05/04 9:28:50 ET
Table 'Namaqua' 10-max Seat #3 is the button
Seat 3: Airbag999 ($149.64 in chips)
Seat 4: B_loJkl ($276.74 in chips)
Airbag999: posts small blind $1
B_loJkl: posts big blind $3
*** HOLE CARDS ***
Airbag999: raises $3 to $6
B_loJkl: raises $3 to $9
Airbag999: calls $3
*** FLOP *** [4h Kh Td]
B_loJkl: bets $3
Airbag999: raises $3 to $6
B_loJkl: raises $3 to $9
Airbag999: calls $3
*** TURN *** [4h Kh Td] [5h]
B_loJkl: bets $6
Airbag999: calls $6
*** RIVER *** [4h Kh Td 5h] [Qh]
B_loJkl: bets $6
Airbag999: calls $6
*** SHOW DOWN ***
B_loJkl: shows [Ac Ah] (a flush, Ace high)
Airbag999: mucks hand
B_loJkl collected $59.50 from pot
*** SUMMARY ***
Total pot $60 | Rake $0.50
Board [4h Kh Td 5h Qh]
Seat 3: Airbag999 (button) (small blind) mucked
Seat 4: B_loJkl (big blind) showed [Ac Ah] and won ($59.50) with a flush, Ace high


PokerStars Hand #152838625541:  Hold'em Limit ($3/$6 USD) - 2016/05/04 9:29:23 ET
Table 'Namaqua' 10-max Seat #4 is the button
Seat 3: Airbag999 ($119.64 in chips)
Seat 4: B_loJkl ($306.24 in chips)
B_loJkl: posts small blind $1
Airbag999: posts big blind $3
*** HOLE CARDS ***
B_loJkl: raises $3 to $6
Airbag999: raises $3 to $9
B_loJkl: calls $3
*** FLOP *** [4d Qh 8s]
Airbag999: bets $3
B_loJkl: folds
Uncalled bet ($3) returned to Airbag999
Airbag999 collected $17.64 from pot
Airbag999: doesn't show hand
*** SUMMARY ***
Total pot $18 | Rake $0.36
Board [4d Qh 8s]
Seat 3: Airbag999 (big blind) collected ($17.64)
Seat 4: B_loJkl (button) (small blind) folded on the Flop


PokerStars Hand #152838598571:  Hold'em Limit ($3/$6 USD) - 2016/05/04 9:28:35 ET
Table 'Namaqua' 10-max Seat #4 is the button
Seat 3: Airbag999 ($141 in chips)
Seat 4: B_loJkl ($285.74 in chips)
B_loJkl: posts small blind $1
Airbag999: posts big blind $3
*** HOLE CARDS ***
B_loJkl: raises $3 to $6
Airbag999: raises $3 to $9
B_loJkl: calls $3
*** FLOP *** [7h Jc 2d]
Airbag999: bets $3
B_loJkl: folds
Uncalled bet ($3) returned to Airbag999
Airbag999 collected $17.64 from pot
Airbag999: doesn't show hand
*** SUMMARY ***
Total pot $18 | Rake $0.36
Board [7h Jc 2d]
Seat 3: Airbag999 (big blind) collected ($17.64)
Seat 4: B_loJkl (button) (small blind) folded on the Flop


PokerStars Hand #152838633391:  Hold'em Limit ($3/$6 USD) - 2016/05/04 9:29:38 ET
Table 'Namaqua' 10-max Seat #3 is the button
Seat 3: Airbag999 ($128.28 in chips)
Seat 4: B_loJkl ($297.24 in chips)
Airbag999: posts small blind $1
B_loJkl: posts big blind $3
*** HOLE CARDS ***
Airbag999: raises $3 to $6
B_loJkl: calls $3
*** FLOP *** [2c 5h 5c]
B_loJkl: checks
Airbag999: bets $3
B_loJkl: folds
Uncalled bet ($3) returned to Airbag999
Airbag999 collected $11.76 from pot
Airbag999: doesn't show hand
*** SUMMARY ***
Total pot $12 | Rake $0.24
Board [2c 5h 5c]
Seat 3: Airbag999 (button) (small blind) collected ($11.76)
Seat 4: B_loJkl (big blind) folded on the Flop


PokerStars Hand #152838643715:  Hold'em Limit ($3/$6 USD) - 2016/05/04 9:29:56 ET
Table 'Namaqua' 10-max Seat #4 is the button
Seat 3: Airbag999 ($134.04 in chips)
Seat 4: B_loJkl ($291.24 in chips)
B_loJkl: posts small blind $1
Airbag999: posts big blind $3
*** HOLE CARDS ***
B_loJkl: raises $3 to $6
Airbag999: calls $3
*** FLOP *** [3c 7s 7h]
Airbag999: checks
B_loJkl: bets $3
Airbag999: calls $3
*** TURN *** [3c 7s 7h] [Jh]
Airbag999: checks
B_loJkl: checks
*** RIVER *** [3c 7s 7h Jh] [8d]
Airbag999: bets $6
B_loJkl: calls $6
*** SHOW DOWN ***
Airbag999: shows [6c 9h] (a pair of Sevens)
B_loJkl: shows [Kc 9s] (a pair of Sevens - King kicker)
B_loJkl collected $29.50 from pot
*** SUMMARY ***
Total pot $30 | Rake $0.50
Board [3c 7s 7h Jh 8d]
Seat 3: Airbag999 (big blind) showed [6c 9h] and lost with a pair of Sevens
Seat 4: B_loJkl (button) (small blind) showed [Kc 9s] and won ($29.50) with a pair of Sevens


PokerStars Hand #152838658602:  Hold'em Limit ($3/$6 USD) - 2016/05/04 9:30:23 ET
Table 'Namaqua' 10-max Seat #3 is the button
Seat 3: Airbag999 ($119.04 in chips)
Seat 4: B_loJkl ($305.74 in chips)
Airbag999: posts small blind $1
B_loJkl: posts big blind $3
*** HOLE CARDS ***
Airbag999: folds
Uncalled bet ($2) returned to B_loJkl
B_loJkl collected $2 from pot
B_loJkl: doesn't show hand
*** SUMMARY ***
Total pot $2 | Rake $0
Seat 3: Airbag999 (button) (small blind) folded before Flop
Seat 4: B_loJkl (big blind) collected ($2)


PokerStars Hand #152838665313:  Hold'em Limit ($3/$6 USD) - 2016/05/04 9:30:35 ET
Table 'Namaqua' 10-max Seat #4 is the button
Seat 3: Airbag999 ($118.04 in chips)
Seat 4: B_loJkl ($306.74 in chips)
B_loJkl: posts small blind $1
Airbag999: posts big blind $3
*** HOLE CARDS ***
B_loJkl: raises $3 to $6
Airbag999: raises $3 to $9
B_loJkl: calls $3
*** FLOP *** [Kd Ks 5c]
Airbag999: bets $3
B_loJkl: calls $3
*** TURN *** [Kd Ks 5c] [As]
Madgit joins the table at seat #5
Airbag999: bets $6
B_loJkl: folds
Uncalled bet ($6) returned to Airbag999
Airbag999 collected $23.52 from pot
Airbag999: doesn't show hand
*** SUMMARY ***
Total pot $24 | Rake $0.48
Board [Kd Ks 5c As]
Seat 3: Airbag999 (big blind) collected ($23.52)
Seat 4: B_loJkl (button) (small blind) folded on the Turn


PokerStars Hand #152838690147:  Hold'em Limit ($3/$6 USD) - 2016/05/04 9:31:20 ET
Table 'Namaqua' 10-max Seat #3 is the button
Seat 3: Airbag999 ($129.56 in chips)
Seat 4: B_loJkl ($294.74 in chips)
Airbag999: posts small blind $1
B_loJkl: posts big blind $3
*** HOLE CARDS ***
Airbag999: raises $3 to $6
B_loJkl: calls $3
*** FLOP *** [9h Qc 5s]
RockKillerTY joins the table at seat #6
B_loJkl: checks
Airbag999: bets $3
B_loJkl: folds
Uncalled bet ($3) returned to Airbag999
Airbag999 collected $11.76 from pot
Airbag999: doesn't show hand
*** SUMMARY ***
Total pot $12 | Rake $0.24
Board [9h Qc 5s]
Seat 3: Airbag999 (button) (small blind) collected ($11.76)
Seat 4: B_loJkl (big blind) folded on the Flop


