PokerStars Hand #153672045631:  Hold'em Limit ($3/$6 USD) - 2016/05/22 6:57:21 ET
Table 'Namaqua II' 6-max Seat #6 is the button
Seat 1: Velbor107 ($300 in chips)
Seat 6: Profitables ($31 in chips)
Profitables: posts small blind $1
Velbor107: posts big blind $3
*** HOLE CARDS ***
Profitables: folds
Uncalled bet ($2) returned to Velbor107
Velbor107 collected $2 from pot
*** SUMMARY ***
Total pot $2 | Rake $0
Seat 1: Velbor107 (big blind) collected ($2)
Seat 6: Profitables (button) (small blind) folded before Flop


PokerStars Hand #153672061766:  Hold'em Limit ($3/$6 USD) - 2016/05/22 6:57:59 ET
Table 'Namaqua II' 6-max Seat #6 is the button
Seat 1: Velbor107 ($274 in chips)
Seat 6: Profitables ($56.50 in chips)
Profitables: posts small blind $1
Velbor107: posts big blind $3
*** HOLE CARDS ***
Profitables: raises $3 to $6
Velbor107: calls $3
*** FLOP *** [8c 8s Qh]
Velbor107: checks
Profitables: bets $3
Velbor107: raises $3 to $6
Profitables: raises $3 to $9
Velbor107: raises $3 to $12
Betting is capped
Profitables: folds
Uncalled bet ($3) returned to Velbor107
Velbor107 collected $29.50 from pot
*** SUMMARY ***
Total pot $30 | Rake $0.50
Board [8c 8s Qh]
Seat 1: Velbor107 (big blind) collected ($29.50)
Seat 6: Profitables (button) (small blind) folded on the Flop


PokerStars Hand #153672047876:  Hold'em Limit ($3/$6 USD) - 2016/05/22 6:57:26 ET
Table 'Namaqua II' 6-max Seat #1 is the button
Seat 1: Velbor107 ($301 in chips)
Seat 6: Profitables ($30 in chips)
Velbor107: posts small blind $1
Profitables: posts big blind $3
*** HOLE CARDS ***
Velbor107: raises $3 to $6
Profitables: calls $3
*** FLOP *** [Qs 8d 8s]
Profitables: checks
Velbor107: bets $3
Profitables: calls $3
*** TURN *** [Qs 8d 8s] [Th]
Profitables: checks
Velbor107: bets $6
Profitables: raises $6 to $12
Velbor107: calls $6
*** RIVER *** [Qs 8d 8s Th] [7d]
Profitables: bets $6
Velbor107: calls $6
*** SHOW DOWN ***
Profitables: shows [4d 8c] (three of a kind, Eights)
Velbor107: mucks hand
Profitables collected $53.50 from pot
*** SUMMARY ***
Total pot $54 | Rake $0.50
Board [Qs 8d 8s Th 7d]
Seat 1: Velbor107 (button) (small blind) mucked
Seat 6: Profitables (big blind) showed [4d 8c] and won ($53.50) with three of a kind, Eights


PokerStars Hand #153672095655:  Hold'em Limit ($3/$6 USD) - 2016/05/22 6:59:20 ET
Table 'Namaqua II' 6-max Seat #1 is the button
Seat 1: Velbor107 ($270 in chips)
Seat 6: Profitables ($59 in chips)
Velbor107: posts small blind $1
Profitables: posts big blind $3
*** HOLE CARDS ***
Velbor107: raises $3 to $6
Profitables: calls $3
*** FLOP *** [Ts Kd 3d]
Profitables: checks
Velbor107: bets $3
Profitables: calls $3
*** TURN *** [Ts Kd 3d] [Js]
Profitables: checks
Velbor107: checks
*** RIVER *** [Ts Kd 3d Js] [4c]
Profitables: bets $6
Velbor107: calls $6
*** SHOW DOWN ***
Profitables: shows [9c 4d] (a pair of Fours)
Velbor107: shows [Jd 5s] (a pair of Jacks)
Velbor107 collected $29.50 from pot
*** SUMMARY ***
Total pot $30 | Rake $0.50
Board [Ts Kd 3d Js 4c]
Seat 1: Velbor107 (button) (small blind) showed [Jd 5s] and won ($29.50) with a pair of Jacks
Seat 6: Profitables (big blind) showed [9c 4d] and lost with a pair of Fours


PokerStars Hand #153672086871:  Hold'em Limit ($3/$6 USD) - 2016/05/22 6:58:59 ET
Table 'Namaqua II' 6-max Seat #6 is the button
Seat 1: Velbor107 ($255.50 in chips)
Seat 6: Profitables ($74 in chips)
Profitables: posts small blind $1
Velbor107: posts big blind $3
*** HOLE CARDS ***
Profitables: raises $3 to $6
Velbor107: raises $3 to $9
Profitables: calls $3
*** FLOP *** [5c Qs Ad]
Velbor107: bets $3
Profitables: raises $3 to $6
Velbor107: calls $3
*** TURN *** [5c Qs Ad] [8s]
Velbor107: checks
Profitables: checks
*** RIVER *** [5c Qs Ad 8s] [3c]
Velbor107: bets $6
Profitables: folds
Uncalled bet ($6) returned to Velbor107
Velbor107 collected $29.50 from pot
*** SUMMARY ***
Total pot $30 | Rake $0.50
Board [5c Qs Ad 8s 3c]
Seat 1: Velbor107 (big blind) collected ($29.50)
Seat 6: Profitables (button) (small blind) folded on the River


PokerStars Hand #153672070955:  Hold'em Limit ($3/$6 USD) - 2016/05/22 6:58:21 ET
Table 'Namaqua II' 6-max Seat #1 is the button
Seat 1: Velbor107 ($288.50 in chips)
Seat 6: Profitables ($41.50 in chips)
Velbor107: posts small blind $1
Profitables: posts big blind $3
*** HOLE CARDS ***
Velbor107: raises $3 to $6
Profitables: raises $3 to $9
Velbor107: calls $3
*** FLOP *** [Tc 4h 7s]
Profitables: bets $3
Velbor107: raises $3 to $6
Profitables: calls $3
*** TURN *** [Tc 4h 7s] [5d]
Profitables: checks
Velbor107: bets $6
Profitables: raises $6 to $12
Velbor107: calls $6
*** RIVER *** [Tc 4h 7s 5d] [7h]
Profitables: bets $6
Velbor107: calls $6
*** SHOW DOWN ***
Profitables: shows [Kc Kh] (two pair, Kings and Sevens)
Velbor107: mucks hand
Profitables collected $65.50 from pot
*** SUMMARY ***
Total pot $66 | Rake $0.50
Board [Tc 4h 7s 5d 7h]
Seat 1: Velbor107 (button) (small blind) mucked
Seat 6: Profitables (big blind) showed [Kc Kh] and won ($65.50) with two pair, Kings and Sevens


PokerStars Hand #153672120628:  Hold'em Limit ($3/$6 USD) - 2016/05/22 7:00:10 ET
Table 'Namaqua II' 6-max Seat #1 is the button
Seat 1: Velbor107 ($286.26 in chips)
Seat 6: Profitables ($42 in chips)
Velbor107: posts small blind $1
Profitables: posts big blind $3
*** HOLE CARDS ***
Velbor107: raises $3 to $6
Profitables: calls $3
*** FLOP *** [3h Qc Kc]
Profitables: checks
Velbor107: bets $3
Profitables: calls $3
*** TURN *** [3h Qc Kc] [4d]
Profitables: checks
Velbor107: checks
*** RIVER *** [3h Qc Kc 4d] [Qd]
Profitables: checks
Velbor107: checks
*** SHOW DOWN ***
Profitables: shows [3s As] (two pair, Queens and Threes)
Velbor107: mucks hand
Profitables collected $17.64 from pot
*** SUMMARY ***
Total pot $18 | Rake $0.36
Board [3h Qc Kc 4d Qd]
Seat 1: Velbor107 (button) (small blind) mucked
Seat 6: Profitables (big blind) showed [3s As] and won ($17.64) with two pair, Queens and Threes


PokerStars Hand #153672118053:  Hold'em Limit ($3/$6 USD) - 2016/05/22 7:00:04 ET
Table 'Namaqua II' 6-max Seat #6 is the button
Seat 1: Velbor107 ($289.26 in chips)
Seat 6: Profitables ($39 in chips)
Profitables: posts small blind $1
Velbor107: posts big blind $3
*** HOLE CARDS ***
Profitables: raises $3 to $6
Velbor107: folds
Uncalled bet ($3) returned to Profitables
Profitables collected $6 from pot
Profitables: doesn't show hand
*** SUMMARY ***
Total pot $6 | Rake $0
Seat 1: Velbor107 (big blind) folded before Flop
Seat 6: Profitables (button) (small blind) collected ($6)


PokerStars Hand #153672115169:  Hold'em Limit ($3/$6 USD) - 2016/05/22 6:59:58 ET
Table 'Namaqua II' 6-max Seat #1 is the button
Seat 1: Velbor107 ($290.26 in chips)
Seat 6: Profitables ($38 in chips)
Velbor107: posts small blind $1
Profitables: posts big blind $3
*** HOLE CARDS ***
Velbor107: folds
Uncalled bet ($2) returned to Profitables
Profitables collected $2 from pot
Profitables: doesn't show hand
*** SUMMARY ***
Total pot $2 | Rake $0
Seat 1: Velbor107 (button) (small blind) folded before Flop
Seat 6: Profitables (big blind) collected ($2)


PokerStars Hand #153672107269:  Hold'em Limit ($3/$6 USD) - 2016/05/22 6:59:39 ET
Table 'Namaqua II' 6-max Seat #6 is the button
Seat 1: Velbor107 ($284.50 in chips)
Seat 6: Profitables ($44 in chips)
Profitables: posts small blind $1
Velbor107: posts big blind $3
*** HOLE CARDS ***
Profitables: raises $3 to $6
Velbor107: calls $3
*** FLOP *** [Kd 9h 2h]
Velbor107: checks
Profitables: checks
*** TURN *** [Kd 9h 2h] [Td]
Velbor107: checks
Profitables: checks
*** RIVER *** [Kd 9h 2h Td] [7s]
Velbor107: bets $6
Profitables: folds
Uncalled bet ($6) returned to Velbor107
Velbor107 collected $11.76 from pot
*** SUMMARY ***
Total pot $12 | Rake $0.24
Board [Kd 9h 2h Td 7s]
Seat 1: Velbor107 (big blind) collected ($11.76)
Seat 6: Profitables (button) (small blind) folded on the River


PokerStars Hand #153672155034:  Hold'em Limit ($3/$6 USD) - 2016/05/22 7:01:26 ET
Table 'Namaqua II' 6-max Seat #1 is the button
Seat 1: Velbor107 ($300.52 in chips)
Seat 6: Profitables ($26.40 in chips)
Velbor107: posts small blind $1
Profitables: posts big blind $3
*** HOLE CARDS ***
Velbor107: raises $3 to $6
Profitables: calls $3
*** FLOP *** [9h 5h Qs]
Profitables: checks
Velbor107: bets $3
Profitables: folds
Uncalled bet ($3) returned to Velbor107
Velbor107 collected $11.76 from pot
*** SUMMARY ***
Total pot $12 | Rake $0.24
Board [9h 5h Qs]
Seat 1: Velbor107 (button) (small blind) collected ($11.76)
Seat 6: Profitables (big blind) folded on the Flop


PokerStars Hand #153672148987:  Hold'em Limit ($3/$6 USD) - 2016/05/22 7:01:14 ET
Table 'Namaqua II' 6-max Seat #6 is the button
Seat 1: Velbor107 ($306.52 in chips)
Seat 6: Profitables ($20.64 in chips)
Profitables: posts small blind $1
Velbor107: posts big blind $3
*** HOLE CARDS ***
Profitables: raises $3 to $6
Velbor107: calls $3
*** FLOP *** [Td As Tc]
Velbor107: checks
Profitables: bets $3
Velbor107: folds
Uncalled bet ($3) returned to Profitables
Profitables collected $11.76 from pot
Profitables: doesn't show hand
*** SUMMARY ***
Total pot $12 | Rake $0.24
Board [Td As Tc]
Seat 1: Velbor107 (big blind) folded on the Flop
Seat 6: Profitables (button) (small blind) collected ($11.76)


PokerStars Hand #153672145105:  Hold'em Limit ($3/$6 USD) - 2016/05/22 7:01:06 ET
Table 'Namaqua II' 6-max Seat #1 is the button
Seat 1: Velbor107 ($300.76 in chips)
Seat 6: Profitables ($26.64 in chips)
Velbor107: posts small blind $1
Profitables: posts big blind $3
*** HOLE CARDS ***
Velbor107: raises $3 to $6
Profitables: calls $3
*** FLOP *** [8c 2c Qd]
Profitables: checks
Velbor107: bets $3
Profitables: folds
Uncalled bet ($3) returned to Velbor107
Velbor107 collected $11.76 from pot
*** SUMMARY ***
Total pot $12 | Rake $0.24
Board [8c 2c Qd]
Seat 1: Velbor107 (button) (small blind) collected ($11.76)
Seat 6: Profitables (big blind) folded on the Flop


PokerStars Hand #153672136006:  Hold'em Limit ($3/$6 USD) - 2016/05/22 7:00:45 ET
Table 'Namaqua II' 6-max Seat #6 is the button
Seat 1: Velbor107 ($277.26 in chips)
Seat 6: Profitables ($50.64 in chips)
Profitables: posts small blind $1
Velbor107: posts big blind $3
*** HOLE CARDS ***
Profitables: raises $3 to $6
Velbor107: calls $3
*** FLOP *** [6s Td Tc]
Velbor107: checks
Profitables: bets $3
Velbor107: raises $3 to $6
Profitables: calls $3
*** TURN *** [6s Td Tc] [Kc]
Velbor107: bets $6
Profitables: calls $6
*** RIVER *** [6s Td Tc Kc] [3d]
Velbor107: bets $6
Profitables: calls $6
*** SHOW DOWN ***
Velbor107: shows [6h 5d] (two pair, Tens and Sixes)
Profitables: mucks hand
Velbor107 collected $47.50 from pot
*** SUMMARY ***
Total pot $48 | Rake $0.50
Board [6s Td Tc Kc 3d]
Seat 1: Velbor107 (big blind) showed [6h 5d] and won ($47.50) with two pair, Tens and Sixes
Seat 6: Profitables (button) (small blind) mucked


PokerStars Hand #153672184592:  Hold'em Limit ($3/$6 USD) - 2016/05/22 7:02:29 ET
Table 'Namaqua II' 6-max Seat #6 is the button
Seat 1: Velbor107 ($278.52 in chips)
Seat 6: Profitables ($46.80 in chips)
Profitables: posts small blind $1
Velbor107: posts big blind $3
*** HOLE CARDS ***
Profitables: raises $3 to $6
Velbor107: calls $3
*** FLOP *** [Td Js 4d]
Velbor107: checks
Profitables: bets $3
Velbor107: raises $3 to $6
Profitables: calls $3
*** TURN *** [Td Js 4d] [Ah]
Velbor107: bets $6
Profitables: folds
Uncalled bet ($6) returned to Velbor107
Velbor107 collected $23.52 from pot
*** SUMMARY ***
Total pot $24 | Rake $0.48
Board [Td Js 4d Ah]
Seat 1: Velbor107 (big blind) collected ($23.52)
Seat 6: Profitables (button) (small blind) folded on the Turn


PokerStars Hand #153672182023:  Hold'em Limit ($3/$6 USD) - 2016/05/22 7:02:23 ET
Table 'Namaqua II' 6-max Seat #1 is the button
Seat 1: Velbor107 ($279.52 in chips)
Seat 6: Profitables ($45.80 in chips)
Velbor107: posts small blind $1
Profitables: posts big blind $3
*** HOLE CARDS ***
Velbor107: folds
Uncalled bet ($2) returned to Profitables
Profitables collected $2 from pot
Profitables: doesn't show hand
*** SUMMARY ***
Total pot $2 | Rake $0
Seat 1: Velbor107 (button) (small blind) folded before Flop
Seat 6: Profitables (big blind) collected ($2)


PokerStars Hand #153672173750:  Hold'em Limit ($3/$6 USD) - 2016/05/22 7:02:07 ET
Table 'Namaqua II' 6-max Seat #6 is the button
Seat 1: Velbor107 ($294.52 in chips)
Seat 6: Profitables ($31.30 in chips)
Profitables: posts small blind $1
Velbor107: posts big blind $3
*** HOLE CARDS ***
Profitables: raises $3 to $6
Velbor107: calls $3
*** FLOP *** [4h 9d Ks]
Velbor107: checks
Profitables: bets $3
Velbor107: calls $3
*** TURN *** [4h 9d Ks] [6s]
Velbor107: checks
Profitables: bets $6
Velbor107: calls $6
*** RIVER *** [4h 9d Ks 6s] [Jh]
Velbor107: checks
Profitables: checks
*** SHOW DOWN ***
Velbor107: shows [As 5h] (high card Ace)
Profitables: shows [Th 4s] (a pair of Fours)
Profitables collected $29.50 from pot
*** SUMMARY ***
Total pot $30 | Rake $0.50
Board [4h 9d Ks 6s Jh]
Seat 1: Velbor107 (big blind) showed [As 5h] and lost with high card Ace
Seat 6: Profitables (button) (small blind) showed [Th 4s] and won ($29.50) with a pair of Fours


PokerStars Hand #153672167578:  Hold'em Limit ($3/$6 USD) - 2016/05/22 7:01:53 ET
Table 'Namaqua II' 6-max Seat #1 is the button
Seat 1: Velbor107 ($285.88 in chips)
Seat 6: Profitables ($40.30 in chips)
Velbor107: posts small blind $1
Profitables: posts big blind $3
*** HOLE CARDS ***
Velbor107: raises $3 to $6
Profitables: calls $3
*** FLOP *** [2c Jd 9h]
Profitables: checks
Velbor107: bets $3
Profitables: calls $3
*** TURN *** [2c Jd 9h] [8h]
Profitables: checks
Velbor107: bets $6
Profitables: folds
Uncalled bet ($6) returned to Velbor107
Velbor107 collected $17.64 from pot
*** SUMMARY ***
Total pot $18 | Rake $0.36
Board [2c Jd 9h 8h]
Seat 1: Velbor107 (button) (small blind) collected ($17.64)
Seat 6: Profitables (big blind) folded on the Turn


PokerStars Hand #153672160065:  Hold'em Limit ($3/$6 USD) - 2016/05/22 7:01:37 ET
Table 'Namaqua II' 6-max Seat #6 is the button
Seat 1: Velbor107 ($306.28 in chips)
Seat 6: Profitables ($20.40 in chips)
Profitables: posts small blind $1
Velbor107: posts big blind $3
*** HOLE CARDS ***
Profitables: raises $3 to $6
Velbor107: raises $3 to $9
Profitables: calls $3
*** FLOP *** [Qh Tc 5d]
Velbor107: bets $3
Profitables: raises $3 to $6
Velbor107: raises $3 to $9
Profitables: raises $2.40 to $11.40 and is all-in
Betting is capped
Velbor107: calls $2.40
*** TURN *** [Qh Tc 5d] [Ks]
*** RIVER *** [Qh Tc 5d Ks] [9h]
*** SHOW DOWN ***
Velbor107: shows [As Qc] (a pair of Queens)
Profitables: shows [5c Qd] (two pair, Queens and Fives)
Profitables collected $40.30 from pot
*** SUMMARY ***
Total pot $40.80 | Rake $0.50
Board [Qh Tc 5d Ks 9h]
Seat 1: Velbor107 (big blind) showed [As Qc] and lost with a pair of Queens
Seat 6: Profitables (button) (small blind) showed [5c Qd] and won ($40.30) with two pair, Queens and Fives


PokerStars Hand #153672201453:  Hold'em Limit ($3/$6 USD) - 2016/05/22 7:03:04 ET
Table 'Namaqua II' 6-max Seat #6 is the button
Seat 1: Velbor107 ($284.04 in chips)
Seat 6: Profitables ($40.56 in chips)
Profitables: posts small blind $1
Velbor107: posts big blind $3
*** HOLE CARDS ***
Profitables: folds
Uncalled bet ($2) returned to Velbor107
Velbor107 collected $2 from pot
*** SUMMARY ***
Total pot $2 | Rake $0
Seat 1: Velbor107 (big blind) collected ($2)
Seat 6: Profitables (button) (small blind) folded before Flop


PokerStars Hand #153672194109:  Hold'em Limit ($3/$6 USD) - 2016/05/22 7:02:49 ET
Table 'Namaqua II' 6-max Seat #1 is the button
Seat 1: Velbor107 ($290.04 in chips)
Seat 6: Profitables ($34.80 in chips)
Velbor107: posts small blind $1
Profitables: posts big blind $3
*** HOLE CARDS ***
Velbor107: raises $3 to $6
Profitables: calls $3
*** FLOP *** [4d 5c 2c]
Profitables: checks
Velbor107: checks
*** TURN *** [4d 5c 2c] [9s]
Profitables: bets $6
Velbor107: folds
Uncalled bet ($6) returned to Profitables
Profitables collected $11.76 from pot
Profitables: doesn't show hand
*** SUMMARY ***
Total pot $12 | Rake $0.24
Board [4d 5c 2c 9s]
Seat 1: Velbor107 (button) (small blind) folded on the Turn
Seat 6: Profitables (big blind) collected ($11.76)


PokerStars Hand #153672235116:  Hold'em Limit ($3/$6 USD) - 2016/05/22 7:04:13 ET
Table 'Namaqua II' 6-max Seat #1 is the button
Seat 1: Velbor107 ($269.79 in chips)
Seat 6: Profitables ($53.81 in chips)
Velbor107: posts small blind $1
Profitables: posts big blind $3
*** HOLE CARDS ***
Velbor107: raises $3 to $6
Profitables: calls $3
*** FLOP *** [As 3d 5d]
Profitables: checks
Velbor107: bets $3
Profitables: calls $3
*** TURN *** [As 3d 5d] [8h]
Profitables: checks
Velbor107: checks
*** RIVER *** [As 3d 5d 8h] [9d]
Profitables: checks
Velbor107: bets $6
Profitables: calls $6
*** SHOW DOWN ***
Velbor107: shows [9s 7c] (a pair of Nines)
Profitables: mucks hand
Velbor107 collected $29.50 from pot
*** SUMMARY ***
Total pot $30 | Rake $0.50
Board [As 3d 5d 8h 9d]
Seat 1: Velbor107 (button) (small blind) showed [9s 7c] and won ($29.50) with a pair of Nines
Seat 6: Profitables (big blind) mucked


PokerStars Hand #153672224662:  Hold'em Limit ($3/$6 USD) - 2016/05/22 7:03:52 ET
Table 'Namaqua II' 6-max Seat #6 is the button
Seat 1: Velbor107 ($284.79 in chips)
Seat 6: Profitables ($39.31 in chips)
Profitables: posts small blind $1
Velbor107: posts big blind $3
*** HOLE CARDS ***
Profitables: raises $3 to $6
Velbor107: calls $3
*** FLOP *** [As Jc Tc]
Velbor107: checks
Profitables: bets $3
Velbor107: calls $3
*** TURN *** [As Jc Tc] [5s]
Velbor107: checks
Profitables: bets $6
Velbor107: calls $6
*** RIVER *** [As Jc Tc 5s] [9d]
Velbor107: checks
Profitables: checks
*** SHOW DOWN ***
Velbor107: shows [Kc 7d] (high card Ace)
Profitables: shows [4d Th] (a pair of Tens)
Profitables collected $29.50 from pot
*** SUMMARY ***
Total pot $30 | Rake $0.50
Board [As Jc Tc 5s 9d]
Seat 1: Velbor107 (big blind) showed [Kc 7d] and lost with high card Ace
Seat 6: Profitables (button) (small blind) showed [4d Th] and won ($29.50) with a pair of Tens


PokerStars Hand #153672203843:  Hold'em Limit ($3/$6 USD) - 2016/05/22 7:03:09 ET
Table 'Namaqua II' 6-max Seat #1 is the button
Seat 1: Velbor107 ($285.04 in chips)
Seat 6: Profitables ($39.56 in chips)
Velbor107: posts small blind $1
Profitables: posts big blind $3
*** HOLE CARDS ***
Velbor107: raises $3 to $6
Profitables: calls $3
*** FLOP *** [Qs Ad 6c]
Profitables: checks
Velbor107: bets $3
Profitables: raises $3 to $6
Velbor107: calls $3
*** TURN *** [Qs Ad 6c] [3c]
Profitables: bets $6
Velbor107: calls $6
*** RIVER *** [Qs Ad 6c 3c] [3s]
Profitables: checks
Velbor107: checks
*** SHOW DOWN ***
Profitables: shows [Ts Ks] (a pair of Threes)
Velbor107: shows [Kc 2c] (a pair of Threes)
Profitables collected $17.75 from pot
Velbor107 collected $17.75 from pot
*** SUMMARY ***
Total pot $36 | Rake $0.50
Board [Qs Ad 6c 3c 3s]
Seat 1: Velbor107 (button) (small blind) showed [Kc 2c] and won ($17.75) with a pair of Threes
Seat 6: Profitables (big blind) showed [Ts Ks] and won ($17.75) with a pair of Threes


PokerStars Hand #153672245760:  Hold'em Limit ($3/$6 USD) - 2016/05/22 7:04:36 ET
Table 'Namaqua II' 6-max Seat #6 is the button
Seat 1: Velbor107 ($284.29 in chips)
Seat 6: Profitables ($38.81 in chips)
Profitables: posts small blind $1
Velbor107: posts big blind $3
*** HOLE CARDS ***
Profitables: raises $3 to $6
Velbor107: calls $3
*** FLOP *** [2s 8h 7h]
Velbor107: checks
Profitables: checks
*** TURN *** [2s 8h 7h] [Ah]
Velbor107: bets $6
Profitables: calls $6
*** RIVER *** [2s 8h 7h Ah] [4s]
Velbor107: bets $6
Profitables: calls $6
*** SHOW DOWN ***
Velbor107: shows [9s 5c] (high card Ace)
Profitables: shows [4c Jh] (a pair of Fours)
Profitables collected $35.50 from pot
*** SUMMARY ***
Total pot $36 | Rake $0.50
Board [2s 8h 7h Ah 4s]
Seat 1: Velbor107 (big blind) showed [9s 5c] and lost with high card Ace
Seat 6: Profitables (button) (small blind) showed [4c Jh] and won ($35.50) with a pair of Fours


PokerStars Hand #153672260248:  Hold'em Limit ($3/$6 USD) - 2016/05/22 7:05:05 ET
Table 'Namaqua II' 6-max Seat #1 is the button
Seat 1: Velbor107 ($266.29 in chips)
Seat 6: Profitables ($56.31 in chips)
Velbor107: posts small blind $1
Profitables: posts big blind $3
*** HOLE CARDS ***
Velbor107: raises $3 to $6
Profitables: calls $3
*** FLOP *** [2c Ah 2d]
Profitables: checks
Velbor107: bets $3
Profitables: raises $3 to $6
Velbor107: calls $3
*** TURN *** [2c Ah 2d] [Qc]
Profitables: checks
Velbor107: bets $6
Profitables: raises $6 to $12
Velbor107: calls $6
*** RIVER *** [2c Ah 2d Qc] [Kh]
Profitables: bets $6
Velbor107: calls $6
*** SHOW DOWN ***
Profitables: shows [Ac 6c] (two pair, Aces and Deuces)
Velbor107: mucks hand
Profitables collected $59.50 from pot
*** SUMMARY ***
Total pot $60 | Rake $0.50
Board [2c Ah 2d Qc Kh]
Seat 1: Velbor107 (button) (small blind) mucked
Seat 6: Profitables (big blind) showed [Ac 6c] and won ($59.50) with two pair, Aces and Deuces


PokerStars Hand #153672272674:  Hold'em Limit ($3/$6 USD) - 2016/05/22 7:05:31 ET
Table 'Namaqua II' 6-max Seat #6 is the button
Seat 1: Velbor107 ($236.29 in chips)
Seat 6: Profitables ($85.81 in chips)
Profitables: posts small blind $1
Velbor107: posts big blind $3
*** HOLE CARDS ***
Profitables: raises $3 to $6
Velbor107: raises $3 to $9
Profitables: calls $3
*** FLOP *** [3c 7s Kh]
Velbor107: bets $3
Profitables: calls $3
*** TURN *** [3c 7s Kh] [5d]
Velbor107: bets $6
Profitables: calls $6
*** RIVER *** [3c 7s Kh 5d] [4h]
Velbor107: bets $6
Profitables: calls $6
*** SHOW DOWN ***
Velbor107: shows [Ad Kd] (a pair of Kings)
Profitables: mucks hand
Velbor107 collected $47.50 from pot
*** SUMMARY ***
Total pot $48 | Rake $0.50
Board [3c 7s Kh 5d 4h]
Seat 1: Velbor107 (big blind) showed [Ad Kd] and won ($47.50) with a pair of Kings
Seat 6: Profitables (button) (small blind) mucked


PokerStars Hand #153672287488:  Hold'em Limit ($3/$6 USD) - 2016/05/22 7:06:02 ET
Table 'Namaqua II' 6-max Seat #1 is the button
Seat 1: Velbor107 ($259.79 in chips)
Seat 6: Profitables ($61.81 in chips)
Velbor107: posts small blind $1
Profitables: posts big blind $3
*** HOLE CARDS ***
Velbor107: raises $3 to $6
Profitables: calls $3
*** FLOP *** [Ac 6h 8s]
Profitables: checks
Velbor107: bets $3
Profitables: raises $3 to $6
Velbor107: calls $3
*** TURN *** [Ac 6h 8s] [4c]
Profitables: checks
Velbor107: bets $6
Profitables: calls $6
*** RIVER *** [Ac 6h 8s 4c] [Ah]
Profitables: checks
Velbor107: bets $6
Profitables: calls $6
*** SHOW DOWN ***
Velbor107: shows [Qh 8d] (two pair, Aces and Eights)
Profitables: mucks hand
Velbor107 collected $47.50 from pot
*** SUMMARY ***
Total pot $48 | Rake $0.50
Board [Ac 6h 8s 4c Ah]
Seat 1: Velbor107 (button) (small blind) showed [Qh 8d] and won ($47.50) with two pair, Aces and Eights
Seat 6: Profitables (big blind) mucked


PokerStars Hand #153672297266:  Hold'em Limit ($3/$6 USD) - 2016/05/22 7:06:22 ET
Table 'Namaqua II' 6-max Seat #6 is the button
Seat 1: Velbor107 ($283.29 in chips)
Seat 6: Profitables ($37.81 in chips)
Profitables: posts small blind $1
Velbor107: posts big blind $3
*** HOLE CARDS ***
Profitables: folds
Uncalled bet ($2) returned to Velbor107
Velbor107 collected $2 from pot
*** SUMMARY ***
Total pot $2 | Rake $0
Seat 1: Velbor107 (big blind) collected ($2)
Seat 6: Profitables (button) (small blind) folded before Flop


PokerStars Hand #153672299630:  Hold'em Limit ($3/$6 USD) - 2016/05/22 7:06:27 ET
Table 'Namaqua II' 6-max Seat #1 is the button
Seat 1: Velbor107 ($284.29 in chips)
Seat 6: Profitables ($36.81 in chips)
Velbor107: posts small blind $1
Profitables: posts big blind $3
*** HOLE CARDS ***
Velbor107: raises $3 to $6
Profitables: calls $3
*** FLOP *** [3d Jc 5d]
Profitables: checks
Velbor107: checks
*** TURN *** [3d Jc 5d] [Ts]
Profitables: checks
Velbor107: checks
*** RIVER *** [3d Jc 5d Ts] [8s]
Profitables: checks
Velbor107: checks
*** SHOW DOWN ***
Profitables: shows [3c Ac] (a pair of Threes)
Velbor107: mucks hand
Profitables collected $11.76 from pot
*** SUMMARY ***
Total pot $12 | Rake $0.24
Board [3d Jc 5d Ts 8s]
Seat 1: Velbor107 (button) (small blind) mucked
Seat 6: Profitables (big blind) showed [3c Ac] and won ($11.76) with a pair of Threes


PokerStars Hand #153672317623:  Hold'em Limit ($3/$6 USD) - 2016/05/22 7:07:04 ET
Table 'Namaqua II' 6-max Seat #1 is the button
Seat 1: Velbor107 ($301.79 in chips)
Seat 6: Profitables ($18.57 in chips)
Velbor107: posts small blind $1
Profitables: posts big blind $3
*** HOLE CARDS ***
Velbor107: raises $3 to $6
Profitables: calls $3
*** FLOP *** [Tc Ah 4c]
Profitables: checks
Velbor107: bets $3
Profitables: folds
Uncalled bet ($3) returned to Velbor107
Profitables said, "ffef"
Profitables said, "wef"
Profitables said, "sdf"
Velbor107 collected $11.76 from pot
Profitables said, "fs"
*** SUMMARY ***
Total pot $12 | Rake $0.24
Board [Tc Ah 4c]
Seat 1: Velbor107 (button) (small blind) collected ($11.76)
Seat 6: Profitables (big blind) folded on the Flop


PokerStars Hand #153672322825:  Hold'em Limit ($3/$6 USD) - 2016/05/22 7:07:14 ET
Table 'Namaqua II' 6-max Seat #6 is the button
Seat 1: Velbor107 ($307.55 in chips)
Seat 6: Profitables ($12.57 in chips)
Profitables: posts small blind $1
Velbor107: posts big blind $3
*** HOLE CARDS ***
Profitables: raises $3 to $6
Velbor107 said, "^^"
Velbor107: raises $3 to $9
Profitables: raises $3 to $12
Betting is capped
Velbor107: calls $3
*** FLOP *** [7c Ks Js]
Profitables said, "lol"
Velbor107: bets $3
Profitables: calls $0.57 and is all-in
Uncalled bet ($2.43) returned to Velbor107
*** TURN *** [7c Ks Js] [3c]
*** RIVER *** [7c Ks Js 3c] [9h]
*** SHOW DOWN ***
Velbor107: shows [6s As] (high card Ace)
Profitables: shows [Ah 4s] (high card Ace)
Velbor107 collected $12.32 from pot
Profitables collected $12.32 from pot
*** SUMMARY ***
Total pot $25.14 | Rake $0.50
Board [7c Ks Js 3c 9h]
Seat 1: Velbor107 (big blind) showed [6s As] and won ($12.32) with high card Ace
Seat 6: Profitables (button) (small blind) showed [Ah 4s] and won ($12.32) with high card Ace


PokerStars Hand #153672331585:  Hold'em Limit ($3/$6 USD) - 2016/05/22 7:07:33 ET
Table 'Namaqua II' 6-max Seat #1 is the button
Seat 1: Velbor107 ($307.30 in chips)
Seat 6: Profitables ($12.32 in chips)
Velbor107: posts small blind $1
Profitables: posts big blind $3
*** HOLE CARDS ***
Velbor107: raises $3 to $6
Profitables: raises $3 to $9
Velbor107: calls $3
*** FLOP *** [9s Qc 5h]
Profitables: bets $3
Velbor107: raises $3 to $6
Profitables: calls $0.32 and is all-in
Uncalled bet ($2.68) returned to Velbor107
*** TURN *** [9s Qc 5h] [Th]
*** RIVER *** [9s Qc 5h Th] [9h]
*** SHOW DOWN ***
Profitables: shows [7h 3c] (a pair of Nines)
Velbor107: shows [Ts Kh] (two pair, Tens and Nines)
Profitables leaves the table
Velbor107 collected $24.15 from pot
*** SUMMARY ***
Total pot $24.64 | Rake $0.49
Board [9s Qc 5h Th 9h]
Seat 1: Velbor107 (button) (small blind) showed [Ts Kh] and won ($24.15) with two pair, Tens and Nines
Seat 6: Profitables (big blind) showed [7h 3c] and lost with a pair of Nines


