PokerStars Hand #157825847745:  Hold'em Limit ($3/$6 USD) - 2016/08/27 20:02:58 ET
Table 'Nanking' 6-max Seat #3 is the button
Seat 3: stiflerkk ($31.95 in chips)
Seat 4: BetterTennis ($120 in chips)
stiflerkk: posts small blind $1
BetterTennis: posts big blind $3
*** HOLE CARDS ***
stiflerkk: folds
Uncalled bet ($2) returned to BetterTennis
BetterTennis collected $2 from pot
BetterTennis: doesn't show hand
*** SUMMARY ***
Total pot $2 | Rake $0
Seat 3: stiflerkk (button) (small blind) folded before Flop
Seat 4: BetterTennis (big blind) collected ($2)


PokerStars Hand #157825861990:  Hold'em Limit ($3/$6 USD) - 2016/08/27 20:03:28 ET
Table 'Nanking' 6-max Seat #3 is the button
Seat 3: stiflerkk ($48.45 in chips)
Seat 4: BetterTennis ($103 in chips)
stiflerkk: posts small blind $1
BetterTennis: posts big blind $3
*** HOLE CARDS ***
stiflerkk: raises $3 to $6
BetterTennis: raises $3 to $9
Necromadx joins the table at seat #5
stiflerkk: calls $3
*** FLOP *** [7d 6s 4c]
BetterTennis: bets $3
stiflerkk: calls $3
*** TURN *** [7d 6s 4c] [Js]
BetterTennis: bets $6
stiflerkk: calls $6
*** RIVER *** [7d 6s 4c Js] [6c]
BetterTennis: bets $6
stiflerkk: folds
Uncalled bet ($6) returned to BetterTennis
BetterTennis collected $35.50 from pot
BetterTennis: doesn't show hand
*** SUMMARY ***
Total pot $36 | Rake $0.50
Board [7d 6s 4c Js 6c]
Seat 3: stiflerkk (button) (small blind) folded on the River
Seat 4: BetterTennis (big blind) collected ($35.50)


PokerStars Hand #157825851332:  Hold'em Limit ($3/$6 USD) - 2016/08/27 20:03:05 ET
Table 'Nanking' 6-max Seat #4 is the button
Seat 3: stiflerkk ($30.95 in chips)
Seat 4: BetterTennis ($121 in chips)
BetterTennis: posts small blind $1
stiflerkk: posts big blind $3
*** HOLE CARDS ***
BetterTennis: raises $3 to $6
stiflerkk: calls $3
*** FLOP *** [Ad 4h 3c]
stiflerkk: checks
BetterTennis: bets $3
stiflerkk: raises $3 to $6
BetterTennis: calls $3
*** TURN *** [Ad 4h 3c] [3h]
stiflerkk: checks
BetterTennis: checks
*** RIVER *** [Ad 4h 3c 3h] [8h]
stiflerkk: bets $6
BetterTennis: calls $6
*** SHOW DOWN ***
stiflerkk: shows [9h 4c] (two pair, Fours and Threes)
BetterTennis: mucks hand
stiflerkk collected $35.50 from pot
*** SUMMARY ***
Total pot $36 | Rake $0.50
Board [Ad 4h 3c 3h 8h]
Seat 3: stiflerkk (big blind) showed [9h 4c] and won ($35.50) with two pair, Fours and Threes
Seat 4: BetterTennis (button) (small blind) mucked


PokerStars Hand #157825942300:  Hold'em Limit ($3/$6 USD) - 2016/08/27 20:06:17 ET
Table 'Nanking' 6-max Seat #5 is the button
Seat 4: BetterTennis ($106.15 in chips)
Seat 5: Necromadx ($139.74 in chips)
Necromadx: posts small blind $1
BetterTennis: posts big blind $3
*** HOLE CARDS ***
Necromadx: raises $3 to $6
BetterTennis: calls $3
*** FLOP *** [6h 8h 5s]
BetterTennis: checks
Necromadx: bets $3
BetterTennis: raises $3 to $6
Necromadx: calls $3
*** TURN *** [6h 8h 5s] [Kc]
BetterTennis: bets $6
Necromadx: raises $6 to $12
BetterTennis: raises $6 to $18
Necromadx: calls $6
*** RIVER *** [6h 8h 5s Kc] [As]
BetterTennis: bets $6
Necromadx: raises $6 to $12
BetterTennis: calls $6
*** SHOW DOWN ***
Necromadx: shows [7c 9s] (a straight, Five to Nine)
BetterTennis: mucks hand
Necromadx collected $83.50 from pot
*** SUMMARY ***
Total pot $84 | Rake $0.50
Board [6h 8h 5s Kc As]
Seat 4: BetterTennis (big blind) mucked
Seat 5: Necromadx (button) (small blind) showed [7c 9s] and won ($83.50) with a straight, Five to Nine


PokerStars Hand #157825953502:  Hold'em Limit ($3/$6 USD) - 2016/08/27 20:06:40 ET
Table 'Nanking' 6-max Seat #4 is the button
Seat 4: BetterTennis ($64.15 in chips)
Seat 5: Necromadx ($181.24 in chips)
BetterTennis: posts small blind $1
Necromadx: posts big blind $3
*** HOLE CARDS ***
BetterTennis: raises $3 to $6
TTBN joins the table at seat #1
Necromadx: raises $3 to $9
BetterTennis: calls $3
*** FLOP *** [Kh 2d Td]
Necromadx: bets $3
BetterTennis: calls $3
*** TURN *** [Kh 2d Td] [Tc]
Necromadx: bets $6
BetterTennis: folds
Uncalled bet ($6) returned to Necromadx
Necromadx collected $23.52 from pot
Necromadx: doesn't show hand
*** SUMMARY ***
Total pot $24 | Rake $0.48
Board [Kh 2d Td Tc]
Seat 4: BetterTennis (button) (small blind) folded on the Turn
Seat 5: Necromadx (big blind) collected ($23.52)


PokerStars Hand #157827851948:  Hold'em Limit ($3/$6 USD) - 2016/08/27 21:21:18 ET
Table 'Nanking' 6-max Seat #6 is the button
Seat 5: AAinthehole ($81.33 in chips)
Seat 6: I M GOIN OFF ($131 in chips)
I M GOIN OFF: posts small blind $1
NOMOS1984: is sitting out
masterblstr8: is sitting out
AAinthehole: posts big blind $3
*** HOLE CARDS ***
NOMOS1984 leaves the table
I M GOIN OFF: raises $3 to $6
AAinthehole: calls $3
*** FLOP *** [Td Qs 2h]
masterblstr8 leaves the table
AAinthehole: checks
I M GOIN OFF: bets $3
AAinthehole: calls $3
*** TURN *** [Td Qs 2h] [4h]
AAinthehole: checks
I M GOIN OFF: checks
*** RIVER *** [Td Qs 2h 4h] [5h]
AAinthehole: checks
I M GOIN OFF: bets $6
AAinthehole: calls $6
*** SHOW DOWN ***
I M GOIN OFF: shows [As 5c] (a pair of Fives)
AAinthehole: mucks hand
I M GOIN OFF collected $29.50 from pot
*** SUMMARY ***
Total pot $30 | Rake $0.50
Board [Td Qs 2h 4h 5h]
Seat 5: AAinthehole (big blind) mucked
Seat 6: I M GOIN OFF (button) (small blind) showed [As 5c] and won ($29.50) with a pair of Fives


