PokerStars Hand #157808305777:  Hold'em Limit ($3/$6 USD) - 2016/08/27 12:43:42 ET
Table 'Nanking' 6-max Seat #1 is the button
Seat 1: Mr.Reaper47 ($106.64 in chips)
Seat 6: belik555 ($121.25 in chips)
Mr.Reaper47: posts small blind $1
wobetting: is sitting out
belik555: posts big blind $3
*** HOLE CARDS ***
Mr.Reaper47: folds
Uncalled bet ($2) returned to belik555
belik555 collected $2 from pot
belik555: doesn't show hand
*** SUMMARY ***
Total pot $2 | Rake $0
Seat 1: Mr.Reaper47 (button) (small blind) folded before Flop
Seat 6: belik555 (big blind) collected ($2)


PokerStars Hand #157808332214:  Hold'em Limit ($3/$6 USD) - 2016/08/27 12:44:22 ET
Table 'Nanking' 6-max Seat #1 is the button
Seat 1: Mr.Reaper47 ($84.64 in chips)
Seat 6: belik555 ($142.75 in chips)
Mr.Reaper47: posts small blind $1
belik555: posts big blind $3
*** HOLE CARDS ***
Mr.Reaper47: folds
Uncalled bet ($2) returned to belik555
belik555 collected $2 from pot
belik555: doesn't show hand
*** SUMMARY ***
Total pot $2 | Rake $0
Seat 1: Mr.Reaper47 (button) (small blind) folded before Flop
Seat 6: belik555 (big blind) collected ($2)


PokerStars Hand #157808310054:  Hold'em Limit ($3/$6 USD) - 2016/08/27 12:43:49 ET
Table 'Nanking' 6-max Seat #6 is the button
Seat 1: Mr.Reaper47 ($105.64 in chips)
Seat 6: belik555 ($122.25 in chips)
belik555: posts small blind $1
Mr.Reaper47: posts big blind $3
*** HOLE CARDS ***
wobetting leaves the table
belik555: raises $3 to $6
Mr.Reaper47: calls $3
*** FLOP *** [8c 7d 3h]
Mr.Reaper47: checks
belik555: bets $3
Mr.Reaper47: calls $3
*** TURN *** [8c 7d 3h] [4d]
Mr.Reaper47: bets $6
belik555: calls $6
*** RIVER *** [8c 7d 3h 4d] [Qc]
Mr.Reaper47: checks
belik555: bets $6
Mr.Reaper47: calls $6
*** SHOW DOWN ***
belik555: shows [Ac 7c] (a pair of Sevens)
Mr.Reaper47: mucks hand
belik555 collected $41.50 from pot
*** SUMMARY ***
Total pot $42 | Rake $0.50
Board [8c 7d 3h 4d Qc]
Seat 1: Mr.Reaper47 (big blind) mucked
Seat 6: belik555 (button) (small blind) showed [Ac 7c] and won ($41.50) with a pair of Sevens


PokerStars Hand #157808335722:  Hold'em Limit ($3/$6 USD) - 2016/08/27 12:44:27 ET
Table 'Nanking' 6-max Seat #6 is the button
Seat 1: Mr.Reaper47 ($83.64 in chips)
Seat 6: belik555 ($143.75 in chips)
belik555: posts small blind $1
Mr.Reaper47: posts big blind $3
*** HOLE CARDS ***
belik555: raises $3 to $6
Mr.Reaper47: calls $3
*** FLOP *** [Jd Qd 5c]
Mr.Reaper47: checks
belik555: bets $3
Mr.Reaper47: calls $3
*** TURN *** [Jd Qd 5c] [6s]
Mr.Reaper47: checks
belik555: bets $6
Mr.Reaper47: calls $6
*** RIVER *** [Jd Qd 5c 6s] [7d]
Mr.Reaper47: bets $6
belik555: calls $6
*** SHOW DOWN ***
Mr.Reaper47: shows [Ks Jc] (a pair of Jacks)
belik555: mucks hand
Mr.Reaper47 collected $41.50 from pot
*** SUMMARY ***
Total pot $42 | Rake $0.50
Board [Jd Qd 5c 6s 7d]
Seat 1: Mr.Reaper47 (big blind) showed [Ks Jc] and won ($41.50) with a pair of Jacks
Seat 6: belik555 (button) (small blind) mucked


PokerStars Hand #157808356773:  Hold'em Limit ($3/$6 USD) - 2016/08/27 12:44:58 ET
Table 'Nanking' 6-max Seat #1 is the button
Seat 1: Mr.Reaper47 ($104.14 in chips)
Seat 6: belik555 ($122.75 in chips)
Mr.Reaper47: posts small blind $1
belik555: posts big blind $3
*** HOLE CARDS ***
Mr.Reaper47: folds
Uncalled bet ($2) returned to belik555
belik555 collected $2 from pot
belik555: doesn't show hand
*** SUMMARY ***
Total pot $2 | Rake $0
Seat 1: Mr.Reaper47 (button) (small blind) folded before Flop
Seat 6: belik555 (big blind) collected ($2)


PokerStars Hand #157808362650:  Hold'em Limit ($3/$6 USD) - 2016/08/27 12:45:07 ET
Table 'Nanking' 6-max Seat #6 is the button
Seat 1: Mr.Reaper47 ($103.14 in chips)
Seat 6: belik555 ($123.75 in chips)
belik555: posts small blind $1
Mr.Reaper47: posts big blind $3
*** HOLE CARDS ***
belik555: folds
Uncalled bet ($2) returned to Mr.Reaper47
Mr.Reaper47 collected $2 from pot
Mr.Reaper47: doesn't show hand
*** SUMMARY ***
Total pot $2 | Rake $0
Seat 1: Mr.Reaper47 (big blind) collected ($2)
Seat 6: belik555 (button) (small blind) folded before Flop


PokerStars Hand #157808366564:  Hold'em Limit ($3/$6 USD) - 2016/08/27 12:45:13 ET
Table 'Nanking' 6-max Seat #1 is the button
Seat 1: Mr.Reaper47 ($104.14 in chips)
Seat 6: belik555 ($122.75 in chips)
Mr.Reaper47: posts small blind $1
belik555: posts big blind $3
*** HOLE CARDS ***
Mr.Reaper47: calls $2
belik555: raises $3 to $6
Mr.Reaper47: calls $3
*** FLOP *** [Kd 5h 2s]
belik555: bets $3
Mr.Reaper47: calls $3
*** TURN *** [Kd 5h 2s] [Ah]
belik555: bets $6
Mr.Reaper47: raises $6 to $12
belik555: calls $6
*** RIVER *** [Kd 5h 2s Ah] [Ts]
belik555: checks
Mr.Reaper47: bets $6
belik555: calls $6
*** SHOW DOWN ***
Mr.Reaper47: shows [Jh Ad] (a pair of Aces)
belik555: mucks hand
Mr.Reaper47 collected $53.50 from pot
*** SUMMARY ***
Total pot $54 | Rake $0.50
Board [Kd 5h 2s Ah Ts]
Seat 1: Mr.Reaper47 (button) (small blind) showed [Jh Ad] and won ($53.50) with a pair of Aces
Seat 6: belik555 (big blind) mucked


PokerStars Hand #157808419688:  Hold'em Limit ($3/$6 USD) - 2016/08/27 12:46:32 ET
Table 'Nanking' 6-max Seat #1 is the button
Seat 1: Mr.Reaper47 ($139.28 in chips)
Seat 6: belik555 ($86.75 in chips)
Mr.Reaper47: posts small blind $1
belik555: posts big blind $3
*** HOLE CARDS ***
Mr.Reaper47: folds
Uncalled bet ($2) returned to belik555
belik555 collected $2 from pot
belik555: doesn't show hand
*** SUMMARY ***
Total pot $2 | Rake $0
Seat 1: Mr.Reaper47 (button) (small blind) folded before Flop
Seat 6: belik555 (big blind) collected ($2)


PokerStars Hand #157808394879:  Hold'em Limit ($3/$6 USD) - 2016/08/27 12:45:55 ET
Table 'Nanking' 6-max Seat #6 is the button
Seat 1: Mr.Reaper47 ($130.64 in chips)
Seat 6: belik555 ($95.75 in chips)
belik555: posts small blind $1
Mr.Reaper47: posts big blind $3
*** HOLE CARDS ***
belik555: raises $3 to $6
Mr.Reaper47: calls $3
*** FLOP *** [4s Ks 3d]
Mr.Reaper47: checks
belik555: bets $3
Mr.Reaper47: calls $3
*** TURN *** [4s Ks 3d] [Js]
Mr.Reaper47: checks
belik555: checks
*** RIVER *** [4s Ks 3d Js] [Th]
Mr.Reaper47: bets $6
belik555: folds
Uncalled bet ($6) returned to Mr.Reaper47
Mr.Reaper47 collected $17.64 from pot
Mr.Reaper47: doesn't show hand
*** SUMMARY ***
Total pot $18 | Rake $0.36
Board [4s Ks 3d Js Th]
Seat 1: Mr.Reaper47 (big blind) collected ($17.64)
Seat 6: belik555 (button) (small blind) folded on the River


PokerStars Hand #157808423188:  Hold'em Limit ($3/$6 USD) - 2016/08/27 12:46:38 ET
Table 'Nanking' 6-max Seat #6 is the button
Seat 1: Mr.Reaper47 ($138.28 in chips)
Seat 6: belik555 ($87.75 in chips)
belik555: posts small blind $1
Mr.Reaper47: posts big blind $3
*** HOLE CARDS ***
belik555: raises $3 to $6
Mr.Reaper47: calls $3
*** FLOP *** [9h Kd Tc]
Mr.Reaper47: checks
belik555: bets $3
Mr.Reaper47: calls $3
*** TURN *** [9h Kd Tc] [Td]
Mr.Reaper47: bets $6
belik555: calls $6
*** RIVER *** [9h Kd Tc Td] [Jh]
Mr.Reaper47: bets $6
belik555: calls $6
*** SHOW DOWN ***
Mr.Reaper47: shows [4s Qc] (a straight, Nine to King)
belik555: mucks hand
Mr.Reaper47 collected $41.50 from pot
*** SUMMARY ***
Total pot $42 | Rake $0.50
Board [9h Kd Tc Td Jh]
Seat 1: Mr.Reaper47 (big blind) showed [4s Qc] and won ($41.50) with a straight, Nine to King
Seat 6: belik555 (button) (small blind) mucked


PokerStars Hand #157808443202:  Hold'em Limit ($3/$6 USD) - 2016/08/27 12:47:06 ET
Table 'Nanking' 6-max Seat #1 is the button
Seat 1: Mr.Reaper47 ($158.78 in chips)
Seat 6: belik555 ($72 in chips)
Mr.Reaper47: posts small blind $1
belik555: posts big blind $3
*** HOLE CARDS ***
Mr.Reaper47: calls $2
belik555: raises $3 to $6
Mr.Reaper47: calls $3
*** FLOP *** [6s 8c 9h]
belik555: bets $3
Mr.Reaper47: calls $3
*** TURN *** [6s 8c 9h] [2d]
belik555: checks
Mr.Reaper47: checks
*** RIVER *** [6s 8c 9h 2d] [8d]
belik555: checks
Mr.Reaper47: checks
*** SHOW DOWN ***
belik555: shows [Th Ks] (a pair of Eights)
Mr.Reaper47: mucks hand
belik555 collected $17.64 from pot
*** SUMMARY ***
Total pot $18 | Rake $0.36
Board [6s 8c 9h 2d 8d]
Seat 1: Mr.Reaper47 (button) (small blind) mucked
Seat 6: belik555 (big blind) showed [Th Ks] and won ($17.64) with a pair of Eights


PokerStars Hand #157808491497:  Hold'em Limit ($3/$6 USD) - 2016/08/27 12:48:15 ET
Table 'Nanking' 6-max Seat #1 is the button
Seat 1: Mr.Reaper47 ($164.28 in chips)
Seat 6: belik555 ($72 in chips)
Mr.Reaper47: posts small blind $1
belik555: posts big blind $3
*** HOLE CARDS ***
Mr.Reaper47: folds
Uncalled bet ($2) returned to belik555
belik555 collected $2 from pot
belik555: doesn't show hand
*** SUMMARY ***
Total pot $2 | Rake $0
Seat 1: Mr.Reaper47 (button) (small blind) folded before Flop
Seat 6: belik555 (big blind) collected ($2)


PokerStars Hand #157808463901:  Hold'em Limit ($3/$6 USD) - 2016/08/27 12:47:36 ET
Table 'Nanking' 6-max Seat #6 is the button
Seat 1: Mr.Reaper47 ($149.78 in chips)
Seat 6: belik555 ($80.64 in chips)
belik555: posts small blind $1
Mr.Reaper47: posts big blind $3
*** HOLE CARDS ***
belik555: raises $3 to $6
Mr.Reaper47: calls $3
*** FLOP *** [Qc 3h 3s]
Mr.Reaper47: checks
belik555: bets $3
Mr.Reaper47: calls $3
*** TURN *** [Qc 3h 3s] [2c]
Mr.Reaper47: checks
belik555: bets $6
Mr.Reaper47: raises $6 to $12
belik555: folds
Uncalled bet ($6) returned to Mr.Reaper47
Mr.Reaper47 collected $29.50 from pot
Mr.Reaper47: doesn't show hand
*** SUMMARY ***
Total pot $30 | Rake $0.50
Board [Qc 3h 3s 2c]
Seat 1: Mr.Reaper47 (big blind) collected ($29.50)
Seat 6: belik555 (button) (small blind) folded on the Turn


PokerStars Hand #157808496263:  Hold'em Limit ($3/$6 USD) - 2016/08/27 12:48:22 ET
Table 'Nanking' 6-max Seat #6 is the button
Seat 1: Mr.Reaper47 ($163.28 in chips)
Seat 6: belik555 ($73 in chips)
belik555: posts small blind $1
Mr.Reaper47: posts big blind $3
*** HOLE CARDS ***
belik555: raises $3 to $6
Mr.Reaper47: folds
Uncalled bet ($3) returned to belik555
belik555 collected $6 from pot
belik555: doesn't show hand
*** SUMMARY ***
Total pot $6 | Rake $0
Seat 1: Mr.Reaper47 (big blind) folded before Flop
Seat 6: belik555 (button) (small blind) collected ($6)


PokerStars Hand #157808500824:  Hold'em Limit ($3/$6 USD) - 2016/08/27 12:48:28 ET
Table 'Nanking' 6-max Seat #1 is the button
Seat 1: Mr.Reaper47 ($160.28 in chips)
Seat 6: belik555 ($76 in chips)
Mr.Reaper47: posts small blind $1
belik555: posts big blind $3
*** HOLE CARDS ***
Mr.Reaper47: folds
Uncalled bet ($2) returned to belik555
belik555 collected $2 from pot
belik555: doesn't show hand
*** SUMMARY ***
Total pot $2 | Rake $0
Seat 1: Mr.Reaper47 (button) (small blind) folded before Flop
Seat 6: belik555 (big blind) collected ($2)


PokerStars Hand #157808504531:  Hold'em Limit ($3/$6 USD) - 2016/08/27 12:48:34 ET
Table 'Nanking' 6-max Seat #6 is the button
Seat 1: Mr.Reaper47 ($159.28 in chips)
Seat 6: belik555 ($77 in chips)
belik555: posts small blind $1
Mr.Reaper47: posts big blind $3
*** HOLE CARDS ***
belik555: raises $3 to $6
Mr.Reaper47: calls $3
*** FLOP *** [8h 5d 4c]
Mr.Reaper47: checks
belik555: bets $3
Mr.Reaper47: calls $3
*** TURN *** [8h 5d 4c] [Jc]
Mr.Reaper47: checks
belik555: bets $6
Mr.Reaper47: folds
Uncalled bet ($6) returned to belik555
belik555 collected $17.64 from pot
belik555: doesn't show hand
*** SUMMARY ***
Total pot $18 | Rake $0.36
Board [8h 5d 4c Jc]
Seat 1: Mr.Reaper47 (big blind) folded on the Turn
Seat 6: belik555 (button) (small blind) collected ($17.64)


PokerStars Hand #157808550121:  Hold'em Limit ($3/$6 USD) - 2016/08/27 12:49:37 ET
Table 'Nanking' 6-max Seat #6 is the button
Seat 1: Mr.Reaper47 ($132.28 in chips)
Seat 6: belik555 ($103.14 in chips)
belik555: posts small blind $1
Mr.Reaper47: posts big blind $3
*** HOLE CARDS ***
belik555: folds
Uncalled bet ($2) returned to Mr.Reaper47
Mr.Reaper47 collected $2 from pot
Mr.Reaper47: doesn't show hand
*** SUMMARY ***
Total pot $2 | Rake $0
Seat 1: Mr.Reaper47 (big blind) collected ($2)
Seat 6: belik555 (button) (small blind) folded before Flop


PokerStars Hand #157808521006:  Hold'em Limit ($3/$6 USD) - 2016/08/27 12:48:57 ET
Table 'Nanking' 6-max Seat #1 is the button
Seat 1: Mr.Reaper47 ($150.28 in chips)
Seat 6: belik555 ($85.64 in chips)
Mr.Reaper47: posts small blind $1
belik555: posts big blind $3
*** HOLE CARDS ***
Mr.Reaper47: raises $3 to $6
belik555: calls $3
*** FLOP *** [6s 6h 9s]
belik555: checks
Mr.Reaper47: bets $3
belik555: raises $3 to $6
Mr.Reaper47: raises $3 to $9
degal76 joins the table at seat #2
belik555: raises $3 to $12
Betting is capped
Mr.Reaper47: calls $3
*** TURN *** [6s 6h 9s] [3d]
belik555: bets $6
Mr.Reaper47: folds
Uncalled bet ($6) returned to belik555
degal76 leaves the table
belik555 collected $35.50 from pot
belik555: doesn't show hand
*** SUMMARY ***
Total pot $36 | Rake $0.50
Board [6s 6h 9s 3d]
Seat 1: Mr.Reaper47 (button) (small blind) folded on the Turn
Seat 6: belik555 (big blind) collected ($35.50)


PokerStars Hand #157808553778:  Hold'em Limit ($3/$6 USD) - 2016/08/27 12:49:43 ET
Table 'Nanking' 6-max Seat #1 is the button
Seat 1: Mr.Reaper47 ($133.28 in chips)
Seat 6: belik555 ($102.14 in chips)
nic050 joins the table at seat #2
Mr.Reaper47: posts small blind $1
belik555: posts big blind $3
*** HOLE CARDS ***
Mr.Reaper47: folds
Uncalled bet ($2) returned to belik555
belik555 collected $2 from pot
belik555: doesn't show hand
*** SUMMARY ***
Total pot $2 | Rake $0
Seat 1: Mr.Reaper47 (button) (small blind) folded before Flop
Seat 6: belik555 (big blind) collected ($2)


PokerStars Hand #157808557604:  Hold'em Limit ($3/$6 USD) - 2016/08/27 12:49:48 ET
Table 'Nanking' 6-max Seat #6 is the button
Seat 1: Mr.Reaper47 ($132.28 in chips)
Seat 6: belik555 ($103.14 in chips)
belik555: posts small blind $1
Mr.Reaper47: posts big blind $3
*** HOLE CARDS ***
dirk 0001 joins the table at seat #5
belik555: raises $3 to $6
Mr.Reaper47: calls $3
*** FLOP *** [Ts 5c 6h]
Mr.Reaper47: bets $3
msivokho joins the table at seat #3
belik555: calls $3
*** TURN *** [Ts 5c 6h] [Qs]
Mr.Reaper47: checks
belik555: checks
*** RIVER *** [Ts 5c 6h Qs] [Qh]
Mr.Reaper47: bets $6
belik555: folds
Uncalled bet ($6) returned to Mr.Reaper47
Mr.Reaper47 collected $17.64 from pot
Mr.Reaper47: doesn't show hand
*** SUMMARY ***
Total pot $18 | Rake $0.36
Board [Ts 5c 6h Qs Qh]
Seat 1: Mr.Reaper47 (big blind) collected ($17.64)
Seat 6: belik555 (button) (small blind) folded on the River


PokerStars Hand #157811511346:  Hold'em Limit ($3/$6 USD) - 2016/08/27 14:03:06 ET
Table 'Nanking' 6-max Seat #4 is the button
Seat 1: CrongCrong ($51.03 in chips)
Seat 4: Chessnok ($390.50 in chips)
Chessnok: posts small blind $1
CrongCrong: posts big blind $3
*** HOLE CARDS ***
Chessnok: raises $3 to $6
CrongCrong: folds
Uncalled bet ($3) returned to Chessnok
Chessnok collected $6 from pot
Chessnok: doesn't show hand
*** SUMMARY ***
Total pot $6 | Rake $0
Seat 1: CrongCrong (big blind) folded before Flop
Seat 4: Chessnok (button) (small blind) collected ($6)


PokerStars Hand #157811506837:  Hold'em Limit ($3/$6 USD) - 2016/08/27 14:02:59 ET
Table 'Nanking' 6-max Seat #1 is the button
Seat 1: CrongCrong ($48.03 in chips)
Seat 4: Chessnok ($393.50 in chips)
CrongCrong: posts small blind $1
Chessnok: posts big blind $3
*** HOLE CARDS ***
CrongCrong: raises $3 to $6
Chessnok: folds
Uncalled bet ($3) returned to CrongCrong
CrongCrong collected $6 from pot
CrongCrong: doesn't show hand
*** SUMMARY ***
Total pot $6 | Rake $0
Seat 1: CrongCrong (button) (small blind) collected ($6)
Seat 4: Chessnok (big blind) folded before Flop


PokerStars Hand #157811499983:  Hold'em Limit ($3/$6 USD) - 2016/08/27 14:02:48 ET
Table 'Nanking' 6-max Seat #4 is the button
Seat 1: CrongCrong ($39.39 in chips)
Seat 4: Chessnok ($402.50 in chips)
Chessnok: posts small blind $1
CrongCrong: posts big blind $3
*** HOLE CARDS ***
Chessnok: raises $3 to $6
CrongCrong: raises $3 to $9
Chessnok: calls $3
*** FLOP *** [Tc 4s Ks]
CrongCrong: bets $3
Chessnok: folds
Uncalled bet ($3) returned to CrongCrong
CrongCrong collected $17.64 from pot
CrongCrong: doesn't show hand
*** SUMMARY ***
Total pot $18 | Rake $0.36
Board [Tc 4s Ks]
Seat 1: CrongCrong (big blind) collected ($17.64)
Seat 4: Chessnok (button) (small blind) folded on the Flop


PokerStars Hand #157811488099:  Hold'em Limit ($3/$6 USD) - 2016/08/27 14:02:34 ET
Table 'Nanking' 6-max Seat #1 is the button
Seat 1: CrongCrong ($54.39 in chips)
Seat 4: Chessnok ($388 in chips)
CrongCrong: posts small blind $1
Chessnok: posts big blind $3
*** HOLE CARDS ***
CrongCrong: raises $3 to $6
Chessnok: calls $3
*** FLOP *** [8d 8c 6d]
Chessnok: checks
CrongCrong: bets $3
Chessnok: calls $3
*** TURN *** [8d 8c 6d] [7c]
Chessnok: checks
CrongCrong: checks
*** RIVER *** [8d 8c 6d 7c] [Ac]
Chessnok: checks
CrongCrong: bets $6
Chessnok: calls $6
*** SHOW DOWN ***
CrongCrong: shows [4s Ts] (a pair of Eights)
Chessnok: shows [5h Qs] (a pair of Eights - Ace+Queen kicker)
Chessnok collected $29.50 from pot
*** SUMMARY ***
Total pot $30 | Rake $0.50
Board [8d 8c 6d 7c Ac]
Seat 1: CrongCrong (button) (small blind) showed [4s Ts] and lost with a pair of Eights
Seat 4: Chessnok (big blind) showed [5h Qs] and won ($29.50) with a pair of Eights


PokerStars Hand #157811479420:  Hold'em Limit ($3/$6 USD) - 2016/08/27 14:02:20 ET
Table 'Nanking' 6-max Seat #4 is the button
Seat 1: CrongCrong ($45.75 in chips)
Seat 4: Chessnok ($397 in chips)
Chessnok: posts small blind $1
Hannibal2211: is sitting out
CrongCrong: posts big blind $3
*** HOLE CARDS ***
Chessnok: raises $3 to $6
CrongCrong: calls $3
*** FLOP *** [Jh 7h Ks]
CrongCrong: checks
Chessnok: bets $3
CrongCrong: raises $3 to $6
Chessnok: folds
Uncalled bet ($3) returned to CrongCrong
CrongCrong collected $17.64 from pot
CrongCrong: doesn't show hand
*** SUMMARY ***
Total pot $18 | Rake $0.36
Board [Jh 7h Ks]
Seat 1: CrongCrong (big blind) collected ($17.64)
Seat 4: Chessnok (button) (small blind) folded on the Flop


PokerStars Hand #157811540454:  Hold'em Limit ($3/$6 USD) - 2016/08/27 14:03:48 ET
Table 'Nanking' 6-max Seat #1 is the button
Seat 1: CrongCrong ($18.03 in chips)
Seat 4: Chessnok ($422.76 in chips)
CrongCrong: posts small blind $1
Chessnok: posts big blind $3
*** HOLE CARDS ***
CrongCrong: raises $3 to $6
Chessnok: calls $3
*** FLOP *** [5h Qs 4s]
Chessnok: checks
CrongCrong: bets $3
Chessnok: raises $3 to $6
CrongCrong: raises $3 to $9
Chessnok: raises $3 to $12
Betting is capped
CrongCrong: calls $3
*** TURN *** [5h Qs 4s] [7s]
Chessnok: bets $6
CrongCrong: calls $0.03 and is all-in
Uncalled bet ($5.97) returned to Chessnok
*** RIVER *** [5h Qs 4s 7s] [3d]
*** SHOW DOWN ***
Chessnok: shows [Qh 4h] (two pair, Queens and Fours)
CrongCrong: shows [Qd 9c] (a pair of Queens)
Chessnok collected $35.56 from pot
*** SUMMARY ***
Total pot $36.06 | Rake $0.50
Board [5h Qs 4s 7s 3d]
Seat 1: CrongCrong (button) (small blind) showed [Qd 9c] and lost with a pair of Queens
Seat 4: Chessnok (big blind) showed [Qh 4h] and won ($35.56) with two pair, Queens and Fours


PokerStars Hand #157811525083:  Hold'em Limit ($3/$6 USD) - 2016/08/27 14:03:26 ET
Table 'Nanking' 6-max Seat #4 is the button
Seat 1: CrongCrong ($42.03 in chips)
Seat 4: Chessnok ($399.26 in chips)
Chessnok: posts small blind $1
CrongCrong: posts big blind $3
*** HOLE CARDS ***
Chessnok: raises $3 to $6
CrongCrong: raises $3 to $9
Chessnok: calls $3
*** FLOP *** [5c Ad Jc]
CrongCrong: bets $3
Chessnok: calls $3
*** TURN *** [5c Ad Jc] [Ac]
supersjakie joins the table at seat #5
CrongCrong: bets $6
Chessnok: calls $6
*** RIVER *** [5c Ad Jc Ac] [2h]
CrongCrong: bets $6
Chessnok: calls $6
*** SHOW DOWN ***
CrongCrong: shows [3d 6c] (a pair of Aces)
Chessnok: shows [Kd 9d] (a pair of Aces - King kicker)
Chessnok collected $47.50 from pot
*** SUMMARY ***
Total pot $48 | Rake $0.50
Board [5c Ad Jc Ac 2h]
Seat 1: CrongCrong (big blind) showed [3d 6c] and lost with a pair of Aces
Seat 4: Chessnok (button) (small blind) showed [Kd 9d] and won ($47.50) with a pair of Aces


PokerStars Hand #157811514963:  Hold'em Limit ($3/$6 USD) - 2016/08/27 14:03:11 ET
Table 'Nanking' 6-max Seat #1 is the button
Seat 1: CrongCrong ($48.03 in chips)
Seat 4: Chessnok ($393.50 in chips)
CrongCrong: posts small blind $1
Chessnok: posts big blind $3
*** HOLE CARDS ***
CrongCrong: raises $3 to $6
Chessnok: calls $3
*** FLOP *** [Tc 2h 5s]
Chessnok: checks
CrongCrong: checks
*** TURN *** [Tc 2h 5s] [Ad]
Chessnok: checks
CrongCrong: checks
*** RIVER *** [Tc 2h 5s Ad] [4s]
Chessnok: bets $6
CrongCrong: folds
Uncalled bet ($6) returned to Chessnok
Chessnok collected $11.76 from pot
Chessnok: doesn't show hand
*** SUMMARY ***
Total pot $12 | Rake $0.24
Board [Tc 2h 5s Ad 4s]
Seat 1: CrongCrong (button) (small blind) folded on the River
Seat 4: Chessnok (big blind) collected ($11.76)


PokerStars Hand #157811554122:  Hold'em Limit ($3/$6 USD) - 2016/08/27 14:04:07 ET
Table 'Nanking' 6-max Seat #4 is the button
Seat 4: Chessnok ($440.29 in chips)
Seat 5: supersjakie ($120 in chips)
Chessnok: posts small blind $1
supersjakie: posts big blind $3
*** HOLE CARDS ***
Chessnok: raises $3 to $6
supersjakie: calls $3
*** FLOP *** [Qc Kc 9h]
supersjakie: checks
Chessnok: bets $3
supersjakie: raises $3 to $6
Chessnok: calls $3
*** TURN *** [Qc Kc 9h] [Th]
supersjakie: bets $6
Chessnok: raises $6 to $12
supersjakie: folds
Uncalled bet ($6) returned to Chessnok
Chessnok collected $35.50 from pot
Chessnok: doesn't show hand
*** SUMMARY ***
Total pot $36 | Rake $0.50
Board [Qc Kc 9h Th]
Seat 4: Chessnok (button) (small blind) collected ($35.50)
Seat 5: supersjakie (big blind) folded on the Turn


PokerStars Hand #157816051661:  Hold'em Limit ($3/$6 USD) - 2016/08/27 15:47:09 ET
Table 'Nanking' 6-max Seat #6 is the button
Seat 3: _TaPaKaH_333 ($174.95 in chips)
Seat 6: Hannibal2211 ($72 in chips)
Hannibal2211: posts small blind $1
CrongCrong: is sitting out
_TaPaKaH_333: posts big blind $3
*** HOLE CARDS ***
Hannibal2211: raises $3 to $6
CrongCrong leaves the table
_TaPaKaH_333: calls $3
*** FLOP *** [3d 3h 8h]
_TaPaKaH_333: checks
Hannibal2211: bets $3
_TaPaKaH_333: calls $3
*** TURN *** [3d 3h 8h] [As]
_TaPaKaH_333: checks
Hannibal2211: bets $6
_TaPaKaH_333: raises $6 to $12
Hannibal2211: calls $6
*** RIVER *** [3d 3h 8h As] [Jc]
_TaPaKaH_333: checks
Hannibal2211: checks
*** SHOW DOWN ***
_TaPaKaH_333: shows [Kh 4c] (a pair of Threes)
Hannibal2211: shows [7h Jh] (two pair, Jacks and Threes)
Hannibal2211 collected $41.50 from pot
*** SUMMARY ***
Total pot $42 | Rake $0.50
Board [3d 3h 8h As Jc]
Seat 3: _TaPaKaH_333 (big blind) showed [Kh 4c] and lost with a pair of Threes
Seat 6: Hannibal2211 (button) (small blind) showed [7h Jh] and won ($41.50) with two pair, Jacks and Threes


PokerStars Hand #157816078432:  Hold'em Limit ($3/$6 USD) - 2016/08/27 15:47:44 ET
Table 'Nanking' 6-max Seat #3 is the button
Seat 3: _TaPaKaH_333 ($153.95 in chips)
Seat 6: Hannibal2211 ($92.50 in chips)
_TaPaKaH_333: posts small blind $1
Hannibal2211: posts big blind $3
*** HOLE CARDS ***
_TaPaKaH_333: calls $2
Hannibal2211: raises $3 to $6
_TaPaKaH_333: raises $3 to $9
Hannibal2211: raises $3 to $12
Betting is capped
_TaPaKaH_333: calls $3
*** FLOP *** [Js Jd 3s]
Hannibal2211: bets $3
_TaPaKaH_333: raises $3 to $6
Hannibal2211: raises $3 to $9
_TaPaKaH_333: raises $3 to $12
Betting is capped
Hannibal2211: calls $3
*** TURN *** [Js Jd 3s] [Qh]
Hannibal2211: bets $6
_TaPaKaH_333: raises $6 to $12
Hannibal2211: calls $6
*** RIVER *** [Js Jd 3s Qh] [9h]
Hannibal2211: checks
_TaPaKaH_333: bets $6
Hannibal2211: calls $6
*** SHOW DOWN ***
_TaPaKaH_333: shows [7s As] (a pair of Jacks)
Hannibal2211: shows [Jc Ks] (three of a kind, Jacks)
Hannibal2211 collected $83.50 from pot
*** SUMMARY ***
Total pot $84 | Rake $0.50
Board [Js Jd 3s Qh 9h]
Seat 3: _TaPaKaH_333 (button) (small blind) showed [7s As] and lost with a pair of Jacks
Seat 6: Hannibal2211 (big blind) showed [Jc Ks] and won ($83.50) with three of a kind, Jacks


PokerStars Hand #157816111153:  Hold'em Limit ($3/$6 USD) - 2016/08/27 15:48:28 ET
Table 'Nanking' 6-max Seat #6 is the button
Seat 3: _TaPaKaH_333 ($111.95 in chips)
Seat 6: Hannibal2211 ($134 in chips)
Hannibal2211: posts small blind $1
_TaPaKaH_333: posts big blind $3
*** HOLE CARDS ***
Hannibal2211: raises $3 to $6
_TaPaKaH_333: raises $3 to $9
Hannibal2211: calls $3
*** FLOP *** [8c Jh Tc]
_TaPaKaH_333: checks
Hannibal2211: checks
*** TURN *** [8c Jh Tc] [2h]
_TaPaKaH_333: bets $6
Hannibal2211: folds
Uncalled bet ($6) returned to _TaPaKaH_333
_TaPaKaH_333 collected $17.64 from pot
_TaPaKaH_333: doesn't show hand
*** SUMMARY ***
Total pot $18 | Rake $0.36
Board [8c Jh Tc 2h]
Seat 3: _TaPaKaH_333 (big blind) collected ($17.64)
Seat 6: Hannibal2211 (button) (small blind) folded on the Turn


