PokerStars Hand #154720413041:  Hold'em Limit ($3/$6 USD) - 2016/06/14 9:09:58 ET
Table 'Nanking' 6-max Seat #1 is the button
Seat 1: jackRizzar ($396.75 in chips)
Seat 5: Uhadmebeat ($172.92 in chips)
jackRizzar: posts small blind $1
Uhadmebeat: posts big blind $3
*** HOLE CARDS ***
jackRizzar: raises $3 to $6
Uhadmebeat: folds
Uncalled bet ($3) returned to jackRizzar
jackRizzar collected $6 from pot
*** SUMMARY ***
Total pot $6 | Rake $0
Seat 1: jackRizzar (button) (small blind) collected ($6)
Seat 5: Uhadmebeat (big blind) folded before Flop


PokerStars Hand #154720385809:  Hold'em Limit ($3/$6 USD) - 2016/06/14 9:09:08 ET
Table 'Nanking' 6-max Seat #5 is the button
Seat 1: jackRizzar ($438.75 in chips)
Seat 5: Uhadmebeat ($131.42 in chips)
Uhadmebeat: posts small blind $1
jackRizzar: posts big blind $3
*** HOLE CARDS ***
Uhadmebeat: raises $3 to $6
jackRizzar: calls $3
*** FLOP *** [5d 4s 5h]
jackRizzar: checks
Uhadmebeat: bets $3
jackRizzar: raises $3 to $6
Uhadmebeat: calls $3
*** TURN *** [5d 4s 5h] [3s]
jackRizzar: bets $6
Uhadmebeat: raises $6 to $12
jackRizzar: calls $6
*** RIVER *** [5d 4s 5h 3s] [2d]
jackRizzar: checks
Uhadmebeat: bets $6
jackRizzar: raises $6 to $12
Uhadmebeat: raises $6 to $18
tomte999 leaves the table
jackRizzar: calls $6
*** SHOW DOWN ***
Uhadmebeat: shows [5s 5c] (four of a kind, Fives)
jackRizzar: mucks hand
Uhadmebeat collected $83.50 from pot
*** SUMMARY ***
Total pot $84 | Rake $0.50
Board [5d 4s 5h 3s 2d]
Seat 1: jackRizzar (big blind) mucked
Seat 5: Uhadmebeat (button) (small blind) showed [5s 5c] and won ($83.50) with four of a kind, Fives


