PokerStars Hand #174867478030:  Hold'em Limit ($3/$6 USD) - 2017/08/27 14:39:30 ET
Table 'Nanking' 6-max Seat #4 is the button
Seat 4: Agrotait ($72 in chips)
Seat 5: 0707991 ($36 in chips)
Agrotait: posts small blind $1
0707991: posts big blind $3
*** HOLE CARDS ***
Agrotait: raises $3 to $6
0707991: calls $3
*** FLOP *** [Ah 5c 9d]
0707991: bets $3
Agrotait: raises $3 to $6
0707991: folds
Uncalled bet ($3) returned to Agrotait
Agrotait collected $17.64 from pot
Agrotait: doesn't show hand
*** SUMMARY ***
Total pot $18 | Rake $0.36
Board [Ah 5c 9d]
Seat 4: Agrotait (button) (small blind) collected ($17.64)
Seat 5: 0707991 (big blind) folded on the Flop


PokerStars Hand #174867520078:  Hold'em Limit ($3/$6 USD) - 2017/08/27 14:40:20 ET
Table 'Nanking' 6-max Seat #4 is the button
Seat 4: Agrotait ($77.64 in chips)
Seat 5: 0707991 ($29.88 in chips)
Agrotait: posts small blind $1
0707991: posts big blind $3
*** HOLE CARDS ***
Agrotait: raises $3 to $6
0707991: folds
Uncalled bet ($3) returned to Agrotait
Agrotait collected $6 from pot
Agrotait: doesn't show hand
*** SUMMARY ***
Total pot $6 | Rake $0
Seat 4: Agrotait (button) (small blind) collected ($6)
Seat 5: 0707991 (big blind) folded before Flop


PokerStars Hand #174867497894:  Hold'em Limit ($3/$6 USD) - 2017/08/27 14:39:53 ET
Table 'Nanking' 6-max Seat #5 is the button
Seat 4: Agrotait ($80.64 in chips)
Seat 5: 0707991 ($27 in chips)
0707991: posts small blind $1
Agrotait: posts big blind $3
*** HOLE CARDS ***
0707991: calls $2
vestimokrec joins the table at seat #6
Agrotait: checks
*** FLOP *** [9c 9s 5s]
Agrotait: checks
0707991: bets $3
Agrotait: folds
Uncalled bet ($3) returned to 0707991
0707991 collected $5.88 from pot
0707991: doesn't show hand
*** SUMMARY ***
Total pot $6 | Rake $0.12
Board [9c 9s 5s]
Seat 4: Agrotait (big blind) folded on the Flop
Seat 5: 0707991 (button) (small blind) collected ($5.88)


PokerStars Hand #174868359146:  Hold'em Limit ($3/$6 USD) - 2017/08/27 14:58:03 ET
Table 'Nanking' 6-max Seat #3 is the button
Seat 1: fwilliams007 ($63 in chips)
Seat 3: belik555 ($200.04 in chips)
belik555: posts small blind $1
vestimokrec: is sitting out
fwilliams007: posts big blind $3
*** HOLE CARDS ***
vestimokrec leaves the table
belik555: raises $3 to $6
fwilliams007: folds
Uncalled bet ($3) returned to belik555
belik555 collected $6 from pot
belik555: doesn't show hand
*** SUMMARY ***
Total pot $6 | Rake $0
Seat 1: fwilliams007 (big blind) folded before Flop
Seat 3: belik555 (button) (small blind) collected ($6)


