PokerStars Hand #146900940198:  Hold'em Limit ($3/$6 USD) - 2016/01/12 4:42:46 ET
Table 'Nanna II' 6-max Seat #4 is the button
Seat 1: covasa andre ($22.69 in chips)
Seat 4: MTails ($137.50 in chips)
MTails: posts small blind $1
covasa andre: posts big blind $3
*** HOLE CARDS ***
MTails: folds
Uncalled bet ($2) returned to covasa andre
covasa andre collected $2 from pot
covasa andre: doesn't show hand
*** SUMMARY ***
Total pot $2 | Rake $0
Seat 1: covasa andre (big blind) collected ($2)
Seat 4: MTails (button) (small blind) folded before Flop


PokerStars Hand #146900921589:  Hold'em Limit ($3/$6 USD) - 2016/01/12 4:42:02 ET
Table 'Nanna II' 6-max Seat #1 is the button
Seat 1: covasa andre ($40.93 in chips)
Seat 4: MTails ($120 in chips)
covasa andre: posts small blind $1
MTails: posts big blind $3
*** HOLE CARDS ***
covasa andre: raises $3 to $6
MTails: calls $3
*** FLOP *** [As 7d 6c]
MTails: checks
covasa andre: bets $3
MTails: folds
Uncalled bet ($3) returned to covasa andre
covasa andre collected $11.76 from pot
covasa andre: doesn't show hand
*** SUMMARY ***
Total pot $12 | Rake $0.24
Board [As 7d 6c]
Seat 1: covasa andre (button) (small blind) collected ($11.76)
Seat 4: MTails (big blind) folded on the Flop


PokerStars Hand #146900942139:  Hold'em Limit ($3/$6 USD) - 2016/01/12 4:42:51 ET
Table 'Nanna II' 6-max Seat #1 is the button
Seat 1: covasa andre ($23.69 in chips)
Seat 4: MTails ($136.50 in chips)
covasa andre: posts small blind $1
MTails: posts big blind $3
*** HOLE CARDS ***
covasa andre: raises $3 to $6
MTails: calls $3
*** FLOP *** [7h 9c 4c]
MTails: checks
covasa andre: checks
*** TURN *** [7h 9c 4c] [Ts]
MTails: bets $6
covasa andre: calls $6
*** RIVER *** [7h 9c 4c Ts] [Jd]
MTails: checks
covasa andre: checks
*** SHOW DOWN ***
MTails: shows [6s 4h] (a pair of Fours)
covasa andre: mucks hand
MTails collected $23.52 from pot
*** SUMMARY ***
Total pot $24 | Rake $0.48
Board [7h 9c 4c Ts Jd]
Seat 1: covasa andre (button) (small blind) mucked
Seat 4: MTails (big blind) showed [6s 4h] and won ($23.52) with a pair of Fours


PokerStars Hand #146900928830:  Hold'em Limit ($3/$6 USD) - 2016/01/12 4:42:19 ET
Table 'Nanna II' 6-max Seat #4 is the button
Seat 1: covasa andre ($46.69 in chips)
Seat 4: MTails ($114 in chips)
MTails: posts small blind $1
covasa andre: posts big blind $3
*** HOLE CARDS ***
MTails: raises $3 to $6
covasa andre: folds
Uncalled bet ($3) returned to MTails
MTails collected $6 from pot
*** SUMMARY ***
Total pot $6 | Rake $0
Seat 1: covasa andre (big blind) folded before Flop
Seat 4: MTails (button) (small blind) collected ($6)


PokerStars Hand #146900954712:  Hold'em Limit ($3/$6 USD) - 2016/01/12 4:43:21 ET
Table 'Nanna II' 6-max Seat #1 is the button
Seat 1: covasa andre ($22.91 in chips)
Seat 4: MTails ($136.33 in chips)
covasa andre: posts small blind $1
MTails: posts big blind $3
*** HOLE CARDS ***
covasa andre: folds
Uncalled bet ($2) returned to MTails
MTails collected $2 from pot
*** SUMMARY ***
Total pot $2 | Rake $0
Seat 1: covasa andre (button) (small blind) folded before Flop
Seat 4: MTails (big blind) collected ($2)


PokerStars Hand #146900956961:  Hold'em Limit ($3/$6 USD) - 2016/01/12 4:43:27 ET
Table 'Nanna II' 6-max Seat #4 is the button
Seat 1: covasa andre ($21.91 in chips)
Seat 4: MTails ($137.33 in chips)
MTails: posts small blind $1
covasa andre: posts big blind $3
*** HOLE CARDS ***
MTails: raises $3 to $6
covasa andre: raises $3 to $9
MTails: calls $3
*** FLOP *** [7d 3d 3c]
covasa andre: bets $3
artiZzt joins the table at seat #2
MTails: calls $3
*** TURN *** [7d 3d 3c] [Ah]
covasa andre: bets $6
MTails: calls $6
*** RIVER *** [7d 3d 3c Ah] [Kh]
covasa andre: bets $3.91 and is all-in
MTails: calls $3.91
*** SHOW DOWN ***
covasa andre: shows [Td Qd] (a pair of Threes)
MTails: shows [8c Ks] (two pair, Kings and Threes)
MTails collected $43.32 from pot
*** SUMMARY ***
Total pot $43.82 | Rake $0.50
Board [7d 3d 3c Ah Kh]
Seat 1: covasa andre (big blind) showed [Td Qd] and lost with a pair of Threes
Seat 4: MTails (button) (small blind) showed [8c Ks] and won ($43.32) with two pair, Kings and Threes


PokerStars Hand #146900948564:  Hold'em Limit ($3/$6 USD) - 2016/01/12 4:43:07 ET
Table 'Nanna II' 6-max Seat #4 is the button
Seat 1: covasa andre ($11.69 in chips)
Seat 4: MTails ($148.02 in chips)
MTails: posts small blind $1
covasa andre: posts big blind $3
*** HOLE CARDS ***
MTails: raises $3 to $6
covasa andre: raises $3 to $9
MTails: raises $3 to $12
Betting is capped
covasa andre: calls $2.69 and is all-in
Uncalled bet ($0.31) returned to MTails
*** FLOP *** [Ac Kh 5c]
*** TURN *** [Ac Kh 5c] [Tc]
*** RIVER *** [Ac Kh 5c Tc] [2h]
*** SHOW DOWN ***
covasa andre: shows [9s Ks] (a pair of Kings)
MTails: shows [Qs 6s] (high card Ace)
covasa andre collected $22.91 from pot
*** SUMMARY ***
Total pot $23.38 | Rake $0.47
Board [Ac Kh 5c Tc 2h]
Seat 1: covasa andre (big blind) showed [9s Ks] and won ($22.91) with a pair of Kings
Seat 4: MTails (button) (small blind) showed [Qs 6s] and lost with high card Ace


PokerStars Hand #146902110885:  Hold'em Limit ($3/$6 USD) - 2016/01/12 5:26:58 ET
Table 'Nanna II' 6-max Seat #3 is the button
Seat 3: Arm727 ($140.50 in chips)
Seat 5: artiZzt ($72 in chips)
Arm727: posts small blind $1
artiZzt: posts big blind $3
*** HOLE CARDS ***
Arm727: calls $2
artiZzt: checks
*** FLOP *** [5s Kc 8s]
artiZzt: checks
Arm727: checks
*** TURN *** [5s Kc 8s] [9h]
artiZzt: checks
Arm727: bets $6
artiZzt: folds
Uncalled bet ($6) returned to Arm727
Arm727 collected $5.88 from pot
Arm727: doesn't show hand
*** SUMMARY ***
Total pot $6 | Rake $0.12
Board [5s Kc 8s 9h]
Seat 3: Arm727 (button) (small blind) collected ($5.88)
Seat 5: artiZzt (big blind) folded on the Turn


PokerStars Hand #146902092705:  Hold'em Limit ($3/$6 USD) - 2016/01/12 5:26:20 ET
Table 'Nanna II' 6-max Seat #5 is the button
Seat 3: Arm727 ($120 in chips)
Seat 5: artiZzt ($72 in chips)
artiZzt: posts small blind $1
Arm727: posts big blind $3
*** HOLE CARDS ***
artiZzt: raises $3 to $6
Arm727: calls $3
*** FLOP *** [6d 5h 8h]
Arm727: bets $3
artiZzt: calls $3
*** TURN *** [6d 5h 8h] [6c]
Arm727: bets $6
artiZzt: calls $6
*** RIVER *** [6d 5h 8h 6c] [2d]
Arm727: bets $6
artiZzt: calls $6
*** SHOW DOWN ***
Arm727: shows [7s 5c] (two pair, Sixes and Fives)
artiZzt: mucks hand
Arm727 collected $41.50 from pot
*** SUMMARY ***
Total pot $42 | Rake $0.50
Board [6d 5h 8h 6c 2d]
Seat 3: Arm727 (big blind) showed [7s 5c] and won ($41.50) with two pair, Sixes and Fives
Seat 5: artiZzt (button) (small blind) mucked


PokerStars Hand #146902124795:  Hold'em Limit ($3/$6 USD) - 2016/01/12 5:27:27 ET
Table 'Nanna II' 6-max Seat #5 is the button
Seat 3: Arm727 ($143.38 in chips)
Seat 5: artiZzt ($72 in chips)
artiZzt: posts small blind $1
Arm727: posts big blind $3
*** HOLE CARDS ***
artiZzt: raises $3 to $6
Arm727: calls $3
*** FLOP *** [7s 5h 6d]
Arm727: bets $3
artiZzt: calls $3
*** TURN *** [7s 5h 6d] [2h]
Arm727: bets $6
artiZzt: calls $6
*** RIVER *** [7s 5h 6d 2h] [Ac]
Arm727: bets $6
artiZzt: raises $6 to $12
Arm727: raises $6 to $18
artiZzt: calls $6
*** SHOW DOWN ***
Arm727: shows [4c 8c] (a straight, Four to Eight)
artiZzt: mucks hand
Arm727 collected $65.50 from pot
*** SUMMARY ***
Total pot $66 | Rake $0.50
Board [7s 5h 6d 2h Ac]
Seat 3: Arm727 (big blind) showed [4c 8c] and won ($65.50) with a straight, Four to Eight
Seat 5: artiZzt (button) (small blind) mucked


PokerStars Hand #146902172983:  Hold'em Limit ($3/$6 USD) - 2016/01/12 5:29:07 ET
Table 'Nanna II' 6-max Seat #3 is the button
Seat 3: Arm727 ($175.64 in chips)
Seat 5: artiZzt ($77.76 in chips)
Arm727: posts small blind $1
artiZzt: posts big blind $3
*** HOLE CARDS ***
Arm727: calls $2
artiZzt: checks
*** FLOP *** [8d Jh 4c]
artiZzt: checks
Arm727: checks
*** TURN *** [8d Jh 4c] [7d]
artiZzt: bets $6
Arm727: folds
Uncalled bet ($6) returned to artiZzt
artiZzt collected $5.88 from pot
artiZzt: doesn't show hand
*** SUMMARY ***
Total pot $6 | Rake $0.12
Board [8d Jh 4c 7d]
Seat 3: Arm727 (button) (small blind) folded on the Turn
Seat 5: artiZzt (big blind) collected ($5.88)


PokerStars Hand #146902164329:  Hold'em Limit ($3/$6 USD) - 2016/01/12 5:28:49 ET
Table 'Nanna II' 6-max Seat #5 is the button
Seat 3: Arm727 ($181.64 in chips)
Seat 5: artiZzt ($72 in chips)
artiZzt: posts small blind $1
Arm727: posts big blind $3
*** HOLE CARDS ***
artiZzt: raises $3 to $6
Arm727: calls $3
*** FLOP *** [Jc Qc Qh]
Arm727: checks
artiZzt: bets $3
Arm727: folds
Uncalled bet ($3) returned to artiZzt
artiZzt collected $11.76 from pot
artiZzt: doesn't show hand
*** SUMMARY ***
Total pot $12 | Rake $0.24
Board [Jc Qc Qh]
Seat 3: Arm727 (big blind) folded on the Flop
Seat 5: artiZzt (button) (small blind) collected ($11.76)


PokerStars Hand #146902143574:  Hold'em Limit ($3/$6 USD) - 2016/01/12 5:28:06 ET
Table 'Nanna II' 6-max Seat #3 is the button
Seat 3: Arm727 ($175.88 in chips)
Seat 5: artiZzt ($72 in chips)
Arm727: posts small blind $1
artiZzt: posts big blind $3
*** HOLE CARDS ***
Arm727: calls $2
artiZzt: raises $3 to $6
Arm727: calls $3
*** FLOP *** [Ts Js 9c]
artiZzt: checks
Arm727: checks
*** TURN *** [Ts Js 9c] [2h]
artiZzt: checks
Arm727: bets $6
artiZzt: folds
Uncalled bet ($6) returned to Arm727
Arm727 collected $11.76 from pot
Arm727: doesn't show hand
*** SUMMARY ***
Total pot $12 | Rake $0.24
Board [Ts Js 9c 2h]
Seat 3: Arm727 (button) (small blind) collected ($11.76)
Seat 5: artiZzt (big blind) folded on the Turn


PokerStars Hand #146902182956:  Hold'em Limit ($3/$6 USD) - 2016/01/12 5:29:28 ET
Table 'Nanna II' 6-max Seat #5 is the button
Seat 3: Arm727 ($172.64 in chips)
Seat 5: artiZzt ($80.64 in chips)
artiZzt: posts small blind $1
Arm727: posts big blind $3
*** HOLE CARDS ***
artiZzt: raises $3 to $6
Arm727: raises $3 to $9
artiZzt: calls $3
*** FLOP *** [5d As Qc]
Arm727: bets $3
artiZzt: folds
Uncalled bet ($3) returned to Arm727
Arm727 collected $17.64 from pot
Arm727: doesn't show hand
*** SUMMARY ***
Total pot $18 | Rake $0.36
Board [5d As Qc]
Seat 3: Arm727 (big blind) collected ($17.64)
Seat 5: artiZzt (button) (small blind) folded on the Flop


PokerStars Hand #146902232313:  Hold'em Limit ($3/$6 USD) - 2016/01/12 5:31:10 ET
Table 'Nanna II' 6-max Seat #3 is the button
Seat 3: Arm727 ($162.92 in chips)
Seat 5: artiZzt ($89.50 in chips)
Arm727: posts small blind $1
artiZzt: posts big blind $3
*** HOLE CARDS ***
Arm727: calls $2
artiZzt: checks
*** FLOP *** [2d Jd 6s]
artiZzt: bets $3
Arm727: folds
Uncalled bet ($3) returned to artiZzt
artiZzt collected $5.88 from pot
artiZzt: doesn't show hand
*** SUMMARY ***
Total pot $6 | Rake $0.12
Board [2d Jd 6s]
Seat 3: Arm727 (button) (small blind) folded on the Flop
Seat 5: artiZzt (big blind) collected ($5.88)


PokerStars Hand #146902219149:  Hold'em Limit ($3/$6 USD) - 2016/01/12 5:30:43 ET
Table 'Nanna II' 6-max Seat #5 is the button
Seat 3: Arm727 ($154.28 in chips)
Seat 5: artiZzt ($98.50 in chips)
artiZzt: posts small blind $1
Arm727: posts big blind $3
*** HOLE CARDS ***
artiZzt: raises $3 to $6
Arm727: calls $3
*** FLOP *** [7c 4c Jd]
Arm727: checks
artiZzt: bets $3
Arm727: calls $3
*** TURN *** [7c 4c Jd] [2c]
Arm727: checks
artiZzt: checks
*** RIVER *** [7c 4c Jd 2c] [Jc]
Arm727: checks
artiZzt: checks
*** SHOW DOWN ***
Arm727: shows [9h Kd] (a pair of Jacks)
artiZzt: mucks hand
Arm727 collected $17.64 from pot
*** SUMMARY ***
Total pot $18 | Rake $0.36
Board [7c 4c Jd 2c Jc]
Seat 3: Arm727 (big blind) showed [9h Kd] and won ($17.64) with a pair of Jacks
Seat 5: artiZzt (button) (small blind) mucked


PokerStars Hand #146902189226:  Hold'em Limit ($3/$6 USD) - 2016/01/12 5:29:41 ET
Table 'Nanna II' 6-max Seat #3 is the button
Seat 3: Arm727 ($181.28 in chips)
Seat 5: artiZzt ($72 in chips)
Arm727: posts small blind $1
artiZzt: posts big blind $3
*** HOLE CARDS ***
Arm727: raises $3 to $6
artiZzt: raises $3 to $9
Arm727: raises $3 to $12
Betting is capped
artiZzt: calls $3
*** FLOP *** [8d 9s Ah]
artiZzt: checks
Arm727: bets $3
artiZzt: raises $3 to $6
Arm727: raises $3 to $9
artiZzt: calls $3
*** TURN *** [8d 9s Ah] [Kd]
artiZzt: checks
Arm727: checks
*** RIVER *** [8d 9s Ah Kd] [3c]
artiZzt: checks
Arm727: bets $6
artiZzt: calls $6
*** SHOW DOWN ***
Arm727: shows [Jh Ac] (a pair of Aces)
artiZzt: shows [As Qh] (a pair of Aces - King+Queen kicker)
artiZzt collected $53.50 from pot
*** SUMMARY ***
Total pot $54 | Rake $0.50
Board [8d 9s Ah Kd 3c]
Seat 3: Arm727 (button) (small blind) showed [Jh Ac] and lost with a pair of Aces
Seat 5: artiZzt (big blind) showed [As Qh] and won ($53.50) with a pair of Aces


PokerStars Hand #146902237891:  Hold'em Limit ($3/$6 USD) - 2016/01/12 5:31:22 ET
Table 'Nanna II' 6-max Seat #5 is the button
Seat 3: Arm727 ($159.92 in chips)
Seat 5: artiZzt ($92.38 in chips)
artiZzt: posts small blind $1
Arm727: posts big blind $3
*** HOLE CARDS ***
artiZzt: raises $3 to $6
Arm727: calls $3
*** FLOP *** [As Kh Qc]
Arm727: checks
artiZzt: bets $3
Arm727: folds
Uncalled bet ($3) returned to artiZzt
artiZzt collected $11.76 from pot
artiZzt: doesn't show hand
*** SUMMARY ***
Total pot $12 | Rake $0.24
Board [As Kh Qc]
Seat 3: Arm727 (big blind) folded on the Flop
Seat 5: artiZzt (button) (small blind) collected ($11.76)


PokerStars Hand #146902288245:  Hold'em Limit ($3/$6 USD) - 2016/01/12 5:33:05 ET
Table 'Nanna II' 6-max Seat #5 is the button
Seat 3: Arm727 ($135.80 in chips)
Seat 5: artiZzt ($115.64 in chips)
artiZzt: posts small blind $1
Arm727: posts big blind $3
*** HOLE CARDS ***
artiZzt: raises $3 to $6
Arm727: calls $3
*** FLOP *** [Jc 7h 2c]
Arm727: checks
artiZzt: bets $3
Arm727: calls $3
*** TURN *** [Jc 7h 2c] [9s]
Arm727: checks
artiZzt: checks
*** RIVER *** [Jc 7h 2c 9s] [3h]
Arm727: checks
artiZzt: checks
*** SHOW DOWN ***
Arm727: shows [5h 2h] (a pair of Deuces)
artiZzt: mucks hand
Arm727 collected $17.64 from pot
*** SUMMARY ***
Total pot $18 | Rake $0.36
Board [Jc 7h 2c 9s 3h]
Seat 3: Arm727 (big blind) showed [5h 2h] and won ($17.64) with a pair of Deuces
Seat 5: artiZzt (button) (small blind) mucked


PokerStars Hand #146902279766:  Hold'em Limit ($3/$6 USD) - 2016/01/12 5:32:48 ET
Table 'Nanna II' 6-max Seat #3 is the button
Seat 3: Arm727 ($132.92 in chips)
Seat 5: artiZzt ($118.64 in chips)
Arm727: posts small blind $1
artiZzt: posts big blind $3
*** HOLE CARDS ***
Arm727: calls $2
artiZzt: checks
*** FLOP *** [Tc 8h 9c]
artiZzt: checks
Arm727: bets $3
artiZzt: folds
Uncalled bet ($3) returned to Arm727
Arm727 collected $5.88 from pot
Arm727: doesn't show hand
*** SUMMARY ***
Total pot $6 | Rake $0.12
Board [Tc 8h 9c]
Seat 3: Arm727 (button) (small blind) collected ($5.88)
Seat 5: artiZzt (big blind) folded on the Flop


PokerStars Hand #146902272476:  Hold'em Limit ($3/$6 USD) - 2016/01/12 5:32:33 ET
Table 'Nanna II' 6-max Seat #5 is the button
Seat 3: Arm727 ($135.92 in chips)
Seat 5: artiZzt ($115.64 in chips)
artiZzt: posts small blind $1
Arm727: posts big blind $3
*** HOLE CARDS ***
artiZzt: raises $3 to $6
Arm727: folds
Uncalled bet ($3) returned to artiZzt
artiZzt collected $6 from pot
artiZzt: doesn't show hand
*** SUMMARY ***
Total pot $6 | Rake $0
Seat 3: Arm727 (big blind) folded before Flop
Seat 5: artiZzt (button) (small blind) collected ($6)


PokerStars Hand #146902252373:  Hold'em Limit ($3/$6 USD) - 2016/01/12 5:31:51 ET
Table 'Nanna II' 6-max Seat #3 is the button
Seat 3: Arm727 ($153.92 in chips)
Seat 5: artiZzt ($98.14 in chips)
Arm727: posts small blind $1
artiZzt: posts big blind $3
*** HOLE CARDS ***
Arm727: calls $2
artiZzt: checks
*** FLOP *** [Ks 7c 2s]
artiZzt: checks
Arm727: bets $3
artiZzt: calls $3
*** TURN *** [Ks 7c 2s] [Kc]
artiZzt: checks
Arm727: bets $6
artiZzt: calls $6
*** RIVER *** [Ks 7c 2s Kc] [Ad]
artiZzt: checks
Arm727: bets $6
artiZzt: calls $6
*** SHOW DOWN ***
Arm727: shows [3s 8c] (a pair of Kings)
artiZzt: shows [4s Js] (a pair of Kings - Ace+Jack kicker)
artiZzt collected $35.50 from pot
*** SUMMARY ***
Total pot $36 | Rake $0.50
Board [Ks 7c 2s Kc Ad]
Seat 3: Arm727 (button) (small blind) showed [3s 8c] and lost with a pair of Kings
Seat 5: artiZzt (big blind) showed [4s Js] and won ($35.50) with a pair of Kings


PokerStars Hand #146902316610:  Hold'em Limit ($3/$6 USD) - 2016/01/12 5:34:03 ET
Table 'Nanna II' 6-max Seat #3 is the button
Seat 3: Arm727 ($126.44 in chips)
Seat 5: artiZzt ($123.92 in chips)
Arm727: posts small blind $1
artiZzt: posts big blind $3
*** HOLE CARDS ***
Arm727: calls $2
artiZzt: checks
*** FLOP *** [3d 2s 7d]
artiZzt: checks
Arm727: checks
*** TURN *** [3d 2s 7d] [2h]
artiZzt: checks
Arm727: checks
*** RIVER *** [3d 2s 7d 2h] [6h]
artiZzt: checks
Arm727: checks
*** SHOW DOWN ***
artiZzt: shows [4d Jc] (a pair of Deuces)
Arm727: shows [8d Kc] (a pair of Deuces - King kicker)
Arm727 collected $5.88 from pot
*** SUMMARY ***
Total pot $6 | Rake $0.12
Board [3d 2s 7d 2h 6h]
Seat 3: Arm727 (button) (small blind) showed [8d Kc] and won ($5.88) with a pair of Deuces
Seat 5: artiZzt (big blind) showed [4d Jc] and lost with a pair of Deuces


PokerStars Hand #146902310847:  Hold'em Limit ($3/$6 USD) - 2016/01/12 5:33:51 ET
Table 'Nanna II' 6-max Seat #5 is the button
Seat 3: Arm727 ($132.44 in chips)
Seat 5: artiZzt ($118.16 in chips)
artiZzt: posts small blind $1
Arm727: posts big blind $3
*** HOLE CARDS ***
artiZzt: raises $3 to $6
Arm727: calls $3
*** FLOP *** [9h Th 2h]
Arm727: checks
artiZzt: bets $3
Arm727: folds
Uncalled bet ($3) returned to artiZzt
artiZzt collected $11.76 from pot
artiZzt: doesn't show hand
*** SUMMARY ***
Total pot $12 | Rake $0.24
Board [9h Th 2h]
Seat 3: Arm727 (big blind) folded on the Flop
Seat 5: artiZzt (button) (small blind) collected ($11.76)


PokerStars Hand #146902299889:  Hold'em Limit ($3/$6 USD) - 2016/01/12 5:33:28 ET
Table 'Nanna II' 6-max Seat #3 is the button
Seat 3: Arm727 ($144.44 in chips)
Seat 5: artiZzt ($106.64 in chips)
Arm727: posts small blind $1
artiZzt: posts big blind $3
*** HOLE CARDS ***
Arm727: raises $3 to $6
artiZzt: calls $3
*** FLOP *** [Ts 7c Ad]
artiZzt: checks
Arm727: checks
*** TURN *** [Ts 7c Ad] [9s]
artiZzt: checks
Arm727: bets $6
artiZzt: calls $6
*** RIVER *** [Ts 7c Ad 9s] [4h]
artiZzt: checks
Arm727: checks
*** SHOW DOWN ***
artiZzt: shows [8s 7d] (a pair of Sevens)
Arm727: mucks hand
artiZzt collected $23.52 from pot
*** SUMMARY ***
Total pot $24 | Rake $0.48
Board [Ts 7c Ad 9s 4h]
Seat 3: Arm727 (button) (small blind) mucked
Seat 5: artiZzt (big blind) showed [8s 7d] and won ($23.52) with a pair of Sevens


PokerStars Hand #146902339517:  Hold'em Limit ($3/$6 USD) - 2016/01/12 5:34:50 ET
Table 'Nanna II' 6-max Seat #3 is the button
Seat 3: Arm727 ($108.32 in chips)
Seat 5: artiZzt ($141.42 in chips)
Arm727: posts small blind $1
artiZzt: posts big blind $3
*** HOLE CARDS ***
Arm727: calls $2
artiZzt: checks
*** FLOP *** [Qs 4d 8h]
artiZzt: checks
Arm727: checks
*** TURN *** [Qs 4d 8h] [8c]
artiZzt: checks
Arm727: checks
*** RIVER *** [Qs 4d 8h 8c] [7c]
artiZzt: bets $6
Arm727: folds
Uncalled bet ($6) returned to artiZzt
artiZzt collected $5.88 from pot
artiZzt: doesn't show hand
*** SUMMARY ***
Total pot $6 | Rake $0.12
Board [Qs 4d 8h 8c 7c]
Seat 3: Arm727 (button) (small blind) folded on the River
Seat 5: artiZzt (big blind) collected ($5.88)


PokerStars Hand #146902326734:  Hold'em Limit ($3/$6 USD) - 2016/01/12 5:34:24 ET
Table 'Nanna II' 6-max Seat #5 is the button
Seat 3: Arm727 ($129.32 in chips)
Seat 5: artiZzt ($120.92 in chips)
artiZzt: posts small blind $1
Arm727: posts big blind $3
*** HOLE CARDS ***
artiZzt: raises $3 to $6
Arm727: calls $3
*** FLOP *** [3s 3c Th]
Arm727: checks
artiZzt: bets $3
Arm727: calls $3
*** TURN *** [3s 3c Th] [3h]
Arm727: checks
artiZzt: bets $6
Arm727: calls $6
*** RIVER *** [3s 3c Th 3h] [9h]
Arm727: checks
artiZzt: bets $6
Arm727: calls $6
*** SHOW DOWN ***
artiZzt: shows [9s 2h] (a full house, Threes full of Nines)
Arm727: mucks hand
artiZzt collected $41.50 from pot
*** SUMMARY ***
Total pot $42 | Rake $0.50
Board [3s 3c Th 3h 9h]
Seat 3: Arm727 (big blind) mucked
Seat 5: artiZzt (button) (small blind) showed [9s 2h] and won ($41.50) with a full house, Threes full of Nines


PokerStars Hand #146902366106:  Hold'em Limit ($3/$6 USD) - 2016/01/12 5:35:44 ET
Table 'Nanna II' 6-max Seat #3 is the button
Seat 3: Arm727 ($90.32 in chips)
Seat 5: artiZzt ($158.80 in chips)
Arm727: posts small blind $1
artiZzt: posts big blind $3
*** HOLE CARDS ***
Arm727: raises $3 to $6
artiZzt: calls $3
*** FLOP *** [Qd 7h 5d]
artiZzt: checks
Arm727: bets $3
artiZzt: calls $3
*** TURN *** [Qd 7h 5d] [Jd]
artiZzt: checks
Arm727: bets $6
pogi74 joins the table at seat #1
artiZzt: folds
Uncalled bet ($6) returned to Arm727
Arm727 collected $17.64 from pot
Arm727: doesn't show hand
*** SUMMARY ***
Total pot $18 | Rake $0.36
Board [Qd 7h 5d Jd]
Seat 3: Arm727 (button) (small blind) collected ($17.64)
Seat 5: artiZzt (big blind) folded on the Turn


PokerStars Hand #146902349973:  Hold'em Limit ($3/$6 USD) - 2016/01/12 5:35:11 ET
Table 'Nanna II' 6-max Seat #5 is the button
Seat 3: Arm727 ($105.32 in chips)
Seat 5: artiZzt ($144.30 in chips)
artiZzt: posts small blind $1
Arm727: posts big blind $3
*** HOLE CARDS ***
artiZzt: raises $3 to $6
Arm727: calls $3
*** FLOP *** [As 4c 7h]
Arm727: checks
artiZzt: bets $3
Arm727: calls $3
*** TURN *** [As 4c 7h] [2c]
Arm727: checks
artiZzt: bets $6
Arm727: calls $6
*** RIVER *** [As 4c 7h 2c] [3h]
Arm727: checks
artiZzt: bets $6
Arm727: folds
Uncalled bet ($6) returned to artiZzt
artiZzt collected $29.50 from pot
artiZzt: doesn't show hand
*** SUMMARY ***
Total pot $30 | Rake $0.50
Board [As 4c 7h 2c 3h]
Seat 3: Arm727 (big blind) folded on the River
Seat 5: artiZzt (button) (small blind) collected ($29.50)


PokerStars Hand #146902399457:  Hold'em Limit ($3/$6 USD) - 2016/01/12 5:36:53 ET
Table 'Nanna II' 6-max Seat #3 is the button
Seat 1: pogi74 ($53 in chips)
Seat 3: Arm727 ($71.96 in chips)
Arm727: posts small blind $1
artiZzt: is sitting out
pogi74: posts big blind $3
*** HOLE CARDS ***
Arm727: raises $3 to $6
pogi74: calls $3
*** FLOP *** [Jh Qs Ac]
pogi74: checks
Arm727: bets $3
pogi74: raises $3 to $6
Arm727: calls $3
*** TURN *** [Jh Qs Ac] [8s]
pogi74: bets $6
Arm727: calls $6
*** RIVER *** [Jh Qs Ac 8s] [Js]
pogi74: bets $6
Arm727: calls $6
*** SHOW DOWN ***
pogi74: shows [Qc Ah] (two pair, Aces and Queens)
Arm727: mucks hand
pogi74 collected $47.50 from pot
*** SUMMARY ***
Total pot $48 | Rake $0.50
Board [Jh Qs Ac 8s Js]
Seat 1: pogi74 (big blind) showed [Qc Ah] and won ($47.50) with two pair, Aces and Queens
Seat 3: Arm727 (button) (small blind) mucked


PokerStars Hand #146902430919:  Hold'em Limit ($3/$6 USD) - 2016/01/12 5:37:57 ET
Table 'Nanna II' 6-max Seat #3 is the button
Seat 1: pogi74 ($67.50 in chips)
Seat 3: Arm727 ($56.60 in chips)
Arm727: posts small blind $1
pogi74: posts big blind $3
*** HOLE CARDS ***
Arm727: calls $2
pogi74: raises $3 to $6
Arm727: calls $3
*** FLOP *** [6c 5c Td]
pogi74: bets $3
Arm727: calls $3
*** TURN *** [6c 5c Td] [Th]
pogi74: bets $6
Arm727: calls $6
*** RIVER *** [6c 5c Td Th] [4h]
pogi74: bets $6
Arm727: calls $6
*** SHOW DOWN ***
pogi74: shows [Ad 9d] (a pair of Tens)
Arm727: shows [3d 4c] (two pair, Tens and Fours)
Arm727 collected $41.50 from pot
*** SUMMARY ***
Total pot $42 | Rake $0.50
Board [6c 5c Td Th 4h]
Seat 1: pogi74 (big blind) showed [Ad 9d] and lost with a pair of Tens
Seat 3: Arm727 (button) (small blind) showed [3d 4c] and won ($41.50) with two pair, Tens and Fours


PokerStars Hand #146902428035:  Hold'em Limit ($3/$6 USD) - 2016/01/12 5:37:51 ET
Table 'Nanna II' 6-max Seat #1 is the button
Seat 1: pogi74 ($68.50 in chips)
Seat 3: Arm727 ($55.60 in chips)
pogi74: posts small blind $1
Arm727: posts big blind $3
*** HOLE CARDS ***
pogi74: folds
Uncalled bet ($2) returned to Arm727
Arm727 collected $2 from pot
Arm727: doesn't show hand
*** SUMMARY ***
Total pot $2 | Rake $0
Seat 1: pogi74 (button) (small blind) folded before Flop
Seat 3: Arm727 (big blind) collected ($2)


PokerStars Hand #146902425684:  Hold'em Limit ($3/$6 USD) - 2016/01/12 5:37:46 ET
Table 'Nanna II' 6-max Seat #3 is the button
Seat 1: pogi74 ($67.50 in chips)
Seat 3: Arm727 ($56.60 in chips)
Arm727: posts small blind $1
pogi74: posts big blind $3
*** HOLE CARDS ***
Arm727: folds
Uncalled bet ($2) returned to pogi74
pogi74 collected $2 from pot
pogi74: doesn't show hand
*** SUMMARY ***
Total pot $2 | Rake $0
Seat 1: pogi74 (big blind) collected ($2)
Seat 3: Arm727 (button) (small blind) folded before Flop


PokerStars Hand #146902414268:  Hold'em Limit ($3/$6 USD) - 2016/01/12 5:37:23 ET
Table 'Nanna II' 6-max Seat #1 is the button
Seat 1: pogi74 ($76.50 in chips)
Seat 3: Arm727 ($47.96 in chips)
pogi74: posts small blind $1
Arm727: posts big blind $3
*** HOLE CARDS ***
pogi74: raises $3 to $6
Arm727: calls $3
*** FLOP *** [6d 3d 8c]
Arm727: checks
pogi74: bets $3
Arm727: calls $3
*** TURN *** [6d 3d 8c] [Ad]
Arm727: checks
pogi74: checks
*** RIVER *** [6d 3d 8c Ad] [6h]
Arm727: checks
pogi74: checks
*** SHOW DOWN ***
Arm727: shows [6s 9h] (three of a kind, Sixes)
pogi74: mucks hand
Arm727 collected $17.64 from pot
*** SUMMARY ***
Total pot $18 | Rake $0.36
Board [6d 3d 8c Ad 6h]
Seat 1: pogi74 (button) (small blind) mucked
Seat 3: Arm727 (big blind) showed [6s 9h] and won ($17.64) with three of a kind, Sixes


PokerStars Hand #146902442152:  Hold'em Limit ($3/$6 USD) - 2016/01/12 5:38:20 ET
Table 'Nanna II' 6-max Seat #1 is the button
Seat 1: pogi74 ($46.50 in chips)
Seat 3: Arm727 ($77.10 in chips)
pogi74: posts small blind $1
Arm727: posts big blind $3
*** HOLE CARDS ***
pogi74: raises $3 to $6
Arm727: calls $3
*** FLOP *** [7h 7c 8c]
Arm727: bets $3
pogi74: calls $3
*** TURN *** [7h 7c 8c] [4d]
Arm727: bets $6
pogi74: folds
Uncalled bet ($6) returned to Arm727
Arm727 collected $17.64 from pot
Arm727: doesn't show hand
*** SUMMARY ***
Total pot $18 | Rake $0.36
Board [7h 7c 8c 4d]
Seat 1: pogi74 (button) (small blind) folded on the Turn
Seat 3: Arm727 (big blind) collected ($17.64)


PokerStars Hand #146902462459:  Hold'em Limit ($3/$6 USD) - 2016/01/12 5:39:01 ET
Table 'Nanna II' 6-max Seat #3 is the button
Seat 1: pogi74 ($37.50 in chips)
Seat 3: Arm727 ($85.74 in chips)
Arm727: posts small blind $1
pogi74: posts big blind $3
*** HOLE CARDS ***
Arm727: calls $2
pogi74: raises $3 to $6
Arm727: calls $3
*** FLOP *** [2s Ah 9d]
pogi74: bets $3
Arm727: folds
Uncalled bet ($3) returned to pogi74
pogi74 collected $11.76 from pot
pogi74: doesn't show hand
*** SUMMARY ***
Total pot $12 | Rake $0.24
Board [2s Ah 9d]
Seat 1: pogi74 (big blind) collected ($11.76)
Seat 3: Arm727 (button) (small blind) folded on the Flop


PokerStars Hand #146902480398:  Hold'em Limit ($3/$6 USD) - 2016/01/12 5:39:39 ET
Table 'Nanna II' 6-max Seat #1 is the button
Seat 1: pogi74 ($43.26 in chips)
Seat 3: Arm727 ($79.74 in chips)
pogi74: posts small blind $1
Arm727: posts big blind $3
*** HOLE CARDS ***
pogi74: raises $3 to $6
Arm727: calls $3
*** FLOP *** [Kd 6s 7d]
Arm727: checks
pogi74: bets $3
Arm727: calls $3
*** TURN *** [Kd 6s 7d] [Qs]
Arm727: checks
pogi74: checks
*** RIVER *** [Kd 6s 7d Qs] [Tc]
Arm727: checks
pogi74: checks
*** SHOW DOWN ***
Arm727: shows [Ts 7s] (two pair, Tens and Sevens)
pogi74: mucks hand
Arm727 collected $17.64 from pot
*** SUMMARY ***
Total pot $18 | Rake $0.36
Board [Kd 6s 7d Qs Tc]
Seat 1: pogi74 (button) (small blind) mucked
Seat 3: Arm727 (big blind) showed [Ts 7s] and won ($17.64) with two pair, Tens and Sevens


PokerStars Hand #146902497073:  Hold'em Limit ($3/$6 USD) - 2016/01/12 5:40:13 ET
Table 'Nanna II' 6-max Seat #3 is the button
Seat 1: pogi74 ($34.26 in chips)
Seat 3: Arm727 ($88.38 in chips)
Arm727: posts small blind $1
pogi74: posts big blind $3
*** HOLE CARDS ***
Arm727: raises $3 to $6
pogi74: calls $3
*** FLOP *** [8h 6d 4h]
artiZzt leaves the table
pogi74: checks
Arm727: bets $3
pogi74: calls $3
*** TURN *** [8h 6d 4h] [Ks]
pogi74: checks
Arm727: checks
*** RIVER *** [8h 6d 4h Ks] [9c]
pogi74: bets $6
Arm727: calls $6
*** SHOW DOWN ***
pogi74: shows [Kd Th] (a pair of Kings)
Arm727: mucks hand
pogi74 collected $29.50 from pot
*** SUMMARY ***
Total pot $30 | Rake $0.50
Board [8h 6d 4h Ks 9c]
Seat 1: pogi74 (big blind) showed [Kd Th] and won ($29.50) with a pair of Kings
Seat 3: Arm727 (button) (small blind) mucked


PokerStars Hand #146902511816:  Hold'em Limit ($3/$6 USD) - 2016/01/12 5:40:44 ET
Table 'Nanna II' 6-max Seat #1 is the button
Seat 1: pogi74 ($48.76 in chips)
Seat 3: Arm727 ($73.38 in chips)
pogi74: posts small blind $1
Arm727: posts big blind $3
*** HOLE CARDS ***
pogi74: folds
Uncalled bet ($2) returned to Arm727
Arm727 collected $2 from pot
Arm727: doesn't show hand
*** SUMMARY ***
Total pot $2 | Rake $0
Seat 1: pogi74 (button) (small blind) folded before Flop
Seat 3: Arm727 (big blind) collected ($2)


PokerStars Hand #146902514810:  Hold'em Limit ($3/$6 USD) - 2016/01/12 5:40:50 ET
Table 'Nanna II' 6-max Seat #3 is the button
Seat 1: pogi74 ($47.76 in chips)
Seat 3: Arm727 ($74.38 in chips)
Arm727: posts small blind $1
pogi74: posts big blind $3
*** HOLE CARDS ***
Arm727: calls $2
pogi74: checks
*** FLOP *** [3c 8h 2d]
pogi74: bets $3
Arm727: folds
Uncalled bet ($3) returned to pogi74
pogi74 collected $5.88 from pot
pogi74: doesn't show hand
*** SUMMARY ***
Total pot $6 | Rake $0.12
Board [3c 8h 2d]
Seat 1: pogi74 (big blind) collected ($5.88)
Seat 3: Arm727 (button) (small blind) folded on the Flop


PokerStars Hand #146902525212:  Hold'em Limit ($3/$6 USD) - 2016/01/12 5:41:11 ET
Table 'Nanna II' 6-max Seat #1 is the button
Seat 1: pogi74 ($50.64 in chips)
Seat 3: Arm727 ($71.38 in chips)
pogi74: posts small blind $1
Arm727: posts big blind $3
*** HOLE CARDS ***
pogi74: raises $3 to $6
Arm727: calls $3
*** FLOP *** [Kh 6h Th]
Arm727: checks
pogi74: checks
*** TURN *** [Kh 6h Th] [Ac]
Arm727: bets $6
pogi74: folds
Uncalled bet ($6) returned to Arm727
Arm727 collected $11.76 from pot
Arm727: doesn't show hand
*** SUMMARY ***
Total pot $12 | Rake $0.24
Board [Kh 6h Th Ac]
Seat 1: pogi74 (button) (small blind) folded on the Turn
Seat 3: Arm727 (big blind) collected ($11.76)


PokerStars Hand #146902534062:  Hold'em Limit ($3/$6 USD) - 2016/01/12 5:41:29 ET
Table 'Nanna II' 6-max Seat #3 is the button
Seat 1: pogi74 ($44.64 in chips)
Seat 3: Arm727 ($77.14 in chips)
Arm727: posts small blind $1
pogi74: posts big blind $3
*** HOLE CARDS ***
Arm727: calls $2
pogi74: checks
*** FLOP *** [Qc Jd 6d]
Pelurile joins the table at seat #5
pogi74: bets $3
Arm727: folds
Uncalled bet ($3) returned to pogi74
pogi74 collected $5.88 from pot
pogi74: doesn't show hand
*** SUMMARY ***
Total pot $6 | Rake $0.12
Board [Qc Jd 6d]
Seat 1: pogi74 (big blind) collected ($5.88)
Seat 3: Arm727 (button) (small blind) folded on the Flop


PokerStars Hand #146902540448:  Hold'em Limit ($3/$6 USD) - 2016/01/12 5:41:43 ET
Table 'Nanna II' 6-max Seat #1 is the button
Seat 1: pogi74 ($47.52 in chips)
Seat 3: Arm727 ($74.14 in chips)
pogi74: posts small blind $1
Arm727: posts big blind $3
*** HOLE CARDS ***
pogi74: folds
Uncalled bet ($2) returned to Arm727
Arm727 collected $2 from pot
Arm727: doesn't show hand
*** SUMMARY ***
Total pot $2 | Rake $0
Seat 1: pogi74 (button) (small blind) folded before Flop
Seat 3: Arm727 (big blind) collected ($2)


PokerStars Hand #146903031208:  Hold'em Limit ($3/$6 USD) - 2016/01/12 5:58:22 ET
Table 'Nanna II' 6-max Seat #4 is the button
Seat 2: Rmk1500 ($29.73 in chips)
Seat 4: Dennis410 ($83.31 in chips)
Dennis410: posts small blind $1
Rmk1500: posts big blind $3
*** HOLE CARDS ***
Dennis410: raises $3 to $6
Rmk1500: calls $3
*** FLOP *** [5h Ad 4c]
Rmk1500: checks
Dennis410: bets $3
Rmk1500: calls $3
*** TURN *** [5h Ad 4c] [Ah]
Rmk1500: checks
Dennis410: bets $6
Rmk1500: calls $6
*** RIVER *** [5h Ad 4c Ah] [6d]
Rmk1500: checks
Dennis410: checks
*** SHOW DOWN ***
Rmk1500: shows [Tc Ks] (a pair of Aces)
Dennis410: shows [2d 5d] (two pair, Aces and Fives)
Dennis410 collected $29.50 from pot
*** SUMMARY ***
Total pot $30 | Rake $0.50
Board [5h Ad 4c Ah 6d]
Seat 2: Rmk1500 (big blind) showed [Tc Ks] and lost with a pair of Aces
Seat 4: Dennis410 (button) (small blind) showed [2d 5d] and won ($29.50) with two pair, Aces and Fives


