PokerStars Hand #175386912692:  Hold'em Limit ($3/$6 USD) - 2017/09/08 17:41:26 ET
Table 'Naos' 6-max Seat #6 is the button
Seat 4: Actionni13 ($150 in chips)
Seat 6: Pipimoni ($87.64 in chips)
Pipimoni: posts small blind $1
Actionni13: posts big blind $3
*** HOLE CARDS ***
Pipimoni: raises $3 to $6
Actionni13: calls $3
*** FLOP *** [4c 6c Js]
Actionni13: checks
Pipimoni: bets $3
Actionni13: calls $3
*** TURN *** [4c 6c Js] [9s]
Actionni13: checks
Pipimoni: checks
*** RIVER *** [4c 6c Js 9s] [As]
keeponflying joins the table at seat #3
Actionni13: checks
Pipimoni: bets $6
Actionni13: folds
Uncalled bet ($6) returned to Pipimoni
Pipimoni collected $17.64 from pot
*** SUMMARY ***
Total pot $18 | Rake $0.36
Board [4c 6c Js 9s As]
Seat 4: Actionni13 (big blind) folded on the River
Seat 6: Pipimoni (button) (small blind) collected ($17.64)


PokerStars Hand #175386895591:  Hold'em Limit ($3/$6 USD) - 2017/09/08 17:41:04 ET
Table 'Naos' 6-max Seat #4 is the button
Seat 4: Actionni13 ($151 in chips)
Seat 6: Pipimoni ($79 in chips)
Actionni13: posts small blind $1
Pipimoni: posts big blind $3
*** HOLE CARDS ***
Actionni13: raises $3 to $6
Pipimoni: calls $3
*** FLOP *** [5h 3s Ts]
Pipimoni: bets $3
Actionni13: calls $3
*** TURN *** [5h 3s Ts] [Ah]
Pipimoni: bets $6
Actionni13: folds
Uncalled bet ($6) returned to Pipimoni
Pipimoni collected $17.64 from pot
*** SUMMARY ***
Total pot $18 | Rake $0.36
Board [5h 3s Ts Ah]
Seat 4: Actionni13 (button) (small blind) folded on the Turn
Seat 6: Pipimoni (big blind) collected ($17.64)


PokerStars Hand #175386932433:  Hold'em Limit ($3/$6 USD) - 2017/09/08 17:41:52 ET
Table 'Naos' 6-max Seat #4 is the button
Seat 4: Actionni13 ($150 in chips)
Seat 6: Pipimoni ($96.28 in chips)
Actionni13: posts small blind $1
Pipimoni: posts big blind $3
*** HOLE CARDS ***
Actionni13: raises $3 to $6
Pipimoni: calls $3
*** FLOP *** [Kh 5c 3s]
Pipimoni: checks
Actionni13: bets $3
Pipimoni: folds
Uncalled bet ($3) returned to Actionni13
Actionni13 collected $11.76 from pot
Actionni13: doesn't show hand
*** SUMMARY ***
Total pot $12 | Rake $0.24
Board [Kh 5c 3s]
Seat 4: Actionni13 (button) (small blind) collected ($11.76)
Seat 6: Pipimoni (big blind) folded on the Flop


PokerStars Hand #175390145305:  Hold'em Limit ($3/$6 USD) - 2017/09/08 18:58:28 ET
Table 'Naos' 6-max Seat #6 is the button
Seat 1: favete lin ($232.15 in chips)
Seat 6: Pipimoni ($350.15 in chips)
Pipimoni: posts small blind $1
favete lin: posts big blind $3
*** HOLE CARDS ***
Pipimoni: raises $3 to $6
favete lin: calls $3
*** FLOP *** [Ts Js Ac]
favete lin: checks
Pipimoni: bets $3
favete lin: folds
Uncalled bet ($3) returned to Pipimoni
Pipimoni collected $11.76 from pot
*** SUMMARY ***
Total pot $12 | Rake $0.24
Board [Ts Js Ac]
Seat 1: favete lin (big blind) folded on the Flop
Seat 6: Pipimoni (button) (small blind) collected ($11.76)


PokerStars Hand #175390142659:  Hold'em Limit ($3/$6 USD) - 2017/09/08 18:58:23 ET
Table 'Naos' 6-max Seat #1 is the button
Seat 1: favete lin ($233.15 in chips)
Seat 6: Pipimoni ($349.15 in chips)
favete lin: posts small blind $1
Pipimoni: posts big blind $3
*** HOLE CARDS ***
favete lin: folds
Uncalled bet ($2) returned to Pipimoni
Pipimoni collected $2 from pot
*** SUMMARY ***
Total pot $2 | Rake $0
Seat 1: favete lin (button) (small blind) folded before Flop
Seat 6: Pipimoni (big blind) collected ($2)


PokerStars Hand #175391468091:  Hold'em Limit ($3/$6 USD) - 2017/09/08 19:34:30 ET
Table 'Naos' 6-max Seat #1 is the button
Seat 1: favete lin ($182.01 in chips)
Seat 5: mytuter ($74.75 in chips)
favete lin: posts small blind $1
mytuter: posts big blind $3
*** HOLE CARDS ***
favete lin: raises $3 to $6
mytuter: folds
Uncalled bet ($3) returned to favete lin
favete lin collected $6 from pot
favete lin: doesn't show hand
*** SUMMARY ***
Total pot $6 | Rake $0
Seat 1: favete lin (button) (small blind) collected ($6)
Seat 5: mytuter (big blind) folded before Flop


PokerStars Hand #175391456143:  Hold'em Limit ($3/$6 USD) - 2017/09/08 19:34:09 ET
Table 'Naos' 6-max Seat #5 is the button
Seat 1: favete lin ($182.26 in chips)
Seat 5: mytuter ($75 in chips)
mytuter: posts small blind $1
favete lin: posts big blind $3
ToDaFelt joins the table at seat #6
*** HOLE CARDS ***
mytuter: raises $3 to $6
favete lin: calls $3
*** FLOP *** [Ah 6h 7d]
favete lin: checks
mytuter: bets $3
favete lin: calls $3
*** TURN *** [Ah 6h 7d] [Ts]
favete lin: checks
mytuter: bets $6
favete lin: calls $6
*** RIVER *** [Ah 6h 7d Ts] [6d]
favete lin: checks
mytuter: checks
*** SHOW DOWN ***
favete lin: shows [8s Kh] (a pair of Sixes)
mytuter: shows [9d Kd] (a pair of Sixes)
favete lin collected $14.75 from pot
mytuter collected $14.75 from pot
*** SUMMARY ***
Total pot $30 | Rake $0.50
Board [Ah 6h 7d Ts 6d]
Seat 1: favete lin (big blind) showed [8s Kh] and won ($14.75) with a pair of Sixes
Seat 5: mytuter (button) (small blind) showed [9d Kd] and won ($14.75) with a pair of Sixes


PokerStars Hand #175391452520:  Hold'em Limit ($3/$6 USD) - 2017/09/08 19:34:03 ET
Table 'Naos' 6-max Seat #1 is the button
Seat 1: favete lin ($179.26 in chips)
Seat 5: mytuter ($78 in chips)
favete lin: posts small blind $1
mytuter: posts big blind $3
*** HOLE CARDS ***
favete lin: raises $3 to $6
mytuter: folds
Uncalled bet ($3) returned to favete lin
favete lin collected $6 from pot
favete lin: doesn't show hand
*** SUMMARY ***
Total pot $6 | Rake $0
Seat 1: favete lin (button) (small blind) collected ($6)
Seat 5: mytuter (big blind) folded before Flop


PokerStars Hand #175391985744:  Hold'em Limit ($3/$6 USD) - 2017/09/08 19:49:40 ET
Table 'Naos' 6-max Seat #1 is the button
Seat 1: favete lin ($113.73 in chips)
Seat 6: ToDaFelt ($123.35 in chips)
favete lin: posts small blind $1
karambakilla: is sitting out
ToDaFelt: posts big blind $3
*** HOLE CARDS ***
karambakilla leaves the table
favete lin: raises $3 to $6
ToDaFelt: folds
Uncalled bet ($3) returned to favete lin
favete lin collected $6 from pot
favete lin: doesn't show hand
*** SUMMARY ***
Total pot $6 | Rake $0
Seat 1: favete lin (button) (small blind) collected ($6)
Seat 6: ToDaFelt (big blind) folded before Flop


PokerStars Hand #175391992157:  Hold'em Limit ($3/$6 USD) - 2017/09/08 19:49:52 ET
Table 'Naos' 6-max Seat #6 is the button
Seat 1: favete lin ($116.73 in chips)
Seat 6: ToDaFelt ($120.35 in chips)
ToDaFelt: posts small blind $1
favete lin: posts big blind $3
*** HOLE CARDS ***
ToDaFelt: raises $3 to $6
mytuter joins the table at seat #2
favete lin: calls $3
*** FLOP *** [3c 9h 2h]
favete lin: checks
ToDaFelt: bets $3
favete lin: raises $3 to $6
ToDaFelt: calls $3
*** TURN *** [3c 9h 2h] [8d]
favete lin: bets $6
ToDaFelt: calls $6
*** RIVER *** [3c 9h 2h 8d] [6s]
favete lin: bets $6
ToDaFelt: calls $6
*** SHOW DOWN ***
favete lin: shows [3d 3h] (three of a kind, Threes)
ToDaFelt: mucks hand
favete lin collected $47.50 from pot
*** SUMMARY ***
Total pot $48 | Rake $0.50
Board [3c 9h 2h 8d 6s]
Seat 1: favete lin (big blind) showed [3d 3h] and won ($47.50) with three of a kind, Threes
Seat 6: ToDaFelt (button) (small blind) mucked


PokerStars Hand #175392052044:  Hold'em Limit ($3/$6 USD) - 2017/09/08 19:51:27 ET
Table 'Naos' 6-max Seat #2 is the button
Seat 1: favete lin ($110.23 in chips)
Seat 2: mytuter ($142 in chips)
mytuter: posts small blind $1
ToDaFelt: is sitting out
favete lin: posts big blind $3
*** HOLE CARDS ***
mytuter: folds
Uncalled bet ($2) returned to favete lin
ToDaFelt leaves the table
favete lin collected $2 from pot
favete lin: doesn't show hand
*** SUMMARY ***
Total pot $2 | Rake $0
Seat 1: favete lin (big blind) collected ($2)
Seat 2: mytuter (button) (small blind) folded before Flop


PokerStars Hand #175392055036:  Hold'em Limit ($3/$6 USD) - 2017/09/08 19:51:33 ET
Table 'Naos' 6-max Seat #1 is the button
Seat 1: favete lin ($111.23 in chips)
Seat 2: mytuter ($141 in chips)
favete lin: posts small blind $1
mytuter: posts big blind $3
*** HOLE CARDS ***
favete lin: raises $3 to $6
mytuter: raises $3 to $9
favete lin: calls $3
*** FLOP *** [8d 2s 9s]
ToDaFelt joins the table at seat #3
mytuter: bets $3
favete lin: calls $3
*** TURN *** [8d 2s 9s] [9d]
mytuter: bets $6
favete lin: folds
Uncalled bet ($6) returned to mytuter
mytuter collected $23.52 from pot
mytuter: doesn't show hand
*** SUMMARY ***
Total pot $24 | Rake $0.48
Board [8d 2s 9s 9d]
Seat 1: favete lin (button) (small blind) folded on the Turn
Seat 2: mytuter (big blind) collected ($23.52)


