PokerStars Hand #171523095249:  Hold'em Limit ($3/$6 USD) - 2017/06/08 17:00:44 ET
Table 'Naos' 6-max Seat #1 is the button
Seat 1: B_loJkl ($132.80 in chips)
Seat 2: CatPuppy1999 ($155.78 in chips)
B_loJkl: posts small blind $1
CatPuppy1999: posts big blind $3
*** HOLE CARDS ***
B_loJkl: raises $3 to $6
CatPuppy1999: folds
Uncalled bet ($3) returned to B_loJkl
B_loJkl collected $6 from pot
B_loJkl: doesn't show hand
*** SUMMARY ***
Total pot $6 | Rake $0
Seat 1: B_loJkl (button) (small blind) collected ($6)
Seat 2: CatPuppy1999 (big blind) folded before Flop


PokerStars Hand #171523101552:  Hold'em Limit ($3/$6 USD) - 2017/06/08 17:00:53 ET
Table 'Naos' 6-max Seat #2 is the button
Seat 1: B_loJkl ($135.80 in chips)
Seat 2: CatPuppy1999 ($152.78 in chips)
CatPuppy1999: posts small blind $1
B_loJkl: posts big blind $3
*** HOLE CARDS ***
CatPuppy1999: raises $3 to $6
B_loJkl: raises $3 to $9
CatPuppy1999: calls $3
*** FLOP *** [8d 6h Qd]
B_loJkl: bets $3
CatPuppy1999: raises $3 to $6
B_loJkl: raises $3 to $9
CatPuppy1999: calls $3
*** TURN *** [8d 6h Qd] [9h]
B_loJkl: bets $6
CatPuppy1999: calls $6
*** RIVER *** [8d 6h Qd 9h] [Td]
B_loJkl: bets $6
CatPuppy1999: raises $6 to $12
B_loJkl: folds
Uncalled bet ($6) returned to CatPuppy1999
CatPuppy1999 collected $59.50 from pot
CatPuppy1999: doesn't show hand
*** SUMMARY ***
Total pot $60 | Rake $0.50
Board [8d 6h Qd 9h Td]
Seat 1: B_loJkl (big blind) folded on the River
Seat 2: CatPuppy1999 (button) (small blind) collected ($59.50)


PokerStars Hand #171528278470:  Hold'em Limit ($3/$6 USD) - 2017/06/08 19:00:15 ET
Table 'Naos' 6-max Seat #6 is the button
Seat 4: Actionni13 ($150 in chips)
Seat 6: sda.80.16 ($142.92 in chips)
sda.80.16: posts small blind $1
Actionni13: posts big blind $3
*** HOLE CARDS ***
sda.80.16: raises $3 to $6
Actionni13: folds
Uncalled bet ($3) returned to sda.80.16
sda.80.16 collected $6 from pot
sda.80.16: doesn't show hand
*** SUMMARY ***
Total pot $6 | Rake $0
Seat 4: Actionni13 (big blind) folded before Flop
Seat 6: sda.80.16 (button) (small blind) collected ($6)


PokerStars Hand #171528313261:  Hold'em Limit ($3/$6 USD) - 2017/06/08 19:01:17 ET
Table 'Naos' 6-max Seat #6 is the button
Seat 4: Actionni13 ($154.76 in chips)
Seat 6: sda.80.16 ($140.68 in chips)
sda.80.16: posts small blind $1
Actionni13: posts big blind $3
*** HOLE CARDS ***
sda.80.16: raises $3 to $6
Actionni13: calls $3
*** FLOP *** [7h 7d 9h]
Actionni13: checks
sda.80.16: bets $3
Actionni13: calls $3
*** TURN *** [7h 7d 9h] [4h]
Actionni13: checks
sda.80.16: bets $6
Actionni13: calls $6
*** RIVER *** [7h 7d 9h 4h] [5d]
Actionni13: checks
sda.80.16: bets $6
Actionni13: calls $6
*** SHOW DOWN ***
sda.80.16: shows [6c Jd] (a pair of Sevens)
Actionni13: shows [4d Ac] (two pair, Sevens and Fours)
Actionni13 collected $41.50 from pot
*** SUMMARY ***
Total pot $42 | Rake $0.50
Board [7h 7d 9h 4h 5d]
Seat 4: Actionni13 (big blind) showed [4d Ac] and won ($41.50) with two pair, Sevens and Fours
Seat 6: sda.80.16 (button) (small blind) showed [6c Jd] and lost with a pair of Sevens


PokerStars Hand #171528309562:  Hold'em Limit ($3/$6 USD) - 2017/06/08 19:01:11 ET
Table 'Naos' 6-max Seat #4 is the button
Seat 4: Actionni13 ($151.76 in chips)
Seat 6: sda.80.16 ($143.68 in chips)
Actionni13: posts small blind $1
sda.80.16: posts big blind $3
*** HOLE CARDS ***
Actionni13: raises $3 to $6
sda.80.16: folds
Uncalled bet ($3) returned to Actionni13
Actionni13 collected $6 from pot
Actionni13: doesn't show hand
*** SUMMARY ***
Total pot $6 | Rake $0
Seat 4: Actionni13 (button) (small blind) collected ($6)
Seat 6: sda.80.16 (big blind) folded before Flop


PokerStars Hand #171528306495:  Hold'em Limit ($3/$6 USD) - 2017/06/08 19:01:06 ET
Table 'Naos' 6-max Seat #6 is the button
Seat 4: Actionni13 ($150.76 in chips)
Seat 6: sda.80.16 ($144.68 in chips)
sda.80.16: posts small blind $1
Actionni13: posts big blind $3
*** HOLE CARDS ***
sda.80.16: folds
Uncalled bet ($2) returned to Actionni13
Actionni13 collected $2 from pot
Actionni13: doesn't show hand
*** SUMMARY ***
Total pot $2 | Rake $0
Seat 4: Actionni13 (big blind) collected ($2)
Seat 6: sda.80.16 (button) (small blind) folded before Flop


PokerStars Hand #171528296640:  Hold'em Limit ($3/$6 USD) - 2017/06/08 19:00:49 ET
Table 'Naos' 6-max Seat #4 is the button
Seat 4: Actionni13 ($156.76 in chips)
Seat 6: sda.80.16 ($138.92 in chips)
Actionni13: posts small blind $1
sda.80.16: posts big blind $3
*** HOLE CARDS ***
Actionni13: raises $3 to $6
sda.80.16: calls $3
*** FLOP *** [2d 3s 3h]
sda.80.16: checks
Actionni13: checks
*** TURN *** [2d 3s 3h] [6h]
sda.80.16: checks
Actionni13: checks
*** RIVER *** [2d 3s 3h 6h] [Ks]
sda.80.16: checks
Actionni13: checks
*** SHOW DOWN ***
sda.80.16: shows [Ad 9s] (a pair of Threes)
Actionni13: mucks hand
sda.80.16 collected $11.76 from pot
*** SUMMARY ***
Total pot $12 | Rake $0.24
Board [2d 3s 3h 6h Ks]
Seat 4: Actionni13 (button) (small blind) mucked
Seat 6: sda.80.16 (big blind) showed [Ad 9s] and won ($11.76) with a pair of Threes


PokerStars Hand #171528293815:  Hold'em Limit ($3/$6 USD) - 2017/06/08 19:00:44 ET
Table 'Naos' 6-max Seat #6 is the button
Seat 4: Actionni13 ($155.76 in chips)
Seat 6: sda.80.16 ($139.92 in chips)
sda.80.16: posts small blind $1
Actionni13: posts big blind $3
*** HOLE CARDS ***
sda.80.16: folds
Uncalled bet ($2) returned to Actionni13
Actionni13 collected $2 from pot
Actionni13: doesn't show hand
*** SUMMARY ***
Total pot $2 | Rake $0
Seat 4: Actionni13 (big blind) collected ($2)
Seat 6: sda.80.16 (button) (small blind) folded before Flop


PokerStars Hand #171528286821:  Hold'em Limit ($3/$6 USD) - 2017/06/08 19:00:31 ET
Table 'Naos' 6-max Seat #4 is the button
Seat 4: Actionni13 ($150 in chips)
Seat 6: sda.80.16 ($145.92 in chips)
Actionni13: posts small blind $1
sda.80.16: posts big blind $3
*** HOLE CARDS ***
Actionni13: raises $3 to $6
sda.80.16: calls $3
*** FLOP *** [5h As 5c]
sda.80.16: checks
Actionni13: bets $3
sda.80.16: folds
Uncalled bet ($3) returned to Actionni13
Actionni13 collected $11.76 from pot
Actionni13: doesn't show hand
*** SUMMARY ***
Total pot $12 | Rake $0.24
Board [5h As 5c]
Seat 4: Actionni13 (button) (small blind) collected ($11.76)
Seat 6: sda.80.16 (big blind) folded on the Flop


PokerStars Hand #171528339874:  Hold'em Limit ($3/$6 USD) - 2017/06/08 19:02:03 ET
Table 'Naos' 6-max Seat #6 is the button
Seat 4: Actionni13 ($169.26 in chips)
Seat 6: sda.80.16 ($125.44 in chips)
sda.80.16: posts small blind $1
Actionni13: posts big blind $3
*** HOLE CARDS ***
belik555 joins the table at seat #1
sda.80.16: folds
Uncalled bet ($2) returned to Actionni13
Actionni13 collected $2 from pot
Actionni13: doesn't show hand
*** SUMMARY ***
Total pot $2 | Rake $0
Seat 4: Actionni13 (big blind) collected ($2)
Seat 6: sda.80.16 (button) (small blind) folded before Flop


PokerStars Hand #171528325262:  Hold'em Limit ($3/$6 USD) - 2017/06/08 19:01:38 ET
Table 'Naos' 6-max Seat #4 is the button
Seat 4: Actionni13 ($175.26 in chips)
Seat 6: sda.80.16 ($119.68 in chips)
Actionni13: posts small blind $1
sda.80.16: posts big blind $3
*** HOLE CARDS ***
Actionni13: raises $3 to $6
sda.80.16: calls $3
*** FLOP *** [8c 3c 4h]
sda.80.16: checks
Actionni13: checks
*** TURN *** [8c 3c 4h] [9h]
sda.80.16: bets $6
Actionni13: folds
Uncalled bet ($6) returned to sda.80.16
sda.80.16 collected $11.76 from pot
sda.80.16: doesn't show hand
*** SUMMARY ***
Total pot $12 | Rake $0.24
Board [8c 3c 4h 9h]
Seat 4: Actionni13 (button) (small blind) folded on the Turn
Seat 6: sda.80.16 (big blind) collected ($11.76)


PokerStars Hand #171528342813:  Hold'em Limit ($3/$6 USD) - 2017/06/08 19:02:08 ET
Table 'Naos' 6-max Seat #4 is the button
Seat 4: Actionni13 ($170.26 in chips)
Seat 6: sda.80.16 ($124.44 in chips)
Actionni13: posts small blind $1
sda.80.16: posts big blind $3
*** HOLE CARDS ***
Actionni13: folds
Uncalled bet ($2) returned to sda.80.16
sda.80.16 collected $2 from pot
sda.80.16: doesn't show hand
*** SUMMARY ***
Total pot $2 | Rake $0
Seat 4: Actionni13 (button) (small blind) folded before Flop
Seat 6: sda.80.16 (big blind) collected ($2)


