PokerStars Hand #175397628599:  Hold'em Limit ($3/$6 USD) - 2017/09/08 23:36:49 ET
Table 'Naos' 6-max Seat #1 is the button
Seat 1: hooverr ($91.02 in chips)
Seat 4: Chessnok ($153.71 in chips)
hooverr: posts small blind $1
Chessnok: posts big blind $3
*** HOLE CARDS ***
hooverr: raises $3 to $6
Chessnok: calls $3
*** FLOP *** [8h 6h 4s]
Chessnok: checks
hooverr: checks
*** TURN *** [8h 6h 4s] [Ks]
Chessnok: checks
hooverr: checks
*** RIVER *** [8h 6h 4s Ks] [9d]
Chessnok: bets $6
hooverr: folds
Uncalled bet ($6) returned to Chessnok
Chessnok collected $11.76 from pot
Chessnok: doesn't show hand
*** SUMMARY ***
Total pot $12 | Rake $0.24
Board [8h 6h 4s Ks 9d]
Seat 1: hooverr (button) (small blind) folded on the River
Seat 4: Chessnok (big blind) collected ($11.76)


PokerStars Hand #175397622130:  Hold'em Limit ($3/$6 USD) - 2017/09/08 23:36:28 ET
Table 'Naos' 6-max Seat #4 is the button
Seat 1: hooverr ($109.02 in chips)
Seat 4: Chessnok ($136.21 in chips)
Chessnok: posts small blind $1
hooverr: posts big blind $3
*** HOLE CARDS ***
Chessnok: raises $3 to $6
hooverr: raises $3 to $9
Chessnok: calls $3
*** FLOP *** [9s Tc Kc]
hooverr: bets $3
Chessnok: calls $3
*** TURN *** [9s Tc Kc] [5d]
hooverr: checks
Chessnok: checks
*** RIVER *** [9s Tc Kc 5d] [3h]
hooverr: bets $6
Chessnok: calls $6
*** SHOW DOWN ***
hooverr: shows [Ah 4d] (high card Ace)
Chessnok: shows [Jd Ac] (high card Ace - King+Jack kicker)
Chessnok collected $35.50 from pot
*** SUMMARY ***
Total pot $36 | Rake $0.50
Board [9s Tc Kc 5d 3h]
Seat 1: hooverr (big blind) showed [Ah 4d] and lost with high card Ace
Seat 4: Chessnok (button) (small blind) showed [Jd Ac] and won ($35.50) with high card Ace


PokerStars Hand #175397616506:  Hold'em Limit ($3/$6 USD) - 2017/09/08 23:36:09 ET
Table 'Naos' 6-max Seat #1 is the button
Seat 1: hooverr ($127.02 in chips)
Seat 4: Chessnok ($118.71 in chips)
hooverr: posts small blind $1
Chessnok: posts big blind $3
Kon$tanio$ leaves the table
*** HOLE CARDS ***
hooverr: raises $3 to $6
Chessnok: raises $3 to $9
hooverr: calls $3
*** FLOP *** [Ks 2d As]
Chessnok: bets $3
hooverr: calls $3
*** TURN *** [Ks 2d As] [6s]
Chessnok: checks
hooverr: checks
*** RIVER *** [Ks 2d As 6s] [5s]
Chessnok: bets $6
hooverr: calls $6
*** SHOW DOWN ***
Chessnok: shows [Js Jd] (a flush, Ace high)
hooverr: mucks hand
Chessnok collected $35.50 from pot
*** SUMMARY ***
Total pot $36 | Rake $0.50
Board [Ks 2d As 6s 5s]
Seat 1: hooverr (button) (small blind) mucked
Seat 4: Chessnok (big blind) showed [Js Jd] and won ($35.50) with a flush, Ace high


PokerStars Hand #175397648264:  Hold'em Limit ($3/$6 USD) - 2017/09/08 23:37:53 ET
Table 'Naos' 6-max Seat #1 is the button
Seat 1: hooverr ($97.52 in chips)
Seat 4: Chessnok ($146.23 in chips)
hooverr: posts small blind $1
Chessnok: posts big blind $3
*** HOLE CARDS ***
hooverr: folds
Uncalled bet ($2) returned to Chessnok
Chessnok collected $2 from pot
Chessnok: doesn't show hand
*** SUMMARY ***
Total pot $2 | Rake $0
Seat 1: hooverr (button) (small blind) folded before Flop
Seat 4: Chessnok (big blind) collected ($2)


PokerStars Hand #175397646061:  Hold'em Limit ($3/$6 USD) - 2017/09/08 23:37:45 ET
Table 'Naos' 6-max Seat #4 is the button
Seat 1: hooverr ($96.52 in chips)
Seat 4: Chessnok ($147.23 in chips)
Chessnok: posts small blind $1
hooverr: posts big blind $3
*** HOLE CARDS ***
Chessnok: folds
Uncalled bet ($2) returned to hooverr
hooverr collected $2 from pot
hooverr: doesn't show hand
*** SUMMARY ***
Total pot $2 | Rake $0
Seat 1: hooverr (big blind) collected ($2)
Seat 4: Chessnok (button) (small blind) folded before Flop


PokerStars Hand #175397638247:  Hold'em Limit ($3/$6 USD) - 2017/09/08 23:37:20 ET
Table 'Naos' 6-max Seat #1 is the button
Seat 1: hooverr ($79.02 in chips)
Seat 4: Chessnok ($165.23 in chips)
hooverr: posts small blind $1
Chessnok: posts big blind $3
*** HOLE CARDS ***
hooverr: raises $3 to $6
Chessnok: calls $3
*** FLOP *** [2d 9s 6s]
Chessnok: checks
hooverr: checks
*** TURN *** [2d 9s 6s] [5c]
Chessnok: checks
hooverr: bets $6
Chessnok: calls $6
*** RIVER *** [2d 9s 6s 5c] [Js]
Chessnok: checks
hooverr: bets $6
Chessnok: calls $6
*** SHOW DOWN ***
hooverr: shows [5d Qd] (a pair of Fives)
Chessnok: mucks hand
hooverr collected $35.50 from pot
*** SUMMARY ***
Total pot $36 | Rake $0.50
Board [2d 9s 6s 5c Js]
Seat 1: hooverr (button) (small blind) showed [5d Qd] and won ($35.50) with a pair of Fives
Seat 4: Chessnok (big blind) mucked


PokerStars Hand #175397634683:  Hold'em Limit ($3/$6 USD) - 2017/09/08 23:37:09 ET
Table 'Naos' 6-max Seat #4 is the button
Seat 1: hooverr ($85.02 in chips)
Seat 4: Chessnok ($159.47 in chips)
Chessnok: posts small blind $1
hooverr: posts big blind $3
*** HOLE CARDS ***
Chessnok: raises $3 to $6
hooverr: calls $3
*** FLOP *** [Ts Td Tc]
hooverr: checks
Chessnok: bets $3
hooverr: folds
Uncalled bet ($3) returned to Chessnok
Chessnok collected $11.76 from pot
Chessnok: doesn't show hand
*** SUMMARY ***
Total pot $12 | Rake $0.24
Board [Ts Td Tc]
Seat 1: hooverr (big blind) folded on the Flop
Seat 4: Chessnok (button) (small blind) collected ($11.76)


PokerStars Hand #175397650362:  Hold'em Limit ($3/$6 USD) - 2017/09/08 23:37:59 ET
Table 'Naos' 6-max Seat #4 is the button
Seat 1: hooverr ($96.52 in chips)
Seat 4: Chessnok ($147.23 in chips)
Chessnok: posts small blind $1
hooverr: posts big blind $3
*** HOLE CARDS ***
Chessnok: raises $3 to $6
hooverr: calls $3
*** FLOP *** [Qh 3s Js]
hooverr: checks
Chessnok: bets $3
hooverr: calls $3
*** TURN *** [Qh 3s Js] [Ah]
hooverr: checks
Chessnok: bets $6
hooverr: folds
Uncalled bet ($6) returned to Chessnok
Chessnok collected $17.64 from pot
Chessnok: doesn't show hand
*** SUMMARY ***
Total pot $18 | Rake $0.36
Board [Qh 3s Js Ah]
Seat 1: hooverr (big blind) folded on the Turn
Seat 4: Chessnok (button) (small blind) collected ($17.64)


PokerStars Hand #175397658085:  Hold'em Limit ($3/$6 USD) - 2017/09/08 23:38:24 ET
Table 'Naos' 6-max Seat #1 is the button
Seat 1: hooverr ($87.52 in chips)
Seat 4: Chessnok ($155.87 in chips)
hooverr: posts small blind $1
Chessnok: posts big blind $3
*** HOLE CARDS ***
hooverr: raises $3 to $6
Chessnok: calls $3
*** FLOP *** [3h Ad 7h]
Chessnok: checks
hooverr: bets $3
Chessnok: calls $3
*** TURN *** [3h Ad 7h] [6d]
Chessnok: checks
hooverr: bets $6
Chessnok: calls $6
*** RIVER *** [3h Ad 7h 6d] [Th]
Chessnok: checks
hooverr: bets $6
Chessnok: calls $6
*** SHOW DOWN ***
hooverr: shows [5h 6h] (a flush, Ten high)
Chessnok: mucks hand
hooverr collected $41.50 from pot
*** SUMMARY ***
Total pot $42 | Rake $0.50
Board [3h Ad 7h 6d Th]
Seat 1: hooverr (button) (small blind) showed [5h 6h] and won ($41.50) with a flush, Ten high
Seat 4: Chessnok (big blind) mucked


PokerStars Hand #175397669189:  Hold'em Limit ($3/$6 USD) - 2017/09/08 23:39:01 ET
Table 'Naos' 6-max Seat #4 is the button
Seat 1: hooverr ($108.02 in chips)
Seat 4: Chessnok ($134.87 in chips)
Chessnok: posts small blind $1
hooverr: posts big blind $3
*** HOLE CARDS ***
Chessnok: raises $3 to $6
hooverr: folds
Uncalled bet ($3) returned to Chessnok
Chessnok collected $6 from pot
Chessnok: doesn't show hand
*** SUMMARY ***
Total pot $6 | Rake $0
Seat 1: hooverr (big blind) folded before Flop
Seat 4: Chessnok (button) (small blind) collected ($6)


PokerStars Hand #175397677482:  Hold'em Limit ($3/$6 USD) - 2017/09/08 23:39:28 ET
Table 'Naos' 6-max Seat #4 is the button
Seat 1: hooverr ($96.02 in chips)
Seat 4: Chessnok ($146.51 in chips)
Chessnok: posts small blind $1
hooverr: posts big blind $3
*** HOLE CARDS ***
Chessnok: raises $3 to $6
hooverr: folds
Uncalled bet ($3) returned to Chessnok
Chessnok collected $6 from pot
*** SUMMARY ***
Total pot $6 | Rake $0
Seat 1: hooverr (big blind) folded before Flop
Seat 4: Chessnok (button) (small blind) collected ($6)


PokerStars Hand #175397679433:  Hold'em Limit ($3/$6 USD) - 2017/09/08 23:39:35 ET
Table 'Naos' 6-max Seat #1 is the button
Seat 1: hooverr ($93.02 in chips)
Seat 4: Chessnok ($149.51 in chips)
hooverr: posts small blind $1
Chessnok: posts big blind $3
*** HOLE CARDS ***
hooverr: raises $3 to $6
Chessnok: calls $3
*** FLOP *** [6h Ts 3d]
Chessnok: checks
hooverr: checks
*** TURN *** [6h Ts 3d] [Qc]
Chessnok: checks
hooverr: checks
*** RIVER *** [6h Ts 3d Qc] [Js]
Chessnok: checks
hooverr: checks
*** SHOW DOWN ***
Chessnok: shows [3c 7c] (a pair of Threes)
hooverr: mucks hand
Chessnok collected $11.76 from pot
*** SUMMARY ***
Total pot $12 | Rake $0.24
Board [6h Ts 3d Qc Js]
Seat 1: hooverr (button) (small blind) mucked
Seat 4: Chessnok (big blind) showed [3c 7c] and won ($11.76) with a pair of Threes


PokerStars Hand #175397672082:  Hold'em Limit ($3/$6 USD) - 2017/09/08 23:39:10 ET
Table 'Naos' 6-max Seat #1 is the button
Seat 1: hooverr ($105.02 in chips)
Seat 4: Chessnok ($137.87 in chips)
hooverr: posts small blind $1
Chessnok: posts big blind $3
*** HOLE CARDS ***
hooverr: raises $3 to $6
Chessnok: raises $3 to $9
hooverr: calls $3
*** FLOP *** [7s 7d 8c]
Chessnok: bets $3
hooverr: folds
Uncalled bet ($3) returned to Chessnok
Chessnok collected $17.64 from pot
Chessnok: doesn't show hand
*** SUMMARY ***
Total pot $18 | Rake $0.36
Board [7s 7d 8c]
Seat 1: hooverr (button) (small blind) folded on the Flop
Seat 4: Chessnok (big blind) collected ($17.64)


PokerStars Hand #175397685308:  Hold'em Limit ($3/$6 USD) - 2017/09/08 23:39:53 ET
Table 'Naos' 6-max Seat #4 is the button
Seat 1: hooverr ($87.02 in chips)
Seat 4: Chessnok ($155.27 in chips)
Chessnok: posts small blind $1
hooverr: posts big blind $3
*** HOLE CARDS ***
Chessnok: raises $3 to $6
hooverr: calls $3
*** FLOP *** [7h Ac 5h]
hooverr: checks
Chessnok: bets $3
hooverr: calls $3
*** TURN *** [7h Ac 5h] [Qh]
WWF QUEEN joins the table at seat #5
hooverr: checks
Chessnok: checks
*** RIVER *** [7h Ac 5h Qh] [2s]
hooverr: bets $6
Chessnok: folds
Uncalled bet ($6) returned to hooverr
hooverr collected $17.64 from pot
hooverr: doesn't show hand
*** SUMMARY ***
Total pot $18 | Rake $0.36
Board [7h Ac 5h Qh 2s]
Seat 1: hooverr (big blind) collected ($17.64)
Seat 4: Chessnok (button) (small blind) folded on the River


PokerStars Hand #175397692787:  Hold'em Limit ($3/$6 USD) - 2017/09/08 23:40:18 ET
Table 'Naos' 6-max Seat #1 is the button
Seat 1: hooverr ($95.66 in chips)
Seat 4: Chessnok ($146.27 in chips)
hooverr: posts small blind $1
Chessnok: posts big blind $3
*** HOLE CARDS ***
hooverr: raises $3 to $6
Chessnok: raises $3 to $9
hooverr: calls $3
*** FLOP *** [Kh 3h 9s]
Chessnok: bets $3
hooverr: folds
Uncalled bet ($3) returned to Chessnok
Chessnok collected $17.64 from pot
Chessnok: doesn't show hand
*** SUMMARY ***
Total pot $18 | Rake $0.36
Board [Kh 3h 9s]
Seat 1: hooverr (button) (small blind) folded on the Flop
Seat 4: Chessnok (big blind) collected ($17.64)


PokerStars Hand #175397729031:  Hold'em Limit ($3/$6 USD) - 2017/09/08 23:42:18 ET
Table 'Naos' 6-max Seat #1 is the button
Seat 1: hooverr ($52.66 in chips)
Seat 4: Chessnok ($218 in chips)
hooverr: posts small blind $1
Chessnok: posts big blind $3
*** HOLE CARDS ***
hooverr: folds
Uncalled bet ($2) returned to Chessnok
Chessnok collected $2 from pot
Chessnok: doesn't show hand
*** SUMMARY ***
Total pot $2 | Rake $0
Seat 1: hooverr (button) (small blind) folded before Flop
Seat 4: Chessnok (big blind) collected ($2)


PokerStars Hand #175397726510:  Hold'em Limit ($3/$6 USD) - 2017/09/08 23:42:10 ET
Table 'Naos' 6-max Seat #4 is the button
Seat 1: hooverr ($55.66 in chips)
Seat 4: Chessnok ($215 in chips)
Chessnok: posts small blind $1
hooverr: posts big blind $3
*** HOLE CARDS ***
Chessnok: raises $3 to $6
hooverr: folds
Uncalled bet ($3) returned to Chessnok
Chessnok collected $6 from pot
Chessnok: doesn't show hand
WWF QUEEN leaves the table
*** SUMMARY ***
Total pot $6 | Rake $0
Seat 1: hooverr (big blind) folded before Flop
Seat 4: Chessnok (button) (small blind) collected ($6)


PokerStars Hand #175397742700:  Hold'em Limit ($3/$6 USD) - 2017/09/08 23:43:04 ET
Table 'Naos' 6-max Seat #4 is the button
Seat 1: hooverr ($37.66 in chips)
Seat 4: Chessnok ($232.64 in chips)
Chessnok: posts small blind $1
hooverr: posts big blind $3
*** HOLE CARDS ***
Chessnok: raises $3 to $6
hooverr: raises $3 to $9
Chessnok: calls $3
*** FLOP *** [Tc Ah 3h]
hooverr: bets $3
Chessnok: folds
Uncalled bet ($3) returned to hooverr
hooverr collected $17.64 from pot
hooverr: doesn't show hand
*** SUMMARY ***
Total pot $18 | Rake $0.36
Board [Tc Ah 3h]
Seat 1: hooverr (big blind) collected ($17.64)
Seat 4: Chessnok (button) (small blind) folded on the Flop


PokerStars Hand #175397737995:  Hold'em Limit ($3/$6 USD) - 2017/09/08 23:42:48 ET
Table 'Naos' 6-max Seat #1 is the button
Seat 1: hooverr ($42.66 in chips)
Seat 4: Chessnok ($227.64 in chips)
hooverr: posts small blind $1
Chessnok: posts big blind $3
*** HOLE CARDS ***
hooverr: folds
Uncalled bet ($2) returned to Chessnok
Chessnok collected $2 from pot
Chessnok: doesn't show hand
*** SUMMARY ***
Total pot $2 | Rake $0
Seat 1: hooverr (button) (small blind) folded before Flop
Seat 4: Chessnok (big blind) collected ($2)


PokerStars Hand #175397730592:  Hold'em Limit ($3/$6 USD) - 2017/09/08 23:42:24 ET
Table 'Naos' 6-max Seat #4 is the button
Seat 1: hooverr ($51.66 in chips)
Seat 4: Chessnok ($219 in chips)
Chessnok: posts small blind $1
hooverr: posts big blind $3
*** HOLE CARDS ***
Chessnok: raises $3 to $6
hooverr: calls $3
*** FLOP *** [5s 4h 3s]
hooverr: checks
Chessnok: bets $3
hooverr: calls $3
*** TURN *** [5s 4h 3s] [8h]
hooverr: checks
Chessnok: checks
*** RIVER *** [5s 4h 3s 8h] [5d]
hooverr: checks
Chessnok: checks
*** SHOW DOWN ***
hooverr: shows [9d Td] (a pair of Fives)
Chessnok: shows [7c Kh] (a pair of Fives - King kicker)
Chessnok collected $17.64 from pot
*** SUMMARY ***
Total pot $18 | Rake $0.36
Board [5s 4h 3s 8h 5d]
Seat 1: hooverr (big blind) showed [9d Td] and lost with a pair of Fives
Seat 4: Chessnok (button) (small blind) showed [7c Kh] and won ($17.64) with a pair of Fives


PokerStars Hand #175397741246:  Hold'em Limit ($3/$6 USD) - 2017/09/08 23:42:59 ET
Table 'Naos' 6-max Seat #1 is the button
Seat 1: hooverr ($38.66 in chips)
Seat 4: Chessnok ($231.64 in chips)
hooverr: posts small blind $1
Chessnok: posts big blind $3
*** HOLE CARDS ***
hooverr: folds
Uncalled bet ($2) returned to Chessnok
Chessnok collected $2 from pot
Chessnok: doesn't show hand
*** SUMMARY ***
Total pot $2 | Rake $0
Seat 1: hooverr (button) (small blind) folded before Flop
Seat 4: Chessnok (big blind) collected ($2)


PokerStars Hand #175397739717:  Hold'em Limit ($3/$6 USD) - 2017/09/08 23:42:54 ET
Table 'Naos' 6-max Seat #4 is the button
Seat 1: hooverr ($41.66 in chips)
Seat 4: Chessnok ($228.64 in chips)
Chessnok: posts small blind $1
hooverr: posts big blind $3
*** HOLE CARDS ***
Chessnok: raises $3 to $6
hooverr: folds
Uncalled bet ($3) returned to Chessnok
Chessnok collected $6 from pot
Chessnok: doesn't show hand
*** SUMMARY ***
Total pot $6 | Rake $0
Seat 1: hooverr (big blind) folded before Flop
Seat 4: Chessnok (button) (small blind) collected ($6)


PokerStars Hand #175397749019:  Hold'em Limit ($3/$6 USD) - 2017/09/08 23:43:26 ET
Table 'Naos' 6-max Seat #4 is the button
Seat 1: hooverr ($49.30 in chips)
Seat 4: Chessnok ($220.64 in chips)
Chessnok: posts small blind $1
hooverr: posts big blind $3
*** HOLE CARDS ***
Chessnok: raises $3 to $6
hooverr: raises $3 to $9
Chessnok: calls $3
*** FLOP *** [Qs 6d Th]
hooverr: bets $3
Chessnok: calls $3
*** TURN *** [Qs 6d Th] [2c]
hooverr: checks
Chessnok: bets $6
hooverr: calls $6
*** RIVER *** [Qs 6d Th 2c] [8d]
hooverr: checks
Chessnok: bets $6
hooverr: calls $6
*** SHOW DOWN ***
Chessnok: shows [Tc 9d] (a pair of Tens)
hooverr: mucks hand
Chessnok collected $47.50 from pot
*** SUMMARY ***
Total pot $48 | Rake $0.50
Board [Qs 6d Th 2c 8d]
Seat 1: hooverr (big blind) mucked
Seat 4: Chessnok (button) (small blind) showed [Tc 9d] and won ($47.50) with a pair of Tens


PokerStars Hand #175397746543:  Hold'em Limit ($3/$6 USD) - 2017/09/08 23:43:17 ET
Table 'Naos' 6-max Seat #1 is the button
Seat 1: hooverr ($46.30 in chips)
Seat 4: Chessnok ($223.64 in chips)
hooverr: posts small blind $1
Chessnok: posts big blind $3
*** HOLE CARDS ***
hooverr: raises $3 to $6
Chessnok: folds
Uncalled bet ($3) returned to hooverr
hooverr collected $6 from pot
hooverr: doesn't show hand
*** SUMMARY ***
Total pot $6 | Rake $0
Seat 1: hooverr (button) (small blind) collected ($6)
Seat 4: Chessnok (big blind) folded before Flop


PokerStars Hand #175397759478:  Hold'em Limit ($3/$6 USD) - 2017/09/08 23:44:00 ET
Table 'Naos' 6-max Seat #1 is the button
Seat 1: hooverr ($25.30 in chips)
Seat 4: Chessnok ($244.14 in chips)
hooverr: posts small blind $1
Chessnok: posts big blind $3
*** HOLE CARDS ***
hooverr: raises $3 to $6
Chessnok: calls $3
*** FLOP *** [2d 7d 4d]
Chessnok: checks
hooverr: bets $3
Chessnok: calls $3
*** TURN *** [2d 7d 4d] [5s]
Chessnok: checks
hooverr: checks
*** RIVER *** [2d 7d 4d 5s] [Kd]
Chessnok: bets $6
hooverr: raises $6 to $12
Chessnok: calls $6
*** SHOW DOWN ***
hooverr: shows [Ad Qd] (a flush, Ace high)
Chessnok: mucks hand
hooverr collected $41.50 from pot
*** SUMMARY ***
Total pot $42 | Rake $0.50
Board [2d 7d 4d 5s Kd]
Seat 1: hooverr (button) (small blind) showed [Ad Qd] and won ($41.50) with a flush, Ace high
Seat 4: Chessnok (big blind) mucked


PokerStars Hand #175397766672:  Hold'em Limit ($3/$6 USD) - 2017/09/08 23:44:24 ET
Table 'Naos' 6-max Seat #4 is the button
Seat 1: hooverr ($45.80 in chips)
Seat 4: Chessnok ($223.14 in chips)
Chessnok: posts small blind $1
hooverr: posts big blind $3
*** HOLE CARDS ***
Chessnok: raises $3 to $6
hooverr: folds
Uncalled bet ($3) returned to Chessnok
Chessnok collected $6 from pot
Chessnok: doesn't show hand
*** SUMMARY ***
Total pot $6 | Rake $0
Seat 1: hooverr (big blind) folded before Flop
Seat 4: Chessnok (button) (small blind) collected ($6)


PokerStars Hand #175397768342:  Hold'em Limit ($3/$6 USD) - 2017/09/08 23:44:30 ET
Table 'Naos' 6-max Seat #1 is the button
Seat 1: hooverr ($42.80 in chips)
Seat 4: Chessnok ($226.14 in chips)
hooverr: posts small blind $1
Chessnok: posts big blind $3
*** HOLE CARDS ***
hooverr: raises $3 to $6
Chessnok: raises $3 to $9
hooverr: calls $3
*** FLOP *** [Th Ts 8c]
Chessnok: bets $3
hooverr: raises $3 to $6
Chessnok: calls $3
*** TURN *** [Th Ts 8c] [7s]
Chessnok: checks
hooverr: bets $6
Chessnok: calls $6
*** RIVER *** [Th Ts 8c 7s] [6d]
Chessnok: bets $6
hooverr: calls $6
*** SHOW DOWN ***
Chessnok: shows [6h 6c] (a full house, Sixes full of Tens)
hooverr: mucks hand
Chessnok collected $53.50 from pot
*** SUMMARY ***
Total pot $54 | Rake $0.50
Board [Th Ts 8c 7s 6d]
Seat 1: hooverr (button) (small blind) mucked
Seat 4: Chessnok (big blind) showed [6h 6c] and won ($53.50) with a full house, Sixes full of Tens


PokerStars Hand #175397776292:  Hold'em Limit ($3/$6 USD) - 2017/09/08 23:44:59 ET
Table 'Naos' 6-max Seat #4 is the button
Seat 1: hooverr ($15.80 in chips)
Seat 4: Chessnok ($252.64 in chips)
Chessnok: posts small blind $1
hooverr: posts big blind $3
*** HOLE CARDS ***
Chessnok: raises $3 to $6
hooverr: calls $3
*** FLOP *** [5c 7s Ks]
hooverr: checks
Chessnok: bets $3
hooverr: raises $3 to $6
Chessnok: calls $3
*** TURN *** [5c 7s Ks] [6d]
hooverr: bets $3.80 and is all-in
Chessnok: calls $3.80
*** RIVER *** [5c 7s Ks 6d] [3h]
*** SHOW DOWN ***
hooverr: shows [7c Qh] (a pair of Sevens)
Chessnok: shows [Kh 7d] (two pair, Kings and Sevens)
Chessnok collected $31.10 from pot
*** SUMMARY ***
Total pot $31.60 | Rake $0.50
Board [5c 7s Ks 6d 3h]
Seat 1: hooverr (big blind) showed [7c Qh] and lost with a pair of Sevens
Seat 4: Chessnok (button) (small blind) showed [Kh 7d] and won ($31.10) with two pair, Kings and Sevens


