PokerStars Hand #169343785496:  Hold'em Limit ($3/$6 USD) - 2017/04/21 6:35:24 ET
Table 'Nashira' 6-max Seat #3 is the button
Seat 3: Bablonaut ($58.47 in chips)
Seat 4: Agrotait ($72 in chips)
Bablonaut: posts small blind $1
Agrotait: posts big blind $3
*** HOLE CARDS ***
Bablonaut: folds
Uncalled bet ($2) returned to Agrotait
Agrotait collected $2 from pot
Agrotait: doesn't show hand
*** SUMMARY ***
Total pot $2 | Rake $0
Seat 3: Bablonaut (button) (small blind) folded before Flop
Seat 4: Agrotait (big blind) collected ($2)


PokerStars Hand #169343805147:  Hold'em Limit ($3/$6 USD) - 2017/04/21 6:36:10 ET
Table 'Nashira' 6-max Seat #3 is the button
Seat 3: Bablonaut ($27.47 in chips)
Seat 4: Agrotait ($102.50 in chips)
Bablonaut: posts small blind $1
Agrotait: posts big blind $3
*** HOLE CARDS ***
Bablonaut: folds
Uncalled bet ($2) returned to Agrotait
Agrotait collected $2 from pot
Agrotait: doesn't show hand
*** SUMMARY ***
Total pot $2 | Rake $0
Seat 3: Bablonaut (button) (small blind) folded before Flop
Seat 4: Agrotait (big blind) collected ($2)


PokerStars Hand #169343789394:  Hold'em Limit ($3/$6 USD) - 2017/04/21 6:35:33 ET
Table 'Nashira' 6-max Seat #4 is the button
Seat 3: Bablonaut ($57.47 in chips)
Seat 4: Agrotait ($73 in chips)
Agrotait: posts small blind $1
Bablonaut: posts big blind $3
*** HOLE CARDS ***
Jack_Wu1985 joins the table at seat #1
Agrotait: raises $3 to $6
Bablonaut: raises $3 to $9
Agrotait: calls $3
*** FLOP *** [4h 9d 5s]
Bablonaut: bets $3
Agrotait: calls $3
*** TURN *** [4h 9d 5s] [Jc]
Bablonaut: bets $6
Agrotait: raises $6 to $12
Bablonaut: calls $6
*** RIVER *** [4h 9d 5s Jc] [Tc]
Bablonaut: checks
Agrotait: bets $6
Bablonaut: calls $6
*** SHOW DOWN ***
Agrotait: shows [Js Qs] (a pair of Jacks)
Bablonaut: mucks hand
Agrotait collected $59.50 from pot
*** SUMMARY ***
Total pot $60 | Rake $0.50
Board [4h 9d 5s Jc Tc]
Seat 3: Bablonaut (big blind) mucked
Seat 4: Agrotait (button) (small blind) showed [Js Qs] and won ($59.50) with a pair of Jacks


PokerStars Hand #169345471225:  Hold'em Limit ($3/$6 USD) - 2017/04/21 7:38:51 ET
Table 'Nashira' 6-max Seat #6 is the button
Seat 3: Bablonaut ($101.67 in chips)
Seat 6: Bedard ($26.37 in chips)
Bedard: posts small blind $1
ABATAPP: is sitting out
Bablonaut: posts big blind $3
*** HOLE CARDS ***
ABATAPP leaves the table
Bedard: raises $3 to $6
Bablonaut: calls $3
*** FLOP *** [Ks 7d 7h]
Bablonaut: checks
Bedard: bets $3
Bablonaut: calls $3
*** TURN *** [Ks 7d 7h] [Jd]
Bablonaut: checks
Bedard: checks
*** RIVER *** [Ks 7d 7h Jd] [Jh]
Bablonaut: bets $6
Bedard: folds
Uncalled bet ($6) returned to Bablonaut
Bablonaut collected $17.64 from pot
Bablonaut: doesn't show hand
*** SUMMARY ***
Total pot $18 | Rake $0.36
Board [Ks 7d 7h Jd Jh]
Seat 3: Bablonaut (big blind) collected ($17.64)
Seat 6: Bedard (button) (small blind) folded on the River


PokerStars Hand #169345482206:  Hold'em Limit ($3/$6 USD) - 2017/04/21 7:39:14 ET
Table 'Nashira' 6-max Seat #3 is the button
Seat 3: Bablonaut ($110.31 in chips)
Seat 6: Bedard ($17.37 in chips)
Bablonaut: posts small blind $1
Bedard: posts big blind $3
*** HOLE CARDS ***
Bablonaut: calls $2
Bedard: checks
*** FLOP *** [Kc 2d 8s]
Bedard: checks
Bablonaut: checks
*** TURN *** [Kc 2d 8s] [7d]
Bedard: bets $6
Bablonaut: calls $6
*** RIVER *** [Kc 2d 8s 7d] [Tc]
Bedard: bets $6
Bablonaut: raises $6 to $12
Bedard: folds
Uncalled bet ($6) returned to Bablonaut
Bablonaut collected $29.50 from pot
Bablonaut: doesn't show hand
*** SUMMARY ***
Total pot $30 | Rake $0.50
Board [Kc 2d 8s 7d Tc]
Seat 3: Bablonaut (button) (small blind) collected ($29.50)
Seat 6: Bedard (big blind) folded on the River


PokerStars Hand #169352072068:  Hold'em Limit ($3/$6 USD) - 2017/04/21 10:56:08 ET
Table 'Nashira' 6-max Seat #6 is the button
Seat 5: boogi ($27.32 in chips)
Seat 6: Actionni13 ($173.81 in chips)
Actionni13: posts small blind $1
Jigorek1989: is sitting out
boogi: posts big blind $3
*** HOLE CARDS ***
Actionni13: raises $3 to $6
boogi: calls $3
*** FLOP *** [8h 3s Jd]
boogi: checks
Jigorek1989 leaves the table
Actionni13: bets $3
boogi: raises $3 to $6
Actionni13: calls $3
*** TURN *** [8h 3s Jd] [4s]
boogi: bets $6
Actionni13: folds
Uncalled bet ($6) returned to boogi
boogi collected $23.52 from pot
boogi: doesn't show hand
*** SUMMARY ***
Total pot $24 | Rake $0.48
Board [8h 3s Jd 4s]
Seat 5: boogi (big blind) collected ($23.52)
Seat 6: Actionni13 (button) (small blind) folded on the Turn


