PokerStars Hand #149463005341:  Hold'em Limit ($3/$6 USD) - 2016/02/26 16:34:20 ET
Table 'Nash' 6-max Seat #4 is the button
Seat 2: afk2016 ($39.50 in chips)
Seat 4: AzureCaper ($72 in chips)
AzureCaper: posts small blind $1
afk2016: posts big blind $3
*** HOLE CARDS ***
AzureCaper: raises $3 to $6
jimmywhyteAA joins the table at seat #1
afk2016: calls $3
*** FLOP *** [Jd 3c Kc]
afk2016: checks
AzureCaper: bets $3
afk2016: folds
Uncalled bet ($3) returned to AzureCaper
AzureCaper collected $11.76 from pot
AzureCaper: doesn't show hand
*** SUMMARY ***
Total pot $12 | Rake $0.24
Board [Jd 3c Kc]
Seat 2: afk2016 (big blind) folded on the Flop
Seat 4: AzureCaper (button) (small blind) collected ($11.76)


PokerStars Hand #149463336638:  Hold'em Limit ($3/$6 USD) - 2016/02/26 16:40:00 ET
Table 'Nash' 6-max Seat #5 is the button
Seat 5: Chessnok ($104 in chips)
Seat 6: _fayzulllo_ ($26.30 in chips)
ValeryRon will be allowed to play after the button
Chessnok: posts small blind $1
_fayzulllo_: posts big blind $3
*** HOLE CARDS ***
Chessnok: raises $3 to $6
_fayzulllo_: calls $3
*** FLOP *** [Jd 9h 9d]
ValeryRon leaves the table
_fayzulllo_: checks
Chessnok: bets $3
_fayzulllo_: calls $3
*** TURN *** [Jd 9h 9d] [3h]
_fayzulllo_: checks
Chessnok: bets $6
_fayzulllo_: calls $6
*** RIVER *** [Jd 9h 9d 3h] [Kh]
afk2016 is disconnected
_fayzulllo_: checks
Chessnok: checks
*** SHOW DOWN ***
_fayzulllo_: shows [Td Qd] (a straight, Nine to King)
Chessnok: mucks hand
_fayzulllo_ collected $29.50 from pot
*** SUMMARY ***
Total pot $30 | Rake $0.50
Board [Jd 9h 9d 3h Kh]
Seat 5: Chessnok (button) (small blind) mucked
Seat 6: _fayzulllo_ (big blind) showed [Td Qd] and won ($29.50) with a straight, Nine to King


PokerStars Hand #149463359799:  Hold'em Limit ($3/$6 USD) - 2016/02/26 16:40:24 ET
Table 'Nash' 6-max Seat #6 is the button
Seat 5: Chessnok ($89 in chips)
Seat 6: _fayzulllo_ ($40.80 in chips)
_fayzulllo_: posts small blind $1
Chessnok: posts big blind $3
*** HOLE CARDS ***
_fayzulllo_: calls $2
Chessnok: checks
*** FLOP *** [8d 8h 9h]
Chessnok: checks
_fayzulllo_: checks
*** TURN *** [8d 8h 9h] [9d]
Chessnok: checks
_fayzulllo_: checks
*** RIVER *** [8d 8h 9h 9d] [3c]
Chessnok: checks
_fayzulllo_: checks
*** SHOW DOWN ***
Chessnok: shows [3d 6h] (two pair, Nines and Eights)
_fayzulllo_: shows [Ah 7s] (two pair, Nines and Eights - Ace kicker)
_fayzulllo_ collected $5.88 from pot
*** SUMMARY ***
Total pot $6 | Rake $0.12
Board [8d 8h 9h 9d 3c]
Seat 5: Chessnok (big blind) showed [3d 6h] and lost with two pair, Nines and Eights
Seat 6: _fayzulllo_ (button) (small blind) showed [Ah 7s] and won ($5.88) with two pair, Nines and Eights


PokerStars Hand #149463380789:  Hold'em Limit ($3/$6 USD) - 2016/02/26 16:40:45 ET
Table 'Nash' 6-max Seat #5 is the button
Seat 5: Chessnok ($86 in chips)
Seat 6: _fayzulllo_ ($43.68 in chips)
Chessnok: posts small blind $1
_fayzulllo_: posts big blind $3
*** HOLE CARDS ***
Chessnok: raises $3 to $6
_fayzulllo_: calls $3
*** FLOP *** [3s 9s Ac]
_fayzulllo_: bets $3
Chessnok: calls $3
*** TURN *** [3s 9s Ac] [As]
_fayzulllo_: checks
Chessnok: bets $6
_fayzulllo_: raises $6 to $12
Chessnok: calls $6
*** RIVER *** [3s 9s Ac As] [9d]
_fayzulllo_: bets $6
Chessnok: raises $6 to $12
_fayzulllo_: calls $6
*** SHOW DOWN ***
Chessnok: shows [Jd Ad] (a full house, Aces full of Nines)
_fayzulllo_: mucks hand
Chessnok collected $65.50 from pot
*** SUMMARY ***
Total pot $66 | Rake $0.50
Board [3s 9s Ac As 9d]
Seat 5: Chessnok (button) (small blind) showed [Jd Ad] and won ($65.50) with a full house, Aces full of Nines
Seat 6: _fayzulllo_ (big blind) mucked


PokerStars Hand #149463404357:  Hold'em Limit ($3/$6 USD) - 2016/02/26 16:41:10 ET
Table 'Nash' 6-max Seat #6 is the button
Seat 5: Chessnok ($118.50 in chips)
Seat 6: _fayzulllo_ ($10.68 in chips)
_fayzulllo_: posts small blind $1
Chessnok: posts big blind $3
*** HOLE CARDS ***
_fayzulllo_: calls $2
Chessnok: raises $3 to $6
_fayzulllo_: calls $3
*** FLOP *** [6s Jh 8s]
Chessnok: bets $3
_fayzulllo_: folds
Uncalled bet ($3) returned to Chessnok
Chessnok collected $11.76 from pot
Chessnok: doesn't show hand
*** SUMMARY ***
Total pot $12 | Rake $0.24
Board [6s Jh 8s]
Seat 5: Chessnok (big blind) collected ($11.76)
Seat 6: _fayzulllo_ (button) (small blind) folded on the Flop


PokerStars Hand #149463015735:  Hold'em Limit ($3/$6 USD) - 2016/02/26 16:34:30 ET
Table 'Nash' 6-max Seat #2 is the button
Seat 2: afk2016 ($33.50 in chips)
Seat 4: AzureCaper ($77.76 in chips)
afk2016: posts small blind $1
AzureCaper: posts big blind $3
*** HOLE CARDS ***
afk2016: calls $2
AzureCaper: raises $3 to $6
afk2016: calls $3
*** FLOP *** [Qh 7h 3c]
AzureCaper: bets $3
afk2016: raises $3 to $6
AzureCaper: calls $3
*** TURN *** [Qh 7h 3c] [8s]
AzureCaper: checks
afk2016: bets $6
AzureCaper: calls $6
*** RIVER *** [Qh 7h 3c 8s] [Tc]
AzureCaper: checks
afk2016: checks
*** SHOW DOWN ***
AzureCaper: shows [Ac Kc] (high card Ace)
afk2016: shows [5h 5s] (a pair of Fives)
afk2016 collected $35.50 from pot
*** SUMMARY ***
Total pot $36 | Rake $0.50
Board [Qh 7h 3c 8s Tc]
Seat 2: afk2016 (button) (small blind) showed [5h 5s] and won ($35.50) with a pair of Fives
Seat 4: AzureCaper (big blind) showed [Ac Kc] and lost with high card Ace


