PokerStars Hand #165992701868:  Hold'em Limit ($3/$6 USD) - 2017/02/10 12:31:55 ET
Table 'Nash' 6-max Seat #2 is the button
Seat 2: lexishake ($42.79 in chips)
Seat 4: belik555 ($90 in chips)
lexishake: posts small blind $1
belik555: posts big blind $3
*** HOLE CARDS ***
lexishake: calls $2
belik555: raises $3 to $6
lexishake: calls $3
*** FLOP *** [4d Qh Qc]
belik555: bets $3
lexishake: raises $3 to $6
belik555: calls $3
*** TURN *** [4d Qh Qc] [8d]
belik555: checks
lexishake: bets $6
belik555: calls $6
*** RIVER *** [4d Qh Qc 8d] [6c]
belik555: checks
lexishake: bets $6
belik555: calls $6
*** SHOW DOWN ***
lexishake: shows [6h 4c] (two pair, Queens and Sixes)
belik555: mucks hand
lexishake collected $47.50 from pot
*** SUMMARY ***
Total pot $48 | Rake $0.50
Board [4d Qh Qc 8d 6c]
Seat 2: lexishake (button) (small blind) showed [6h 4c] and won ($47.50) with two pair, Queens and Sixes
Seat 4: belik555 (big blind) mucked


PokerStars Hand #165992742762:  Hold'em Limit ($3/$6 USD) - 2017/02/10 12:32:43 ET
Table 'Nash' 6-max Seat #2 is the button
Seat 2: lexishake ($60.29 in chips)
Seat 4: belik555 ($95.76 in chips)
lexishake: posts small blind $1
belik555: posts big blind $3
*** HOLE CARDS ***
volkovsky joins the table at seat #3
lexishake: calls $2
belik555: raises $3 to $6
lexishake: calls $3
*** FLOP *** [Ac 7c 3h]
belik555: bets $3
lexishake: calls $3
*** TURN *** [Ac 7c 3h] [Ks]
belik555: checks
lexishake: bets $6
belik555: calls $6
*** RIVER *** [Ac 7c 3h Ks] [Ad]
belik555: checks
lexishake: bets $6
belik555: folds
Uncalled bet ($6) returned to lexishake
lexishake collected $29.50 from pot
*** SUMMARY ***
Total pot $30 | Rake $0.50
Board [Ac 7c 3h Ks Ad]
Seat 2: lexishake (button) (small blind) collected ($29.50)
Seat 4: belik555 (big blind) folded on the River


PokerStars Hand #165992722969:  Hold'em Limit ($3/$6 USD) - 2017/02/10 12:32:20 ET
Table 'Nash' 6-max Seat #4 is the button
Seat 2: lexishake ($66.29 in chips)
Seat 4: belik555 ($90 in chips)
belik555: posts small blind $1
lexishake: posts big blind $3
*** HOLE CARDS ***
belik555: raises $3 to $6
lexishake: calls $3
*** FLOP *** [6s 4h Kh]
lexishake: checks
belik555: bets $3
lexishake: folds
Uncalled bet ($3) returned to belik555
belik555 collected $11.76 from pot
belik555: doesn't show hand
*** SUMMARY ***
Total pot $12 | Rake $0.24
Board [6s 4h Kh]
Seat 2: lexishake (big blind) folded on the Flop
Seat 4: belik555 (button) (small blind) collected ($11.76)


PokerStars Hand #165992764186:  Hold'em Limit ($3/$6 USD) - 2017/02/10 12:33:08 ET
Table 'Nash' 6-max Seat #4 is the button
Seat 2: lexishake ($74.79 in chips)
Seat 4: belik555 ($90 in chips)
belik555: posts small blind $1
lexishake: posts big blind $3
*** HOLE CARDS ***
belik555: raises $3 to $6
lexishake: folds
Uncalled bet ($3) returned to belik555
belik555 collected $6 from pot
belik555: doesn't show hand
*** SUMMARY ***
Total pot $6 | Rake $0
Seat 2: lexishake (big blind) folded before Flop
Seat 4: belik555 (button) (small blind) collected ($6)


PokerStars Hand #165996717413:  Hold'em Limit ($3/$6 USD) - 2017/02/10 13:48:31 ET
Table 'Nash' 6-max Seat #6 is the button
Seat 3: LouisB ($137.33 in chips)
Seat 6: MATEKATA2 ($213.18 in chips)
MATEKATA2: posts small blind $1
LuckyScal: is sitting out
LouisB: posts big blind $3
*** HOLE CARDS ***
MATEKATA2: raises $3 to $6
LuckyScal leaves the table
belik555 leaves the table
LouisB: calls $3
*** FLOP *** [7h 4c 6h]
LouisB: checks
MATEKATA2: checks
*** TURN *** [7h 4c 6h] [5d]
LouisB: bets $6
MATEKATA2: calls $6
*** RIVER *** [7h 4c 6h 5d] [5c]
LouisB: bets $6
MATEKATA2: folds
Uncalled bet ($6) returned to LouisB
LouisB collected $23.52 from pot
LouisB: doesn't show hand
*** SUMMARY ***
Total pot $24 | Rake $0.48
Board [7h 4c 6h 5d 5c]
Seat 3: LouisB (big blind) collected ($23.52)
Seat 6: MATEKATA2 (button) (small blind) folded on the River


PokerStars Hand #165996731320:  Hold'em Limit ($3/$6 USD) - 2017/02/10 13:48:46 ET
Table 'Nash' 6-max Seat #3 is the button
Seat 3: LouisB ($148.85 in chips)
Seat 6: MATEKATA2 ($201.18 in chips)
LouisB: posts small blind $1
MATEKATA2: posts big blind $3
*** HOLE CARDS ***
LouisB: raises $3 to $6
MATEKATA2: calls $3
*** FLOP *** [Qs 4h 8c]
MATEKATA2: checks
LouisB: bets $3
MATEKATA2: raises $3 to $6
LouisB: calls $3
*** TURN *** [Qs 4h 8c] [Td]
MATEKATA2: bets $6
LouisB: folds
Uncalled bet ($6) returned to MATEKATA2
MATEKATA2 collected $23.52 from pot
*** SUMMARY ***
Total pot $24 | Rake $0.48
Board [Qs 4h 8c Td]
Seat 3: LouisB (button) (small blind) folded on the Turn
Seat 6: MATEKATA2 (big blind) collected ($23.52)


PokerStars Hand #165996745650:  Hold'em Limit ($3/$6 USD) - 2017/02/10 13:49:01 ET
Table 'Nash' 6-max Seat #6 is the button
Seat 3: LouisB ($136.85 in chips)
Seat 6: MATEKATA2 ($212.70 in chips)
MATEKATA2: posts small blind $1
LouisB: posts big blind $3
*** HOLE CARDS ***
MATEKATA2: calls $2
LouisB: checks
*** FLOP *** [As Tc Jc]
LouisB: checks
MATEKATA2: bets $3
LouisB: raises $3 to $6
MATEKATA2: calls $3
*** TURN *** [As Tc Jc] [4s]
LouisB: bets $6
MATEKATA2: calls $6
*** RIVER *** [As Tc Jc 4s] [3d]
LouisB: bets $6
MATEKATA2: folds
Uncalled bet ($6) returned to LouisB
LouisB collected $29.50 from pot
LouisB: doesn't show hand
*** SUMMARY ***
Total pot $30 | Rake $0.50
Board [As Tc Jc 4s 3d]
Seat 3: LouisB (big blind) collected ($29.50)
Seat 6: MATEKATA2 (button) (small blind) folded on the River


PokerStars Hand #165996766731:  Hold'em Limit ($3/$6 USD) - 2017/02/10 13:49:25 ET
Table 'Nash' 6-max Seat #3 is the button
Seat 3: LouisB ($151.35 in chips)
Seat 6: MATEKATA2 ($197.70 in chips)
LouisB: posts small blind $1
MATEKATA2: posts big blind $3
*** HOLE CARDS ***
LouisB: folds
Uncalled bet ($2) returned to MATEKATA2
MATEKATA2 collected $2 from pot
*** SUMMARY ***
Total pot $2 | Rake $0
Seat 3: LouisB (button) (small blind) folded before Flop
Seat 6: MATEKATA2 (big blind) collected ($2)


PokerStars Hand #165996770873:  Hold'em Limit ($3/$6 USD) - 2017/02/10 13:49:29 ET
Table 'Nash' 6-max Seat #6 is the button
Seat 3: LouisB ($150.35 in chips)
Seat 6: MATEKATA2 ($198.70 in chips)
MATEKATA2: posts small blind $1
LouisB: posts big blind $3
*** HOLE CARDS ***
MATEKATA2: raises $3 to $6
LouisB: calls $3
*** FLOP *** [2c Kd 7c]
LouisB: checks
MATEKATA2: bets $3
LouisB: calls $3
*** TURN *** [2c Kd 7c] [Td]
LouisB: checks
MATEKATA2: bets $6
LouisB: folds
Uncalled bet ($6) returned to MATEKATA2
MATEKATA2 collected $17.64 from pot
*** SUMMARY ***
Total pot $18 | Rake $0.36
Board [2c Kd 7c Td]
Seat 3: LouisB (big blind) folded on the Turn
Seat 6: MATEKATA2 (button) (small blind) collected ($17.64)


PokerStars Hand #165996782030:  Hold'em Limit ($3/$6 USD) - 2017/02/10 13:49:42 ET
Table 'Nash' 6-max Seat #3 is the button
Seat 3: LouisB ($141.35 in chips)
Seat 6: MATEKATA2 ($207.34 in chips)
LouisB: posts small blind $1
MATEKATA2: posts big blind $3
*** HOLE CARDS ***
LouisB: raises $3 to $6
MATEKATA2: calls $3
*** FLOP *** [Jh Kc Kd]
MATEKATA2: checks
LouisB: bets $3
MATEKATA2: calls $3
*** TURN *** [Jh Kc Kd] [Qc]
MATEKATA2: checks
LouisB: checks
*** RIVER *** [Jh Kc Kd Qc] [9d]
MATEKATA2: bets $6
LouisB: folds
Uncalled bet ($6) returned to MATEKATA2
MATEKATA2 collected $17.64 from pot
*** SUMMARY ***
Total pot $18 | Rake $0.36
Board [Jh Kc Kd Qc 9d]
Seat 3: LouisB (button) (small blind) folded on the River
Seat 6: MATEKATA2 (big blind) collected ($17.64)


PokerStars Hand #165996795303:  Hold'em Limit ($3/$6 USD) - 2017/02/10 13:49:56 ET
Table 'Nash' 6-max Seat #6 is the button
Seat 3: LouisB ($132.35 in chips)
Seat 6: MATEKATA2 ($215.98 in chips)
MATEKATA2: posts small blind $1
LouisB: posts big blind $3
*** HOLE CARDS ***
MATEKATA2: raises $3 to $6
LouisB: raises $3 to $9
MATEKATA2: calls $3
*** FLOP *** [2d 3h Js]
LouisB: bets $3
MATEKATA2: raises $3 to $6
LouisB: calls $3
*** TURN *** [2d 3h Js] [9c]
LouisB: checks
MATEKATA2: checks
*** RIVER *** [2d 3h Js 9c] [As]
LouisB: checks
MATEKATA2: checks
*** SHOW DOWN ***
LouisB: shows [8d 8h] (a pair of Eights)
MATEKATA2: shows [4s 4d] (a pair of Fours)
LouisB collected $29.50 from pot
*** SUMMARY ***
Total pot $30 | Rake $0.50
Board [2d 3h Js 9c As]
Seat 3: LouisB (big blind) showed [8d 8h] and won ($29.50) with a pair of Eights
Seat 6: MATEKATA2 (button) (small blind) showed [4s 4d] and lost with a pair of Fours


PokerStars Hand #165996811698:  Hold'em Limit ($3/$6 USD) - 2017/02/10 13:50:14 ET
Table 'Nash' 6-max Seat #3 is the button
Seat 3: LouisB ($146.85 in chips)
Seat 6: MATEKATA2 ($200.98 in chips)
LouisB: posts small blind $1
MATEKATA2: posts big blind $3
*** HOLE CARDS ***
LouisB: folds
Uncalled bet ($2) returned to MATEKATA2
MATEKATA2 collected $2 from pot
*** SUMMARY ***
Total pot $2 | Rake $0
Seat 3: LouisB (button) (small blind) folded before Flop
Seat 6: MATEKATA2 (big blind) collected ($2)


PokerStars Hand #165996831422:  Hold'em Limit ($3/$6 USD) - 2017/02/10 13:50:36 ET
Table 'Nash' 6-max Seat #6 is the button
Seat 3: LouisB ($145.85 in chips)
Seat 6: MATEKATA2 ($201.98 in chips)
MATEKATA2: posts small blind $1
LouisB: posts big blind $3
*** HOLE CARDS ***
MATEKATA2: folds
Uncalled bet ($2) returned to LouisB
LouisB collected $2 from pot
LouisB: doesn't show hand
*** SUMMARY ***
Total pot $2 | Rake $0
Seat 3: LouisB (big blind) collected ($2)
Seat 6: MATEKATA2 (button) (small blind) folded before Flop


PokerStars Hand #165996860934:  Hold'em Limit ($3/$6 USD) - 2017/02/10 13:51:08 ET
Table 'Nash' 6-max Seat #3 is the button
Seat 3: LouisB ($132.85 in chips)
Seat 6: MATEKATA2 ($214.48 in chips)
LouisB: posts small blind $1
MATEKATA2: posts big blind $3
*** HOLE CARDS ***
LouisB: folds
Uncalled bet ($2) returned to MATEKATA2
MATEKATA2 collected $2 from pot
*** SUMMARY ***
Total pot $2 | Rake $0
Seat 3: LouisB (button) (small blind) folded before Flop
Seat 6: MATEKATA2 (big blind) collected ($2)


PokerStars Hand #165996856417:  Hold'em Limit ($3/$6 USD) - 2017/02/10 13:51:03 ET
Table 'Nash' 6-max Seat #6 is the button
Seat 3: LouisB ($131.85 in chips)
Seat 6: MATEKATA2 ($215.48 in chips)
MATEKATA2: posts small blind $1
LouisB: posts big blind $3
*** HOLE CARDS ***
MATEKATA2: folds
Uncalled bet ($2) returned to LouisB
LouisB collected $2 from pot
LouisB: doesn't show hand
*** SUMMARY ***
Total pot $2 | Rake $0
Seat 3: LouisB (big blind) collected ($2)
Seat 6: MATEKATA2 (button) (small blind) folded before Flop


PokerStars Hand #165996870345:  Hold'em Limit ($3/$6 USD) - 2017/02/10 13:51:19 ET
Table 'Nash' 6-max Seat #3 is the button
Seat 3: LouisB ($132.85 in chips)
Seat 6: MATEKATA2 ($214.48 in chips)
LouisB: posts small blind $1
MATEKATA2: posts big blind $3
*** HOLE CARDS ***
LouisB: folds
Uncalled bet ($2) returned to MATEKATA2
MATEKATA2 collected $2 from pot
*** SUMMARY ***
Total pot $2 | Rake $0
Seat 3: LouisB (button) (small blind) folded before Flop
Seat 6: MATEKATA2 (big blind) collected ($2)


PokerStars Hand #165996865709:  Hold'em Limit ($3/$6 USD) - 2017/02/10 13:51:14 ET
Table 'Nash' 6-max Seat #6 is the button
Seat 3: LouisB ($131.85 in chips)
Seat 6: MATEKATA2 ($215.48 in chips)
MATEKATA2: posts small blind $1
LouisB: posts big blind $3
*** HOLE CARDS ***
MATEKATA2: folds
Uncalled bet ($2) returned to LouisB
LouisB collected $2 from pot
LouisB: doesn't show hand
*** SUMMARY ***
Total pot $2 | Rake $0
Seat 3: LouisB (big blind) collected ($2)
Seat 6: MATEKATA2 (button) (small blind) folded before Flop


PokerStars Hand #165996836591:  Hold'em Limit ($3/$6 USD) - 2017/02/10 13:50:42 ET
Table 'Nash' 6-max Seat #3 is the button
Seat 3: LouisB ($146.85 in chips)
Seat 6: MATEKATA2 ($200.98 in chips)
LouisB: posts small blind $1
MATEKATA2: posts big blind $3
*** HOLE CARDS ***
LouisB: raises $3 to $6
MATEKATA2: calls $3
*** FLOP *** [3d 4c Kh]
MATEKATA2: checks
LouisB: bets $3
MATEKATA2: calls $3
*** TURN *** [3d 4c Kh] [6h]
MATEKATA2: checks
LouisB: checks
*** RIVER *** [3d 4c Kh 6h] [3h]
MATEKATA2: bets $6
LouisB: calls $6
*** SHOW DOWN ***
MATEKATA2: shows [6c Qc] (two pair, Sixes and Threes)
LouisB: mucks hand
MATEKATA2 collected $29.50 from pot
*** SUMMARY ***
Total pot $30 | Rake $0.50
Board [3d 4c Kh 6h 3h]
Seat 3: LouisB (button) (small blind) mucked
Seat 6: MATEKATA2 (big blind) showed [6c Qc] and won ($29.50) with two pair, Sixes and Threes


PokerStars Hand #165996876047:  Hold'em Limit ($3/$6 USD) - 2017/02/10 13:51:25 ET
Table 'Nash' 6-max Seat #6 is the button
Seat 3: LouisB ($131.85 in chips)
Seat 6: MATEKATA2 ($215.48 in chips)
MATEKATA2: posts small blind $1
LouisB: posts big blind $3
*** HOLE CARDS ***
MATEKATA2: raises $3 to $6
LouisB: calls $3
*** FLOP *** [Qc 4c 7s]
LouisB: checks
MATEKATA2: checks
*** TURN *** [Qc 4c 7s] [4h]
LouisB: checks
MATEKATA2: bets $6
LouisB: folds
Uncalled bet ($6) returned to MATEKATA2
MATEKATA2 collected $11.76 from pot
*** SUMMARY ***
Total pot $12 | Rake $0.24
Board [Qc 4c 7s 4h]
Seat 3: LouisB (big blind) folded on the Turn
Seat 6: MATEKATA2 (button) (small blind) collected ($11.76)


PokerStars Hand #165998222936:  Hold'em Limit ($3/$6 USD) - 2017/02/10 14:17:05 ET
Table 'Nash' 6-max Seat #3 is the button
Seat 1: laubes04 ($146.96 in chips)
Seat 3: belik555 ($142.58 in chips)
belik555: posts small blind $1
laubes04: posts big blind $3
*** HOLE CARDS ***
hairy1961 leaves the table
belik555: raises $3 to $6
laubes04: calls $3
*** FLOP *** [5h Js 6c]
dorina888 joins the table at seat #2
laubes04: checks
belik555: bets $3
laubes04: calls $3
*** TURN *** [5h Js 6c] [7c]
laubes04: checks
belik555: bets $6
laubes04: calls $6
*** RIVER *** [5h Js 6c 7c] [Tc]
laubes04: checks
belik555: bets $6
laubes04: calls $6
*** SHOW DOWN ***
belik555: shows [Kh Ks] (a pair of Kings)
laubes04: mucks hand
belik555 collected $41.50 from pot
*** SUMMARY ***
Total pot $42 | Rake $0.50
Board [5h Js 6c 7c Tc]
Seat 1: laubes04 (big blind) mucked
Seat 3: belik555 (button) (small blind) showed [Kh Ks] and won ($41.50) with a pair of Kings


PokerStars Hand #166000914493:  Hold'em Limit ($3/$6 USD) - 2017/02/10 15:06:21 ET
Table 'Nash' 6-max Seat #4 is the button
Seat 4: Cigarete94 ($109 in chips)
Seat 5: belik555 ($100.76 in chips)
Cigarete94: posts small blind $1
belik555: posts big blind $3
*** HOLE CARDS ***
Cigarete94: raises $3 to $6
belik555: folds
Uncalled bet ($3) returned to Cigarete94
Cigarete94 collected $6 from pot
Cigarete94: doesn't show hand
*** SUMMARY ***
Total pot $6 | Rake $0
Seat 4: Cigarete94 (button) (small blind) collected ($6)
Seat 5: belik555 (big blind) folded before Flop


PokerStars Hand #166000977217:  Hold'em Limit ($3/$6 USD) - 2017/02/10 15:07:25 ET
Table 'Nash' 6-max Seat #4 is the button
Seat 4: Cigarete94 ($98.13 in chips)
Seat 5: belik555 ($115.26 in chips)
Cigarete94: posts small blind $1
belik555: posts big blind $3
*** HOLE CARDS ***
Cigarete94: folds
Uncalled bet ($2) returned to belik555
belik555 collected $2 from pot
belik555: doesn't show hand
*** SUMMARY ***
Total pot $2 | Rake $0
Seat 4: Cigarete94 (button) (small blind) folded before Flop
Seat 5: belik555 (big blind) collected ($2)


PokerStars Hand #166000935029:  Hold'em Limit ($3/$6 USD) - 2017/02/10 15:06:42 ET
Table 'Nash' 6-max Seat #5 is the button
Seat 4: Cigarete94 ($112 in chips)
Seat 5: belik555 ($97.76 in chips)
belik555: posts small blind $1
Cigarete94: posts big blind $3
*** HOLE CARDS ***
belik555: raises $3 to $6
Cigarete94: raises $3 to $9
belik555: calls $3
*** FLOP *** [8c 5c 4c]
Cigarete94: bets $3
belik555: calls $3
*** TURN *** [8c 5c 4c] [Tc]
Cigarete94: bets $6
belik555: calls $6
*** RIVER *** [8c 5c 4c Tc] [4h]
Cigarete94: checks
belik555: bets $6
Cigarete94: folds
Uncalled bet ($6) returned to belik555
belik555 collected $35.50 from pot
belik555: doesn't show hand
*** SUMMARY ***
Total pot $36 | Rake $0.50
Board [8c 5c 4c Tc 4h]
Seat 4: Cigarete94 (big blind) folded on the River
Seat 5: belik555 (button) (small blind) collected ($35.50)


PokerStars Hand #166001003950:  Hold'em Limit ($3/$6 USD) - 2017/02/10 15:07:53 ET
Table 'Nash' 6-max Seat #4 is the button
Seat 4: Cigarete94 ($105.77 in chips)
Seat 5: belik555 ($107.26 in chips)
Cigarete94: posts small blind $1
belik555: posts big blind $3
*** HOLE CARDS ***
Cigarete94: folds
Uncalled bet ($2) returned to belik555
belik555 collected $2 from pot
belik555: doesn't show hand
*** SUMMARY ***
Total pot $2 | Rake $0
Seat 4: Cigarete94 (button) (small blind) folded before Flop
Seat 5: belik555 (big blind) collected ($2)


PokerStars Hand #166000981937:  Hold'em Limit ($3/$6 USD) - 2017/02/10 15:07:30 ET
Table 'Nash' 6-max Seat #5 is the button
Seat 4: Cigarete94 ($97.13 in chips)
Seat 5: belik555 ($116.26 in chips)
belik555: posts small blind $1
Cigarete94: posts big blind $3
*** HOLE CARDS ***
belik555: raises $3 to $6
Cigarete94: calls $3
*** FLOP *** [5d Qs 7h]
Cigarete94: checks
belik555: bets $3
Cigarete94: calls $3
*** TURN *** [5d Qs 7h] [7d]
Cigarete94: checks
belik555: checks
*** RIVER *** [5d Qs 7h 7d] [6s]
Cigarete94: bets $6
belik555: folds
Uncalled bet ($6) returned to Cigarete94
Cigarete94 collected $17.64 from pot
Cigarete94: doesn't show hand
*** SUMMARY ***
Total pot $18 | Rake $0.36
Board [5d Qs 7h 7d 6s]
Seat 4: Cigarete94 (big blind) collected ($17.64)
Seat 5: belik555 (button) (small blind) folded on the River


PokerStars Hand #166001036852:  Hold'em Limit ($3/$6 USD) - 2017/02/10 15:08:27 ET
Table 'Nash' 6-max Seat #4 is the button
Seat 4: Cigarete94 ($110.53 in chips)
Seat 5: belik555 ($102.26 in chips)
Cigarete94: posts small blind $1
belik555: posts big blind $3
*** HOLE CARDS ***
Cigarete94: raises $3 to $6
belik555: folds
Uncalled bet ($3) returned to Cigarete94
Cigarete94 collected $6 from pot
Cigarete94: doesn't show hand
*** SUMMARY ***
Total pot $6 | Rake $0
Seat 4: Cigarete94 (button) (small blind) collected ($6)
Seat 5: belik555 (big blind) folded before Flop


PokerStars Hand #166001008643:  Hold'em Limit ($3/$6 USD) - 2017/02/10 15:07:58 ET
Table 'Nash' 6-max Seat #5 is the button
Seat 4: Cigarete94 ($104.77 in chips)
Seat 5: belik555 ($108.26 in chips)
belik555: posts small blind $1
Cigarete94: posts big blind $3
*** HOLE CARDS ***
belik555: raises $3 to $6
Cigarete94: calls $3
*** FLOP *** [6h 9d 3c]
Cigarete94: checks
belik555: checks
*** TURN *** [6h 9d 3c] [6s]
Cigarete94: checks
belik555: checks
*** RIVER *** [6h 9d 3c 6s] [7c]
Cigarete94: bets $6
belik555: folds
Uncalled bet ($6) returned to Cigarete94
Cigarete94 collected $11.76 from pot
Cigarete94: doesn't show hand
*** SUMMARY ***
Total pot $12 | Rake $0.24
Board [6h 9d 3c 6s 7c]
Seat 4: Cigarete94 (big blind) collected ($11.76)
Seat 5: belik555 (button) (small blind) folded on the River


PokerStars Hand #166001049000:  Hold'em Limit ($3/$6 USD) - 2017/02/10 15:08:39 ET
Table 'Nash' 6-max Seat #4 is the button
Seat 4: Cigarete94 ($110.53 in chips)
Seat 5: belik555 ($102.26 in chips)
Cigarete94: posts small blind $1
belik555: posts big blind $3
*** HOLE CARDS ***
Cigarete94: folds
Uncalled bet ($2) returned to belik555
belik555 collected $2 from pot
belik555: doesn't show hand
*** SUMMARY ***
Total pot $2 | Rake $0
Seat 4: Cigarete94 (button) (small blind) folded before Flop
Seat 5: belik555 (big blind) collected ($2)


PokerStars Hand #166001043091:  Hold'em Limit ($3/$6 USD) - 2017/02/10 15:08:33 ET
Table 'Nash' 6-max Seat #5 is the button
Seat 4: Cigarete94 ($113.53 in chips)
Seat 5: belik555 ($99.26 in chips)
belik555: posts small blind $1
Cigarete94: posts big blind $3
*** HOLE CARDS ***
belik555: raises $3 to $6
Cigarete94: folds
Uncalled bet ($3) returned to belik555
belik555 collected $6 from pot
belik555: doesn't show hand
*** SUMMARY ***
Total pot $6 | Rake $0
Seat 4: Cigarete94 (big blind) folded before Flop
Seat 5: belik555 (button) (small blind) collected ($6)


PokerStars Hand #166001129511:  Hold'em Limit ($3/$6 USD) - 2017/02/10 15:10:02 ET
Table 'Nash' 6-max Seat #5 is the button
Seat 4: Cigarete94 ($73.53 in chips)
Seat 5: belik555 ($138.40 in chips)
belik555: posts small blind $1
Cigarete94: posts big blind $3
*** HOLE CARDS ***
belik555: folds
Uncalled bet ($2) returned to Cigarete94
Cigarete94 collected $2 from pot
Cigarete94: doesn't show hand
*** SUMMARY ***
Total pot $2 | Rake $0
Seat 4: Cigarete94 (big blind) collected ($2)
Seat 5: belik555 (button) (small blind) folded before Flop


PokerStars Hand #166001079325:  Hold'em Limit ($3/$6 USD) - 2017/02/10 15:09:11 ET
Table 'Nash' 6-max Seat #4 is the button
Seat 4: Cigarete94 ($100.53 in chips)
Seat 5: belik555 ($111.90 in chips)
Cigarete94: posts small blind $1
belik555: posts big blind $3
*** HOLE CARDS ***
Cigarete94: raises $3 to $6
belik555: calls $3
*** FLOP *** [8c Js 4c]
belik555: checks
Cigarete94: bets $3
belik555: calls $3
*** TURN *** [8c Js 4c] [Qs]
belik555: bets $6
Cigarete94: calls $6
*** RIVER *** [8c Js 4c Qs] [Ac]
belik555: bets $6
Cigarete94: raises $6 to $12
belik555: calls $6
*** SHOW DOWN ***
Cigarete94: shows [Kd 8s] (a pair of Eights)
belik555: shows [Qd 3h] (a pair of Queens)
belik555 collected $53.50 from pot
*** SUMMARY ***
Total pot $54 | Rake $0.50
Board [8c Js 4c Qs Ac]
Seat 4: Cigarete94 (button) (small blind) showed [Kd 8s] and lost with a pair of Eights
Seat 5: belik555 (big blind) showed [Qd 3h] and won ($53.50) with a pair of Queens


PokerStars Hand #166001137835:  Hold'em Limit ($3/$6 USD) - 2017/02/10 15:10:11 ET
Table 'Nash' 6-max Seat #4 is the button
Seat 4: Cigarete94 ($74.53 in chips)
Seat 5: belik555 ($137.40 in chips)
Cigarete94: posts small blind $1
belik555: posts big blind $3
*** HOLE CARDS ***
Cigarete94: calls $2
belik555: raises $3 to $6
Cigarete94: calls $3
*** FLOP *** [2c Ks 5c]
belik555: bets $3
Cigarete94: folds
Uncalled bet ($3) returned to belik555
belik555 collected $11.76 from pot
belik555: doesn't show hand
*** SUMMARY ***
Total pot $12 | Rake $0.24
Board [2c Ks 5c]
Seat 4: Cigarete94 (button) (small blind) folded on the Flop
Seat 5: belik555 (big blind) collected ($11.76)


PokerStars Hand #166001150920:  Hold'em Limit ($3/$6 USD) - 2017/02/10 15:10:24 ET
Table 'Nash' 6-max Seat #5 is the button
Seat 4: Cigarete94 ($68.53 in chips)
Seat 5: belik555 ($143.16 in chips)
belik555: posts small blind $1
Cigarete94: posts big blind $3
*** HOLE CARDS ***
belik555: raises $3 to $6
Cigarete94: calls $3
*** FLOP *** [5h Js Qd]
Cigarete94: checks
belik555: bets $3
Cigarete94: calls $3
*** TURN *** [5h Js Qd] [Jd]
Cigarete94: checks
belik555: bets $6
Cigarete94: raises $6 to $12
belik555: calls $6
*** RIVER *** [5h Js Qd Jd] [5c]
Cigarete94: bets $6
belik555: calls $6
*** SHOW DOWN ***
Cigarete94: shows [Th Jh] (a full house, Jacks full of Fives)
belik555: mucks hand
Cigarete94 collected $53.50 from pot
*** SUMMARY ***
Total pot $54 | Rake $0.50
Board [5h Js Qd Jd 5c]
Seat 4: Cigarete94 (big blind) showed [Th Jh] and won ($53.50) with a full house, Jacks full of Fives
Seat 5: belik555 (button) (small blind) mucked


PokerStars Hand #166001178303:  Hold'em Limit ($3/$6 USD) - 2017/02/10 15:10:52 ET
Table 'Nash' 6-max Seat #4 is the button
Seat 4: Cigarete94 ($95.03 in chips)
Seat 5: belik555 ($116.16 in chips)
Cigarete94: posts small blind $1
belik555: posts big blind $3
*** HOLE CARDS ***
Cigarete94: raises $3 to $6
belik555: calls $3
*** FLOP *** [3d Kd 4c]
belik555: checks
Cigarete94: checks
*** TURN *** [3d Kd 4c] [8c]
belik555: bets $6
Cigarete94: calls $6
*** RIVER *** [3d Kd 4c 8c] [Ts]
belik555: bets $6
Cigarete94: calls $6
*** SHOW DOWN ***
belik555: shows [Jd 4s] (a pair of Fours)
Cigarete94: mucks hand
belik555 collected $35.50 from pot
*** SUMMARY ***
Total pot $36 | Rake $0.50
Board [3d Kd 4c 8c Ts]
Seat 4: Cigarete94 (button) (small blind) mucked
Seat 5: belik555 (big blind) showed [Jd 4s] and won ($35.50) with a pair of Fours


PokerStars Hand #166001264015:  Hold'em Limit ($3/$6 USD) - 2017/02/10 15:12:20 ET
Table 'Nash' 6-max Seat #4 is the button
Seat 4: Cigarete94 ($55.03 in chips)
Seat 5: belik555 ($154.92 in chips)
Cigarete94: posts small blind $1
belik555: posts big blind $3
*** HOLE CARDS ***
Cigarete94: folds
Uncalled bet ($2) returned to belik555
belik555 collected $2 from pot
belik555: doesn't show hand
*** SUMMARY ***
Total pot $2 | Rake $0
Seat 4: Cigarete94 (button) (small blind) folded before Flop
Seat 5: belik555 (big blind) collected ($2)


PokerStars Hand #166001225796:  Hold'em Limit ($3/$6 USD) - 2017/02/10 15:11:41 ET
Table 'Nash' 6-max Seat #5 is the button
Seat 4: Cigarete94 ($70.03 in chips)
Seat 5: belik555 ($140.42 in chips)
belik555: posts small blind $1
Cigarete94: posts big blind $3
*** HOLE CARDS ***
belik555: raises $3 to $6
Cigarete94: calls $3
*** FLOP *** [Kd Tc Qc]
Cigarete94: checks
belik555: bets $3
Cigarete94: calls $3
*** TURN *** [Kd Tc Qc] [3h]
Cigarete94: checks
belik555: bets $6
Cigarete94: calls $6
*** RIVER *** [Kd Tc Qc 3h] [3d]
Cigarete94: checks
belik555: bets $6
Cigarete94: folds
Uncalled bet ($6) returned to belik555
belik555 collected $29.50 from pot
belik555: doesn't show hand
*** SUMMARY ***
Total pot $30 | Rake $0.50
Board [Kd Tc Qc 3h 3d]
Seat 4: Cigarete94 (big blind) folded on the River
Seat 5: belik555 (button) (small blind) collected ($29.50)


PokerStars Hand #166001221495:  Hold'em Limit ($3/$6 USD) - 2017/02/10 15:11:36 ET
Table 'Nash' 6-max Seat #4 is the button
Seat 4: Cigarete94 ($71.03 in chips)
Seat 5: belik555 ($139.42 in chips)
Cigarete94: posts small blind $1
belik555: posts big blind $3
*** HOLE CARDS ***
Cigarete94: folds
Uncalled bet ($2) returned to belik555
belik555 collected $2 from pot
belik555: doesn't show hand
*** SUMMARY ***
Total pot $2 | Rake $0
Seat 4: Cigarete94 (button) (small blind) folded before Flop
Seat 5: belik555 (big blind) collected ($2)


PokerStars Hand #166001208464:  Hold'em Limit ($3/$6 USD) - 2017/02/10 15:11:23 ET
Table 'Nash' 6-max Seat #5 is the button
Seat 4: Cigarete94 ($77.03 in chips)
Seat 5: belik555 ($133.66 in chips)
belik555: posts small blind $1
Cigarete94: posts big blind $3
*** HOLE CARDS ***
belik555: raises $3 to $6
Cigarete94: calls $3
*** FLOP *** [2h 3d Qc]
Cigarete94: checks
belik555: bets $3
Cigarete94: folds
Uncalled bet ($3) returned to belik555
belik555 collected $11.76 from pot
belik555: doesn't show hand
*** SUMMARY ***
Total pot $12 | Rake $0.24
Board [2h 3d Qc]
Seat 4: Cigarete94 (big blind) folded on the Flop
Seat 5: belik555 (button) (small blind) collected ($11.76)


PokerStars Hand #166001268279:  Hold'em Limit ($3/$6 USD) - 2017/02/10 15:12:24 ET
Table 'Nash' 6-max Seat #5 is the button
Seat 4: Cigarete94 ($54.03 in chips)
Seat 5: belik555 ($155.92 in chips)
belik555: posts small blind $1
Cigarete94: posts big blind $3
*** HOLE CARDS ***
belik555: raises $3 to $6
Cigarete94: calls $3
*** FLOP *** [Kd 7s 5h]
Cigarete94: checks
belik555: bets $3
Cigarete94: calls $3
*** TURN *** [Kd 7s 5h] [6s]
Cigarete94: checks
belik555: checks
*** RIVER *** [Kd 7s 5h 6s] [8s]
Cigarete94: bets $6
belik555: raises $6 to $12
Cigarete94: calls $6
*** SHOW DOWN ***
belik555: shows [Tc 9s] (a straight, Six to Ten)
Cigarete94: mucks hand
belik555 collected $41.50 from pot
*** SUMMARY ***
Total pot $42 | Rake $0.50
Board [Kd 7s 5h 6s 8s]
Seat 4: Cigarete94 (big blind) mucked
Seat 5: belik555 (button) (small blind) showed [Tc 9s] and won ($41.50) with a straight, Six to Ten


PokerStars Hand #166001318335:  Hold'em Limit ($3/$6 USD) - 2017/02/10 15:13:16 ET
Table 'Nash' 6-max Seat #4 is the button
Seat 4: Cigarete94 ($33.03 in chips)
Seat 5: belik555 ($176.42 in chips)
Cigarete94: posts small blind $1
belik555: posts big blind $3
*** HOLE CARDS ***
Cigarete94: calls $2
belik555: raises $3 to $6
Cigarete94: calls $3
*** FLOP *** [Td 9d 5h]
belik555: bets $3
Cigarete94: folds
Uncalled bet ($3) returned to belik555
belik555 collected $11.76 from pot
belik555: doesn't show hand
threeeyejack joins the table at seat #6
*** SUMMARY ***
Total pot $12 | Rake $0.24
Board [Td 9d 5h]
Seat 4: Cigarete94 (button) (small blind) folded on the Flop
Seat 5: belik555 (big blind) collected ($11.76)


PokerStars Hand #166003776375:  Hold'em Limit ($3/$6 USD) - 2017/02/10 15:55:08 ET
Table 'Nash' 6-max Seat #2 is the button
Seat 2: Mordnilap ($73 in chips)
Seat 3: boogi ($167.10 in chips)
Mordnilap: posts small blind $1
boogi: posts big blind $3
*** HOLE CARDS ***
belik555 leaves the table
Mordnilap: folds
Uncalled bet ($2) returned to boogi
boogi collected $2 from pot
boogi: doesn't show hand
*** SUMMARY ***
Total pot $2 | Rake $0
Seat 2: Mordnilap (button) (small blind) folded before Flop
Seat 3: boogi (big blind) collected ($2)


PokerStars Hand #166003770035:  Hold'em Limit ($3/$6 USD) - 2017/02/10 15:55:01 ET
Table 'Nash' 6-max Seat #3 is the button
Seat 2: Mordnilap ($72 in chips)
Seat 3: boogi ($168.10 in chips)
boogi: posts small blind $1
234599330: is sitting out
belik555: is sitting out
kolaz03: is sitting out
Mordnilap: posts big blind $3
*** HOLE CARDS ***
kolaz03 leaves the table
boogi: folds
Uncalled bet ($2) returned to Mordnilap
234599330 leaves the table
Mordnilap collected $2 from pot
Mordnilap: doesn't show hand
*** SUMMARY ***
Total pot $2 | Rake $0
Seat 2: Mordnilap (big blind) collected ($2)
Seat 3: boogi (button) (small blind) folded before Flop


