PokerStars Hand #170977168753:  Hold'em Limit ($3/$6 USD) - 2017/05/27 7:58:43 ET
Table 'Nash' 6-max Seat #6 is the button
Seat 3: lelala ($120 in chips)
Seat 6: nedo1414 ($120 in chips)
nedo1414: posts small blind $1
lelala: posts big blind $3
*** HOLE CARDS ***
nedo1414 has timed out
nedo1414: folds
Uncalled bet ($2) returned to lelala
lelala collected $2 from pot
*** SUMMARY ***
Total pot $2 | Rake $0
Seat 3: lelala (big blind) collected ($2)
Seat 6: nedo1414 (button) (small blind) folded before Flop


PokerStars Hand #170979390026:  Hold'em Limit ($3/$6 USD) - 2017/05/27 9:13:09 ET
Table 'Nash' 6-max Seat #3 is the button
Seat 3: Krazy90 ($131.10 in chips)
Seat 4: nedo1414 ($134.78 in chips)
Krazy90: posts small blind $1
nedo1414: posts big blind $3
*** HOLE CARDS ***
Krazy90: raises $3 to $6
nedo1414: raises $3 to $9
VolkovDmitri leaves the table
Krazy90: calls $3
*** FLOP *** [9d As 6s]
nedo1414: bets $3
Krazy90: calls $3
*** TURN *** [9d As 6s] [2h]
nedo1414: bets $6
Krazy90: calls $6
*** RIVER *** [9d As 6s 2h] [7h]
nedo1414: bets $6
Krazy90: raises $6 to $12
nedo1414: calls $6
*** SHOW DOWN ***
Krazy90: shows [Ad Jh] (a pair of Aces)
nedo1414: shows [Ah Kh] (a pair of Aces - King kicker)
nedo1414 collected $59.50 from pot
*** SUMMARY ***
Total pot $60 | Rake $0.50
Board [9d As 6s 2h 7h]
Seat 3: Krazy90 (button) (small blind) showed [Ad Jh] and lost with a pair of Aces
Seat 4: nedo1414 (big blind) showed [Ah Kh] and won ($59.50) with a pair of Aces


PokerStars Hand #170979385658:  Hold'em Limit ($3/$6 USD) - 2017/05/27 9:13:00 ET
Table 'Nash' 6-max Seat #4 is the button
Seat 3: Krazy90 ($134.10 in chips)
Seat 4: nedo1414 ($131.78 in chips)
nedo1414: posts small blind $1
Krazy90: posts big blind $3
*** HOLE CARDS ***
nedo1414: raises $3 to $6
Krazy90: folds
Uncalled bet ($3) returned to nedo1414
nedo1414 collected $6 from pot
nedo1414: doesn't show hand
*** SUMMARY ***
Total pot $6 | Rake $0
Seat 3: Krazy90 (big blind) folded before Flop
Seat 4: nedo1414 (button) (small blind) collected ($6)


PokerStars Hand #170979405591:  Hold'em Limit ($3/$6 USD) - 2017/05/27 9:13:37 ET
Table 'Nash' 6-max Seat #3 is the button
Seat 3: Krazy90 ($134.50 in chips)
Seat 4: nedo1414 ($149.28 in chips)
Krazy90: posts small blind $1
nedo1414: posts big blind $3
*** HOLE CARDS ***
Krazy90: raises $3 to $6
nedo1414: calls $3
*** FLOP *** [8s 2h Tc]
nedo1414: checks
Krazy90: bets $3
nedo1414: folds
Uncalled bet ($3) returned to Krazy90
Krazy90 collected $11.76 from pot
Krazy90: doesn't show hand
*** SUMMARY ***
Total pot $12 | Rake $0.24
Board [8s 2h Tc]
Seat 3: Krazy90 (button) (small blind) collected ($11.76)
Seat 4: nedo1414 (big blind) folded on the Flop


PokerStars Hand #170979434333:  Hold'em Limit ($3/$6 USD) - 2017/05/27 9:14:13 ET
Table 'Nash' 6-max Seat #3 is the button
Seat 3: Krazy90 ($134.26 in chips)
Seat 4: nedo1414 ($149.04 in chips)
Krazy90: posts small blind $1
nedo1414: posts big blind $3
*** HOLE CARDS ***
Krazy90: folds
Uncalled bet ($2) returned to nedo1414
nedo1414 collected $2 from pot
nedo1414: doesn't show hand
*** SUMMARY ***
Total pot $2 | Rake $0
Seat 3: Krazy90 (button) (small blind) folded before Flop
Seat 4: nedo1414 (big blind) collected ($2)


PokerStars Hand #170979430984:  Hold'em Limit ($3/$6 USD) - 2017/05/27 9:14:07 ET
Table 'Nash' 6-max Seat #4 is the button
Seat 3: Krazy90 ($137.26 in chips)
Seat 4: nedo1414 ($146.04 in chips)
nedo1414: posts small blind $1
Krazy90: posts big blind $3
*** HOLE CARDS ***
nedo1414: raises $3 to $6
Krazy90: folds
Uncalled bet ($3) returned to nedo1414
nedo1414 collected $6 from pot
nedo1414: doesn't show hand
*** SUMMARY ***
Total pot $6 | Rake $0
Seat 3: Krazy90 (big blind) folded before Flop
Seat 4: nedo1414 (button) (small blind) collected ($6)


PokerStars Hand #170979427792:  Hold'em Limit ($3/$6 USD) - 2017/05/27 9:14:01 ET
Table 'Nash' 6-max Seat #3 is the button
Seat 3: Krazy90 ($134.26 in chips)
Seat 4: nedo1414 ($149.04 in chips)
Krazy90: posts small blind $1
nedo1414: posts big blind $3
*** HOLE CARDS ***
Krazy90: raises $3 to $6
nedo1414: folds
Uncalled bet ($3) returned to Krazy90
Krazy90 collected $6 from pot
Krazy90: doesn't show hand
*** SUMMARY ***
Total pot $6 | Rake $0
Seat 3: Krazy90 (button) (small blind) collected ($6)
Seat 4: nedo1414 (big blind) folded before Flop


PokerStars Hand #170979409691:  Hold'em Limit ($3/$6 USD) - 2017/05/27 9:13:45 ET
Table 'Nash' 6-max Seat #4 is the button
Seat 3: Krazy90 ($140.26 in chips)
Seat 4: nedo1414 ($143.28 in chips)
nedo1414: posts small blind $1
Krazy90: posts big blind $3
*** HOLE CARDS ***
nedo1414: raises $3 to $6
Krazy90: calls $3
*** FLOP *** [3d 3c 2s]
Krazy90: checks
nedo1414: bets $3
Krazy90: folds
Uncalled bet ($3) returned to nedo1414
nedo1414 collected $11.76 from pot
nedo1414: doesn't show hand
*** SUMMARY ***
Total pot $12 | Rake $0.24
Board [3d 3c 2s]
Seat 3: Krazy90 (big blind) folded on the Flop
Seat 4: nedo1414 (button) (small blind) collected ($11.76)


PokerStars Hand #170979397666:  Hold'em Limit ($3/$6 USD) - 2017/05/27 9:13:23 ET
Table 'Nash' 6-max Seat #4 is the button
Seat 3: Krazy90 ($120 in chips)
Seat 4: nedo1414 ($164.28 in chips)
nedo1414: posts small blind $1
Krazy90: posts big blind $3
*** HOLE CARDS ***
nedo1414: raises $3 to $6
Krazy90: calls $3
*** FLOP *** [9d Ah 7d]
Krazy90: checks
nedo1414: bets $3
Krazy90: calls $3
*** TURN *** [9d Ah 7d] [9c]
Krazy90: checks
nedo1414: checks
*** RIVER *** [9d Ah 7d 9c] [Jc]
Krazy90: checks
nedo1414: bets $6
Krazy90: raises $6 to $12
nedo1414: folds
Uncalled bet ($6) returned to Krazy90
Krazy90 collected $29.50 from pot
Krazy90: doesn't show hand
*** SUMMARY ***
Total pot $30 | Rake $0.50
Board [9d Ah 7d 9c Jc]
Seat 3: Krazy90 (big blind) collected ($29.50)
Seat 4: nedo1414 (button) (small blind) folded on the River


PokerStars Hand #170979458923:  Hold'em Limit ($3/$6 USD) - 2017/05/27 9:14:58 ET
Table 'Nash' 6-max Seat #4 is the button
Seat 3: Krazy90 ($128.64 in chips)
Seat 4: nedo1414 ($164.54 in chips)
nedo1414: posts small blind $1
Krazy90: posts big blind $3
*** HOLE CARDS ***
nedo1414: raises $3 to $6
Krazy90: folds
Uncalled bet ($3) returned to nedo1414
nedo1414 collected $6 from pot
nedo1414: doesn't show hand
*** SUMMARY ***
Total pot $6 | Rake $0
Seat 3: Krazy90 (big blind) folded before Flop
Seat 4: nedo1414 (button) (small blind) collected ($6)


PokerStars Hand #170979455393:  Hold'em Limit ($3/$6 USD) - 2017/05/27 9:14:52 ET
Table 'Nash' 6-max Seat #3 is the button
Seat 3: Krazy90 ($129.64 in chips)
Seat 4: nedo1414 ($163.54 in chips)
Krazy90: posts small blind $1
nedo1414: posts big blind $3
*** HOLE CARDS ***
Krazy90: folds
Uncalled bet ($2) returned to nedo1414
nedo1414 collected $2 from pot
nedo1414: doesn't show hand
*** SUMMARY ***
Total pot $2 | Rake $0
Seat 3: Krazy90 (button) (small blind) folded before Flop
Seat 4: nedo1414 (big blind) collected ($2)


PokerStars Hand #170979452962:  Hold'em Limit ($3/$6 USD) - 2017/05/27 9:14:47 ET
Table 'Nash' 6-max Seat #4 is the button
Seat 3: Krazy90 ($128.64 in chips)
Seat 4: nedo1414 ($164.54 in chips)
nedo1414: posts small blind $1
Krazy90: posts big blind $3
*** HOLE CARDS ***
nedo1414: folds
Uncalled bet ($2) returned to Krazy90
Krazy90 collected $2 from pot
Krazy90: doesn't show hand
*** SUMMARY ***
Total pot $2 | Rake $0
Seat 3: Krazy90 (big blind) collected ($2)
Seat 4: nedo1414 (button) (small blind) folded before Flop


PokerStars Hand #170979445524:  Hold'em Limit ($3/$6 USD) - 2017/05/27 9:14:34 ET
Table 'Nash' 6-max Seat #3 is the button
Seat 3: Krazy90 ($120 in chips)
Seat 4: nedo1414 ($173.54 in chips)
Krazy90: posts small blind $1
nedo1414: posts big blind $3
*** HOLE CARDS ***
Krazy90: raises $3 to $6
nedo1414: calls $3
*** FLOP *** [Qc 5s Kd]
nedo1414: checks
Krazy90: bets $3
nedo1414: calls $3
*** TURN *** [Qc 5s Kd] [Jh]
nedo1414: checks
Krazy90: bets $6
nedo1414: folds
Uncalled bet ($6) returned to Krazy90
Krazy90 collected $17.64 from pot
Krazy90: doesn't show hand
*** SUMMARY ***
Total pot $18 | Rake $0.36
Board [Qc 5s Kd Jh]
Seat 3: Krazy90 (button) (small blind) collected ($17.64)
Seat 4: nedo1414 (big blind) folded on the Turn


PokerStars Hand #170979462431:  Hold'em Limit ($3/$6 USD) - 2017/05/27 9:15:04 ET
Table 'Nash' 6-max Seat #3 is the button
Seat 3: Krazy90 ($125.64 in chips)
Seat 4: nedo1414 ($167.54 in chips)
Krazy90: posts small blind $1
nedo1414: posts big blind $3
*** HOLE CARDS ***
Krazy90: raises $3 to $6
nedo1414: raises $3 to $9
Krazy90: calls $3
*** FLOP *** [2c 5h Js]
nedo1414: bets $3
Krazy90: folds
Uncalled bet ($3) returned to nedo1414
nedo1414 collected $17.64 from pot
nedo1414: doesn't show hand
*** SUMMARY ***
Total pot $18 | Rake $0.36
Board [2c 5h Js]
Seat 3: Krazy90 (button) (small blind) folded on the Flop
Seat 4: nedo1414 (big blind) collected ($17.64)


PokerStars Hand #170979436786:  Hold'em Limit ($3/$6 USD) - 2017/05/27 9:14:18 ET
Table 'Nash' 6-max Seat #4 is the button
Seat 3: Krazy90 ($133.26 in chips)
Seat 4: nedo1414 ($150.04 in chips)
nedo1414: posts small blind $1
Krazy90: posts big blind $3
*** HOLE CARDS ***
nedo1414: raises $3 to $6
Krazy90: calls $3
*** FLOP *** [Ac 4d 6h]
Krazy90: checks
nedo1414: bets $3
Krazy90: raises $3 to $6
nedo1414: calls $3
*** TURN *** [Ac 4d 6h] [5d]
Krazy90: bets $6
nedo1414: calls $6
*** RIVER *** [Ac 4d 6h 5d] [7d]
Krazy90: checks
nedo1414: bets $6
Krazy90: calls $6
*** SHOW DOWN ***
nedo1414: shows [Ad 8h] (a straight, Four to Eight)
Krazy90: mucks hand
nedo1414 collected $47.50 from pot
*** SUMMARY ***
Total pot $48 | Rake $0.50
Board [Ac 4d 6h 5d 7d]
Seat 3: Krazy90 (big blind) mucked
Seat 4: nedo1414 (button) (small blind) showed [Ad 8h] and won ($47.50) with a straight, Four to Eight


PokerStars Hand #170979478408:  Hold'em Limit ($3/$6 USD) - 2017/05/27 9:15:34 ET
Table 'Nash' 6-max Seat #3 is the button
Seat 3: Krazy90 ($120 in chips)
Seat 4: nedo1414 ($184.82 in chips)
Krazy90: posts small blind $1
nedo1414: posts big blind $3
*** HOLE CARDS ***
Krazy90: raises $3 to $6
nedo1414: raises $3 to $9
Krazy90: calls $3
*** FLOP *** [7h 9d Kc]
nedo1414: bets $3
Krazy90: raises $3 to $6
nedo1414: calls $3
*** TURN *** [7h 9d Kc] [2c]
nedo1414: checks
Krazy90: bets $6
nedo1414: calls $6
*** RIVER *** [7h 9d Kc 2c] [7d]
nedo1414: checks
Krazy90: bets $6
nedo1414: folds
Uncalled bet ($6) returned to Krazy90
Krazy90 collected $41.50 from pot
Krazy90: doesn't show hand
*** SUMMARY ***
Total pot $42 | Rake $0.50
Board [7h 9d Kc 2c 7d]
Seat 3: Krazy90 (button) (small blind) collected ($41.50)
Seat 4: nedo1414 (big blind) folded on the River


PokerStars Hand #170979487410:  Hold'em Limit ($3/$6 USD) - 2017/05/27 9:15:51 ET
Table 'Nash' 6-max Seat #4 is the button
Seat 3: Krazy90 ($140.50 in chips)
Seat 4: nedo1414 ($163.82 in chips)
nedo1414: posts small blind $1
Krazy90: posts big blind $3
*** HOLE CARDS ***
nedo1414: raises $3 to $6
Krazy90: calls $3
*** FLOP *** [Ad Ks 8s]
Krazy90: checks
nedo1414: bets $3
Krazy90: calls $3
*** TURN *** [Ad Ks 8s] [8c]
Krazy90: checks
nedo1414: bets $6
Krazy90: raises $6 to $12
nedo1414: folds
Uncalled bet ($6) returned to Krazy90
Krazy90 collected $29.50 from pot
Krazy90: doesn't show hand
*** SUMMARY ***
Total pot $30 | Rake $0.50
Board [Ad Ks 8s 8c]
Seat 3: Krazy90 (big blind) collected ($29.50)
Seat 4: nedo1414 (button) (small blind) folded on the Turn


PokerStars Hand #170979468813:  Hold'em Limit ($3/$6 USD) - 2017/05/27 9:15:16 ET
Table 'Nash' 6-max Seat #4 is the button
Seat 3: Krazy90 ($120 in chips)
Seat 4: nedo1414 ($176.18 in chips)
nedo1414: posts small blind $1
Krazy90: posts big blind $3
*** HOLE CARDS ***
nedo1414: raises $3 to $6
Krazy90: calls $3
*** FLOP *** [5s As Ac]
Krazy90: checks
nedo1414: bets $3
Krazy90: calls $3
*** TURN *** [5s As Ac] [9c]
Krazy90: checks
nedo1414: bets $6
Krazy90: folds
Uncalled bet ($6) returned to nedo1414
nedo1414 collected $17.64 from pot
nedo1414: doesn't show hand
*** SUMMARY ***
Total pot $18 | Rake $0.36
Board [5s As Ac 9c]
Seat 3: Krazy90 (big blind) folded on the Turn
Seat 4: nedo1414 (button) (small blind) collected ($17.64)


PokerStars Hand #170979528324:  Hold'em Limit ($3/$6 USD) - 2017/05/27 9:17:05 ET
Table 'Nash' 6-max Seat #4 is the button
Seat 3: Krazy90 ($159.50 in chips)
Seat 4: nedo1414 ($143.22 in chips)
nedo1414: posts small blind $1
Krazy90: posts big blind $3
*** HOLE CARDS ***
nedo1414: raises $3 to $6
Krazy90: calls $3
*** FLOP *** [8h 9c 7d]
Krazy90: checks
nedo1414: bets $3
Krazy90: folds
Uncalled bet ($3) returned to nedo1414
nedo1414 collected $11.76 from pot
nedo1414: doesn't show hand
*** SUMMARY ***
Total pot $12 | Rake $0.24
Board [8h 9c 7d]
Seat 3: Krazy90 (big blind) folded on the Flop
Seat 4: nedo1414 (button) (small blind) collected ($11.76)


PokerStars Hand #170979515287:  Hold'em Limit ($3/$6 USD) - 2017/05/27 9:16:42 ET
Table 'Nash' 6-max Seat #4 is the button
Seat 3: Krazy90 ($142 in chips)
Seat 4: nedo1414 ($161.46 in chips)
nedo1414: posts small blind $1
Krazy90: posts big blind $3
*** HOLE CARDS ***
nedo1414: raises $3 to $6
Krazy90: calls $3
*** FLOP *** [7h Th 2s]
Krazy90: checks
nedo1414: bets $3
Krazy90: folds
Uncalled bet ($3) returned to nedo1414
nedo1414 collected $11.76 from pot
nedo1414: doesn't show hand
*** SUMMARY ***
Total pot $12 | Rake $0.24
Board [7h Th 2s]
Seat 3: Krazy90 (big blind) folded on the Flop
Seat 4: nedo1414 (button) (small blind) collected ($11.76)


PokerStars Hand #170979533177:  Hold'em Limit ($3/$6 USD) - 2017/05/27 9:17:14 ET
Table 'Nash' 6-max Seat #3 is the button
Seat 3: Krazy90 ($153.50 in chips)
Seat 4: nedo1414 ($148.98 in chips)
Krazy90: posts small blind $1
nedo1414: posts big blind $3
*** HOLE CARDS ***
Krazy90: raises $3 to $6
nedo1414: calls $3
*** FLOP *** [8c 3s 2c]
nedo1414: checks
Krazy90: bets $3
nedo1414: calls $3
*** TURN *** [8c 3s 2c] [8s]
nedo1414: checks
Krazy90: checks
*** RIVER *** [8c 3s 2c 8s] [3h]
nedo1414: checks
Krazy90: checks
*** SHOW DOWN ***
nedo1414: shows [4h Kc] (two pair, Eights and Threes)
Krazy90: mucks hand
nedo1414 collected $17.64 from pot
*** SUMMARY ***
Total pot $18 | Rake $0.36
Board [8c 3s 2c 8s 3h]
Seat 3: Krazy90 (button) (small blind) mucked
Seat 4: nedo1414 (big blind) showed [4h Kc] and won ($17.64) with two pair, Eights and Threes


PokerStars Hand #170979511626:  Hold'em Limit ($3/$6 USD) - 2017/05/27 9:16:35 ET
Table 'Nash' 6-max Seat #3 is the button
Seat 3: Krazy90 ($143 in chips)
Seat 4: nedo1414 ($160.46 in chips)
Krazy90: posts small blind $1
nedo1414: posts big blind $3
*** HOLE CARDS ***
Krazy90: folds
Uncalled bet ($2) returned to nedo1414
nedo1414 collected $2 from pot
nedo1414: doesn't show hand
*** SUMMARY ***
Total pot $2 | Rake $0
Seat 3: Krazy90 (button) (small blind) folded before Flop
Seat 4: nedo1414 (big blind) collected ($2)


PokerStars Hand #170979521475:  Hold'em Limit ($3/$6 USD) - 2017/05/27 9:16:53 ET
Table 'Nash' 6-max Seat #3 is the button
Seat 3: Krazy90 ($136 in chips)
Seat 4: nedo1414 ($167.22 in chips)
Krazy90: posts small blind $1
nedo1414: posts big blind $3
*** HOLE CARDS ***
Krazy90: raises $3 to $6
nedo1414: raises $3 to $9
Krazy90: calls $3
*** FLOP *** [8d As 5d]
nedo1414: bets $3
Krazy90: calls $3
*** TURN *** [8d As 5d] [6c]
nedo1414: bets $6
Krazy90: calls $6
*** RIVER *** [8d As 5d 6c] [9s]
nedo1414: bets $6
Krazy90: calls $6
*** SHOW DOWN ***
nedo1414: shows [Td 9h] (a pair of Nines)
Krazy90: shows [Ah Js] (a pair of Aces)
Krazy90 collected $47.50 from pot
*** SUMMARY ***
Total pot $48 | Rake $0.50
Board [8d As 5d 6c 9s]
Seat 3: Krazy90 (button) (small blind) showed [Ah Js] and won ($47.50) with a pair of Aces
Seat 4: nedo1414 (big blind) showed [Td 9h] and lost with a pair of Nines


PokerStars Hand #170979508708:  Hold'em Limit ($3/$6 USD) - 2017/05/27 9:16:30 ET
Table 'Nash' 6-max Seat #4 is the button
Seat 3: Krazy90 ($146 in chips)
Seat 4: nedo1414 ($157.46 in chips)
nedo1414: posts small blind $1
Krazy90: posts big blind $3
*** HOLE CARDS ***
nedo1414: raises $3 to $6
Krazy90: folds
Uncalled bet ($3) returned to nedo1414
nedo1414 collected $6 from pot
nedo1414: doesn't show hand
*** SUMMARY ***
Total pot $6 | Rake $0
Seat 3: Krazy90 (big blind) folded before Flop
Seat 4: nedo1414 (button) (small blind) collected ($6)


PokerStars Hand #170979496696:  Hold'em Limit ($3/$6 USD) - 2017/05/27 9:16:08 ET
Table 'Nash' 6-max Seat #3 is the button
Seat 3: Krazy90 ($155 in chips)
Seat 4: nedo1414 ($148.82 in chips)
Krazy90: posts small blind $1
nedo1414: posts big blind $3
*** HOLE CARDS ***
Krazy90: raises $3 to $6
nedo1414: raises $3 to $9
Krazy90: calls $3
*** FLOP *** [Ad Jd 3c]
nedo1414: bets $3
Krazy90: folds
Uncalled bet ($3) returned to nedo1414
nedo1414 collected $17.64 from pot
nedo1414: doesn't show hand
*** SUMMARY ***
Total pot $18 | Rake $0.36
Board [Ad Jd 3c]
Seat 3: Krazy90 (button) (small blind) folded on the Flop
Seat 4: nedo1414 (big blind) collected ($17.64)


PokerStars Hand #170979557178:  Hold'em Limit ($3/$6 USD) - 2017/05/27 9:17:58 ET
Table 'Nash' 6-max Seat #4 is the button
Seat 3: Krazy90 ($120 in chips)
Seat 4: nedo1414 ($189.88 in chips)
nedo1414: posts small blind $1
Krazy90: posts big blind $3
*** HOLE CARDS ***
nedo1414: raises $3 to $6
Krazy90: calls $3
*** FLOP *** [Qh 4s Kh]
Krazy90: checks
nedo1414: bets $3
Krazy90: folds
Uncalled bet ($3) returned to nedo1414
nedo1414 collected $11.76 from pot
nedo1414: doesn't show hand
*** SUMMARY ***
Total pot $12 | Rake $0.24
Board [Qh 4s Kh]
Seat 3: Krazy90 (big blind) folded on the Flop
Seat 4: nedo1414 (button) (small blind) collected ($11.76)


PokerStars Hand #170979564112:  Hold'em Limit ($3/$6 USD) - 2017/05/27 9:18:11 ET
Table 'Nash' 6-max Seat #4 is the button
Seat 3: Krazy90 ($120 in chips)
Seat 4: nedo1414 ($196.64 in chips)
nedo1414: posts small blind $1
Krazy90: posts big blind $3
*** HOLE CARDS ***
nedo1414: folds
Uncalled bet ($2) returned to Krazy90
Krazy90 collected $2 from pot
Krazy90: doesn't show hand
*** SUMMARY ***
Total pot $2 | Rake $0
Seat 3: Krazy90 (big blind) collected ($2)
Seat 4: nedo1414 (button) (small blind) folded before Flop


PokerStars Hand #170979561717:  Hold'em Limit ($3/$6 USD) - 2017/05/27 9:18:06 ET
Table 'Nash' 6-max Seat #3 is the button
Seat 3: Krazy90 ($120 in chips)
Seat 4: nedo1414 ($195.64 in chips)
Krazy90: posts small blind $1
nedo1414: posts big blind $3
*** HOLE CARDS ***
Krazy90: folds
Uncalled bet ($2) returned to nedo1414
nedo1414 collected $2 from pot
nedo1414: doesn't show hand
*** SUMMARY ***
Total pot $2 | Rake $0
Seat 3: Krazy90 (button) (small blind) folded before Flop
Seat 4: nedo1414 (big blind) collected ($2)


PokerStars Hand #170979541480:  Hold'em Limit ($3/$6 USD) - 2017/05/27 9:17:30 ET
Table 'Nash' 6-max Seat #4 is the button
Seat 3: Krazy90 ($144.50 in chips)
Seat 4: nedo1414 ($157.62 in chips)
nedo1414: posts small blind $1
Krazy90: posts big blind $3
*** HOLE CARDS ***
nedo1414: raises $3 to $6
Krazy90: raises $3 to $9
nedo1414: calls $3
*** FLOP *** [6c 9h 4h]
Krazy90: bets $3
nedo1414: raises $3 to $6
Krazy90: calls $3
*** TURN *** [6c 9h 4h] [5s]
Krazy90: checks
nedo1414: bets $6
Krazy90: calls $6
*** RIVER *** [6c 9h 4h 5s] [5d]
Krazy90: checks
nedo1414: bets $6
Krazy90: calls $6
*** SHOW DOWN ***
nedo1414: shows [7s 8h] (a straight, Five to Nine)
Krazy90: mucks hand
nedo1414 collected $53.50 from pot
*** SUMMARY ***
Total pot $54 | Rake $0.50
Board [6c 9h 4h 5s 5d]
Seat 3: Krazy90 (big blind) mucked
Seat 4: nedo1414 (button) (small blind) showed [7s 8h] and won ($53.50) with a straight, Five to Nine


PokerStars Hand #170979551517:  Hold'em Limit ($3/$6 USD) - 2017/05/27 9:17:48 ET
Table 'Nash' 6-max Seat #3 is the button
Seat 3: Krazy90 ($120 in chips)
Seat 4: nedo1414 ($184.12 in chips)
Krazy90: posts small blind $1
nedo1414: posts big blind $3
*** HOLE CARDS ***
Krazy90: raises $3 to $6
nedo1414: calls $3
*** FLOP *** [4d 8s 3s]
nedo1414: checks
Krazy90: checks
*** TURN *** [4d 8s 3s] [5d]
nedo1414: bets $6
Krazy90: folds
Uncalled bet ($6) returned to nedo1414
nedo1414 collected $11.76 from pot
nedo1414: doesn't show hand
*** SUMMARY ***
Total pot $12 | Rake $0.24
Board [4d 8s 3s 5d]
Seat 3: Krazy90 (button) (small blind) folded on the Turn
Seat 4: nedo1414 (big blind) collected ($11.76)


PokerStars Hand #170979593882:  Hold'em Limit ($3/$6 USD) - 2017/05/27 9:19:05 ET
Table 'Nash' 6-max Seat #3 is the button
Seat 3: Krazy90 ($120 in chips)
Seat 4: nedo1414 ($218.90 in chips)
Krazy90: posts small blind $1
nedo1414: posts big blind $3
*** HOLE CARDS ***
Krazy90: raises $3 to $6
nedo1414: calls $3
*** FLOP *** [Qc Td 5c]
nedo1414: checks
Krazy90: bets $3
nedo1414: calls $3
*** TURN *** [Qc Td 5c] [Th]
nedo1414: checks
Krazy90: bets $6
nedo1414: calls $6
*** RIVER *** [Qc Td 5c Th] [Qd]
nedo1414: checks
Krazy90: checks
*** SHOW DOWN ***
nedo1414: shows [9h As] (two pair, Queens and Tens)
Krazy90: mucks hand
nedo1414 collected $29.50 from pot
*** SUMMARY ***
Total pot $30 | Rake $0.50
Board [Qc Td 5c Th Qd]
Seat 3: Krazy90 (button) (small blind) mucked
Seat 4: nedo1414 (big blind) showed [9h As] and won ($29.50) with two pair, Queens and Tens


PokerStars Hand #170979576345:  Hold'em Limit ($3/$6 USD) - 2017/05/27 9:18:33 ET
Table 'Nash' 6-max Seat #4 is the button
Seat 3: Krazy90 ($120 in chips)
Seat 4: nedo1414 ($201.40 in chips)
nedo1414: posts small blind $1
Krazy90: posts big blind $3
*** HOLE CARDS ***
nedo1414: raises $3 to $6
Krazy90: folds
Uncalled bet ($3) returned to nedo1414
nedo1414 collected $6 from pot
nedo1414: doesn't show hand
*** SUMMARY ***
Total pot $6 | Rake $0
Seat 3: Krazy90 (big blind) folded before Flop
Seat 4: nedo1414 (button) (small blind) collected ($6)


PokerStars Hand #170979566622:  Hold'em Limit ($3/$6 USD) - 2017/05/27 9:18:15 ET
Table 'Nash' 6-max Seat #3 is the button
Seat 3: Krazy90 ($121 in chips)
Seat 4: nedo1414 ($195.64 in chips)
Krazy90: posts small blind $1
nedo1414: posts big blind $3
*** HOLE CARDS ***
Krazy90: raises $3 to $6
nedo1414: calls $3
*** FLOP *** [Js 8h 2s]
nedo1414: checks
Krazy90: checks
*** TURN *** [Js 8h 2s] [7h]
nedo1414: checks
Krazy90: checks
*** RIVER *** [Js 8h 2s 7h] [4h]
nedo1414: bets $6
Krazy90: folds
Uncalled bet ($6) returned to nedo1414
nedo1414 collected $11.76 from pot
nedo1414: doesn't show hand
*** SUMMARY ***
Total pot $12 | Rake $0.24
Board [Js 8h 2s 7h 4h]
Seat 3: Krazy90 (button) (small blind) folded on the River
Seat 4: nedo1414 (big blind) collected ($11.76)


PokerStars Hand #170979579575:  Hold'em Limit ($3/$6 USD) - 2017/05/27 9:18:39 ET
Table 'Nash' 6-max Seat #3 is the button
Seat 3: Krazy90 ($120 in chips)
Seat 4: nedo1414 ($204.40 in chips)
Krazy90: posts small blind $1
nedo1414: posts big blind $3
*** HOLE CARDS ***
Krazy90: raises $3 to $6
nedo1414: calls $3
*** FLOP *** [9d 5h 5s]
nedo1414: checks
Krazy90: bets $3
nedo1414: folds
Uncalled bet ($3) returned to Krazy90
Krazy90 collected $11.76 from pot
Krazy90: doesn't show hand
*** SUMMARY ***
Total pot $12 | Rake $0.24
Board [9d 5h 5s]
Seat 3: Krazy90 (button) (small blind) collected ($11.76)
Seat 4: nedo1414 (big blind) folded on the Flop


PokerStars Hand #170979587098:  Hold'em Limit ($3/$6 USD) - 2017/05/27 9:18:52 ET
Table 'Nash' 6-max Seat #4 is the button
Seat 3: Krazy90 ($125.76 in chips)
Seat 4: nedo1414 ($198.40 in chips)
nedo1414: posts small blind $1
Krazy90: posts big blind $3
*** HOLE CARDS ***
nedo1414: raises $3 to $6
Krazy90: calls $3
*** FLOP *** [4d Kh 2h]
Krazy90: checks
nedo1414: bets $3
Krazy90: calls $3
*** TURN *** [4d Kh 2h] [Ks]
Krazy90: checks
nedo1414: bets $6
Krazy90: calls $6
*** RIVER *** [4d Kh 2h Ks] [Td]
Krazy90: checks
nedo1414: bets $6
Krazy90: calls $6
*** SHOW DOWN ***
nedo1414: shows [Th Kc] (a full house, Kings full of Tens)
Krazy90: mucks hand
nedo1414 collected $41.50 from pot
*** SUMMARY ***
Total pot $42 | Rake $0.50
Board [4d Kh 2h Ks Td]
Seat 3: Krazy90 (big blind) mucked
Seat 4: nedo1414 (button) (small blind) showed [Th Kc] and won ($41.50) with a full house, Kings full of Tens


PokerStars Hand #170979622007:  Hold'em Limit ($3/$6 USD) - 2017/05/27 9:19:56 ET
Table 'Nash' 6-max Seat #3 is the button
Seat 3: Krazy90 ($120 in chips)
Seat 4: nedo1414 ($236.04 in chips)
Krazy90: posts small blind $1
nedo1414: posts big blind $3
*** HOLE CARDS ***
Krazy90: raises $3 to $6
nedo1414: calls $3
*** FLOP *** [7h 4c Qd]
nedo1414: checks
Krazy90: checks
*** TURN *** [7h 4c Qd] [2d]
nedo1414: checks
Krazy90: checks
*** RIVER *** [7h 4c Qd 2d] [2h]
nedo1414: bets $6
Krazy90: calls $6
*** SHOW DOWN ***
nedo1414: shows [Ah 3c] (a pair of Deuces)
Krazy90: shows [Ad 9c] (a pair of Deuces - Ace+Queen+Nine kicker)
Krazy90 collected $23.52 from pot
*** SUMMARY ***
Total pot $24 | Rake $0.48
Board [7h 4c Qd 2d 2h]
Seat 3: Krazy90 (button) (small blind) showed [Ad 9c] and won ($23.52) with a pair of Deuces
Seat 4: nedo1414 (big blind) showed [Ah 3c] and lost with a pair of Deuces


PokerStars Hand #170979616622:  Hold'em Limit ($3/$6 USD) - 2017/05/27 9:19:46 ET
Table 'Nash' 6-max Seat #3 is the button
Seat 3: Krazy90 ($121 in chips)
Seat 4: nedo1414 ($232.04 in chips)
Krazy90: posts small blind $1
nedo1414: posts big blind $3
*** HOLE CARDS ***
Krazy90: folds
Uncalled bet ($2) returned to nedo1414
nedo1414 collected $2 from pot
nedo1414: doesn't show hand
*** SUMMARY ***
Total pot $2 | Rake $0
Seat 3: Krazy90 (button) (small blind) folded before Flop
Seat 4: nedo1414 (big blind) collected ($2)


PokerStars Hand #170979614154:  Hold'em Limit ($3/$6 USD) - 2017/05/27 9:19:41 ET
Table 'Nash' 6-max Seat #4 is the button
Seat 3: Krazy90 ($120 in chips)
Seat 4: nedo1414 ($233.04 in chips)
nedo1414: posts small blind $1
Krazy90: posts big blind $3
*** HOLE CARDS ***
nedo1414: folds
Uncalled bet ($2) returned to Krazy90
Krazy90 collected $2 from pot
Krazy90: doesn't show hand
*** SUMMARY ***
Total pot $2 | Rake $0
Seat 3: Krazy90 (big blind) collected ($2)
Seat 4: nedo1414 (button) (small blind) folded before Flop


PokerStars Hand #170979609258:  Hold'em Limit ($3/$6 USD) - 2017/05/27 9:19:32 ET
Table 'Nash' 6-max Seat #3 is the button
Seat 3: Krazy90 ($128.64 in chips)
Seat 4: nedo1414 ($224.40 in chips)
Krazy90: posts small blind $1
nedo1414: posts big blind $3
*** HOLE CARDS ***
Krazy90: raises $3 to $6
nedo1414: calls $3
*** FLOP *** [3d 4d Ks]
nedo1414: checks
Krazy90: bets $3
nedo1414: raises $3 to $6
Krazy90: folds
Uncalled bet ($3) returned to nedo1414
nedo1414 collected $17.64 from pot
nedo1414: doesn't show hand
*** SUMMARY ***
Total pot $18 | Rake $0.36
Board [3d 4d Ks]
Seat 3: Krazy90 (button) (small blind) folded on the Flop
Seat 4: nedo1414 (big blind) collected ($17.64)


PokerStars Hand #170979619068:  Hold'em Limit ($3/$6 USD) - 2017/05/27 9:19:50 ET
Table 'Nash' 6-max Seat #4 is the button
Seat 3: Krazy90 ($120 in chips)
Seat 4: nedo1414 ($233.04 in chips)
nedo1414: posts small blind $1
Krazy90: posts big blind $3
*** HOLE CARDS ***
nedo1414: raises $3 to $6
Krazy90: folds
Uncalled bet ($3) returned to nedo1414
nedo1414 collected $6 from pot
nedo1414: doesn't show hand
*** SUMMARY ***
Total pot $6 | Rake $0
Seat 3: Krazy90 (big blind) folded before Flop
Seat 4: nedo1414 (button) (small blind) collected ($6)


PokerStars Hand #170979600912:  Hold'em Limit ($3/$6 USD) - 2017/05/27 9:19:17 ET
Table 'Nash' 6-max Seat #4 is the button
Seat 3: Krazy90 ($120 in chips)
Seat 4: nedo1414 ($233.40 in chips)
nedo1414: posts small blind $1
Krazy90: posts big blind $3
*** HOLE CARDS ***
nedo1414: raises $3 to $6
Krazy90: calls $3
*** FLOP *** [Jd 7c 9c]
Krazy90: checks
nedo1414: bets $3
Krazy90: calls $3
*** TURN *** [Jd 7c 9c] [9d]
Krazy90: checks
nedo1414: checks
*** RIVER *** [Jd 7c 9c 9d] [8s]
Krazy90: checks
nedo1414: checks
*** SHOW DOWN ***
Krazy90: shows [5c As] (a pair of Nines)
nedo1414: mucks hand
Krazy90 collected $17.64 from pot
*** SUMMARY ***
Total pot $18 | Rake $0.36
Board [Jd 7c 9c 9d 8s]
Seat 3: Krazy90 (big blind) showed [5c As] and won ($17.64) with a pair of Nines
Seat 4: nedo1414 (button) (small blind) mucked


PokerStars Hand #170979638614:  Hold'em Limit ($3/$6 USD) - 2017/05/27 9:20:26 ET
Table 'Nash' 6-max Seat #3 is the button
Seat 3: Krazy90 ($128.52 in chips)
Seat 4: nedo1414 ($227.04 in chips)
Krazy90: posts small blind $1
nedo1414: posts big blind $3
*** HOLE CARDS ***
Krazy90: raises $3 to $6
nedo1414: folds
Uncalled bet ($3) returned to Krazy90
Krazy90 collected $6 from pot
Krazy90: doesn't show hand
*** SUMMARY ***
Total pot $6 | Rake $0
Seat 3: Krazy90 (button) (small blind) collected ($6)
Seat 4: nedo1414 (big blind) folded before Flop


PokerStars Hand #170979636115:  Hold'em Limit ($3/$6 USD) - 2017/05/27 9:20:21 ET
Table 'Nash' 6-max Seat #4 is the button
Seat 3: Krazy90 ($127.52 in chips)
Seat 4: nedo1414 ($228.04 in chips)
nedo1414: posts small blind $1
Krazy90: posts big blind $3
*** HOLE CARDS ***
nedo1414: folds
Uncalled bet ($2) returned to Krazy90
Krazy90 collected $2 from pot
Krazy90: doesn't show hand
*** SUMMARY ***
Total pot $2 | Rake $0
Seat 3: Krazy90 (big blind) collected ($2)
Seat 4: nedo1414 (button) (small blind) folded before Flop


PokerStars Hand #170979630399:  Hold'em Limit ($3/$6 USD) - 2017/05/27 9:20:11 ET
Table 'Nash' 6-max Seat #3 is the button
Seat 3: Krazy90 ($128.52 in chips)
Seat 4: nedo1414 ($227.04 in chips)
Krazy90: posts small blind $1
nedo1414: posts big blind $3
*** HOLE CARDS ***
Krazy90: folds
Uncalled bet ($2) returned to nedo1414
nedo1414 collected $2 from pot
nedo1414: doesn't show hand
*** SUMMARY ***
Total pot $2 | Rake $0
Seat 3: Krazy90 (button) (small blind) folded before Flop
Seat 4: nedo1414 (big blind) collected ($2)


PokerStars Hand #170979627623:  Hold'em Limit ($3/$6 USD) - 2017/05/27 9:20:06 ET
Table 'Nash' 6-max Seat #4 is the button
Seat 3: Krazy90 ($131.52 in chips)
Seat 4: nedo1414 ($224.04 in chips)
nedo1414: posts small blind $1
Krazy90: posts big blind $3
*** HOLE CARDS ***
nedo1414: raises $3 to $6
Krazy90: folds
Uncalled bet ($3) returned to nedo1414
nedo1414 collected $6 from pot
nedo1414: doesn't show hand
*** SUMMARY ***
Total pot $6 | Rake $0
Seat 3: Krazy90 (big blind) folded before Flop
Seat 4: nedo1414 (button) (small blind) collected ($6)


PokerStars Hand #170979662667:  Hold'em Limit ($3/$6 USD) - 2017/05/27 9:21:09 ET
Table 'Nash' 6-max Seat #4 is the button
Seat 3: Krazy90 ($171.30 in chips)
Seat 4: nedo1414 ($183.04 in chips)
nedo1414: posts small blind $1
Krazy90: posts big blind $3
*** HOLE CARDS ***
nedo1414: raises $3 to $6
Krazy90: calls $3
*** FLOP *** [6c Ks Jh]
Krazy90: checks
nedo1414: bets $3
Krazy90: folds
Uncalled bet ($3) returned to nedo1414
nedo1414 collected $11.76 from pot
nedo1414: doesn't show hand
*** SUMMARY ***
Total pot $12 | Rake $0.24
Board [6c Ks Jh]
Seat 3: Krazy90 (big blind) folded on the Flop
Seat 4: nedo1414 (button) (small blind) collected ($11.76)


PokerStars Hand #170979649554:  Hold'em Limit ($3/$6 USD) - 2017/05/27 9:20:46 ET
Table 'Nash' 6-max Seat #4 is the button
Seat 3: Krazy90 ($139.16 in chips)
Seat 4: nedo1414 ($216.04 in chips)
nedo1414: posts small blind $1
Krazy90: posts big blind $3
*** HOLE CARDS ***
nedo1414: raises $3 to $6
Krazy90: calls $3
*** FLOP *** [5c 4c 6s]
Krazy90: checks
nedo1414: bets $3
Krazy90: raises $3 to $6
nedo1414: calls $3
*** TURN *** [5c 4c 6s] [9c]
Krazy90: bets $6
nedo1414: calls $6
*** RIVER *** [5c 4c 6s 9c] [Kh]
Krazy90: bets $6
nedo1414: calls $6
*** SHOW DOWN ***
Krazy90: shows [Js Jd] (a pair of Jacks)
nedo1414: mucks hand
Krazy90 collected $47.50 from pot
*** SUMMARY ***
Total pot $48 | Rake $0.50
Board [5c 4c 6s 9c Kh]
Seat 3: Krazy90 (big blind) showed [Js Jd] and won ($47.50) with a pair of Jacks
Seat 4: nedo1414 (button) (small blind) mucked


PokerStars Hand #170979656809:  Hold'em Limit ($3/$6 USD) - 2017/05/27 9:20:59 ET
Table 'Nash' 6-max Seat #3 is the button
Seat 3: Krazy90 ($162.66 in chips)
Seat 4: nedo1414 ($192.04 in chips)
Krazy90: posts small blind $1
nedo1414: posts big blind $3
*** HOLE CARDS ***
Krazy90: raises $3 to $6
nedo1414: calls $3
*** FLOP *** [Ts 4c 2d]
nedo1414: checks
Krazy90: bets $3
nedo1414: calls $3
*** TURN *** [Ts 4c 2d] [5h]
nedo1414: checks
Krazy90: checks
*** RIVER *** [Ts 4c 2d 5h] [4h]
nedo1414: checks
Krazy90: bets $6
nedo1414: folds
Uncalled bet ($6) returned to Krazy90
Krazy90 collected $17.64 from pot
Krazy90: doesn't show hand
*** SUMMARY ***
Total pot $18 | Rake $0.36
Board [Ts 4c 2d 5h 4h]
Seat 3: Krazy90 (button) (small blind) collected ($17.64)
Seat 4: nedo1414 (big blind) folded on the River


PokerStars Hand #170979666756:  Hold'em Limit ($3/$6 USD) - 2017/05/27 9:21:17 ET
Table 'Nash' 6-max Seat #3 is the button
Seat 3: Krazy90 ($165.30 in chips)
Seat 4: nedo1414 ($188.80 in chips)
Krazy90: posts small blind $1
nedo1414: posts big blind $3
*** HOLE CARDS ***
Krazy90: raises $3 to $6
nedo1414: raises $3 to $9
Krazy90: calls $3
*** FLOP *** [7s Qd Qc]
nedo1414: bets $3
Krazy90: folds
Uncalled bet ($3) returned to nedo1414
nedo1414 collected $17.64 from pot
nedo1414: doesn't show hand
*** SUMMARY ***
Total pot $18 | Rake $0.36
Board [7s Qd Qc]
Seat 3: Krazy90 (button) (small blind) folded on the Flop
Seat 4: nedo1414 (big blind) collected ($17.64)


PokerStars Hand #170979647027:  Hold'em Limit ($3/$6 USD) - 2017/05/27 9:20:41 ET
Table 'Nash' 6-max Seat #3 is the button
Seat 3: Krazy90 ($140.16 in chips)
Seat 4: nedo1414 ($215.04 in chips)
Krazy90: posts small blind $1
nedo1414: posts big blind $3
*** HOLE CARDS ***
Krazy90: folds
Uncalled bet ($2) returned to nedo1414
nedo1414 collected $2 from pot
nedo1414: doesn't show hand
*** SUMMARY ***
Total pot $2 | Rake $0
Seat 3: Krazy90 (button) (small blind) folded before Flop
Seat 4: nedo1414 (big blind) collected ($2)


PokerStars Hand #170979641108:  Hold'em Limit ($3/$6 USD) - 2017/05/27 9:20:30 ET
Table 'Nash' 6-max Seat #4 is the button
Seat 3: Krazy90 ($131.52 in chips)
Seat 4: nedo1414 ($224.04 in chips)
nedo1414: posts small blind $1
Krazy90: posts big blind $3
*** HOLE CARDS ***
nedo1414: raises $3 to $6
Krazy90: calls $3
*** FLOP *** [Qs Ad 2d]
Krazy90: checks
nedo1414: bets $3
Krazy90: calls $3
*** TURN *** [Qs Ad 2d] [Qc]
Krazy90: checks
nedo1414: checks
*** RIVER *** [Qs Ad 2d Qc] [5s]
Krazy90: bets $6
nedo1414: folds
Uncalled bet ($6) returned to Krazy90
Krazy90 collected $17.64 from pot
Krazy90: doesn't show hand
*** SUMMARY ***
Total pot $18 | Rake $0.36
Board [Qs Ad 2d Qc 5s]
Seat 3: Krazy90 (big blind) collected ($17.64)
Seat 4: nedo1414 (button) (small blind) folded on the River


PokerStars Hand #170979676666:  Hold'em Limit ($3/$6 USD) - 2017/05/27 9:21:35 ET
Table 'Nash' 6-max Seat #3 is the button
Seat 3: Krazy90 ($164.94 in chips)
Seat 4: nedo1414 ($188.44 in chips)
Krazy90: posts small blind $1
nedo1414: posts big blind $3
*** HOLE CARDS ***
Krazy90: raises $3 to $6
nedo1414: folds
Uncalled bet ($3) returned to Krazy90
Krazy90 collected $6 from pot
Krazy90: doesn't show hand
*** SUMMARY ***
Total pot $6 | Rake $0
Seat 3: Krazy90 (button) (small blind) collected ($6)
Seat 4: nedo1414 (big blind) folded before Flop


PokerStars Hand #170979671807:  Hold'em Limit ($3/$6 USD) - 2017/05/27 9:21:26 ET
Table 'Nash' 6-max Seat #4 is the button
Seat 3: Krazy90 ($156.30 in chips)
Seat 4: nedo1414 ($197.44 in chips)
nedo1414: posts small blind $1
Krazy90: posts big blind $3
*** HOLE CARDS ***
nedo1414: raises $3 to $6
Krazy90: raises $3 to $9
nedo1414: calls $3
*** FLOP *** [Kc 6d Ks]
Krazy90: bets $3
nedo1414: folds
Uncalled bet ($3) returned to Krazy90
Krazy90 collected $17.64 from pot
Krazy90: doesn't show hand
*** SUMMARY ***
Total pot $18 | Rake $0.36
Board [Kc 6d Ks]
Seat 3: Krazy90 (big blind) collected ($17.64)
Seat 4: nedo1414 (button) (small blind) folded on the Flop


PokerStars Hand #170979701330:  Hold'em Limit ($3/$6 USD) - 2017/05/27 9:22:19 ET
Table 'Nash' 6-max Seat #4 is the button
Seat 3: Krazy90 ($141.58 in chips)
Seat 4: nedo1414 ($210.94 in chips)
nedo1414: posts small blind $1
Krazy90: posts big blind $3
*** HOLE CARDS ***
nedo1414: raises $3 to $6
Krazy90: folds
Uncalled bet ($3) returned to nedo1414
nedo1414 collected $6 from pot
nedo1414: doesn't show hand
*** SUMMARY ***
Total pot $6 | Rake $0
Seat 3: Krazy90 (big blind) folded before Flop
Seat 4: nedo1414 (button) (small blind) collected ($6)


PokerStars Hand #170979679754:  Hold'em Limit ($3/$6 USD) - 2017/05/27 9:21:40 ET
Table 'Nash' 6-max Seat #4 is the button
Seat 3: Krazy90 ($167.94 in chips)
Seat 4: nedo1414 ($185.44 in chips)
nedo1414: posts small blind $1
Krazy90: posts big blind $3
*** HOLE CARDS ***
nedo1414: folds
Uncalled bet ($2) returned to Krazy90
Krazy90 collected $2 from pot
Krazy90: doesn't show hand
*** SUMMARY ***
Total pot $2 | Rake $0
Seat 3: Krazy90 (big blind) collected ($2)
Seat 4: nedo1414 (button) (small blind) folded before Flop


PokerStars Hand #170979691159:  Hold'em Limit ($3/$6 USD) - 2017/05/27 9:22:01 ET
Table 'Nash' 6-max Seat #4 is the button
Seat 3: Krazy90 ($135.94 in chips)
Seat 4: nedo1414 ($216.94 in chips)
nedo1414: posts small blind $1
Krazy90: posts big blind $3
*** HOLE CARDS ***
nedo1414: raises $3 to $6
Krazy90: folds
Uncalled bet ($3) returned to nedo1414
nedo1414 collected $6 from pot
nedo1414: doesn't show hand
*** SUMMARY ***
Total pot $6 | Rake $0
Seat 3: Krazy90 (big blind) folded before Flop
Seat 4: nedo1414 (button) (small blind) collected ($6)


PokerStars Hand #170979682168:  Hold'em Limit ($3/$6 USD) - 2017/05/27 9:21:44 ET
Table 'Nash' 6-max Seat #3 is the button
Seat 3: Krazy90 ($168.94 in chips)
Seat 4: nedo1414 ($184.44 in chips)
Krazy90: posts small blind $1
nedo1414: posts big blind $3
*** HOLE CARDS ***
Krazy90: raises $3 to $6
nedo1414: raises $3 to $9
Krazy90: raises $3 to $12
Betting is capped
nedo1414: calls $3
*** FLOP *** [Ks 5d Ac]
nedo1414: checks
Krazy90: bets $3
nedo1414: calls $3
*** TURN *** [Ks 5d Ac] [4s]
nedo1414: checks
Krazy90: bets $6
nedo1414: raises $6 to $12
Krazy90: calls $6
*** RIVER *** [Ks 5d Ac 4s] [2h]
nedo1414: bets $6
Krazy90: calls $6
*** SHOW DOWN ***
nedo1414: shows [Kd Kh] (three of a kind, Kings)
Krazy90: mucks hand
nedo1414 collected $65.50 from pot
*** SUMMARY ***
Total pot $66 | Rake $0.50
Board [Ks 5d Ac 4s 2h]
Seat 3: Krazy90 (button) (small blind) mucked
Seat 4: nedo1414 (big blind) showed [Kd Kh] and won ($65.50) with three of a kind, Kings


PokerStars Hand #170979719822:  Hold'em Limit ($3/$6 USD) - 2017/05/27 9:22:53 ET
Table 'Nash' 6-max Seat #3 is the button
Seat 3: Krazy90 ($135.10 in chips)
Seat 4: nedo1414 ($216.44 in chips)
Krazy90: posts small blind $1
nedo1414: posts big blind $3
*** HOLE CARDS ***
Krazy90: raises $3 to $6
nedo1414: folds
Uncalled bet ($3) returned to Krazy90
Krazy90 collected $6 from pot
Krazy90: doesn't show hand
*** SUMMARY ***
Total pot $6 | Rake $0
Seat 3: Krazy90 (button) (small blind) collected ($6)
Seat 4: nedo1414 (big blind) folded before Flop


PokerStars Hand #170979713759:  Hold'em Limit ($3/$6 USD) - 2017/05/27 9:22:42 ET
Table 'Nash' 6-max Seat #4 is the button
Seat 3: Krazy90 ($123.58 in chips)
Seat 4: nedo1414 ($228.44 in chips)
nedo1414: posts small blind $1
Krazy90: posts big blind $3
*** HOLE CARDS ***
nedo1414: raises $3 to $6
Krazy90: raises $3 to $9
nedo1414: calls $3
*** FLOP *** [Jh Js 9h]
Krazy90: bets $3
nedo1414: calls $3
*** TURN *** [Jh Js 9h] [5d]
Krazy90: bets $6
nedo1414: folds
Uncalled bet ($6) returned to Krazy90
Krazy90 collected $23.52 from pot
Krazy90: doesn't show hand
*** SUMMARY ***
Total pot $24 | Rake $0.48
Board [Jh Js 9h 5d]
Seat 3: Krazy90 (big blind) collected ($23.52)
Seat 4: nedo1414 (button) (small blind) folded on the Turn


PokerStars Hand #170979704225:  Hold'em Limit ($3/$6 USD) - 2017/05/27 9:22:25 ET
Table 'Nash' 6-max Seat #3 is the button
Seat 3: Krazy90 ($138.58 in chips)
Seat 4: nedo1414 ($213.94 in chips)
Krazy90: posts small blind $1
nedo1414: posts big blind $3
*** HOLE CARDS ***
Krazy90: raises $3 to $6
nedo1414: calls $3
*** FLOP *** [7s 3h 5c]
nedo1414: checks
Krazy90: bets $3
nedo1414: calls $3
*** TURN *** [7s 3h 5c] [Kh]
nedo1414: checks
Krazy90: bets $6
nedo1414: calls $6
*** RIVER *** [7s 3h 5c Kh] [7c]
nedo1414: checks
Krazy90: checks
*** SHOW DOWN ***
nedo1414: shows [Jc Kc] (two pair, Kings and Sevens)
Krazy90: mucks hand
nedo1414 collected $29.50 from pot
*** SUMMARY ***
Total pot $30 | Rake $0.50
Board [7s 3h 5c Kh 7c]
Seat 3: Krazy90 (button) (small blind) mucked
Seat 4: nedo1414 (big blind) showed [Jc Kc] and won ($29.50) with two pair, Kings and Sevens


PokerStars Hand #170979722840:  Hold'em Limit ($3/$6 USD) - 2017/05/27 9:22:59 ET
Table 'Nash' 6-max Seat #4 is the button
Seat 3: Krazy90 ($138.10 in chips)
Seat 4: nedo1414 ($213.44 in chips)
nedo1414: posts small blind $1
Krazy90: posts big blind $3
*** HOLE CARDS ***
nedo1414: folds
Uncalled bet ($2) returned to Krazy90
Krazy90 collected $2 from pot
Krazy90: doesn't show hand
*** SUMMARY ***
Total pot $2 | Rake $0
Seat 3: Krazy90 (big blind) collected ($2)
Seat 4: nedo1414 (button) (small blind) folded before Flop


PokerStars Hand #170979731447:  Hold'em Limit ($3/$6 USD) - 2017/05/27 9:23:14 ET
Table 'Nash' 6-max Seat #4 is the button
Seat 3: Krazy90 ($142.10 in chips)
Seat 4: nedo1414 ($209.44 in chips)
nedo1414: posts small blind $1
Krazy90: posts big blind $3
*** HOLE CARDS ***
nedo1414: raises $3 to $6
Krazy90: folds
Uncalled bet ($3) returned to nedo1414
nedo1414 collected $6 from pot
nedo1414: doesn't show hand
*** SUMMARY ***
Total pot $6 | Rake $0
Seat 3: Krazy90 (big blind) folded before Flop
Seat 4: nedo1414 (button) (small blind) collected ($6)


PokerStars Hand #170979728889:  Hold'em Limit ($3/$6 USD) - 2017/05/27 9:23:10 ET
Table 'Nash' 6-max Seat #3 is the button
Seat 3: Krazy90 ($139.10 in chips)
Seat 4: nedo1414 ($212.44 in chips)
Krazy90: posts small blind $1
nedo1414: posts big blind $3
*** HOLE CARDS ***
Krazy90: raises $3 to $6
nedo1414: folds
Uncalled bet ($3) returned to Krazy90
Krazy90 collected $6 from pot
Krazy90: doesn't show hand
*** SUMMARY ***
Total pot $6 | Rake $0
Seat 3: Krazy90 (button) (small blind) collected ($6)
Seat 4: nedo1414 (big blind) folded before Flop


PokerStars Hand #170979753013:  Hold'em Limit ($3/$6 USD) - 2017/05/27 9:23:54 ET
Table 'Nash' 6-max Seat #4 is the button
Seat 3: Krazy90 ($185.10 in chips)
Seat 4: nedo1414 ($165.44 in chips)
nedo1414: posts small blind $1
Krazy90: posts big blind $3
*** HOLE CARDS ***
nedo1414: raises $3 to $6
Krazy90: calls $3
*** FLOP *** [Tc Qs 8c]
Krazy90: checks
nedo1414: bets $3
Krazy90: calls $3
*** TURN *** [Tc Qs 8c] [7s]
Krazy90: checks
nedo1414: checks
*** RIVER *** [Tc Qs 8c 7s] [5c]
Krazy90: bets $6
nedo1414: calls $6
*** SHOW DOWN ***
Krazy90: shows [5s 8h] (two pair, Eights and Fives)
nedo1414: mucks hand
Krazy90 collected $29.50 from pot
*** SUMMARY ***
Total pot $30 | Rake $0.50
Board [Tc Qs 8c 7s 5c]
Seat 3: Krazy90 (big blind) showed [5s 8h] and won ($29.50) with two pair, Eights and Fives
Seat 4: nedo1414 (button) (small blind) mucked


PokerStars Hand #170979758764:  Hold'em Limit ($3/$6 USD) - 2017/05/27 9:24:04 ET
Table 'Nash' 6-max Seat #3 is the button
Seat 3: Krazy90 ($199.60 in chips)
Seat 4: nedo1414 ($150.44 in chips)
Krazy90: posts small blind $1
nedo1414: posts big blind $3
*** HOLE CARDS ***
Krazy90: calls $2
nedo1414: raises $3 to $6
Krazy90: calls $3
*** FLOP *** [2c As 4c]
nedo1414: bets $3
Krazy90: calls $3
*** TURN *** [2c As 4c] [4s]
nedo1414: bets $6
Krazy90: calls $6
*** RIVER *** [2c As 4c 4s] [Kc]
nedo1414: bets $6
Krazy90: folds
Uncalled bet ($6) returned to nedo1414
nedo1414 collected $29.50 from pot
nedo1414: doesn't show hand
*** SUMMARY ***
Total pot $30 | Rake $0.50
Board [2c As 4c 4s Kc]
Seat 3: Krazy90 (button) (small blind) folded on the River
Seat 4: nedo1414 (big blind) collected ($29.50)


PokerStars Hand #170979765991:  Hold'em Limit ($3/$6 USD) - 2017/05/27 9:24:17 ET
Table 'Nash' 6-max Seat #4 is the button
Seat 3: Krazy90 ($184.60 in chips)
Seat 4: nedo1414 ($164.94 in chips)
nedo1414: posts small blind $1
Krazy90: posts big blind $3
*** HOLE CARDS ***
nedo1414: raises $3 to $6
Krazy90: folds
Uncalled bet ($3) returned to nedo1414
nedo1414 collected $6 from pot
nedo1414: doesn't show hand
*** SUMMARY ***
Total pot $6 | Rake $0
Seat 3: Krazy90 (big blind) folded before Flop
Seat 4: nedo1414 (button) (small blind) collected ($6)


PokerStars Hand #170979734499:  Hold'em Limit ($3/$6 USD) - 2017/05/27 9:23:20 ET
Table 'Nash' 6-max Seat #3 is the button
Seat 3: Krazy90 ($139.10 in chips)
Seat 4: nedo1414 ($212.44 in chips)
Krazy90: posts small blind $1
nedo1414: posts big blind $3
*** HOLE CARDS ***
Krazy90: raises $3 to $6
nedo1414: raises $3 to $9
Krazy90: calls $3
*** FLOP *** [Qd 6h 7s]
nedo1414: bets $3
Krazy90: calls $3
*** TURN *** [Qd 6h 7s] [4d]
nedo1414: checks
Krazy90: checks
*** RIVER *** [Qd 6h 7s 4d] [8d]
nedo1414: checks
Krazy90: bets $6
nedo1414: calls $6
*** SHOW DOWN ***
Krazy90: shows [2s Qs] (a pair of Queens)
nedo1414: mucks hand
Krazy90 collected $35.50 from pot
*** SUMMARY ***
Total pot $36 | Rake $0.50
Board [Qd 6h 7s 4d 8d]
Seat 3: Krazy90 (button) (small blind) showed [2s Qs] and won ($35.50) with a pair of Queens
Seat 4: nedo1414 (big blind) mucked


PokerStars Hand #170979742480:  Hold'em Limit ($3/$6 USD) - 2017/05/27 9:23:34 ET
Table 'Nash' 6-max Seat #4 is the button
Seat 3: Krazy90 ($156.60 in chips)
Seat 4: nedo1414 ($194.44 in chips)
nedo1414: posts small blind $1
Krazy90: posts big blind $3
*** HOLE CARDS ***
nedo1414: raises $3 to $6
Krazy90: calls $3
*** FLOP *** [4s 2h Kh]
Krazy90: checks
nedo1414: bets $3
Krazy90: raises $3 to $6
nedo1414: calls $3
*** TURN *** [4s 2h Kh] [7s]
Krazy90: bets $6
nedo1414: raises $6 to $12
Krazy90: calls $6
*** RIVER *** [4s 2h Kh 7s] [5d]
Krazy90: checks
nedo1414: bets $6
Krazy90: calls $6
*** SHOW DOWN ***
nedo1414: shows [9h Th] (high card King)
Krazy90: shows [4h Ad] (a pair of Fours)
Krazy90 collected $59.50 from pot
*** SUMMARY ***
Total pot $60 | Rake $0.50
Board [4s 2h Kh 7s 5d]
Seat 3: Krazy90 (big blind) showed [4h Ad] and won ($59.50) with a pair of Fours
Seat 4: nedo1414 (button) (small blind) showed [9h Th] and lost with high card King


PokerStars Hand #170979774734:  Hold'em Limit ($3/$6 USD) - 2017/05/27 9:24:33 ET
Table 'Nash' 6-max Seat #4 is the button
Seat 3: Krazy90 ($187.36 in chips)
Seat 4: nedo1414 ($161.94 in chips)
nedo1414: posts small blind $1
Krazy90: posts big blind $3
*** HOLE CARDS ***
nedo1414: raises $3 to $6
Krazy90: calls $3
*** FLOP *** [Tc Jc Td]
Krazy90: checks
nedo1414: bets $3
Krazy90: raises $3 to $6
nedo1414: calls $3
*** TURN *** [Tc Jc Td] [8s]
Krazy90: bets $6
nedo1414: calls $6
*** RIVER *** [Tc Jc Td 8s] [Th]
Krazy90: bets $6
nedo1414: calls $6
*** SHOW DOWN ***
Krazy90: shows [9d Ts] (four of a kind, Tens)
nedo1414: mucks hand
Krazy90 collected $47.50 from pot
*** SUMMARY ***
Total pot $48 | Rake $0.50
Board [Tc Jc Td 8s Th]
Seat 3: Krazy90 (big blind) showed [9d Ts] and won ($47.50) with four of a kind, Tens
Seat 4: nedo1414 (button) (small blind) mucked


PokerStars Hand #170979799632:  Hold'em Limit ($3/$6 USD) - 2017/05/27 9:25:18 ET
Table 'Nash' 6-max Seat #4 is the button
Seat 3: Krazy90 ($248.86 in chips)
Seat 4: nedo1414 ($98.70 in chips)
nedo1414: posts small blind $1
Krazy90: posts big blind $3
*** HOLE CARDS ***
nedo1414: raises $3 to $6
Krazy90: raises $3 to $9
nedo1414: calls $3
*** FLOP *** [7c 2h 8h]
Krazy90: bets $3
nedo1414: calls $3
*** TURN *** [7c 2h 8h] [5d]
Krazy90: checks
nedo1414: bets $6
Krazy90: calls $6
*** RIVER *** [7c 2h 8h 5d] [Qc]
Krazy90: checks
nedo1414: bets $6
Krazy90: raises $6 to $12
nedo1414: calls $6
*** SHOW DOWN ***
Krazy90: shows [Qd As] (a pair of Queens)
nedo1414: mucks hand
Krazy90 collected $59.50 from pot
*** SUMMARY ***
Total pot $60 | Rake $0.50
Board [7c 2h 8h 5d Qc]
Seat 3: Krazy90 (big blind) showed [Qd As] and won ($59.50) with a pair of Queens
Seat 4: nedo1414 (button) (small blind) mucked


PokerStars Hand #170979769025:  Hold'em Limit ($3/$6 USD) - 2017/05/27 9:24:22 ET
Table 'Nash' 6-max Seat #3 is the button
Seat 3: Krazy90 ($181.60 in chips)
Seat 4: nedo1414 ($167.94 in chips)
Krazy90: posts small blind $1
nedo1414: posts big blind $3
*** HOLE CARDS ***
Krazy90: raises $3 to $6
nedo1414: calls $3
*** FLOP *** [Kc 4d 2s]
nedo1414: checks
Krazy90: checks
*** TURN *** [Kc 4d 2s] [9h]
nedo1414: checks
Krazy90: checks
*** RIVER *** [Kc 4d 2s 9h] [3d]
nedo1414: checks
Krazy90: checks
*** SHOW DOWN ***
nedo1414: shows [Th 5h] (high card King)
Krazy90: shows [Ac Qs] (high card Ace)
Krazy90 collected $11.76 from pot
*** SUMMARY ***
Total pot $12 | Rake $0.24
Board [Kc 4d 2s 9h 3d]
Seat 3: Krazy90 (button) (small blind) showed [Ac Qs] and won ($11.76) with high card Ace
Seat 4: nedo1414 (big blind) showed [Th 5h] and lost with high card King


PokerStars Hand #170979788730:  Hold'em Limit ($3/$6 USD) - 2017/05/27 9:24:59 ET
Table 'Nash' 6-max Seat #4 is the button
Seat 3: Krazy90 ($231.36 in chips)
Seat 4: nedo1414 ($116.94 in chips)
nedo1414: posts small blind $1
Krazy90: posts big blind $3
*** HOLE CARDS ***
nedo1414: raises $3 to $6
Krazy90: calls $3
*** FLOP *** [2h 5c Qh]
Krazy90: checks
nedo1414: bets $3
Krazy90: folds
Uncalled bet ($3) returned to nedo1414
nedo1414 collected $11.76 from pot
nedo1414: doesn't show hand
*** SUMMARY ***
Total pot $12 | Rake $0.24
Board [2h 5c Qh]
Seat 3: Krazy90 (big blind) folded on the Flop
Seat 4: nedo1414 (button) (small blind) collected ($11.76)


PokerStars Hand #170979781628:  Hold'em Limit ($3/$6 USD) - 2017/05/27 9:24:46 ET
Table 'Nash' 6-max Seat #3 is the button
Seat 3: Krazy90 ($210.86 in chips)
Seat 4: nedo1414 ($137.94 in chips)
Krazy90: posts small blind $1
nedo1414: posts big blind $3
*** HOLE CARDS ***
Krazy90: raises $3 to $6
nedo1414: raises $3 to $9
Krazy90: raises $3 to $12
Betting is capped
nedo1414: calls $3
*** FLOP *** [9c 5c 2h]
nedo1414: checks
Krazy90: bets $3
nedo1414: calls $3
*** TURN *** [9c 5c 2h] [Qh]
nedo1414: checks
Krazy90: checks
*** RIVER *** [9c 5c 2h Qh] [Qs]
nedo1414: bets $6
Krazy90: calls $6
*** SHOW DOWN ***
nedo1414: shows [6s 7c] (a pair of Queens)
Krazy90: shows [Kd Ah] (a pair of Queens - Ace kicker)
Krazy90 collected $41.50 from pot
*** SUMMARY ***
Total pot $42 | Rake $0.50
Board [9c 5c 2h Qh Qs]
Seat 3: Krazy90 (button) (small blind) showed [Kd Ah] and won ($41.50) with a pair of Queens
Seat 4: nedo1414 (big blind) showed [6s 7c] and lost with a pair of Queens


PokerStars Hand #170979793462:  Hold'em Limit ($3/$6 USD) - 2017/05/27 9:25:07 ET
Table 'Nash' 6-max Seat #3 is the button
Seat 3: Krazy90 ($225.36 in chips)
Seat 4: nedo1414 ($122.70 in chips)
Krazy90: posts small blind $1
nedo1414: posts big blind $3
*** HOLE CARDS ***
Krazy90: raises $3 to $6
nedo1414: raises $3 to $9
Krazy90: calls $3
*** FLOP *** [7h Ks 6c]
nedo1414: bets $3
Krazy90: calls $3
*** TURN *** [7h Ks 6c] [2s]
nedo1414: bets $6
Krazy90: calls $6
*** RIVER *** [7h Ks 6c 2s] [Ac]
nedo1414: checks
Krazy90: bets $6
nedo1414: calls $6
*** SHOW DOWN ***
Krazy90: shows [3h Kc] (a pair of Kings)
nedo1414: mucks hand
Krazy90 collected $47.50 from pot
*** SUMMARY ***
Total pot $48 | Rake $0.50
Board [7h Ks 6c 2s Ac]
Seat 3: Krazy90 (button) (small blind) showed [3h Kc] and won ($47.50) with a pair of Kings
Seat 4: nedo1414 (big blind) mucked


PokerStars Hand #170979821783:  Hold'em Limit ($3/$6 USD) - 2017/05/27 9:25:59 ET
Table 'Nash' 6-max Seat #3 is the button
Seat 3: Krazy90 ($257.36 in chips)
Seat 4: nedo1414 ($88.96 in chips)
Krazy90: posts small blind $1
nedo1414: posts big blind $3
*** HOLE CARDS ***
Krazy90: raises $3 to $6
nedo1414: raises $3 to $9
Krazy90: calls $3
*** FLOP *** [Qh 9d Ad]
nedo1414: bets $3
Krazy90: folds
Uncalled bet ($3) returned to nedo1414
nedo1414 collected $17.64 from pot
nedo1414: doesn't show hand
*** SUMMARY ***
Total pot $18 | Rake $0.36
Board [Qh 9d Ad]
Seat 3: Krazy90 (button) (small blind) folded on the Flop
Seat 4: nedo1414 (big blind) collected ($17.64)


PokerStars Hand #170979806788:  Hold'em Limit ($3/$6 USD) - 2017/05/27 9:25:32 ET
Table 'Nash' 6-max Seat #3 is the button
Seat 3: Krazy90 ($278.36 in chips)
Seat 4: nedo1414 ($68.70 in chips)
Krazy90: posts small blind $1
nedo1414: posts big blind $3
*** HOLE CARDS ***
Krazy90: folds
Uncalled bet ($2) returned to nedo1414
nedo1414 collected $2 from pot
nedo1414: doesn't show hand
*** SUMMARY ***
Total pot $2 | Rake $0
Seat 3: Krazy90 (button) (small blind) folded before Flop
Seat 4: nedo1414 (big blind) collected ($2)


PokerStars Hand #170979825318:  Hold'em Limit ($3/$6 USD) - 2017/05/27 9:26:05 ET
Table 'Nash' 6-max Seat #4 is the button
Seat 3: Krazy90 ($248.36 in chips)
Seat 4: nedo1414 ($97.60 in chips)
nedo1414: posts small blind $1
Krazy90: posts big blind $3
*** HOLE CARDS ***
nedo1414: raises $3 to $6
Krazy90: raises $3 to $9
nedo1414: calls $3
*** FLOP *** [Kc Qh Td]
Krazy90: bets $3
nedo1414: calls $3
*** TURN *** [Kc Qh Td] [4h]
Krazy90: checks
nedo1414: bets $6
Krazy90: calls $6
*** RIVER *** [Kc Qh Td 4h] [Ks]
Krazy90: checks
nedo1414: bets $6
Krazy90: calls $6
*** SHOW DOWN ***
nedo1414: shows [9h Qc] (two pair, Kings and Queens)
Krazy90: mucks hand
nedo1414 collected $47.50 from pot
*** SUMMARY ***
Total pot $48 | Rake $0.50
Board [Kc Qh Td 4h Ks]
Seat 3: Krazy90 (big blind) mucked
Seat 4: nedo1414 (button) (small blind) showed [9h Qc] and won ($47.50) with two pair, Kings and Queens


PokerStars Hand #170979815942:  Hold'em Limit ($3/$6 USD) - 2017/05/27 9:25:48 ET
Table 'Nash' 6-max Seat #4 is the button
Seat 3: Krazy90 ($272.36 in chips)
Seat 4: nedo1414 ($74.46 in chips)
nedo1414: posts small blind $1
Krazy90: posts big blind $3
*** HOLE CARDS ***
nedo1414: raises $3 to $6
Krazy90: calls $3
*** FLOP *** [2c 3c 4s]
Krazy90: checks
nedo1414: bets $3
Krazy90: calls $3
*** TURN *** [2c 3c 4s] [Td]
Krazy90: checks
nedo1414: checks
*** RIVER *** [2c 3c 4s Td] [8d]
Krazy90: bets $6
nedo1414: calls $6
*** SHOW DOWN ***
Krazy90: shows [Kd 6c] (high card King)
nedo1414: shows [Js Ad] (high card Ace)
nedo1414 collected $29.50 from pot
*** SUMMARY ***
Total pot $30 | Rake $0.50
Board [2c 3c 4s Td 8d]
Seat 3: Krazy90 (big blind) showed [Kd 6c] and lost with high card King
Seat 4: nedo1414 (button) (small blind) showed [Js Ad] and won ($29.50) with high card Ace


PokerStars Hand #170979811605:  Hold'em Limit ($3/$6 USD) - 2017/05/27 9:25:40 ET
Table 'Nash' 6-max Seat #3 is the button
Seat 3: Krazy90 ($278.36 in chips)
Seat 4: nedo1414 ($68.70 in chips)
Krazy90: posts small blind $1
nedo1414: posts big blind $3
*** HOLE CARDS ***
Krazy90: raises $3 to $6
nedo1414: calls $3
*** FLOP *** [6c 2d 7h]
nedo1414: checks
Krazy90: checks
*** TURN *** [6c 2d 7h] [4c]
nedo1414: bets $6
Krazy90: folds
Uncalled bet ($6) returned to nedo1414
nedo1414 collected $11.76 from pot
nedo1414: doesn't show hand
*** SUMMARY ***
Total pot $12 | Rake $0.24
Board [6c 2d 7h 4c]
Seat 3: Krazy90 (button) (small blind) folded on the Turn
Seat 4: nedo1414 (big blind) collected ($11.76)


PokerStars Hand #170979837577:  Hold'em Limit ($3/$6 USD) - 2017/05/27 9:26:28 ET
Table 'Nash' 6-max Seat #4 is the button
Seat 3: Krazy90 ($230.12 in chips)
Seat 4: nedo1414 ($115.10 in chips)
nedo1414: posts small blind $1
Krazy90: posts big blind $3
*** HOLE CARDS ***
nedo1414: folds
Uncalled bet ($2) returned to Krazy90
Krazy90 collected $2 from pot
Krazy90: doesn't show hand
*** SUMMARY ***
Total pot $2 | Rake $0
Seat 3: Krazy90 (big blind) collected ($2)
Seat 4: nedo1414 (button) (small blind) folded before Flop


PokerStars Hand #170979831796:  Hold'em Limit ($3/$6 USD) - 2017/05/27 9:26:17 ET
Table 'Nash' 6-max Seat #3 is the button
Seat 3: Krazy90 ($224.36 in chips)
Seat 4: nedo1414 ($121.10 in chips)
Krazy90: posts small blind $1
nedo1414: posts big blind $3
*** HOLE CARDS ***
Krazy90: raises $3 to $6
nedo1414: calls $3
*** FLOP *** [Jc Ks Kc]
nedo1414: checks
Krazy90: bets $3
nedo1414: folds
Uncalled bet ($3) returned to Krazy90
Krazy90 collected $11.76 from pot
Krazy90: doesn't show hand
*** SUMMARY ***
Total pot $12 | Rake $0.24
Board [Jc Ks Kc]
Seat 3: Krazy90 (button) (small blind) collected ($11.76)
Seat 4: nedo1414 (big blind) folded on the Flop


PokerStars Hand #170979840124:  Hold'em Limit ($3/$6 USD) - 2017/05/27 9:26:32 ET
Table 'Nash' 6-max Seat #3 is the button
Seat 3: Krazy90 ($231.12 in chips)
Seat 4: nedo1414 ($114.10 in chips)
Krazy90: posts small blind $1
nedo1414: posts big blind $3
*** HOLE CARDS ***
Krazy90: raises $3 to $6
nedo1414: calls $3
*** FLOP *** [Kd 3s 2h]
nedo1414: checks
Krazy90: bets $3
nedo1414: folds
Uncalled bet ($3) returned to Krazy90
Krazy90 collected $11.76 from pot
Krazy90: doesn't show hand
*** SUMMARY ***
Total pot $12 | Rake $0.24
Board [Kd 3s 2h]
Seat 3: Krazy90 (button) (small blind) collected ($11.76)
Seat 4: nedo1414 (big blind) folded on the Flop


PokerStars Hand #170979851500:  Hold'em Limit ($3/$6 USD) - 2017/05/27 9:26:53 ET
Table 'Nash' 6-max Seat #3 is the button
Seat 3: Krazy90 ($227.88 in chips)
Seat 4: nedo1414 ($116.74 in chips)
Krazy90: posts small blind $1
nedo1414: posts big blind $3
*** HOLE CARDS ***
Krazy90: raises $3 to $6
nedo1414: raises $3 to $9
Krazy90: calls $3
*** FLOP *** [8c 3s Tc]
nedo1414: bets $3
Krazy90: raises $3 to $6
nedo1414: folds
Uncalled bet ($3) returned to Krazy90
Krazy90 collected $23.52 from pot
Krazy90: doesn't show hand
*** SUMMARY ***
Total pot $24 | Rake $0.48
Board [8c 3s Tc]
Seat 3: Krazy90 (button) (small blind) collected ($23.52)
Seat 4: nedo1414 (big blind) folded on the Flop


PokerStars Hand #170979862871:  Hold'em Limit ($3/$6 USD) - 2017/05/27 9:27:14 ET
Table 'Nash' 6-max Seat #3 is the button
Seat 3: Krazy90 ($236.40 in chips)
Seat 4: nedo1414 ($107.74 in chips)
Krazy90: posts small blind $1
nedo1414: posts big blind $3
*** HOLE CARDS ***
Krazy90: raises $3 to $6
nedo1414: calls $3
*** FLOP *** [2s Ad Td]
nedo1414: checks
Krazy90: bets $3
nedo1414: folds
Uncalled bet ($3) returned to Krazy90
Krazy90 collected $11.76 from pot
Krazy90: doesn't show hand
*** SUMMARY ***
Total pot $12 | Rake $0.24
Board [2s Ad Td]
Seat 3: Krazy90 (button) (small blind) collected ($11.76)
Seat 4: nedo1414 (big blind) folded on the Flop


PokerStars Hand #170979857269:  Hold'em Limit ($3/$6 USD) - 2017/05/27 9:27:04 ET
Table 'Nash' 6-max Seat #4 is the button
Seat 3: Krazy90 ($239.40 in chips)
Seat 4: nedo1414 ($104.74 in chips)
nedo1414: posts small blind $1
Krazy90: posts big blind $3
*** HOLE CARDS ***
nedo1414: raises $3 to $6
Krazy90: folds
Uncalled bet ($3) returned to nedo1414
nedo1414 collected $6 from pot
nedo1414: doesn't show hand
*** SUMMARY ***
Total pot $6 | Rake $0
Seat 3: Krazy90 (big blind) folded before Flop
Seat 4: nedo1414 (button) (small blind) collected ($6)


PokerStars Hand #170979880168:  Hold'em Limit ($3/$6 USD) - 2017/05/27 9:27:45 ET
Table 'Nash' 6-max Seat #4 is the button
Seat 3: Krazy90 ($217.92 in chips)
Seat 4: nedo1414 ($125.24 in chips)
nedo1414: posts small blind $1
Krazy90: posts big blind $3
*** HOLE CARDS ***
nedo1414: raises $3 to $6
Krazy90: folds
Uncalled bet ($3) returned to nedo1414
nedo1414 collected $6 from pot
nedo1414: doesn't show hand
*** SUMMARY ***
Total pot $6 | Rake $0
Seat 3: Krazy90 (big blind) folded before Flop
Seat 4: nedo1414 (button) (small blind) collected ($6)


PokerStars Hand #170979874715:  Hold'em Limit ($3/$6 USD) - 2017/05/27 9:27:36 ET
Table 'Nash' 6-max Seat #3 is the button
Seat 3: Krazy90 ($212.16 in chips)
Seat 4: nedo1414 ($131.24 in chips)
Krazy90: posts small blind $1
nedo1414: posts big blind $3
*** HOLE CARDS ***
Krazy90: raises $3 to $6
nedo1414: calls $3
*** FLOP *** [Qs Qd 8h]
nedo1414: checks
Krazy90: bets $3
nedo1414: folds
Uncalled bet ($3) returned to Krazy90
Krazy90 collected $11.76 from pot
Krazy90: doesn't show hand
*** SUMMARY ***
Total pot $12 | Rake $0.24
Board [Qs Qd 8h]
Seat 3: Krazy90 (button) (small blind) collected ($11.76)
Seat 4: nedo1414 (big blind) folded on the Flop


PokerStars Hand #170979883198:  Hold'em Limit ($3/$6 USD) - 2017/05/27 9:27:51 ET
Table 'Nash' 6-max Seat #3 is the button
Seat 3: Krazy90 ($214.92 in chips)
Seat 4: nedo1414 ($128.24 in chips)
Krazy90: posts small blind $1
nedo1414: posts big blind $3
*** HOLE CARDS ***
Krazy90: raises $3 to $6
nedo1414: calls $3
*** FLOP *** [Ts 4s Kc]
nedo1414: checks
Krazy90: bets $3
nedo1414: calls $3
*** TURN *** [Ts 4s Kc] [9c]
nedo1414: checks
Krazy90: bets $6
nedo1414: calls $6
*** RIVER *** [Ts 4s Kc 9c] [Js]
nedo1414: checks
Krazy90: checks
*** SHOW DOWN ***
nedo1414: shows [6d Td] (a pair of Tens)
Krazy90: mucks hand
nedo1414 collected $29.50 from pot
*** SUMMARY ***
Total pot $30 | Rake $0.50
Board [Ts 4s Kc 9c Js]
Seat 3: Krazy90 (button) (small blind) mucked
Seat 4: nedo1414 (big blind) showed [6d Td] and won ($29.50) with a pair of Tens


PokerStars Hand #170979889710:  Hold'em Limit ($3/$6 USD) - 2017/05/27 9:28:03 ET
Table 'Nash' 6-max Seat #4 is the button
Seat 3: Krazy90 ($199.92 in chips)
Seat 4: nedo1414 ($142.74 in chips)
nedo1414: posts small blind $1
Krazy90: posts big blind $3
*** HOLE CARDS ***
nedo1414: raises $3 to $6
Krazy90: folds
Uncalled bet ($3) returned to nedo1414
nedo1414 collected $6 from pot
nedo1414: doesn't show hand
*** SUMMARY ***
Total pot $6 | Rake $0
Seat 3: Krazy90 (big blind) folded before Flop
Seat 4: nedo1414 (button) (small blind) collected ($6)


PokerStars Hand #170979867348:  Hold'em Limit ($3/$6 USD) - 2017/05/27 9:27:22 ET
Table 'Nash' 6-max Seat #4 is the button
Seat 3: Krazy90 ($242.16 in chips)
Seat 4: nedo1414 ($101.74 in chips)
nedo1414: posts small blind $1
Krazy90: posts big blind $3
*** HOLE CARDS ***
nedo1414: raises $3 to $6
Krazy90: calls $3
*** FLOP *** [3h Js 4d]
Krazy90: checks
nedo1414: bets $3
Krazy90: raises $3 to $6
nedo1414: calls $3
*** TURN *** [3h Js 4d] [Ac]
Krazy90: bets $6
nedo1414: raises $6 to $12
Krazy90: calls $6
*** RIVER *** [3h Js 4d Ac] [8c]
Krazy90: checks
nedo1414: bets $6
Krazy90: calls $6
*** SHOW DOWN ***
nedo1414: shows [Ad Ah] (three of a kind, Aces)
Krazy90: mucks hand
nedo1414 collected $59.50 from pot
*** SUMMARY ***
Total pot $60 | Rake $0.50
Board [3h Js 4d Ac 8c]
Seat 3: Krazy90 (big blind) mucked
Seat 4: nedo1414 (button) (small blind) showed [Ad Ah] and won ($59.50) with three of a kind, Aces


PokerStars Hand #170979925218:  Hold'em Limit ($3/$6 USD) - 2017/05/27 9:29:08 ET
Table 'Nash' 6-max Seat #3 is the button
Seat 3: Krazy90 ($222.76 in chips)
Seat 4: nedo1414 ($118.56 in chips)
Krazy90: posts small blind $1
nedo1414: posts big blind $3
*** HOLE CARDS ***
Krazy90: raises $3 to $6
nedo1414: folds
Uncalled bet ($3) returned to Krazy90
Krazy90 collected $6 from pot
Krazy90: doesn't show hand
*** SUMMARY ***
Total pot $6 | Rake $0
Seat 3: Krazy90 (button) (small blind) collected ($6)
Seat 4: nedo1414 (big blind) folded before Flop


PokerStars Hand #170979918147:  Hold'em Limit ($3/$6 USD) - 2017/05/27 9:28:55 ET
Table 'Nash' 6-max Seat #4 is the button
Seat 3: Krazy90 ($222.94 in chips)
Seat 4: nedo1414 ($118.74 in chips)
nedo1414: posts small blind $1
Krazy90: posts big blind $3
*** HOLE CARDS ***
nedo1414: raises $3 to $6
Krazy90: calls $3
*** FLOP *** [2s Ah 5d]
Krazy90: checks
nedo1414: bets $3
Krazy90: calls $3
*** TURN *** [2s Ah 5d] [7h]
Krazy90: checks
nedo1414: checks
*** RIVER *** [2s Ah 5d 7h] [5s]
Krazy90: checks
nedo1414: checks
*** SHOW DOWN ***
Krazy90: shows [8d Kd] (a pair of Fives)
nedo1414: shows [Kc 8h] (a pair of Fives)
Krazy90 collected $8.82 from pot
nedo1414 collected $8.82 from pot
*** SUMMARY ***
Total pot $18 | Rake $0.36
Board [2s Ah 5d 7h 5s]
Seat 3: Krazy90 (big blind) showed [8d Kd] and won ($8.82) with a pair of Fives
Seat 4: nedo1414 (button) (small blind) showed [Kc 8h] and won ($8.82) with a pair of Fives


PokerStars Hand #170979911595:  Hold'em Limit ($3/$6 USD) - 2017/05/27 9:28:43 ET
Table 'Nash' 6-max Seat #3 is the button
Seat 3: Krazy90 ($205.44 in chips)
Seat 4: nedo1414 ($136.74 in chips)
Krazy90: posts small blind $1
nedo1414: posts big blind $3
*** HOLE CARDS ***
Krazy90: raises $3 to $6
nedo1414: calls $3
*** FLOP *** [Ac 3h Js]
nedo1414: checks
Krazy90: checks
*** TURN *** [Ac 3h Js] [2c]
nedo1414: bets $6
Krazy90: calls $6
*** RIVER *** [Ac 3h Js 2c] [Qh]
nedo1414: checks
Krazy90: bets $6
nedo1414: calls $6
*** SHOW DOWN ***
Krazy90: shows [Qs Ah] (two pair, Aces and Queens)
nedo1414: mucks hand
Krazy90 collected $35.50 from pot
*** SUMMARY ***
Total pot $36 | Rake $0.50
Board [Ac 3h Js 2c Qh]
Seat 3: Krazy90 (button) (small blind) showed [Qs Ah] and won ($35.50) with two pair, Aces and Queens
Seat 4: nedo1414 (big blind) mucked


PokerStars Hand #170979909108:  Hold'em Limit ($3/$6 USD) - 2017/05/27 9:28:39 ET
Table 'Nash' 6-max Seat #4 is the button
Seat 3: Krazy90 ($204.44 in chips)
Seat 4: nedo1414 ($137.74 in chips)
nedo1414: posts small blind $1
Krazy90: posts big blind $3
*** HOLE CARDS ***
nedo1414: folds
Uncalled bet ($2) returned to Krazy90
Krazy90 collected $2 from pot
Krazy90: doesn't show hand
*** SUMMARY ***
Total pot $2 | Rake $0
Seat 3: Krazy90 (big blind) collected ($2)
Seat 4: nedo1414 (button) (small blind) folded before Flop


PokerStars Hand #170979903807:  Hold'em Limit ($3/$6 USD) - 2017/05/27 9:28:29 ET
Table 'Nash' 6-max Seat #4 is the button
Seat 3: Krazy90 ($208.44 in chips)
Seat 4: nedo1414 ($133.74 in chips)
nedo1414: posts small blind $1
Krazy90: posts big blind $3
*** HOLE CARDS ***
nedo1414: raises $3 to $6
Krazy90: folds
Uncalled bet ($3) returned to nedo1414
nedo1414 collected $6 from pot
nedo1414: doesn't show hand
*** SUMMARY ***
Total pot $6 | Rake $0
Seat 3: Krazy90 (big blind) folded before Flop
Seat 4: nedo1414 (button) (small blind) collected ($6)


PokerStars Hand #170979928008:  Hold'em Limit ($3/$6 USD) - 2017/05/27 9:29:13 ET
Table 'Nash' 6-max Seat #4 is the button
Seat 3: Krazy90 ($225.76 in chips)
Seat 4: nedo1414 ($115.56 in chips)
nedo1414: posts small blind $1
Krazy90: posts big blind $3
*** HOLE CARDS ***
nedo1414: raises $3 to $6
Krazy90: folds
Uncalled bet ($3) returned to nedo1414
nedo1414 collected $6 from pot
nedo1414: doesn't show hand
*** SUMMARY ***
Total pot $6 | Rake $0
Seat 3: Krazy90 (big blind) folded before Flop
Seat 4: nedo1414 (button) (small blind) collected ($6)


PokerStars Hand #170979892549:  Hold'em Limit ($3/$6 USD) - 2017/05/27 9:28:08 ET
Table 'Nash' 6-max Seat #3 is the button
Seat 3: Krazy90 ($196.92 in chips)
Seat 4: nedo1414 ($145.74 in chips)
Krazy90: posts small blind $1
nedo1414: posts big blind $3
*** HOLE CARDS ***
Krazy90: calls $2
nedo1414: raises $3 to $6
Krazy90: calls $3
*** FLOP *** [3s 5h 2h]
nedo1414: bets $3
Krazy90: raises $3 to $6
nedo1414: calls $3
*** TURN *** [3s 5h 2h] [Ac]
nedo1414: checks
Krazy90: bets $6
nedo1414: folds
Uncalled bet ($6) returned to Krazy90
Krazy90 collected $23.52 from pot
Krazy90: doesn't show hand
*** SUMMARY ***
Total pot $24 | Rake $0.48
Board [3s 5h 2h Ac]
Seat 3: Krazy90 (button) (small blind) collected ($23.52)
Seat 4: nedo1414 (big blind) folded on the Turn


PokerStars Hand #170979938616:  Hold'em Limit ($3/$6 USD) - 2017/05/27 9:29:32 ET
Table 'Nash' 6-max Seat #3 is the button
Seat 3: Krazy90 ($215.76 in chips)
Seat 4: nedo1414 ($125.32 in chips)
Krazy90: posts small blind $1
nedo1414: posts big blind $3
*** HOLE CARDS ***
Krazy90: calls $2
nedo1414: checks
*** FLOP *** [Qh 9h Js]
nedo1414: checks
Krazy90: bets $3
nedo1414: calls $3
*** TURN *** [Qh 9h Js] [5h]
nedo1414: checks
Krazy90: bets $6
nedo1414: calls $6
*** RIVER *** [Qh 9h Js 5h] [Th]
nedo1414: checks
Krazy90: checks
*** SHOW DOWN ***
nedo1414: shows [Kh 6c] (a flush, King high)
Krazy90: mucks hand
nedo1414 collected $23.52 from pot
*** SUMMARY ***
Total pot $24 | Rake $0.48
Board [Qh 9h Js 5h Th]
Seat 3: Krazy90 (button) (small blind) mucked
Seat 4: nedo1414 (big blind) showed [Kh 6c] and won ($23.52) with a flush, King high


PokerStars Hand #170979946604:  Hold'em Limit ($3/$6 USD) - 2017/05/27 9:29:47 ET
Table 'Nash' 6-max Seat #4 is the button
Seat 3: Krazy90 ($203.76 in chips)
Seat 4: nedo1414 ($136.84 in chips)
nedo1414: posts small blind $1
Krazy90: posts big blind $3
*** HOLE CARDS ***
nedo1414: raises $3 to $6
Krazy90: calls $3
*** FLOP *** [9h 6h 4s]
Krazy90: checks
nedo1414: bets $3
Krazy90: raises $3 to $6
nedo1414: calls $3
*** TURN *** [9h 6h 4s] [Kh]
Krazy90: bets $6
nedo1414: calls $6
*** RIVER *** [9h 6h 4s Kh] [Qd]
Krazy90: checks
nedo1414: bets $6
Krazy90: calls $6
*** SHOW DOWN ***
nedo1414: shows [8c 7d] (high card King)
Krazy90: shows [7c 6c] (a pair of Sixes)
Krazy90 collected $47.50 from pot
*** SUMMARY ***
Total pot $48 | Rake $0.50
Board [9h 6h 4s Kh Qd]
Seat 3: Krazy90 (big blind) showed [7c 6c] and won ($47.50) with a pair of Sixes
Seat 4: nedo1414 (button) (small blind) showed [8c 7d] and lost with high card King


PokerStars Hand #170979958969:  Hold'em Limit ($3/$6 USD) - 2017/05/27 9:30:09 ET
Table 'Nash' 6-max Seat #4 is the button
Seat 3: Krazy90 ($218.26 in chips)
Seat 4: nedo1414 ($121.48 in chips)
nedo1414: posts small blind $1
Krazy90: posts big blind $3
*** HOLE CARDS ***
nedo1414: folds
Uncalled bet ($2) returned to Krazy90
Krazy90 collected $2 from pot
Krazy90: doesn't show hand
*** SUMMARY ***
Total pot $2 | Rake $0
Seat 3: Krazy90 (big blind) collected ($2)
Seat 4: nedo1414 (button) (small blind) folded before Flop


PokerStars Hand #170979954917:  Hold'em Limit ($3/$6 USD) - 2017/05/27 9:30:02 ET
Table 'Nash' 6-max Seat #3 is the button
Seat 3: Krazy90 ($227.26 in chips)
Seat 4: nedo1414 ($112.84 in chips)
Krazy90: posts small blind $1
nedo1414: posts big blind $3
*** HOLE CARDS ***
Krazy90: raises $3 to $6
nedo1414: raises $3 to $9
Krazy90: calls $3
*** FLOP *** [8h As 5c]
nedo1414: bets $3
Krazy90: folds
Uncalled bet ($3) returned to nedo1414
nedo1414 collected $17.64 from pot
nedo1414: doesn't show hand
*** SUMMARY ***
Total pot $18 | Rake $0.36
Board [8h As 5c]
Seat 3: Krazy90 (button) (small blind) folded on the Flop
Seat 4: nedo1414 (big blind) collected ($17.64)


PokerStars Hand #170979933998:  Hold'em Limit ($3/$6 USD) - 2017/05/27 9:29:24 ET
Table 'Nash' 6-max Seat #4 is the button
Seat 3: Krazy90 ($221.76 in chips)
Seat 4: nedo1414 ($119.56 in chips)
nedo1414: posts small blind $1
Krazy90: posts big blind $3
*** HOLE CARDS ***
nedo1414: raises $3 to $6
Krazy90: calls $3
*** FLOP *** [8h Ac Tc]
Krazy90: checks
nedo1414: bets $3
Krazy90: folds
Uncalled bet ($3) returned to nedo1414
nedo1414 collected $11.76 from pot
nedo1414: doesn't show hand
*** SUMMARY ***
Total pot $12 | Rake $0.24
Board [8h Ac Tc]
Seat 3: Krazy90 (big blind) folded on the Flop
Seat 4: nedo1414 (button) (small blind) collected ($11.76)


PokerStars Hand #170979931354:  Hold'em Limit ($3/$6 USD) - 2017/05/27 9:29:19 ET
Table 'Nash' 6-max Seat #3 is the button
Seat 3: Krazy90 ($222.76 in chips)
Seat 4: nedo1414 ($118.56 in chips)
Krazy90: posts small blind $1
nedo1414: posts big blind $3
*** HOLE CARDS ***
Krazy90: folds
Uncalled bet ($2) returned to nedo1414
nedo1414 collected $2 from pot
nedo1414: doesn't show hand
*** SUMMARY ***
Total pot $2 | Rake $0
Seat 3: Krazy90 (button) (small blind) folded before Flop
Seat 4: nedo1414 (big blind) collected ($2)


PokerStars Hand #170979983508:  Hold'em Limit ($3/$6 USD) - 2017/05/27 9:30:53 ET
Table 'Nash' 6-max Seat #3 is the button
Seat 3: Krazy90 ($212.76 in chips)
Seat 4: nedo1414 ($125.64 in chips)
Krazy90: posts small blind $1
nedo1414: posts big blind $3
*** HOLE CARDS ***
Krazy90: raises $3 to $6
nedo1414: raises $3 to $9
Krazy90: calls $3
*** FLOP *** [5h 3h Ks]
nedo1414: bets $3
Krazy90: folds
Uncalled bet ($3) returned to nedo1414
nedo1414 collected $17.64 from pot
nedo1414: doesn't show hand
*** SUMMARY ***
Total pot $18 | Rake $0.36
Board [5h 3h Ks]
Seat 3: Krazy90 (button) (small blind) folded on the Flop
Seat 4: nedo1414 (big blind) collected ($17.64)


PokerStars Hand #170979968132:  Hold'em Limit ($3/$6 USD) - 2017/05/27 9:30:25 ET
Table 'Nash' 6-max Seat #4 is the button
Seat 3: Krazy90 ($207.26 in chips)
Seat 4: nedo1414 ($132 in chips)
nedo1414: posts small blind $1
Krazy90: posts big blind $3
*** HOLE CARDS ***
nedo1414: raises $3 to $6
Krazy90: folds
Uncalled bet ($3) returned to nedo1414
nedo1414 collected $6 from pot
nedo1414: doesn't show hand
*** SUMMARY ***
Total pot $6 | Rake $0
Seat 3: Krazy90 (big blind) folded before Flop
Seat 4: nedo1414 (button) (small blind) collected ($6)


PokerStars Hand #170979961376:  Hold'em Limit ($3/$6 USD) - 2017/05/27 9:30:14 ET
Table 'Nash' 6-max Seat #3 is the button
Seat 3: Krazy90 ($219.26 in chips)
Seat 4: nedo1414 ($120.48 in chips)
Krazy90: posts small blind $1
nedo1414: posts big blind $3
*** HOLE CARDS ***
Krazy90: raises $3 to $6
nedo1414: raises $3 to $9
Krazy90: calls $3
*** FLOP *** [Qh 8s 6d]
nedo1414: bets $3
Krazy90: calls $3
*** TURN *** [Qh 8s 6d] [4h]
nedo1414: checks
Krazy90: checks
*** RIVER *** [Qh 8s 6d 4h] [9c]
nedo1414: checks
Krazy90: checks
*** SHOW DOWN ***
nedo1414: shows [Ah Ts] (high card Ace)
Krazy90: mucks hand
nedo1414 collected $23.52 from pot
*** SUMMARY ***
Total pot $24 | Rake $0.48
Board [Qh 8s 6d 4h 9c]
Seat 3: Krazy90 (button) (small blind) mucked
Seat 4: nedo1414 (big blind) showed [Ah Ts] and won ($23.52) with high card Ace


PokerStars Hand #170979989182:  Hold'em Limit ($3/$6 USD) - 2017/05/27 9:31:03 ET
Table 'Nash' 6-max Seat #4 is the button
Seat 3: Krazy90 ($203.76 in chips)
Seat 4: nedo1414 ($134.28 in chips)
nedo1414: posts small blind $1
Krazy90: posts big blind $3
*** HOLE CARDS ***
nedo1414: raises $3 to $6
Krazy90: calls $3
*** FLOP *** [Tc 9s 3h]
Krazy90: checks
nedo1414: bets $3
Krazy90: calls $3
*** TURN *** [Tc 9s 3h] [Th]
Krazy90: checks
nedo1414: checks
*** RIVER *** [Tc 9s 3h Th] [7h]
Krazy90: bets $6
nedo1414: calls $6
*** SHOW DOWN ***
Krazy90: shows [Qd 3d] (two pair, Tens and Threes)
nedo1414: mucks hand
Krazy90 collected $29.50 from pot
*** SUMMARY ***
Total pot $30 | Rake $0.50
Board [Tc 9s 3h Th 7h]
Seat 3: Krazy90 (big blind) showed [Qd 3d] and won ($29.50) with two pair, Tens and Threes
Seat 4: nedo1414 (button) (small blind) mucked


PokerStars Hand #170979976279:  Hold'em Limit ($3/$6 USD) - 2017/05/27 9:30:40 ET
Table 'Nash' 6-max Seat #4 is the button
Seat 3: Krazy90 ($195.26 in chips)
Seat 4: nedo1414 ($143.64 in chips)
nedo1414: posts small blind $1
Krazy90: posts big blind $3
*** HOLE CARDS ***
nedo1414: raises $3 to $6
Krazy90: calls $3
*** FLOP *** [5c 4c 4d]
Krazy90: checks
nedo1414: bets $3
Krazy90: raises $3 to $6
nedo1414: calls $3
*** TURN *** [5c 4c 4d] [2s]
Krazy90: bets $6
nedo1414: calls $6
*** RIVER *** [5c 4c 4d 2s] [Kh]
Krazy90: checks
nedo1414: checks
*** SHOW DOWN ***
Krazy90: shows [Ac 9c] (a pair of Fours)
nedo1414: mucks hand
Krazy90 collected $35.50 from pot
*** SUMMARY ***
Total pot $36 | Rake $0.50
Board [5c 4c 4d 2s Kh]
Seat 3: Krazy90 (big blind) showed [Ac 9c] and won ($35.50) with a pair of Fours
Seat 4: nedo1414 (button) (small blind) mucked


PokerStars Hand #170979970744:  Hold'em Limit ($3/$6 USD) - 2017/05/27 9:30:30 ET
Table 'Nash' 6-max Seat #3 is the button
Seat 3: Krazy90 ($204.26 in chips)
Seat 4: nedo1414 ($135 in chips)
Krazy90: posts small blind $1
nedo1414: posts big blind $3
*** HOLE CARDS ***
Krazy90: raises $3 to $6
nedo1414: calls $3
*** FLOP *** [As Qs Jc]
nedo1414: checks
Krazy90: bets $3
nedo1414: raises $3 to $6
Krazy90: folds
Uncalled bet ($3) returned to nedo1414
nedo1414 collected $17.64 from pot
nedo1414: doesn't show hand
*** SUMMARY ***
Total pot $18 | Rake $0.36
Board [As Qs Jc]
Seat 3: Krazy90 (button) (small blind) folded on the Flop
Seat 4: nedo1414 (big blind) collected ($17.64)


PokerStars Hand #170980013507:  Hold'em Limit ($3/$6 USD) - 2017/05/27 9:31:47 ET
Table 'Nash' 6-max Seat #3 is the button
Seat 3: Krazy90 ($229.76 in chips)
Seat 4: nedo1414 ($107.04 in chips)
Krazy90: posts small blind $1
nedo1414: posts big blind $3
*** HOLE CARDS ***
Krazy90: raises $3 to $6
nedo1414: raises $3 to $9
Krazy90: calls $3
*** FLOP *** [8s 4d 3s]
nedo1414: bets $3
Krazy90: raises $3 to $6
nedo1414: raises $3 to $9
Krazy90: calls $3
*** TURN *** [8s 4d 3s] [2s]
nedo1414: bets $6
Krazy90: calls $6
*** RIVER *** [8s 4d 3s 2s] [4h]
nedo1414: bets $6
Krazy90: calls $6
*** SHOW DOWN ***
nedo1414: shows [9h 9s] (two pair, Nines and Fours)
Krazy90: mucks hand
nedo1414 collected $59.50 from pot
*** SUMMARY ***
Total pot $60 | Rake $0.50
Board [8s 4d 3s 2s 4h]
Seat 3: Krazy90 (button) (small blind) mucked
Seat 4: nedo1414 (big blind) showed [9h 9s] and won ($59.50) with two pair, Nines and Fours


PokerStars Hand #170979995098:  Hold'em Limit ($3/$6 USD) - 2017/05/27 9:31:14 ET
Table 'Nash' 6-max Seat #3 is the button
Seat 3: Krazy90 ($218.26 in chips)
Seat 4: nedo1414 ($119.28 in chips)
Krazy90: posts small blind $1
nedo1414: posts big blind $3
*** HOLE CARDS ***
Krazy90: raises $3 to $6
nedo1414: calls $3
*** FLOP *** [Jc 2c Qc]
nedo1414: checks
Krazy90: checks
*** TURN *** [Jc 2c Qc] [Qd]
nedo1414: bets $6
Krazy90: calls $6
*** RIVER *** [Jc 2c Qc Qd] [6h]
nedo1414: checks
Krazy90: bets $6
nedo1414: calls $6
*** SHOW DOWN ***
Krazy90: shows [9s Jh] (two pair, Queens and Jacks)
nedo1414: mucks hand
Krazy90 collected $35.50 from pot
*** SUMMARY ***
Total pot $36 | Rake $0.50
Board [Jc 2c Qc Qd 6h]
Seat 3: Krazy90 (button) (small blind) showed [9s Jh] and won ($35.50) with two pair, Queens and Jacks
Seat 4: nedo1414 (big blind) mucked


PokerStars Hand #170980005065:  Hold'em Limit ($3/$6 USD) - 2017/05/27 9:31:32 ET
Table 'Nash' 6-max Seat #4 is the button
Seat 3: Krazy90 ($235.76 in chips)
Seat 4: nedo1414 ($101.28 in chips)
nedo1414: posts small blind $1
Krazy90: posts big blind $3
*** HOLE CARDS ***
nedo1414: raises $3 to $6
Krazy90: calls $3
*** FLOP *** [Ts 8s 2h]
Krazy90: checks
nedo1414: bets $3
Krazy90: folds
Uncalled bet ($3) returned to nedo1414
nedo1414 collected $11.76 from pot
nedo1414: doesn't show hand
*** SUMMARY ***
Total pot $12 | Rake $0.24
Board [Ts 8s 2h]
Seat 3: Krazy90 (big blind) folded on the Flop
Seat 4: nedo1414 (button) (small blind) collected ($11.76)


PokerStars Hand #170980021952:  Hold'em Limit ($3/$6 USD) - 2017/05/27 9:32:02 ET
Table 'Nash' 6-max Seat #4 is the button
Seat 3: Krazy90 ($199.76 in chips)
Seat 4: nedo1414 ($136.54 in chips)
nedo1414: posts small blind $1
Krazy90: posts big blind $3
*** HOLE CARDS ***
nedo1414: raises $3 to $6
Krazy90: raises $3 to $9
nedo1414: calls $3
*** FLOP *** [4c 5h 4d]
Krazy90: bets $3
nedo1414: calls $3
*** TURN *** [4c 5h 4d] [7c]
Krazy90: checks
nedo1414: checks
*** RIVER *** [4c 5h 4d 7c] [Jh]
Krazy90: checks
nedo1414: checks
*** SHOW DOWN ***
Krazy90: shows [Kc Qd] (a pair of Fours)
nedo1414: mucks hand
Krazy90 collected $23.52 from pot
*** SUMMARY ***
Total pot $24 | Rake $0.48
Board [4c 5h 4d 7c Jh]
Seat 3: Krazy90 (big blind) showed [Kc Qd] and won ($23.52) with a pair of Fours
Seat 4: nedo1414 (button) (small blind) mucked


PokerStars Hand #170980060231:  Hold'em Limit ($3/$6 USD) - 2017/05/27 9:33:11 ET
Table 'Nash' 6-max Seat #4 is the button
Seat 3: Krazy90 ($201.44 in chips)
Seat 4: nedo1414 ($132.68 in chips)
nedo1414: posts small blind $1
Krazy90: posts big blind $3
*** HOLE CARDS ***
nedo1414: raises $3 to $6
Krazy90: raises $3 to $9
nedo1414: calls $3
*** FLOP *** [9c 9s 7c]
Krazy90: bets $3
nedo1414: calls $3
*** TURN *** [9c 9s 7c] [Ks]
Krazy90: checks
nedo1414: bets $6
Krazy90: folds
Uncalled bet ($6) returned to nedo1414
nedo1414 collected $23.52 from pot
nedo1414: doesn't show hand
*** SUMMARY ***
Total pot $24 | Rake $0.48
Board [9c 9s 7c Ks]
Seat 3: Krazy90 (big blind) folded on the Turn
Seat 4: nedo1414 (button) (small blind) collected ($23.52)


PokerStars Hand #170980030812:  Hold'em Limit ($3/$6 USD) - 2017/05/27 9:32:18 ET
Table 'Nash' 6-max Seat #3 is the button
Seat 3: Krazy90 ($211.28 in chips)
Seat 4: nedo1414 ($124.54 in chips)
Krazy90: posts small blind $1
nedo1414: posts big blind $3
*** HOLE CARDS ***
Krazy90: raises $3 to $6
nedo1414: raises $3 to $9
Krazy90: calls $3
*** FLOP *** [5d 2d As]
nedo1414: bets $3
Krazy90: calls $3
*** TURN *** [5d 2d As] [Kd]
nedo1414: checks
Krazy90: checks
*** RIVER *** [5d 2d As Kd] [Th]
nedo1414: checks
Krazy90: bets $6
nedo1414: calls $6
*** SHOW DOWN ***
Krazy90: shows [4c 7c] (high card Ace)
nedo1414: shows [4d 4h] (a pair of Fours)
nedo1414 collected $35.50 from pot
*** SUMMARY ***
Total pot $36 | Rake $0.50
Board [5d 2d As Kd Th]
Seat 3: Krazy90 (button) (small blind) showed [4c 7c] and lost with high card Ace
Seat 4: nedo1414 (big blind) showed [4d 4h] and won ($35.50) with a pair of Fours


PokerStars Hand #170980040431:  Hold'em Limit ($3/$6 USD) - 2017/05/27 9:32:36 ET
Table 'Nash' 6-max Seat #3 is the button
Seat 3: Krazy90 ($190.28 in chips)
Seat 4: nedo1414 ($145.04 in chips)
Krazy90: posts small blind $1
nedo1414: posts big blind $3
*** HOLE CARDS ***
Krazy90: raises $3 to $6
nedo1414: calls $3
*** FLOP *** [8c Kd 9c]
nedo1414: checks
Krazy90: bets $3
nedo1414: raises $3 to $6
Krazy90: folds
Uncalled bet ($3) returned to nedo1414
nedo1414 collected $17.64 from pot
nedo1414: doesn't show hand
*** SUMMARY ***
Total pot $18 | Rake $0.36
Board [8c Kd 9c]
Seat 3: Krazy90 (button) (small blind) folded on the Flop
Seat 4: nedo1414 (big blind) collected ($17.64)


PokerStars Hand #170980037677:  Hold'em Limit ($3/$6 USD) - 2017/05/27 9:32:31 ET
Table 'Nash' 6-max Seat #4 is the button
Seat 3: Krazy90 ($193.28 in chips)
Seat 4: nedo1414 ($142.04 in chips)
nedo1414: posts small blind $1
Krazy90: posts big blind $3
*** HOLE CARDS ***
nedo1414: raises $3 to $6
Krazy90: folds
Uncalled bet ($3) returned to nedo1414
nedo1414 collected $6 from pot
nedo1414: doesn't show hand
*** SUMMARY ***
Total pot $6 | Rake $0
Seat 3: Krazy90 (big blind) folded before Flop
Seat 4: nedo1414 (button) (small blind) collected ($6)


PokerStars Hand #170980053291:  Hold'em Limit ($3/$6 USD) - 2017/05/27 9:32:59 ET
Table 'Nash' 6-max Seat #3 is the button
Seat 3: Krazy90 ($189.92 in chips)
Seat 4: nedo1414 ($144.68 in chips)
Krazy90: posts small blind $1
nedo1414: posts big blind $3
*** HOLE CARDS ***
Krazy90: raises $3 to $6
nedo1414: raises $3 to $9
Krazy90: calls $3
*** FLOP *** [Ac 7h 6d]
nedo1414: bets $3
Krazy90: calls $3
*** TURN *** [Ac 7h 6d] [2h]
nedo1414: checks
Krazy90: bets $6
nedo1414: folds
Uncalled bet ($6) returned to Krazy90
Krazy90 collected $23.52 from pot
Krazy90: doesn't show hand
*** SUMMARY ***
Total pot $24 | Rake $0.48
Board [Ac 7h 6d 2h]
Seat 3: Krazy90 (button) (small blind) collected ($23.52)
Seat 4: nedo1414 (big blind) folded on the Turn


PokerStars Hand #170980045599:  Hold'em Limit ($3/$6 USD) - 2017/05/27 9:32:45 ET
Table 'Nash' 6-max Seat #4 is the button
Seat 3: Krazy90 ($181.28 in chips)
Seat 4: nedo1414 ($153.68 in chips)
nedo1414: posts small blind $1
Krazy90: posts big blind $3
*** HOLE CARDS ***
nedo1414: raises $3 to $6
Krazy90: calls $3
*** FLOP *** [Ts Th 6s]
Krazy90: checks
nedo1414: bets $3
Krazy90: raises $3 to $6
nedo1414: folds
Uncalled bet ($3) returned to Krazy90
Krazy90 collected $17.64 from pot
Krazy90: doesn't show hand
*** SUMMARY ***
Total pot $18 | Rake $0.36
Board [Ts Th 6s]
Seat 3: Krazy90 (big blind) collected ($17.64)
Seat 4: nedo1414 (button) (small blind) folded on the Flop


PokerStars Hand #170980066443:  Hold'em Limit ($3/$6 USD) - 2017/05/27 9:33:22 ET
Table 'Nash' 6-max Seat #3 is the button
Seat 3: Krazy90 ($189.44 in chips)
Seat 4: nedo1414 ($144.20 in chips)
Krazy90: posts small blind $1
nedo1414: posts big blind $3
*** HOLE CARDS ***
Krazy90: raises $3 to $6
nedo1414: raises $3 to $9
Krazy90: calls $3
*** FLOP *** [2d 8d Ad]
nedo1414: bets $3
Krazy90: calls $3
*** TURN *** [2d 8d Ad] [4d]
nedo1414: bets $6
Krazy90: calls $6
*** RIVER *** [2d 8d Ad 4d] [8s]
nedo1414: bets $6
Krazy90: folds
Uncalled bet ($6) returned to nedo1414
nedo1414 collected $35.50 from pot
nedo1414: doesn't show hand
*** SUMMARY ***
Total pot $36 | Rake $0.50
Board [2d 8d Ad 4d 8s]
Seat 3: Krazy90 (button) (small blind) folded on the River
Seat 4: nedo1414 (big blind) collected ($35.50)


PokerStars Hand #170980073574:  Hold'em Limit ($3/$6 USD) - 2017/05/27 9:33:35 ET
Table 'Nash' 6-max Seat #4 is the button
Seat 3: Krazy90 ($171.44 in chips)
Seat 4: nedo1414 ($161.70 in chips)
nedo1414: posts small blind $1
Krazy90: posts big blind $3
*** HOLE CARDS ***
nedo1414: raises $3 to $6
Krazy90: calls $3
*** FLOP *** [Jd 9s 6h]
Krazy90: checks
nedo1414: bets $3
Krazy90: folds
Uncalled bet ($3) returned to nedo1414
nedo1414 collected $11.76 from pot
nedo1414: doesn't show hand
*** SUMMARY ***
Total pot $12 | Rake $0.24
Board [Jd 9s 6h]
Seat 3: Krazy90 (big blind) folded on the Flop
Seat 4: nedo1414 (button) (small blind) collected ($11.76)


PokerStars Hand #170980078194:  Hold'em Limit ($3/$6 USD) - 2017/05/27 9:33:44 ET
Table 'Nash' 6-max Seat #3 is the button
Seat 3: Krazy90 ($165.44 in chips)
Seat 4: nedo1414 ($167.46 in chips)
Krazy90: posts small blind $1
nedo1414: posts big blind $3
*** HOLE CARDS ***
Krazy90: raises $3 to $6
nedo1414: calls $3
*** FLOP *** [Kc Ac 6s]
nedo1414: checks
Krazy90: checks
*** TURN *** [Kc Ac 6s] [3d]
nedo1414: checks
Krazy90: checks
*** RIVER *** [Kc Ac 6s 3d] [Qd]
nedo1414: checks
Krazy90: bets $6
nedo1414: folds
Uncalled bet ($6) returned to Krazy90
Krazy90 collected $11.76 from pot
Krazy90: doesn't show hand
*** SUMMARY ***
Total pot $12 | Rake $0.24
Board [Kc Ac 6s 3d Qd]
Seat 3: Krazy90 (button) (small blind) collected ($11.76)
Seat 4: nedo1414 (big blind) folded on the River


PokerStars Hand #170980085426:  Hold'em Limit ($3/$6 USD) - 2017/05/27 9:33:57 ET
Table 'Nash' 6-max Seat #4 is the button
Seat 3: Krazy90 ($171.20 in chips)
Seat 4: nedo1414 ($161.46 in chips)
nedo1414: posts small blind $1
Krazy90: posts big blind $3
*** HOLE CARDS ***
nedo1414: raises $3 to $6
Krazy90: calls $3
*** FLOP *** [5s Jd 4s]
Krazy90: checks
nedo1414: bets $3
Krazy90: raises $3 to $6
nedo1414: calls $3
*** TURN *** [5s Jd 4s] [6d]
Krazy90: bets $6
nedo1414: calls $6
*** RIVER *** [5s Jd 4s 6d] [8h]
Krazy90: bets $6
nedo1414: calls $6
*** SHOW DOWN ***
Krazy90: shows [Jc 8c] (two pair, Jacks and Eights)
nedo1414: mucks hand
Krazy90 collected $47.50 from pot
*** SUMMARY ***
Total pot $48 | Rake $0.50
Board [5s Jd 4s 6d 8h]
Seat 3: Krazy90 (big blind) showed [Jc 8c] and won ($47.50) with two pair, Jacks and Eights
Seat 4: nedo1414 (button) (small blind) mucked


PokerStars Hand #170980111333:  Hold'em Limit ($3/$6 USD) - 2017/05/27 9:34:43 ET
Table 'Nash' 6-max Seat #3 is the button
Seat 3: Krazy90 ($183.70 in chips)
Seat 4: nedo1414 ($147.98 in chips)
Krazy90: posts small blind $1
nedo1414: posts big blind $3
*** HOLE CARDS ***
Krazy90: folds
Uncalled bet ($2) returned to nedo1414
nedo1414 collected $2 from pot
nedo1414: doesn't show hand
*** SUMMARY ***
Total pot $2 | Rake $0
Seat 3: Krazy90 (button) (small blind) folded before Flop
Seat 4: nedo1414 (big blind) collected ($2)


PokerStars Hand #170980120444:  Hold'em Limit ($3/$6 USD) - 2017/05/27 9:35:00 ET
Table 'Nash' 6-max Seat #3 is the button
Seat 3: Krazy90 ($176.70 in chips)
Seat 4: nedo1414 ($154.74 in chips)
Krazy90: posts small blind $1
nedo1414: posts big blind $3
*** HOLE CARDS ***
Krazy90: raises $3 to $6
nedo1414: raises $3 to $9
Krazy90: calls $3
*** FLOP *** [3d 6c Ad]
nedo1414: bets $3
Krazy90: calls $3
*** TURN *** [3d 6c Ad] [9d]
nedo1414: bets $6
Krazy90: folds
Uncalled bet ($6) returned to nedo1414
nedo1414 collected $23.52 from pot
nedo1414: doesn't show hand
*** SUMMARY ***
Total pot $24 | Rake $0.48
Board [3d 6c Ad 9d]
Seat 3: Krazy90 (button) (small blind) folded on the Turn
Seat 4: nedo1414 (big blind) collected ($23.52)


PokerStars Hand #170980113735:  Hold'em Limit ($3/$6 USD) - 2017/05/27 9:34:48 ET
Table 'Nash' 6-max Seat #4 is the button
Seat 3: Krazy90 ($182.70 in chips)
Seat 4: nedo1414 ($148.98 in chips)
nedo1414: posts small blind $1
Krazy90: posts big blind $3
*** HOLE CARDS ***
nedo1414: raises $3 to $6
Krazy90: calls $3
*** FLOP *** [Td 3c 2c]
Krazy90: checks
nedo1414: bets $3
Krazy90: folds
Uncalled bet ($3) returned to nedo1414
nedo1414 collected $11.76 from pot
nedo1414: doesn't show hand
*** SUMMARY ***
Total pot $12 | Rake $0.24
Board [Td 3c 2c]
Seat 3: Krazy90 (big blind) folded on the Flop
Seat 4: nedo1414 (button) (small blind) collected ($11.76)


PokerStars Hand #170980126080:  Hold'em Limit ($3/$6 USD) - 2017/05/27 9:35:10 ET
Table 'Nash' 6-max Seat #4 is the button
Seat 3: Krazy90 ($164.70 in chips)
Seat 4: nedo1414 ($166.26 in chips)
nedo1414: posts small blind $1
Krazy90: posts big blind $3
*** HOLE CARDS ***
nedo1414: raises $3 to $6
Krazy90: calls $3
*** FLOP *** [8s Th 9c]
Krazy90: checks
nedo1414: bets $3
Krazy90: calls $3
*** TURN *** [8s Th 9c] [3c]
Krazy90: checks
nedo1414: checks
*** RIVER *** [8s Th 9c 3c] [Jc]
Krazy90: checks
nedo1414: bets $6
Krazy90: folds
Uncalled bet ($6) returned to nedo1414
nedo1414 collected $17.64 from pot
nedo1414: doesn't show hand
*** SUMMARY ***
Total pot $18 | Rake $0.36
Board [8s Th 9c 3c Jc]
Seat 3: Krazy90 (big blind) folded on the River
Seat 4: nedo1414 (button) (small blind) collected ($17.64)


PokerStars Hand #170980093077:  Hold'em Limit ($3/$6 USD) - 2017/05/27 9:34:10 ET
Table 'Nash' 6-max Seat #3 is the button
Seat 3: Krazy90 ($194.70 in chips)
Seat 4: nedo1414 ($137.46 in chips)
Krazy90: posts small blind $1
nedo1414: posts big blind $3
*** HOLE CARDS ***
Krazy90: raises $3 to $6
nedo1414: calls $3
*** FLOP *** [3d 4s Tc]
nedo1414: checks
Krazy90: bets $3
nedo1414: raises $3 to $6
Krazy90: calls $3
*** TURN *** [3d 4s Tc] [5s]
nedo1414: checks
Krazy90: checks
*** RIVER *** [3d 4s Tc 5s] [6s]
nedo1414: checks
Krazy90: checks
*** SHOW DOWN ***
nedo1414: shows [Kc 4h] (a pair of Fours)
Krazy90: mucks hand
nedo1414 collected $23.52 from pot
*** SUMMARY ***
Total pot $24 | Rake $0.48
Board [3d 4s Tc 5s 6s]
Seat 3: Krazy90 (button) (small blind) mucked
Seat 4: nedo1414 (big blind) showed [Kc 4h] and won ($23.52) with a pair of Fours


PokerStars Hand #170980105631:  Hold'em Limit ($3/$6 USD) - 2017/05/27 9:34:33 ET
Table 'Nash' 6-max Seat #4 is the button
Seat 3: Krazy90 ($182.70 in chips)
Seat 4: nedo1414 ($148.98 in chips)
nedo1414: posts small blind $1
Krazy90: posts big blind $3
*** HOLE CARDS ***
nedo1414: folds
Uncalled bet ($2) returned to Krazy90
Krazy90 collected $2 from pot
Krazy90: doesn't show hand
*** SUMMARY ***
Total pot $2 | Rake $0
Seat 3: Krazy90 (big blind) collected ($2)
Seat 4: nedo1414 (button) (small blind) folded before Flop


PokerStars Hand #170980132864:  Hold'em Limit ($3/$6 USD) - 2017/05/27 9:35:22 ET
Table 'Nash' 6-max Seat #3 is the button
Seat 3: Krazy90 ($155.70 in chips)
Seat 4: nedo1414 ($174.90 in chips)
Krazy90: posts small blind $1
nedo1414: posts big blind $3
*** HOLE CARDS ***
Krazy90: raises $3 to $6
nedo1414: raises $3 to $9
Krazy90: raises $3 to $12
Betting is capped
nedo1414: calls $3
*** FLOP *** [2c 9s 3d]
nedo1414: bets $3
Krazy90: calls $3
*** TURN *** [2c 9s 3d] [3s]
nedo1414: checks
Krazy90: checks
*** RIVER *** [2c 9s 3d 3s] [5h]
nedo1414: bets $6
Krazy90: calls $6
*** SHOW DOWN ***
nedo1414: shows [9c 9h] (a full house, Nines full of Threes)
Krazy90: mucks hand
nedo1414 collected $41.50 from pot
*** SUMMARY ***
Total pot $42 | Rake $0.50
Board [2c 9s 3d 3s 5h]
Seat 3: Krazy90 (button) (small blind) mucked
Seat 4: nedo1414 (big blind) showed [9c 9h] and won ($41.50) with a full house, Nines full of Threes


PokerStars Hand #170980139853:  Hold'em Limit ($3/$6 USD) - 2017/05/27 9:35:35 ET
Table 'Nash' 6-max Seat #4 is the button
Seat 3: Krazy90 ($134.70 in chips)
Seat 4: nedo1414 ($195.40 in chips)
nedo1414: posts small blind $1
Krazy90: posts big blind $3
*** HOLE CARDS ***
nedo1414: raises $3 to $6
Krazy90: calls $3
*** FLOP *** [Js Ac 3c]
Krazy90: checks
nedo1414: bets $3
Krazy90: folds
Uncalled bet ($3) returned to nedo1414
nedo1414 collected $11.76 from pot
nedo1414: doesn't show hand
*** SUMMARY ***
Total pot $12 | Rake $0.24
Board [Js Ac 3c]
Seat 3: Krazy90 (big blind) folded on the Flop
Seat 4: nedo1414 (button) (small blind) collected ($11.76)


PokerStars Hand #170980148157:  Hold'em Limit ($3/$6 USD) - 2017/05/27 9:35:49 ET
Table 'Nash' 6-max Seat #4 is the button
Seat 3: Krazy90 ($127.70 in chips)
Seat 4: nedo1414 ($202.16 in chips)
nedo1414: posts small blind $1
Krazy90: posts big blind $3
*** HOLE CARDS ***
nedo1414: folds
Uncalled bet ($2) returned to Krazy90
Krazy90 collected $2 from pot
Krazy90: doesn't show hand
*** SUMMARY ***
Total pot $2 | Rake $0
Seat 3: Krazy90 (big blind) collected ($2)
Seat 4: nedo1414 (button) (small blind) folded before Flop


PokerStars Hand #170980145126:  Hold'em Limit ($3/$6 USD) - 2017/05/27 9:35:44 ET
Table 'Nash' 6-max Seat #3 is the button
Seat 3: Krazy90 ($128.70 in chips)
Seat 4: nedo1414 ($201.16 in chips)
Krazy90: posts small blind $1
nedo1414: posts big blind $3
*** HOLE CARDS ***
Krazy90: folds
Uncalled bet ($2) returned to nedo1414
nedo1414 collected $2 from pot
nedo1414: doesn't show hand
*** SUMMARY ***
Total pot $2 | Rake $0
Seat 3: Krazy90 (button) (small blind) folded before Flop
Seat 4: nedo1414 (big blind) collected ($2)


PokerStars Hand #170980159299:  Hold'em Limit ($3/$6 USD) - 2017/05/27 9:36:09 ET
Table 'Nash' 6-max Seat #4 is the button
Seat 3: Krazy90 ($152.20 in chips)
Seat 4: nedo1414 ($177.16 in chips)
nedo1414: posts small blind $1
Krazy90: posts big blind $3
*** HOLE CARDS ***
nedo1414: raises $3 to $6
Krazy90: calls $3
*** FLOP *** [6d 4c Js]
Krazy90: checks
nedo1414: bets $3
Krazy90: raises $3 to $6
nedo1414: calls $3
*** TURN *** [6d 4c Js] [5s]
Krazy90: bets $6
nedo1414: calls $6
*** RIVER *** [6d 4c Js 5s] [Qs]
Krazy90: bets $6
nedo1414: raises $6 to $12
Krazy90: calls $6
*** SHOW DOWN ***
nedo1414: shows [6s Qc] (two pair, Queens and Sixes)
Krazy90: mucks hand
nedo1414 collected $59.50 from pot
*** SUMMARY ***
Total pot $60 | Rake $0.50
Board [6d 4c Js 5s Qs]
Seat 3: Krazy90 (big blind) mucked
Seat 4: nedo1414 (button) (small blind) showed [6s Qc] and won ($59.50) with two pair, Queens and Sixes


PokerStars Hand #170980150744:  Hold'em Limit ($3/$6 USD) - 2017/05/27 9:35:54 ET
Table 'Nash' 6-max Seat #3 is the button
Seat 3: Krazy90 ($128.70 in chips)
Seat 4: nedo1414 ($201.16 in chips)
Krazy90: posts small blind $1
nedo1414: posts big blind $3
*** HOLE CARDS ***
Krazy90: raises $3 to $6
nedo1414: raises $3 to $9
Krazy90: calls $3
*** FLOP *** [7d Kd 6s]
nedo1414: bets $3
Krazy90: calls $3
*** TURN *** [7d Kd 6s] [5d]
nedo1414: bets $6
Krazy90: calls $6
*** RIVER *** [7d Kd 6s 5d] [Qs]
nedo1414: checks
Krazy90: bets $6
nedo1414: calls $6
*** SHOW DOWN ***
Krazy90: shows [4s Kc] (a pair of Kings)
nedo1414: mucks hand
Krazy90 collected $47.50 from pot
*** SUMMARY ***
Total pot $48 | Rake $0.50
Board [7d Kd 6s 5d Qs]
Seat 3: Krazy90 (button) (small blind) showed [4s Kc] and won ($47.50) with a pair of Kings
Seat 4: nedo1414 (big blind) mucked


PokerStars Hand #170980177669:  Hold'em Limit ($3/$6 USD) - 2017/05/27 9:36:41 ET
Table 'Nash' 6-max Seat #4 is the button
Seat 3: Krazy90 ($120 in chips)
Seat 4: nedo1414 ($215.30 in chips)
nedo1414: posts small blind $1
Krazy90: posts big blind $3
*** HOLE CARDS ***
nedo1414: raises $3 to $6
Krazy90: folds
Uncalled bet ($3) returned to nedo1414
nedo1414 collected $6 from pot
nedo1414: doesn't show hand
*** SUMMARY ***
Total pot $6 | Rake $0
Seat 3: Krazy90 (big blind) folded before Flop
Seat 4: nedo1414 (button) (small blind) collected ($6)


PokerStars Hand #170980167283:  Hold'em Limit ($3/$6 USD) - 2017/05/27 9:36:23 ET
Table 'Nash' 6-max Seat #3 is the button
Seat 3: Krazy90 ($122.20 in chips)
Seat 4: nedo1414 ($206.66 in chips)
Krazy90: posts small blind $1
nedo1414: posts big blind $3
*** HOLE CARDS ***
Krazy90: raises $3 to $6
nedo1414: calls $3
*** FLOP *** [Th Qd Kd]
nedo1414: checks
Krazy90: bets $3
nedo1414: calls $3
*** TURN *** [Th Qd Kd] [Qc]
nedo1414: checks
Krazy90: checks
*** RIVER *** [Th Qd Kd Qc] [As]
nedo1414: checks
Krazy90: checks
*** SHOW DOWN ***
nedo1414: shows [6h Ks] (two pair, Kings and Queens)
Krazy90: mucks hand
nedo1414 collected $17.64 from pot
*** SUMMARY ***
Total pot $18 | Rake $0.36
Board [Th Qd Kd Qc As]
Seat 3: Krazy90 (button) (small blind) mucked
Seat 4: nedo1414 (big blind) showed [6h Ks] and won ($17.64) with two pair, Kings and Queens


PokerStars Hand #170980180486:  Hold'em Limit ($3/$6 USD) - 2017/05/27 9:36:47 ET
Table 'Nash' 6-max Seat #3 is the button
Seat 3: Krazy90 ($120 in chips)
Seat 4: nedo1414 ($218.30 in chips)
Krazy90: posts small blind $1
nedo1414: posts big blind $3
*** HOLE CARDS ***
Krazy90: raises $3 to $6
nedo1414: calls $3
*** FLOP *** [9d 6c Ts]
nedo1414: checks
Krazy90: bets $3
nedo1414: raises $3 to $6
Krazy90: calls $3
*** TURN *** [9d 6c Ts] [3h]
nedo1414: bets $6
Krazy90: folds
Uncalled bet ($6) returned to nedo1414
Krazy90 leaves the table
nedo1414 collected $23.52 from pot
nedo1414: doesn't show hand
*** SUMMARY ***
Total pot $24 | Rake $0.48
Board [9d 6c Ts 3h]
Seat 3: Krazy90 (button) (small blind) folded on the Turn
Seat 4: nedo1414 (big blind) collected ($23.52)


