PokerStars Hand #170286229712:  Hold'em Limit ($3/$6 USD) - 2017/05/11 17:32:04 ET
Table 'Nash' 6-max Seat #1 is the button
Seat 1: ABATAPP ($170.02 in chips)
Seat 5: B_loJkl ($133.69 in chips)
dobber888 will be allowed to play after the button
ABATAPP: posts small blind $1
AKADoDoubleG: is sitting out
B_loJkl: posts big blind $3
*** HOLE CARDS ***
ABATAPP: raises $3 to $6
B_loJkl: folds
Uncalled bet ($3) returned to ABATAPP
ABATAPP collected $6 from pot
ABATAPP: doesn't show hand
*** SUMMARY ***
Total pot $6 | Rake $0
Seat 1: ABATAPP (button) (small blind) collected ($6)
Seat 5: B_loJkl (big blind) folded before Flop


PokerStars Hand #170287162277:  Hold'em Limit ($3/$6 USD) - 2017/05/11 17:50:44 ET
Table 'Nash' 6-max Seat #2 is the button
Seat 1: ABATAPP ($113.30 in chips)
Seat 2: Helmes1402 ($142.32 in chips)
Helmes1402: posts small blind $1
ABATAPP: posts big blind $3
*** HOLE CARDS ***
Helmes1402: raises $3 to $6
ABATAPP: folds
Uncalled bet ($3) returned to Helmes1402
Helmes1402 collected $6 from pot
Helmes1402: doesn't show hand
*** SUMMARY ***
Total pot $6 | Rake $0
Seat 1: ABATAPP (big blind) folded before Flop
Seat 2: Helmes1402 (button) (small blind) collected ($6)


PokerStars Hand #170287168244:  Hold'em Limit ($3/$6 USD) - 2017/05/11 17:50:51 ET
Table 'Nash' 6-max Seat #1 is the button
Seat 1: ABATAPP ($110.30 in chips)
Seat 2: Helmes1402 ($145.32 in chips)
ABATAPP: posts small blind $1
Helmes1402: posts big blind $3
*** HOLE CARDS ***
ABATAPP: raises $3 to $6
Helmes1402: calls $3
*** FLOP *** [8c 5d Ah]
Helmes1402: checks
ABATAPP: bets $3
Helmes1402: folds
Uncalled bet ($3) returned to ABATAPP
ABATAPP collected $11.76 from pot
ABATAPP: doesn't show hand
*** SUMMARY ***
Total pot $12 | Rake $0.24
Board [8c 5d Ah]
Seat 1: ABATAPP (button) (small blind) collected ($11.76)
Seat 2: Helmes1402 (big blind) folded on the Flop


PokerStars Hand #170287189889:  Hold'em Limit ($3/$6 USD) - 2017/05/11 17:51:18 ET
Table 'Nash' 6-max Seat #1 is the button
Seat 1: ABATAPP ($110.06 in chips)
Seat 2: Helmes1402 ($145.08 in chips)
ABATAPP: posts small blind $1
Helmes1402: posts big blind $3
*** HOLE CARDS ***
ABATAPP: folds
Uncalled bet ($2) returned to Helmes1402
Helmes1402 collected $2 from pot
Helmes1402: doesn't show hand
*** SUMMARY ***
Total pot $2 | Rake $0
Seat 1: ABATAPP (button) (small blind) folded before Flop
Seat 2: Helmes1402 (big blind) collected ($2)


PokerStars Hand #170287180128:  Hold'em Limit ($3/$6 USD) - 2017/05/11 17:51:06 ET
Table 'Nash' 6-max Seat #2 is the button
Seat 1: ABATAPP ($116.06 in chips)
Seat 2: Helmes1402 ($139.32 in chips)
Helmes1402: posts small blind $1
ABATAPP: posts big blind $3
*** HOLE CARDS ***
Helmes1402: raises $3 to $6
ABATAPP: calls $3
*** FLOP *** [4h Tc 3c]
ABATAPP: checks
Helmes1402: bets $3
B_loJkl leaves the table
ABATAPP: folds
Uncalled bet ($3) returned to Helmes1402
Helmes1402 collected $11.76 from pot
Helmes1402: doesn't show hand
B_loJkl joins the table at seat #3
*** SUMMARY ***
Total pot $12 | Rake $0.24
Board [4h Tc 3c]
Seat 1: ABATAPP (big blind) folded on the Flop
Seat 2: Helmes1402 (button) (small blind) collected ($11.76)


PokerStars Hand #170288298458:  Hold'em Limit ($3/$6 USD) - 2017/05/11 18:15:48 ET
Table 'Nash' 6-max Seat #5 is the button
Seat 1: ABATAPP ($201.90 in chips)
Seat 5: edweirdodude ($82.42 in chips)
edweirdodude: posts small blind $1
ABATAPP: posts big blind $3
*** HOLE CARDS ***
edweirdodude: raises $3 to $6
ABATAPP: calls $3
*** FLOP *** [Qd Ac 9h]
ABATAPP: checks
edweirdodude: checks
*** TURN *** [Qd Ac 9h] [6d]
ABATAPP: checks
edweirdodude: checks
*** RIVER *** [Qd Ac 9h 6d] [2c]
ABATAPP: bets $6
edweirdodude: folds
Uncalled bet ($6) returned to ABATAPP
ABATAPP collected $11.76 from pot
ABATAPP: doesn't show hand
*** SUMMARY ***
Total pot $12 | Rake $0.24
Board [Qd Ac 9h 6d 2c]
Seat 1: ABATAPP (big blind) collected ($11.76)
Seat 5: edweirdodude (button) (small blind) folded on the River


PokerStars Hand #170288275808:  Hold'em Limit ($3/$6 USD) - 2017/05/11 18:15:23 ET
Table 'Nash' 6-max Seat #1 is the button
Seat 1: ABATAPP ($178.40 in chips)
Seat 5: edweirdodude ($106.42 in chips)
ABATAPP: posts small blind $1
edweirdodude: posts big blind $3
*** HOLE CARDS ***
ABATAPP: raises $3 to $6
edweirdodude: calls $3
*** FLOP *** [8d 7s 5s]
edweirdodude: bets $3
Helmes1402 leaves the table
ABATAPP: raises $3 to $6
edweirdodude: calls $3
*** TURN *** [8d 7s 5s] [5c]
edweirdodude: bets $6
ABATAPP: calls $6
*** RIVER *** [8d 7s 5s 5c] [Jc]
edweirdodude: bets $6
ABATAPP: raises $6 to $12
edweirdodude: folds
Uncalled bet ($6) returned to ABATAPP
ABATAPP collected $47.50 from pot
ABATAPP: doesn't show hand
*** SUMMARY ***
Total pot $48 | Rake $0.50
Board [8d 7s 5s 5c Jc]
Seat 1: ABATAPP (button) (small blind) collected ($47.50)
Seat 5: edweirdodude (big blind) folded on the River


PokerStars Hand #170288364111:  Hold'em Limit ($3/$6 USD) - 2017/05/11 18:17:13 ET
Table 'Nash' 6-max Seat #1 is the button
Seat 1: ABATAPP ($229.92 in chips)
Seat 5: edweirdodude ($53.42 in chips)
ABATAPP: posts small blind $1
edweirdodude: posts big blind $3
*** HOLE CARDS ***
ABATAPP: raises $3 to $6
edweirdodude: folds
Uncalled bet ($3) returned to ABATAPP
ABATAPP collected $6 from pot
ABATAPP: doesn't show hand
*** SUMMARY ***
Total pot $6 | Rake $0
Seat 1: ABATAPP (button) (small blind) collected ($6)
Seat 5: edweirdodude (big blind) folded before Flop


PokerStars Hand #170288342861:  Hold'em Limit ($3/$6 USD) - 2017/05/11 18:16:45 ET
Table 'Nash' 6-max Seat #5 is the button
Seat 1: ABATAPP ($209.42 in chips)
Seat 5: edweirdodude ($74.42 in chips)
edweirdodude: posts small blind $1
ABATAPP: posts big blind $3
*** HOLE CARDS ***
edweirdodude: raises $3 to $6
ABATAPP: calls $3
*** FLOP *** [Tc Jd Kd]
ABATAPP: checks
edweirdodude: bets $3
ABATAPP: calls $3
*** TURN *** [Tc Jd Kd] [Js]
ABATAPP: checks
edweirdodude: bets $6
ABATAPP: raises $6 to $12
edweirdodude: calls $6
*** RIVER *** [Tc Jd Kd Js] [Jh]
ABATAPP: bets $6
edweirdodude: folds
Uncalled bet ($6) returned to ABATAPP
ABATAPP collected $41.50 from pot
ABATAPP: doesn't show hand
*** SUMMARY ***
Total pot $42 | Rake $0.50
Board [Tc Jd Kd Js Jh]
Seat 1: ABATAPP (big blind) collected ($41.50)
Seat 5: edweirdodude (button) (small blind) folded on the River


PokerStars Hand #170288318545:  Hold'em Limit ($3/$6 USD) - 2017/05/11 18:16:14 ET
Table 'Nash' 6-max Seat #1 is the button
Seat 1: ABATAPP ($207.66 in chips)
Seat 5: edweirdodude ($76.42 in chips)
ABATAPP: posts small blind $1
edweirdodude: posts big blind $3
*** HOLE CARDS ***
ABATAPP: raises $3 to $6
edweirdodude: calls $3
*** FLOP *** [8s 2d Tc]
edweirdodude: checks
ABATAPP: bets $3
edweirdodude: folds
Uncalled bet ($3) returned to ABATAPP
ABATAPP collected $11.76 from pot
ABATAPP: doesn't show hand
*** SUMMARY ***
Total pot $12 | Rake $0.24
Board [8s 2d Tc]
Seat 1: ABATAPP (button) (small blind) collected ($11.76)
Seat 5: edweirdodude (big blind) folded on the Flop


PokerStars Hand #170288330286:  Hold'em Limit ($3/$6 USD) - 2017/05/11 18:16:29 ET
Table 'Nash' 6-max Seat #5 is the button
Seat 1: ABATAPP ($213.42 in chips)
Seat 5: edweirdodude ($70.42 in chips)
edweirdodude: posts small blind $1
ABATAPP: posts big blind $3
*** HOLE CARDS ***
edweirdodude: raises $3 to $6
ABATAPP: folds
Uncalled bet ($3) returned to edweirdodude
edweirdodude collected $6 from pot
edweirdodude: doesn't show hand
*** SUMMARY ***
Total pot $6 | Rake $0
Seat 1: ABATAPP (big blind) folded before Flop
Seat 5: edweirdodude (button) (small blind) collected ($6)


PokerStars Hand #170288336286:  Hold'em Limit ($3/$6 USD) - 2017/05/11 18:16:37 ET
Table 'Nash' 6-max Seat #1 is the button
Seat 1: ABATAPP ($210.42 in chips)
Seat 5: edweirdodude ($73.42 in chips)
ABATAPP: posts small blind $1
edweirdodude: posts big blind $3
*** HOLE CARDS ***
ABATAPP: folds
Uncalled bet ($2) returned to edweirdodude
edweirdodude collected $2 from pot
edweirdodude: doesn't show hand
*** SUMMARY ***
Total pot $2 | Rake $0
Seat 1: ABATAPP (button) (small blind) folded before Flop
Seat 5: edweirdodude (big blind) collected ($2)


PokerStars Hand #170288398798:  Hold'em Limit ($3/$6 USD) - 2017/05/11 18:17:59 ET
Table 'Nash' 6-max Seat #1 is the button
Seat 1: ABATAPP ($200.92 in chips)
Seat 5: edweirdodude ($81.68 in chips)
ABATAPP: posts small blind $1
edweirdodude: posts big blind $3
*** HOLE CARDS ***
ABATAPP: raises $3 to $6
edweirdodude: calls $3
*** FLOP *** [2c 4d Jd]
edweirdodude: bets $3
ABATAPP: folds
Uncalled bet ($3) returned to edweirdodude
edweirdodude collected $11.76 from pot
edweirdodude: doesn't show hand
*** SUMMARY ***
Total pot $12 | Rake $0.24
Board [2c 4d Jd]
Seat 1: ABATAPP (button) (small blind) folded on the Flop
Seat 5: edweirdodude (big blind) collected ($11.76)


PokerStars Hand #170288368666:  Hold'em Limit ($3/$6 USD) - 2017/05/11 18:17:19 ET
Table 'Nash' 6-max Seat #5 is the button
Seat 1: ABATAPP ($232.92 in chips)
Seat 5: edweirdodude ($50.42 in chips)
edweirdodude: posts small blind $1
ABATAPP: posts big blind $3
*** HOLE CARDS ***
edweirdodude: raises $3 to $6
ABATAPP: raises $3 to $9
edweirdodude: calls $3
*** FLOP *** [Jd 8c 6s]
ABATAPP: bets $3
edweirdodude: raises $3 to $6
ABATAPP: calls $3
*** TURN *** [Jd 8c 6s] [As]
ABATAPP: bets $6
edweirdodude: calls $6
*** RIVER *** [Jd 8c 6s As] [5s]
ABATAPP: bets $6
edweirdodude: calls $6
*** SHOW DOWN ***
ABATAPP: shows [Qc Tc] (high card Ace)
edweirdodude: shows [7h 6c] (a pair of Sixes)
edweirdodude collected $53.50 from pot
*** SUMMARY ***
Total pot $54 | Rake $0.50
Board [Jd 8c 6s As 5s]
Seat 1: ABATAPP (big blind) showed [Qc Tc] and lost with high card Ace
Seat 5: edweirdodude (button) (small blind) showed [7h 6c] and won ($53.50) with a pair of Sixes


PokerStars Hand #170288394512:  Hold'em Limit ($3/$6 USD) - 2017/05/11 18:17:53 ET
Table 'Nash' 6-max Seat #5 is the button
Seat 1: ABATAPP ($199.92 in chips)
Seat 5: edweirdodude ($82.68 in chips)
edweirdodude: posts small blind $1
ABATAPP: posts big blind $3
*** HOLE CARDS ***
edweirdodude: folds
Uncalled bet ($2) returned to ABATAPP
ABATAPP collected $2 from pot
ABATAPP: doesn't show hand
*** SUMMARY ***
Total pot $2 | Rake $0
Seat 1: ABATAPP (big blind) collected ($2)
Seat 5: edweirdodude (button) (small blind) folded before Flop


PokerStars Hand #170288386648:  Hold'em Limit ($3/$6 USD) - 2017/05/11 18:17:43 ET
Table 'Nash' 6-max Seat #1 is the button
Seat 1: ABATAPP ($205.92 in chips)
Seat 5: edweirdodude ($76.92 in chips)
ABATAPP: posts small blind $1
edweirdodude: posts big blind $3
*** HOLE CARDS ***
ABATAPP: raises $3 to $6
edweirdodude: calls $3
*** FLOP *** [Jd Ks Qh]
edweirdodude: bets $3
ABATAPP: folds
Uncalled bet ($3) returned to edweirdodude
edweirdodude collected $11.76 from pot
edweirdodude: doesn't show hand
*** SUMMARY ***
Total pot $12 | Rake $0.24
Board [Jd Ks Qh]
Seat 1: ABATAPP (button) (small blind) folded on the Flop
Seat 5: edweirdodude (big blind) collected ($11.76)


PokerStars Hand #170288407127:  Hold'em Limit ($3/$6 USD) - 2017/05/11 18:18:10 ET
Table 'Nash' 6-max Seat #5 is the button
Seat 1: ABATAPP ($194.92 in chips)
Seat 5: edweirdodude ($87.44 in chips)
edweirdodude: posts small blind $1
ABATAPP: posts big blind $3
*** HOLE CARDS ***
edweirdodude: raises $3 to $6
ABATAPP: calls $3
*** FLOP *** [5d 3s Qc]
ABATAPP: checks
edweirdodude: bets $3
ABATAPP: raises $3 to $6
edweirdodude: calls $3
*** TURN *** [5d 3s Qc] [7c]
ABATAPP: bets $6
edweirdodude: calls $6
*** RIVER *** [5d 3s Qc 7c] [Kc]
ABATAPP: bets $6
edweirdodude: raises $6 to $12
ABATAPP: calls $6
*** SHOW DOWN ***
edweirdodude: shows [4c 6c] (a flush, King high)
ABATAPP: mucks hand
edweirdodude collected $59.50 from pot
*** SUMMARY ***
Total pot $60 | Rake $0.50
Board [5d 3s Qc 7c Kc]
Seat 1: ABATAPP (big blind) mucked
Seat 5: edweirdodude (button) (small blind) showed [4c 6c] and won ($59.50) with a flush, King high


PokerStars Hand #170288429534:  Hold'em Limit ($3/$6 USD) - 2017/05/11 18:18:39 ET
Table 'Nash' 6-max Seat #1 is the button
Seat 1: ABATAPP ($164.92 in chips)
Seat 5: edweirdodude ($116.94 in chips)
ABATAPP: posts small blind $1
edweirdodude: posts big blind $3
*** HOLE CARDS ***
ABATAPP: raises $3 to $6
edweirdodude: calls $3
*** FLOP *** [Ac 6h 5c]
edweirdodude: bets $3
ABATAPP: folds
Uncalled bet ($3) returned to edweirdodude
edweirdodude collected $11.76 from pot
edweirdodude: doesn't show hand
*** SUMMARY ***
Total pot $12 | Rake $0.24
Board [Ac 6h 5c]
Seat 1: ABATAPP (button) (small blind) folded on the Flop
Seat 5: edweirdodude (big blind) collected ($11.76)


PokerStars Hand #170288437638:  Hold'em Limit ($3/$6 USD) - 2017/05/11 18:18:50 ET
Table 'Nash' 6-max Seat #5 is the button
Seat 1: ABATAPP ($158.92 in chips)
Seat 5: edweirdodude ($122.70 in chips)
edweirdodude: posts small blind $1
ABATAPP: posts big blind $3
*** HOLE CARDS ***
edweirdodude: calls $2
ABATAPP: checks
*** FLOP *** [8c 5d 3d]
ABATAPP: bets $3
edweirdodude: raises $3 to $6
ABATAPP: folds
Uncalled bet ($3) returned to edweirdodude
edweirdodude collected $11.76 from pot
edweirdodude: doesn't show hand
*** SUMMARY ***
Total pot $12 | Rake $0.24
Board [8c 5d 3d]
Seat 1: ABATAPP (big blind) folded on the Flop
Seat 5: edweirdodude (button) (small blind) collected ($11.76)


PokerStars Hand #170288446925:  Hold'em Limit ($3/$6 USD) - 2017/05/11 18:19:02 ET
Table 'Nash' 6-max Seat #1 is the button
Seat 1: ABATAPP ($152.92 in chips)
Seat 5: edweirdodude ($128.46 in chips)
ABATAPP: posts small blind $1
edweirdodude: posts big blind $3
*** HOLE CARDS ***
ABATAPP: raises $3 to $6
edweirdodude: calls $3
*** FLOP *** [4c 8c 8d]
edweirdodude: checks
ABATAPP: bets $3
edweirdodude: folds
Uncalled bet ($3) returned to ABATAPP
ABATAPP collected $11.76 from pot
ABATAPP: doesn't show hand
*** SUMMARY ***
Total pot $12 | Rake $0.24
Board [4c 8c 8d]
Seat 1: ABATAPP (button) (small blind) collected ($11.76)
Seat 5: edweirdodude (big blind) folded on the Flop


PokerStars Hand #170288480618:  Hold'em Limit ($3/$6 USD) - 2017/05/11 18:19:46 ET
Table 'Nash' 6-max Seat #1 is the button
Seat 1: ABATAPP ($140.68 in chips)
Seat 5: edweirdodude ($139.96 in chips)
ABATAPP: posts small blind $1
edweirdodude: posts big blind $3
*** HOLE CARDS ***
ABATAPP: raises $3 to $6
edweirdodude: raises $3 to $9
ABATAPP: raises $3 to $12
Betting is capped
edweirdodude: calls $3
*** FLOP *** [3s 5c Th]
edweirdodude: bets $3
ABATAPP: calls $3
*** TURN *** [3s 5c Th] [7h]
edweirdodude: bets $6
ABATAPP: calls $6
*** RIVER *** [3s 5c Th 7h] [7c]
edweirdodude: bets $6
Zubasa07 joins the table at seat #6
ABATAPP: folds
Uncalled bet ($6) returned to edweirdodude
edweirdodude collected $41.50 from pot
edweirdodude: doesn't show hand
*** SUMMARY ***
Total pot $42 | Rake $0.50
Board [3s 5c Th 7h 7c]
Seat 1: ABATAPP (button) (small blind) folded on the River
Seat 5: edweirdodude (big blind) collected ($41.50)


PokerStars Hand #170288456890:  Hold'em Limit ($3/$6 USD) - 2017/05/11 18:19:15 ET
Table 'Nash' 6-max Seat #5 is the button
Seat 1: ABATAPP ($158.68 in chips)
Seat 5: edweirdodude ($122.46 in chips)
edweirdodude: posts small blind $1
ABATAPP: posts big blind $3
*** HOLE CARDS ***
edweirdodude: calls $2
ABATAPP: checks
*** FLOP *** [Tc Td 7s]
ABATAPP: bets $3
edweirdodude: calls $3
*** TURN *** [Tc Td 7s] [3s]
ABATAPP: bets $6
edweirdodude: calls $6
*** RIVER *** [Tc Td 7s 3s] [Kd]
ABATAPP: bets $6
edweirdodude: raises $6 to $12
ABATAPP: folds
Uncalled bet ($6) returned to edweirdodude
edweirdodude collected $35.50 from pot
edweirdodude: doesn't show hand
*** SUMMARY ***
Total pot $36 | Rake $0.50
Board [Tc Td 7s 3s Kd]
Seat 1: ABATAPP (big blind) folded on the River
Seat 5: edweirdodude (button) (small blind) collected ($35.50)


