PokerStars Hand #170293403053:  Hold'em Limit ($3/$6 USD) - 2017/05/11 20:35:41 ET
Table 'Nashira' 6-max Seat #4 is the button
Seat 4: rascal_319 ($88.10 in chips)
Seat 5: B_loJkl ($131.13 in chips)
rascal_319: posts small blind $1
B_loJkl: posts big blind $3
*** HOLE CARDS ***
rascal_319: folds
Uncalled bet ($2) returned to B_loJkl
B_loJkl collected $2 from pot
B_loJkl: doesn't show hand
*** SUMMARY ***
Total pot $2 | Rake $0
Seat 4: rascal_319 (button) (small blind) folded before Flop
Seat 5: B_loJkl (big blind) collected ($2)


PokerStars Hand #170293395692:  Hold'em Limit ($3/$6 USD) - 2017/05/11 20:35:25 ET
Table 'Nashira' 6-max Seat #5 is the button
Seat 4: rascal_319 ($91.10 in chips)
Seat 5: B_loJkl ($128.13 in chips)
B_loJkl: posts small blind $1
rascal_319: posts big blind $3
*** HOLE CARDS ***
B_loJkl: raises $3 to $6
rascal_319: folds
Uncalled bet ($3) returned to B_loJkl
B_loJkl collected $6 from pot
B_loJkl: doesn't show hand
*** SUMMARY ***
Total pot $6 | Rake $0
Seat 4: rascal_319 (big blind) folded before Flop
Seat 5: B_loJkl (button) (small blind) collected ($6)


PokerStars Hand #170293393208:  Hold'em Limit ($3/$6 USD) - 2017/05/11 20:35:20 ET
Table 'Nashira' 6-max Seat #4 is the button
Seat 4: rascal_319 ($92.10 in chips)
Seat 5: B_loJkl ($127.13 in chips)
rascal_319: posts small blind $1
B_loJkl: posts big blind $3
*** HOLE CARDS ***
rascal_319: folds
Uncalled bet ($2) returned to B_loJkl
B_loJkl collected $2 from pot
B_loJkl: doesn't show hand
*** SUMMARY ***
Total pot $2 | Rake $0
Seat 4: rascal_319 (button) (small blind) folded before Flop
Seat 5: B_loJkl (big blind) collected ($2)


PokerStars Hand #170293388418:  Hold'em Limit ($3/$6 USD) - 2017/05/11 20:35:10 ET
Table 'Nashira' 6-max Seat #5 is the button
Seat 4: rascal_319 ($95.10 in chips)
Seat 5: B_loJkl ($124.13 in chips)
B_loJkl: posts small blind $1
tttzzz: is sitting out
rascal_319: posts big blind $3
*** HOLE CARDS ***
B_loJkl: raises $3 to $6
rascal_319: folds
Uncalled bet ($3) returned to B_loJkl
B_loJkl collected $6 from pot
B_loJkl: doesn't show hand
tttzzz leaves the table
*** SUMMARY ***
Total pot $6 | Rake $0
Seat 4: rascal_319 (big blind) folded before Flop
Seat 5: B_loJkl (button) (small blind) collected ($6)


PokerStars Hand #170293412916:  Hold'em Limit ($3/$6 USD) - 2017/05/11 20:36:01 ET
Table 'Nashira' 6-max Seat #5 is the button
Seat 4: rascal_319 ($83.10 in chips)
Seat 5: B_loJkl ($136.13 in chips)
B_loJkl: posts small blind $1
rascal_319: posts big blind $3
*** HOLE CARDS ***
B_loJkl: raises $3 to $6
rascal_319: calls $3
*** FLOP *** [Ah Qs 9h]
rascal_319: checks
B_loJkl: bets $3
rascal_319: calls $3
*** TURN *** [Ah Qs 9h] [Td]
rascal_319: checks
andru1983 joins the table at seat #6
B_loJkl: checks
*** RIVER *** [Ah Qs 9h Td] [Ad]
rascal_319: bets $6
B_loJkl: folds
Uncalled bet ($6) returned to rascal_319
rascal_319 collected $17.64 from pot
rascal_319: doesn't show hand
*** SUMMARY ***
Total pot $18 | Rake $0.36
Board [Ah Qs 9h Td Ad]
Seat 4: rascal_319 (big blind) collected ($17.64)
Seat 5: B_loJkl (button) (small blind) folded on the River


PokerStars Hand #170293410793:  Hold'em Limit ($3/$6 USD) - 2017/05/11 20:35:57 ET
Table 'Nashira' 6-max Seat #4 is the button
Seat 4: rascal_319 ($84.10 in chips)
Seat 5: B_loJkl ($135.13 in chips)
rascal_319: posts small blind $1
B_loJkl: posts big blind $3
*** HOLE CARDS ***
rascal_319: folds
Uncalled bet ($2) returned to B_loJkl
B_loJkl collected $2 from pot
B_loJkl: doesn't show hand
*** SUMMARY ***
Total pot $2 | Rake $0
Seat 4: rascal_319 (button) (small blind) folded before Flop
Seat 5: B_loJkl (big blind) collected ($2)


PokerStars Hand #170293405101:  Hold'em Limit ($3/$6 USD) - 2017/05/11 20:35:45 ET
Table 'Nashira' 6-max Seat #5 is the button
Seat 4: rascal_319 ($87.10 in chips)
Seat 5: B_loJkl ($132.13 in chips)
B_loJkl: posts small blind $1
rascal_319: posts big blind $3
*** HOLE CARDS ***
B_loJkl: raises $3 to $6
rascal_319: folds
Uncalled bet ($3) returned to B_loJkl
B_loJkl collected $6 from pot
B_loJkl: doesn't show hand
*** SUMMARY ***
Total pot $6 | Rake $0
Seat 4: rascal_319 (big blind) folded before Flop
Seat 5: B_loJkl (button) (small blind) collected ($6)


PokerStars Hand #170293432977:  Hold'em Limit ($3/$6 USD) - 2017/05/11 20:36:44 ET
Table 'Nashira' 6-max Seat #4 is the button
Seat 4: rascal_319 ($91.74 in chips)
Seat 5: B_loJkl ($127.13 in chips)
rascal_319: posts small blind $1
B_loJkl: posts big blind $3
*** HOLE CARDS ***
rascal_319: folds
Uncalled bet ($2) returned to B_loJkl
B_loJkl collected $2 from pot
B_loJkl: doesn't show hand
*** SUMMARY ***
Total pot $2 | Rake $0
Seat 4: rascal_319 (button) (small blind) folded before Flop
Seat 5: B_loJkl (big blind) collected ($2)


PokerStars Hand #170293459785:  Hold'em Limit ($3/$6 USD) - 2017/05/11 20:37:41 ET
Table 'Nashira' 6-max Seat #4 is the button
Seat 4: rascal_319 ($87.74 in chips)
Seat 6: andru1983 ($119.90 in chips)
rascal_319: posts small blind $1
B_loJkl: is sitting out
andru1983: posts big blind $3
*** HOLE CARDS ***
B_loJkl leaves the table
rascal_319: folds
Uncalled bet ($2) returned to andru1983
andru1983 collected $2 from pot
andru1983: doesn't show hand
B_loJkl joins the table at seat #1
*** SUMMARY ***
Total pot $2 | Rake $0
Seat 4: rascal_319 (button) (small blind) folded before Flop
Seat 6: andru1983 (big blind) collected ($2)


PokerStars Hand #170295680539:  Hold'em Limit ($3/$6 USD) - 2017/05/11 22:05:10 ET
Table 'Nashira' 6-max Seat #4 is the button
Seat 4: rascal_319 ($145.24 in chips)
Seat 6: B_loJkl ($270.60 in chips)
rascal_319: posts small blind $1
B_loJkl: posts big blind $3
*** HOLE CARDS ***
rascal_319: raises $3 to $6
B_loJkl: calls $3
*** FLOP *** [Js 7c As]
B_loJkl: checks
rascal_319: bets $3
B_loJkl: calls $3
*** TURN *** [Js 7c As] [5h]
B_loJkl: checks
rascal_319: bets $6
B_loJkl: folds
Uncalled bet ($6) returned to rascal_319
rascal_319 collected $17.64 from pot
rascal_319: doesn't show hand
*** SUMMARY ***
Total pot $18 | Rake $0.36
Board [Js 7c As 5h]
Seat 4: rascal_319 (button) (small blind) collected ($17.64)
Seat 6: B_loJkl (big blind) folded on the Turn


PokerStars Hand #170295676649:  Hold'em Limit ($3/$6 USD) - 2017/05/11 22:05:00 ET
Table 'Nashira' 6-max Seat #6 is the button
Seat 4: rascal_319 ($144.24 in chips)
Seat 6: B_loJkl ($271.60 in chips)
B_loJkl: posts small blind $1
kiwi/mike: is sitting out
rascal_319: posts big blind $3
*** HOLE CARDS ***
kiwi/mike leaves the table
B_loJkl: folds
Uncalled bet ($2) returned to rascal_319
rascal_319 collected $2 from pot
rascal_319: doesn't show hand
*** SUMMARY ***
Total pot $2 | Rake $0
Seat 4: rascal_319 (big blind) collected ($2)
Seat 6: B_loJkl (button) (small blind) folded before Flop


