PokerStars Hand #170277650866:  Hold'em Limit ($3/$6 USD) - 2017/05/11 14:50:55 ET
Table 'Nashira' 6-max Seat #1 is the button
Seat 1: 111shimi111 ($75.45 in chips)
Seat 2: kolaz03 ($72 in chips)
111shimi111: posts small blind $1
kolaz03: posts big blind $3
*** HOLE CARDS ***
111shimi111: raises $3 to $6
kolaz03: calls $3
*** FLOP *** [5h 2c 4d]
kolaz03: checks
111shimi111: bets $3
kolaz03: raises $3 to $6
111shimi111: calls $3
*** TURN *** [5h 2c 4d] [Jd]
kolaz03: bets $6
111shimi111: calls $6
*** RIVER *** [5h 2c 4d Jd] [6s]
kolaz03: bets $6
111shimi111: calls $6
*** SHOW DOWN ***
kolaz03: shows [9c 2s] (a pair of Deuces)
111shimi111: shows [4s Td] (a pair of Fours)
manly70 joins the table at seat #6
111shimi111 collected $47.50 from pot
*** SUMMARY ***
Total pot $48 | Rake $0.50
Board [5h 2c 4d Jd 6s]
Seat 1: 111shimi111 (button) (small blind) showed [4s Td] and won ($47.50) with a pair of Fours
Seat 2: kolaz03 (big blind) showed [9c 2s] and lost with a pair of Deuces


PokerStars Hand #170283326257:  Hold'em Limit ($3/$6 USD) - 2017/05/11 16:36:01 ET
Table 'Nashira' 6-max Seat #2 is the button
Seat 2: sydd7 ($316.80 in chips)
Seat 5: TinaTurner72 ($113.66 in chips)
sydd7: posts small blind $1
AKADoDoubleG: is sitting out
TinaTurner72: posts big blind $3
*** HOLE CARDS ***
sydd7: folds
Uncalled bet ($2) returned to TinaTurner72
TinaTurner72 collected $2 from pot
TinaTurner72: doesn't show hand
*** SUMMARY ***
Total pot $2 | Rake $0
Seat 2: sydd7 (button) (small blind) folded before Flop
Seat 5: TinaTurner72 (big blind) collected ($2)


PokerStars Hand #170283347640:  Hold'em Limit ($3/$6 USD) - 2017/05/11 16:36:20 ET
Table 'Nashira' 6-max Seat #2 is the button
Seat 2: sydd7 ($316.80 in chips)
Seat 5: TinaTurner72 ($113.66 in chips)
sydd7: posts small blind $1
TinaTurner72: posts big blind $3
*** HOLE CARDS ***
sydd7: raises $3 to $6
TinaTurner72: calls $3
*** FLOP *** [2d 8s Ad]
TinaTurner72: checks
sydd7: bets $3
TinaTurner72: folds
Uncalled bet ($3) returned to sydd7
sydd7 collected $11.76 from pot
*** SUMMARY ***
Total pot $12 | Rake $0.24
Board [2d 8s Ad]
Seat 2: sydd7 (button) (small blind) collected ($11.76)
Seat 5: TinaTurner72 (big blind) folded on the Flop


PokerStars Hand #170283416981:  Hold'em Limit ($3/$6 USD) - 2017/05/11 16:37:38 ET
Table 'Nashira' 6-max Seat #3 is the button
Seat 3: sydd7 ($134 in chips)
Seat 5: TinaTurner72 ($128.16 in chips)
sydd7: posts small blind $1
TinaTurner72: posts big blind $3
*** HOLE CARDS ***
sydd7: folds
Uncalled bet ($2) returned to TinaTurner72
TinaTurner72 collected $2 from pot
TinaTurner72: doesn't show hand
*** SUMMARY ***
Total pot $2 | Rake $0
Seat 3: sydd7 (button) (small blind) folded before Flop
Seat 5: TinaTurner72 (big blind) collected ($2)


PokerStars Hand #170283420951:  Hold'em Limit ($3/$6 USD) - 2017/05/11 16:37:42 ET
Table 'Nashira' 6-max Seat #5 is the button
Seat 3: sydd7 ($133 in chips)
Seat 5: TinaTurner72 ($129.16 in chips)
TinaTurner72: posts small blind $1
sydd7: posts big blind $3
*** HOLE CARDS ***
TinaTurner72: raises $3 to $6
sydd7: calls $3
*** FLOP *** [Tc 5h 4d]
sydd7: bets $3
TinaTurner72: calls $3
*** TURN *** [Tc 5h 4d] [3h]
sydd7: bets $6
TinaTurner72: calls $6
*** RIVER *** [Tc 5h 4d 3h] [6d]
sydd7: bets $6
TinaTurner72: folds
Uncalled bet ($6) returned to sydd7
sydd7 collected $29.50 from pot
*** SUMMARY ***
Total pot $30 | Rake $0.50
Board [Tc 5h 4d 3h 6d]
Seat 3: sydd7 (big blind) collected ($29.50)
Seat 5: TinaTurner72 (button) (small blind) folded on the River


PokerStars Hand #170283396346:  Hold'em Limit ($3/$6 USD) - 2017/05/11 16:37:15 ET
Table 'Nashira' 6-max Seat #5 is the button
Seat 3: sydd7 ($155 in chips)
Seat 5: TinaTurner72 ($107.66 in chips)
TinaTurner72: posts small blind $1
sydd7: posts big blind $3
*** HOLE CARDS ***
TinaTurner72: raises $3 to $6
sydd7: calls $3
*** FLOP *** [Ad Jc Ts]
sydd7: checks
TinaTurner72: bets $3
sydd7: calls $3
*** TURN *** [Ad Jc Ts] [3s]
sydd7: checks
TinaTurner72: bets $6
sydd7: calls $6
*** RIVER *** [Ad Jc Ts 3s] [4c]
sydd7: checks
TinaTurner72: bets $6
sydd7: calls $6
*** SHOW DOWN ***
TinaTurner72: shows [Ac 8h] (a pair of Aces)
sydd7: mucks hand
TinaTurner72 collected $41.50 from pot
*** SUMMARY ***
Total pot $42 | Rake $0.50
Board [Ad Jc Ts 3s 4c]
Seat 3: sydd7 (big blind) mucked
Seat 5: TinaTurner72 (button) (small blind) showed [Ac 8h] and won ($41.50) with a pair of Aces


PokerStars Hand #170283435207:  Hold'em Limit ($3/$6 USD) - 2017/05/11 16:37:59 ET
Table 'Nashira' 6-max Seat #3 is the button
Seat 3: sydd7 ($147.50 in chips)
Seat 5: TinaTurner72 ($114.16 in chips)
sydd7: posts small blind $1
TinaTurner72: posts big blind $3
*** HOLE CARDS ***
sydd7: calls $2
TinaTurner72: raises $3 to $6
sydd7: calls $3
*** FLOP *** [2s 2d As]
TinaTurner72: bets $3
sydd7: calls $3
*** TURN *** [2s 2d As] [4h]
TinaTurner72: bets $6
sydd7: calls $6
*** RIVER *** [2s 2d As 4h] [7s]
TinaTurner72: bets $6
sydd7: calls $6
*** SHOW DOWN ***
TinaTurner72: shows [Jc Ah] (two pair, Aces and Deuces)
sydd7: mucks hand
TinaTurner72 collected $41.50 from pot
*** SUMMARY ***
Total pot $42 | Rake $0.50
Board [2s 2d As 4h 7s]
Seat 3: sydd7 (button) (small blind) mucked
Seat 5: TinaTurner72 (big blind) showed [Jc Ah] and won ($41.50) with two pair, Aces and Deuces


PokerStars Hand #170287192819:  Hold'em Limit ($3/$6 USD) - 2017/05/11 17:51:22 ET
Table 'Nashira' 6-max Seat #2 is the button
Seat 1: B_loJkl ($264.55 in chips)
Seat 2: dobber888 ($144.12 in chips)
dobber888: posts small blind $1
B_loJkl: posts big blind $3
*** HOLE CARDS ***
dobber888: folds
Uncalled bet ($2) returned to B_loJkl
dobber888 leaves the table
B_loJkl collected $2 from pot
B_loJkl: doesn't show hand
*** SUMMARY ***
Total pot $2 | Rake $0
Seat 1: B_loJkl (big blind) collected ($2)
Seat 2: dobber888 (button) (small blind) folded before Flop


PokerStars Hand #170287676651:  Hold'em Limit ($3/$6 USD) - 2017/05/11 18:02:34 ET
Table 'Nashira' 6-max Seat #1 is the button
Seat 1: B_loJkl ($265.55 in chips)
Seat 6: rammerjr ($177.22 in chips)
B_loJkl: posts small blind $1
rammerjr: posts big blind $3
*** HOLE CARDS ***
B_loJkl: raises $3 to $6
rammerjr: calls $3
*** FLOP *** [6h 9h 5c]
rammerjr: checks
B_loJkl: bets $3
rammerjr: calls $3
*** TURN *** [6h 9h 5c] [Ad]
rammerjr: checks
B_loJkl: bets $6
rammerjr: calls $6
*** RIVER *** [6h 9h 5c Ad] [Kc]
rammerjr: checks
B_loJkl: checks
*** SHOW DOWN ***
rammerjr: shows [9s 7h] (a pair of Nines)
B_loJkl: mucks hand
rammerjr collected $29.50 from pot
*** SUMMARY ***
Total pot $30 | Rake $0.50
Board [6h 9h 5c Ad Kc]
Seat 1: B_loJkl (button) (small blind) mucked
Seat 6: rammerjr (big blind) showed [9s 7h] and won ($29.50) with a pair of Nines


PokerStars Hand #170287672926:  Hold'em Limit ($3/$6 USD) - 2017/05/11 18:02:29 ET
Table 'Nashira' 6-max Seat #6 is the button
Seat 1: B_loJkl ($264.55 in chips)
Seat 6: rammerjr ($178.22 in chips)
rammerjr: posts small blind $1
B_loJkl: posts big blind $3
*** HOLE CARDS ***
rammerjr: folds
Uncalled bet ($2) returned to B_loJkl
B_loJkl collected $2 from pot
B_loJkl: doesn't show hand
*** SUMMARY ***
Total pot $2 | Rake $0
Seat 1: B_loJkl (big blind) collected ($2)
Seat 6: rammerjr (button) (small blind) folded before Flop


PokerStars Hand #170287662061:  Hold'em Limit ($3/$6 USD) - 2017/05/11 18:02:14 ET
Table 'Nashira' 6-max Seat #1 is the button
Seat 1: B_loJkl ($265.55 in chips)
Seat 6: rammerjr ($177.22 in chips)
B_loJkl: posts small blind $1
rammerjr: posts big blind $3
*** HOLE CARDS ***
B_loJkl: folds
Uncalled bet ($2) returned to rammerjr
rammerjr collected $2 from pot
rammerjr: doesn't show hand
*** SUMMARY ***
Total pot $2 | Rake $0
Seat 1: B_loJkl (button) (small blind) folded before Flop
Seat 6: rammerjr (big blind) collected ($2)


PokerStars Hand #170287706836:  Hold'em Limit ($3/$6 USD) - 2017/05/11 18:03:12 ET
Table 'Nashira' 6-max Seat #6 is the button
Seat 1: B_loJkl ($250.55 in chips)
Seat 6: rammerjr ($191.72 in chips)
rammerjr: posts small blind $1
B_loJkl: posts big blind $3
*** HOLE CARDS ***
rammerjr: raises $3 to $6
B_loJkl: calls $3
*** FLOP *** [7c 8d Qc]
B_loJkl: checks
rammerjr: bets $3
B_loJkl: calls $3
*** TURN *** [7c 8d Qc] [As]
B_loJkl: checks
rammerjr: bets $6
supbro21 joins the table at seat #2
B_loJkl: calls $6
*** RIVER *** [7c 8d Qc As] [Kh]
B_loJkl: checks
rammerjr: checks
*** SHOW DOWN ***
B_loJkl: shows [Ks Ts] (a pair of Kings)
rammerjr: mucks hand
B_loJkl collected $29.50 from pot
*** SUMMARY ***
Total pot $30 | Rake $0.50
Board [7c 8d Qc As Kh]
Seat 1: B_loJkl (big blind) showed [Ks Ts] and won ($29.50) with a pair of Kings
Seat 6: rammerjr (button) (small blind) mucked


PokerStars Hand #170287856976:  Hold'em Limit ($3/$6 USD) - 2017/05/11 18:06:24 ET
Table 'Nashira' 6-max Seat #6 is the button
Seat 1: B_loJkl ($289.40 in chips)
Seat 6: rammerjr ($192.28 in chips)
Actionni13 will be allowed to play after the button
rammerjr: posts small blind $1
B_loJkl: posts big blind $3
*** HOLE CARDS ***
rammerjr: raises $3 to $6
Allegro75 leaves the table
B_loJkl: calls $3
*** FLOP *** [Ac As Qc]
B_loJkl: checks
rammerjr: bets $3
B_loJkl: folds
Uncalled bet ($3) returned to rammerjr
rammerjr collected $11.76 from pot
rammerjr: doesn't show hand
*** SUMMARY ***
Total pot $12 | Rake $0.24
Board [Ac As Qc]
Seat 1: B_loJkl (big blind) folded on the Flop
Seat 6: rammerjr (button) (small blind) collected ($11.76)


PokerStars Hand #170290546853:  Hold'em Limit ($3/$6 USD) - 2017/05/11 19:09:28 ET
Table 'Nashira' 6-max Seat #5 is the button
Seat 4: kosmos1998 ($211.97 in chips)
Seat 5: Zubasa07 ($297 in chips)
Zubasa07: posts small blind $1
B_loJkl: is sitting out
kosmos1998: posts big blind $3
*** HOLE CARDS ***
Zubasa07: raises $3 to $6
kosmos1998: calls $3
*** FLOP *** [3d 9h Qs]
kosmos1998: checks
B_loJkl leaves the table
Zubasa07: bets $3
B_loJkl joins the table at seat #6
kosmos1998: calls $3
*** TURN *** [3d 9h Qs] [9c]
kosmos1998: bets $6
Zubasa07: raises $6 to $12
kosmos1998: folds
Uncalled bet ($6) returned to Zubasa07
Zubasa07 collected $29.50 from pot
Zubasa07: doesn't show hand
*** SUMMARY ***
Total pot $30 | Rake $0.50
Board [3d 9h Qs 9c]
Seat 4: kosmos1998 (big blind) folded on the Turn
Seat 5: Zubasa07 (button) (small blind) collected ($29.50)


PokerStars Hand #170290570277:  Hold'em Limit ($3/$6 USD) - 2017/05/11 19:10:03 ET
Table 'Nashira' 6-max Seat #4 is the button
Seat 4: kosmos1998 ($196.97 in chips)
Seat 5: Zubasa07 ($311.50 in chips)
kosmos1998: posts small blind $1
Zubasa07: posts big blind $3
*** HOLE CARDS ***
kosmos1998: folds
Uncalled bet ($2) returned to Zubasa07
Zubasa07 collected $2 from pot
Zubasa07: doesn't show hand
*** SUMMARY ***
Total pot $2 | Rake $0
Seat 4: kosmos1998 (button) (small blind) folded before Flop
Seat 5: Zubasa07 (big blind) collected ($2)


