PokerStars Hand #146134194383:  Hold'em Limit ($3/$6 USD) - 2015/12/29 16:25:33 ET
Table 'Nasl II' 6-max Seat #2 is the button
Seat 2: Philly0813 ($58.58 in chips)
Seat 6: scorpio04 ($76.43 in chips)
Philly0813: posts small blind $1
scorpio04: posts big blind $3
*** HOLE CARDS ***
Philly0813: raises $3 to $6
scorpio04: raises $3 to $9
Philly0813: calls $3
*** FLOP *** [9d Qc 7s]
PelonCabelao leaves the table
scorpio04: bets $3
Philly0813: calls $3
*** TURN *** [9d Qc 7s] [9c]
gracetime joins the table at seat #1
scorpio04: bets $6
Philly0813: calls $6
*** RIVER *** [9d Qc 7s 9c] [Jd]
scorpio04: bets $6
Philly0813: calls $6
*** SHOW DOWN ***
scorpio04: shows [Jh Ts] (two pair, Jacks and Nines)
Philly0813: shows [Qs 5c] (two pair, Queens and Nines)
Philly0813 collected $47.50 from pot
*** SUMMARY ***
Total pot $48 | Rake $0.50
Board [9d Qc 7s 9c Jd]
Seat 2: Philly0813 (button) (small blind) showed [Qs 5c] and won ($47.50) with two pair, Queens and Nines
Seat 6: scorpio04 (big blind) showed [Jh Ts] and lost with two pair, Jacks and Nines


