PokerStars Hand #150902592001:  Hold'em Limit ($3/$6 USD) - 2016/03/25 10:05:47 ET
Table 'Nasl' 6-max Seat #2 is the button
Seat 1: nedo1414 ($112 in chips)
Seat 2: B_loJkl ($157.64 in chips)
B_loJkl: posts small blind $1
nedo1414: posts big blind $3
*** HOLE CARDS ***
B_loJkl: raises $3 to $6
nedo1414: raises $3 to $9
B_loJkl: calls $3
*** FLOP *** [4d Kd Kc]
nedo1414: bets $3
B_loJkl: calls $3
*** TURN *** [4d Kd Kc] [As]
nedo1414: checks
B_loJkl: bets $6
nedo1414: calls $6
*** RIVER *** [4d Kd Kc As] [Jc]
nedo1414: checks
B_loJkl: bets $6
nedo1414: calls $6
*** SHOW DOWN ***
B_loJkl: shows [Kh 2d] (three of a kind, Kings)
nedo1414: mucks hand
B_loJkl collected $47.50 from pot
*** SUMMARY ***
Total pot $48 | Rake $0.50
Board [4d Kd Kc As Jc]
Seat 1: nedo1414 (big blind) mucked
Seat 2: B_loJkl (button) (small blind) showed [Kh 2d] and won ($47.50) with three of a kind, Kings


PokerStars Hand #150902583415:  Hold'em Limit ($3/$6 USD) - 2016/03/25 10:05:35 ET
Table 'Nasl' 6-max Seat #1 is the button
Seat 1: nedo1414 ($121 in chips)
Seat 2: B_loJkl ($149 in chips)
nedo1414: posts small blind $1
B_loJkl: posts big blind $3
*** HOLE CARDS ***
nedo1414: raises $3 to $6
B_loJkl: raises $3 to $9
nedo1414: calls $3
*** FLOP *** [Qh 3d 5d]
B_loJkl: bets $3
nedo1414: folds
Uncalled bet ($3) returned to B_loJkl
B_loJkl collected $17.64 from pot
B_loJkl: doesn't show hand
*** SUMMARY ***
Total pot $18 | Rake $0.36
Board [Qh 3d 5d]
Seat 1: nedo1414 (button) (small blind) folded on the Flop
Seat 2: B_loJkl (big blind) collected ($17.64)


PokerStars Hand #150902610184:  Hold'em Limit ($3/$6 USD) - 2016/03/25 10:06:13 ET
Table 'Nasl' 6-max Seat #1 is the button
Seat 1: nedo1414 ($88 in chips)
Seat 2: B_loJkl ($181.14 in chips)
nedo1414: posts small blind $1
B_loJkl: posts big blind $3
*** HOLE CARDS ***
nedo1414: raises $3 to $6
B_loJkl: calls $3
*** FLOP *** [8d 4c 8c]
Agrotait leaves the table
B_loJkl: checks
nedo1414: bets $3
B_loJkl: calls $3
*** TURN *** [8d 4c 8c] [2d]
B_loJkl: checks
nedo1414: bets $6
B_loJkl: folds
Uncalled bet ($6) returned to nedo1414
nedo1414 collected $17.64 from pot
nedo1414: doesn't show hand
*** SUMMARY ***
Total pot $18 | Rake $0.36
Board [8d 4c 8c 2d]
Seat 1: nedo1414 (button) (small blind) collected ($17.64)
Seat 2: B_loJkl (big blind) folded on the Turn


PokerStars Hand #150902670309:  Hold'em Limit ($3/$6 USD) - 2016/03/25 10:07:39 ET
Table 'Nasl' 6-max Seat #2 is the button
Seat 1: nedo1414 ($93.28 in chips)
Seat 2: B_loJkl ($174.66 in chips)
B_loJkl: posts small blind $1
nedo1414: posts big blind $3
*** HOLE CARDS ***
B_loJkl: raises $3 to $6
nedo1414: calls $3
*** FLOP *** [7c Qs Js]
nedo1414: checks
B_loJkl: bets $3
nedo1414: calls $3
*** TURN *** [7c Qs Js] [9h]
nedo1414: checks
B_loJkl: checks
*** RIVER *** [7c Qs Js 9h] [As]
nedo1414: checks
B_loJkl: checks
*** SHOW DOWN ***
nedo1414: shows [Td Jh] (a pair of Jacks)
B_loJkl: mucks hand
nedo1414 collected $17.64 from pot
*** SUMMARY ***
Total pot $18 | Rake $0.36
Board [7c Qs Js 9h As]
Seat 1: nedo1414 (big blind) showed [Td Jh] and won ($17.64) with a pair of Jacks
Seat 2: B_loJkl (button) (small blind) mucked


PokerStars Hand #150902654939:  Hold'em Limit ($3/$6 USD) - 2016/03/25 10:07:17 ET
Table 'Nasl' 6-max Seat #1 is the button
Seat 1: nedo1414 ($105.28 in chips)
Seat 2: B_loJkl ($163.14 in chips)
nedo1414: posts small blind $1
B_loJkl: posts big blind $3
*** HOLE CARDS ***
nedo1414: raises $3 to $6
B_loJkl: calls $3
*** FLOP *** [5h 7h Jc]
B_loJkl: checks
nedo1414: bets $3
B_loJkl: raises $3 to $6
nedo1414: calls $3
*** TURN *** [5h 7h Jc] [7d]
B_loJkl: bets $6
nedo1414: folds
Uncalled bet ($6) returned to B_loJkl
B_loJkl collected $23.52 from pot
B_loJkl: doesn't show hand
*** SUMMARY ***
Total pot $24 | Rake $0.48
Board [5h 7h Jc 7d]
Seat 1: nedo1414 (button) (small blind) folded on the Turn
Seat 2: B_loJkl (big blind) collected ($23.52)


PokerStars Hand #150902624878:  Hold'em Limit ($3/$6 USD) - 2016/03/25 10:06:34 ET
Table 'Nasl' 6-max Seat #2 is the button
Seat 1: nedo1414 ($96.64 in chips)
Seat 2: B_loJkl ($172.14 in chips)
B_loJkl: posts small blind $1
nedo1414: posts big blind $3
*** HOLE CARDS ***
B_loJkl: raises $3 to $6
nedo1414: calls $3
*** FLOP *** [Ad 3d 7s]
nedo1414: checks
B_loJkl: bets $3
nedo1414: calls $3
*** TURN *** [Ad 3d 7s] [4d]
nedo1414: checks
B_loJkl: checks
*** RIVER *** [Ad 3d 7s 4d] [6h]
nedo1414: bets $6
B_loJkl: folds
Uncalled bet ($6) returned to nedo1414
nedo1414 collected $17.64 from pot
nedo1414: doesn't show hand
*** SUMMARY ***
Total pot $18 | Rake $0.36
Board [Ad 3d 7s 4d 6h]
Seat 1: nedo1414 (big blind) collected ($17.64)
Seat 2: B_loJkl (button) (small blind) folded on the River


PokerStars Hand #150902732249:  Hold'em Limit ($3/$6 USD) - 2016/03/25 10:09:07 ET
Table 'Nasl' 6-max Seat #2 is the button
Seat 1: nedo1414 ($114.42 in chips)
Seat 2: B_loJkl ($152.42 in chips)
B_loJkl: posts small blind $1
nedo1414: posts big blind $3
*** HOLE CARDS ***
B_loJkl: raises $3 to $6
nedo1414: folds
Uncalled bet ($3) returned to B_loJkl
B_loJkl collected $6 from pot
B_loJkl: doesn't show hand
*** SUMMARY ***
Total pot $6 | Rake $0
Seat 1: nedo1414 (big blind) folded before Flop
Seat 2: B_loJkl (button) (small blind) collected ($6)


PokerStars Hand #150902720309:  Hold'em Limit ($3/$6 USD) - 2016/03/25 10:08:50 ET
Table 'Nasl' 6-max Seat #1 is the button
Seat 1: nedo1414 ($120.42 in chips)
Seat 2: B_loJkl ($146.66 in chips)
nedo1414: posts small blind $1
B_loJkl: posts big blind $3
*** HOLE CARDS ***
nedo1414: raises $3 to $6
B_loJkl: calls $3
*** FLOP *** [Qs 7d Qh]
B_loJkl: checks
nedo1414: checks
*** TURN *** [Qs 7d Qh] [9d]
B_loJkl: bets $6
nedo1414: folds
Uncalled bet ($6) returned to B_loJkl
B_loJkl collected $11.76 from pot
B_loJkl: doesn't show hand
*** SUMMARY ***
Total pot $12 | Rake $0.24
Board [Qs 7d Qh 9d]
Seat 1: nedo1414 (button) (small blind) folded on the Turn
Seat 2: B_loJkl (big blind) collected ($11.76)


PokerStars Hand #150902715954:  Hold'em Limit ($3/$6 USD) - 2016/03/25 10:08:44 ET
Table 'Nasl' 6-max Seat #2 is the button
Seat 1: nedo1414 ($119.42 in chips)
Seat 2: B_loJkl ($147.66 in chips)
B_loJkl: posts small blind $1
nedo1414: posts big blind $3
*** HOLE CARDS ***
B_loJkl: folds
Uncalled bet ($2) returned to nedo1414
nedo1414 collected $2 from pot
nedo1414: doesn't show hand
*** SUMMARY ***
Total pot $2 | Rake $0
Seat 1: nedo1414 (big blind) collected ($2)
Seat 2: B_loJkl (button) (small blind) folded before Flop


PokerStars Hand #150902685808:  Hold'em Limit ($3/$6 USD) - 2016/03/25 10:08:01 ET
Table 'Nasl' 6-max Seat #1 is the button
Seat 1: nedo1414 ($101.92 in chips)
Seat 2: B_loJkl ($165.66 in chips)
nedo1414: posts small blind $1
B_loJkl: posts big blind $3
*** HOLE CARDS ***
nedo1414: raises $3 to $6
B_loJkl: calls $3
*** FLOP *** [5h 7c Qs]
B_loJkl: checks
nedo1414: checks
*** TURN *** [5h 7c Qs] [As]
B_loJkl: bets $6
nedo1414: calls $6
*** RIVER *** [5h 7c Qs As] [2h]
B_loJkl: checks
nedo1414: bets $6
B_loJkl: calls $6
*** SHOW DOWN ***
nedo1414: shows [Ah 3h] (a pair of Aces)
B_loJkl: mucks hand
nedo1414 collected $35.50 from pot
*** SUMMARY ***
Total pot $36 | Rake $0.50
Board [5h 7c Qs As 2h]
Seat 1: nedo1414 (button) (small blind) showed [Ah 3h] and won ($35.50) with a pair of Aces
Seat 2: B_loJkl (big blind) mucked


PokerStars Hand #150902740466:  Hold'em Limit ($3/$6 USD) - 2016/03/25 10:09:18 ET
Table 'Nasl' 6-max Seat #2 is the button
Seat 1: nedo1414 ($114.42 in chips)
Seat 2: B_loJkl ($152.42 in chips)
B_loJkl: posts small blind $1
nedo1414: posts big blind $3
*** HOLE CARDS ***
B_loJkl: raises $3 to $6
nedo1414: calls $3
*** FLOP *** [4d 3h 9h]
nedo1414: checks
B_loJkl: bets $3
nedo1414: calls $3
*** TURN *** [4d 3h 9h] [7c]
nedo1414: checks
B_loJkl: checks
*** RIVER *** [4d 3h 9h 7c] [Td]
nedo1414: bets $6
B_loJkl: raises $6 to $12
nedo1414: calls $6
*** SHOW DOWN ***
B_loJkl: shows [Qs Ts] (a pair of Tens)
nedo1414: mucks hand
B_loJkl collected $41.50 from pot
*** SUMMARY ***
Total pot $42 | Rake $0.50
Board [4d 3h 9h 7c Td]
Seat 1: nedo1414 (big blind) mucked
Seat 2: B_loJkl (button) (small blind) showed [Qs Ts] and won ($41.50) with a pair of Tens


PokerStars Hand #150902736217:  Hold'em Limit ($3/$6 USD) - 2016/03/25 10:09:12 ET
Table 'Nasl' 6-max Seat #1 is the button
Seat 1: nedo1414 ($111.42 in chips)
Seat 2: B_loJkl ($155.42 in chips)
nedo1414: posts small blind $1
B_loJkl: posts big blind $3
*** HOLE CARDS ***
nedo1414: raises $3 to $6
B_loJkl: folds
Uncalled bet ($3) returned to nedo1414
nedo1414 collected $6 from pot
nedo1414: doesn't show hand
*** SUMMARY ***
Total pot $6 | Rake $0
Seat 1: nedo1414 (button) (small blind) collected ($6)
Seat 2: B_loJkl (big blind) folded before Flop


PokerStars Hand #150902793710:  Hold'em Limit ($3/$6 USD) - 2016/03/25 10:10:34 ET
Table 'Nasl' 6-max Seat #2 is the button
Seat 1: nedo1414 ($58.42 in chips)
Seat 2: B_loJkl ($207.42 in chips)
B_loJkl: posts small blind $1
nedo1414: posts big blind $3
*** HOLE CARDS ***
B_loJkl: raises $3 to $6
nedo1414: raises $3 to $9
B_loJkl: calls $3
*** FLOP *** [Qh 6h 7h]
nedo1414: bets $3
B_loJkl: calls $3
*** TURN *** [Qh 6h 7h] [2h]
nedo1414: bets $6
B_loJkl: raises $6 to $12
nedo1414: raises $6 to $18
B_loJkl: raises $6 to $24
Betting is capped
nedo1414: calls $6
*** RIVER *** [Qh 6h 7h 2h] [4h]
nedo1414: checks
B_loJkl: bets $6
nedo1414: calls $6
*** SHOW DOWN ***
B_loJkl: shows [Ts Ah] (a flush, Ace high)
nedo1414: mucks hand
B_loJkl collected $83.50 from pot
*** SUMMARY ***
Total pot $84 | Rake $0.50
Board [Qh 6h 7h 2h 4h]
Seat 1: nedo1414 (big blind) mucked
Seat 2: B_loJkl (button) (small blind) showed [Ts Ah] and won ($83.50) with a flush, Ace high


PokerStars Hand #150902789491:  Hold'em Limit ($3/$6 USD) - 2016/03/25 10:10:28 ET
Table 'Nasl' 6-max Seat #1 is the button
Seat 1: nedo1414 ($55.42 in chips)
Seat 2: B_loJkl ($210.42 in chips)
nedo1414: posts small blind $1
B_loJkl: posts big blind $3
*** HOLE CARDS ***
nedo1414: raises $3 to $6
B_loJkl: folds
Uncalled bet ($3) returned to nedo1414
nedo1414 collected $6 from pot
nedo1414: doesn't show hand
*** SUMMARY ***
Total pot $6 | Rake $0
Seat 1: nedo1414 (button) (small blind) collected ($6)
Seat 2: B_loJkl (big blind) folded before Flop


PokerStars Hand #150902782688:  Hold'em Limit ($3/$6 USD) - 2016/03/25 10:10:18 ET
Table 'Nasl' 6-max Seat #2 is the button
Seat 1: nedo1414 ($54.42 in chips)
Seat 2: B_loJkl ($211.42 in chips)
B_loJkl: posts small blind $1
nedo1414: posts big blind $3
*** HOLE CARDS ***
B_loJkl: folds
Uncalled bet ($2) returned to nedo1414
nedo1414 collected $2 from pot
nedo1414: doesn't show hand
*** SUMMARY ***
Total pot $2 | Rake $0
Seat 1: nedo1414 (big blind) collected ($2)
Seat 2: B_loJkl (button) (small blind) folded before Flop


PokerStars Hand #150902758203:  Hold'em Limit ($3/$6 USD) - 2016/03/25 10:09:44 ET
Table 'Nasl' 6-max Seat #1 is the button
Seat 1: nedo1414 ($93.42 in chips)
Seat 2: B_loJkl ($172.92 in chips)
nedo1414: posts small blind $1
B_loJkl: posts big blind $3
*** HOLE CARDS ***
nedo1414: raises $3 to $6
B_loJkl: calls $3
*** FLOP *** [Ad 5d 2c]
B_loJkl: checks
nedo1414: bets $3
B_loJkl: calls $3
*** TURN *** [Ad 5d 2c] [Kh]
B_loJkl: checks
nedo1414: bets $6
B_loJkl: calls $6
*** RIVER *** [Ad 5d 2c Kh] [Jd]
B_loJkl: checks
nedo1414: bets $6
B_loJkl: raises $6 to $12
nedo1414: raises $6 to $18
B_loJkl: raises $6 to $24
Betting is capped
nedo1414: calls $6
*** SHOW DOWN ***
B_loJkl: shows [7d Qd] (a flush, Ace high)
nedo1414: mucks hand
B_loJkl collected $77.50 from pot
*** SUMMARY ***
Total pot $78 | Rake $0.50
Board [Ad 5d 2c Kh Jd]
Seat 1: nedo1414 (button) (small blind) mucked
Seat 2: B_loJkl (big blind) showed [7d Qd] and won ($77.50) with a flush, Ace high


PokerStars Hand #150902839779:  Hold'em Limit ($3/$6 USD) - 2016/03/25 10:11:41 ET
Table 'Nasl' 6-max Seat #2 is the button
Seat 1: nedo1414 ($89.94 in chips)
Seat 2: B_loJkl ($234.92 in chips)
B_loJkl: posts small blind $1
nedo1414: posts big blind $3
*** HOLE CARDS ***
B_loJkl: raises $3 to $6
nedo1414: calls $3
*** FLOP *** [Th Td 5d]
nedo1414: checks
B_loJkl: bets $3
nedo1414: folds
Uncalled bet ($3) returned to B_loJkl
B_loJkl collected $11.76 from pot
B_loJkl: doesn't show hand
*** SUMMARY ***
Total pot $12 | Rake $0.24
Board [Th Td 5d]
Seat 1: nedo1414 (big blind) folded on the Flop
Seat 2: B_loJkl (button) (small blind) collected ($11.76)


PokerStars Hand #150902836506:  Hold'em Limit ($3/$6 USD) - 2016/03/25 10:11:36 ET
Table 'Nasl' 6-max Seat #1 is the button
Seat 1: nedo1414 ($90.94 in chips)
Seat 2: B_loJkl ($233.92 in chips)
nedo1414: posts small blind $1
B_loJkl: posts big blind $3
*** HOLE CARDS ***
nedo1414: folds
Uncalled bet ($2) returned to B_loJkl
B_loJkl collected $2 from pot
B_loJkl: doesn't show hand
*** SUMMARY ***
Total pot $2 | Rake $0
Seat 1: nedo1414 (button) (small blind) folded before Flop
Seat 2: B_loJkl (big blind) collected ($2)


PokerStars Hand #150902826055:  Hold'em Limit ($3/$6 USD) - 2016/03/25 10:11:21 ET
Table 'Nasl' 6-max Seat #2 is the button
Seat 1: nedo1414 ($79.42 in chips)
Seat 2: B_loJkl ($245.92 in chips)
B_loJkl: posts small blind $1
nedo1414: posts big blind $3
*** HOLE CARDS ***
B_loJkl: raises $3 to $6
nedo1414: raises $3 to $9
B_loJkl: calls $3
*** FLOP *** [7c 3h Tc]
nedo1414: bets $3
B_loJkl: calls $3
*** TURN *** [7c 3h Tc] [6c]
nedo1414: bets $6
B_loJkl: folds
Uncalled bet ($6) returned to nedo1414
nedo1414 collected $23.52 from pot
nedo1414: doesn't show hand
*** SUMMARY ***
Total pot $24 | Rake $0.48
Board [7c 3h Tc 6c]
Seat 1: nedo1414 (big blind) collected ($23.52)
Seat 2: B_loJkl (button) (small blind) folded on the Turn


PokerStars Hand #150902815172:  Hold'em Limit ($3/$6 USD) - 2016/03/25 10:11:05 ET
Table 'Nasl' 6-max Seat #1 is the button
Seat 1: nedo1414 ($16.42 in chips)
Seat 2: B_loJkl ($248.92 in chips)
nedo1414: posts small blind $1
B_loJkl: posts big blind $3
*** HOLE CARDS ***
nedo1414: raises $3 to $6
B_loJkl: folds
Uncalled bet ($3) returned to nedo1414
nedo1414 collected $6 from pot
nedo1414: doesn't show hand
*** SUMMARY ***
Total pot $6 | Rake $0
Seat 1: nedo1414 (button) (small blind) collected ($6)
Seat 2: B_loJkl (big blind) folded before Flop


PokerStars Hand #150902882069:  Hold'em Limit ($3/$6 USD) - 2016/03/25 10:12:41 ET
Table 'Nasl' 6-max Seat #2 is the button
Seat 1: nedo1414 ($70.58 in chips)
Seat 2: B_loJkl ($253.18 in chips)
B_loJkl: posts small blind $1
nedo1414: posts big blind $3
*** HOLE CARDS ***
B_loJkl: raises $3 to $6
nedo1414: calls $3
*** FLOP *** [6d 2h 2d]
nedo1414: checks
B_loJkl: bets $3
nedo1414: calls $3
*** TURN *** [6d 2h 2d] [5d]
nedo1414: checks
B_loJkl: checks
*** RIVER *** [6d 2h 2d 5d] [Ts]
nedo1414: bets $6
B_loJkl: calls $6
*** SHOW DOWN ***
nedo1414: shows [5s 7c] (two pair, Fives and Deuces)
B_loJkl: mucks hand
nedo1414 collected $29.50 from pot
*** SUMMARY ***
Total pot $30 | Rake $0.50
Board [6d 2h 2d 5d Ts]
Seat 1: nedo1414 (big blind) showed [5s 7c] and won ($29.50) with two pair, Fives and Deuces
Seat 2: B_loJkl (button) (small blind) mucked


PokerStars Hand #150902878907:  Hold'em Limit ($3/$6 USD) - 2016/03/25 10:12:37 ET
Table 'Nasl' 6-max Seat #1 is the button
Seat 1: nedo1414 ($71.58 in chips)
Seat 2: B_loJkl ($252.18 in chips)
nedo1414: posts small blind $1
B_loJkl: posts big blind $3
*** HOLE CARDS ***
nedo1414: folds
Uncalled bet ($2) returned to B_loJkl
B_loJkl collected $2 from pot
B_loJkl: doesn't show hand
*** SUMMARY ***
Total pot $2 | Rake $0
Seat 1: nedo1414 (button) (small blind) folded before Flop
Seat 2: B_loJkl (big blind) collected ($2)


PokerStars Hand #150902871250:  Hold'em Limit ($3/$6 USD) - 2016/03/25 10:12:26 ET
Table 'Nasl' 6-max Seat #2 is the button
Seat 1: nedo1414 ($62.94 in chips)
Seat 2: B_loJkl ($261.18 in chips)
B_loJkl: posts small blind $1
nedo1414: posts big blind $3
*** HOLE CARDS ***
B_loJkl: raises $3 to $6
nedo1414: raises $3 to $9
B_loJkl: calls $3
*** FLOP *** [4s 3h Ad]
nedo1414: bets $3
B_loJkl: folds
Uncalled bet ($3) returned to nedo1414
nedo1414 collected $17.64 from pot
nedo1414: doesn't show hand
*** SUMMARY ***
Total pot $18 | Rake $0.36
Board [4s 3h Ad]
Seat 1: nedo1414 (big blind) collected ($17.64)
Seat 2: B_loJkl (button) (small blind) folded on the Flop


PokerStars Hand #150902851697:  Hold'em Limit ($3/$6 USD) - 2016/03/25 10:11:57 ET
Table 'Nasl' 6-max Seat #1 is the button
Seat 1: nedo1414 ($83.94 in chips)
Seat 2: B_loJkl ($240.68 in chips)
nedo1414: posts small blind $1
B_loJkl: posts big blind $3
*** HOLE CARDS ***
nedo1414: raises $3 to $6
B_loJkl: calls $3
*** FLOP *** [Kc 3s 8d]
B_loJkl: checks
nedo1414: bets $3
B_loJkl: calls $3
*** TURN *** [Kc 3s 8d] [9d]
B_loJkl: checks
nedo1414: bets $6
B_loJkl: calls $6
*** RIVER *** [Kc 3s 8d 9d] [7h]
B_loJkl: checks
nedo1414: bets $6
B_loJkl: raises $6 to $12
nedo1414: folds
Uncalled bet ($6) returned to B_loJkl
B_loJkl collected $41.50 from pot
B_loJkl: doesn't show hand
*** SUMMARY ***
Total pot $42 | Rake $0.50
Board [Kc 3s 8d 9d 7h]
Seat 1: nedo1414 (button) (small blind) folded on the River
Seat 2: B_loJkl (big blind) collected ($41.50)


PokerStars Hand #150902930633:  Hold'em Limit ($3/$6 USD) - 2016/03/25 10:13:51 ET
Table 'Nasl' 6-max Seat #2 is the button
Seat 1: nedo1414 ($98.58 in chips)
Seat 2: B_loJkl ($223.94 in chips)
B_loJkl: posts small blind $1
nedo1414: posts big blind $3
*** HOLE CARDS ***
B_loJkl: raises $3 to $6
nedo1414: calls $3
*** FLOP *** [8h 2d 4h]
nedo1414: checks
B_loJkl: checks
*** TURN *** [8h 2d 4h] [2c]
nedo1414: checks
B_loJkl: checks
*** RIVER *** [8h 2d 4h 2c] [Ad]
nedo1414: checks
B_loJkl: checks
*** SHOW DOWN ***
nedo1414: shows [Tc Qh] (a pair of Deuces)
B_loJkl: mucks hand
nedo1414 collected $11.76 from pot
*** SUMMARY ***
Total pot $12 | Rake $0.24
Board [8h 2d 4h 2c Ad]
Seat 1: nedo1414 (big blind) showed [Tc Qh] and won ($11.76) with a pair of Deuces
Seat 2: B_loJkl (button) (small blind) mucked


PokerStars Hand #150902926933:  Hold'em Limit ($3/$6 USD) - 2016/03/25 10:13:46 ET
Table 'Nasl' 6-max Seat #1 is the button
Seat 1: nedo1414 ($99.58 in chips)
Seat 2: B_loJkl ($222.94 in chips)
nedo1414: posts small blind $1
B_loJkl: posts big blind $3
*** HOLE CARDS ***
nedo1414: folds
Uncalled bet ($2) returned to B_loJkl
B_loJkl collected $2 from pot
B_loJkl: doesn't show hand
*** SUMMARY ***
Total pot $2 | Rake $0
Seat 1: nedo1414 (button) (small blind) folded before Flop
Seat 2: B_loJkl (big blind) collected ($2)


PokerStars Hand #150902920656:  Hold'em Limit ($3/$6 USD) - 2016/03/25 10:13:37 ET
Table 'Nasl' 6-max Seat #2 is the button
Seat 1: nedo1414 ($105.58 in chips)
Seat 2: B_loJkl ($217.18 in chips)
B_loJkl: posts small blind $1
nedo1414: posts big blind $3
*** HOLE CARDS ***
B_loJkl: raises $3 to $6
nedo1414: calls $3
*** FLOP *** [9c 2h Tc]
nedo1414: checks
B_loJkl: bets $3
nedo1414: folds
Uncalled bet ($3) returned to B_loJkl
B_loJkl collected $11.76 from pot
B_loJkl: doesn't show hand
*** SUMMARY ***
Total pot $12 | Rake $0.24
Board [9c 2h Tc]
Seat 1: nedo1414 (big blind) folded on the Flop
Seat 2: B_loJkl (button) (small blind) collected ($11.76)


PokerStars Hand #150902891487:  Hold'em Limit ($3/$6 USD) - 2016/03/25 10:12:55 ET
Table 'Nasl' 6-max Seat #1 is the button
Seat 1: nedo1414 ($85.08 in chips)
Seat 2: B_loJkl ($238.18 in chips)
nedo1414: posts small blind $1
B_loJkl: posts big blind $3
*** HOLE CARDS ***
nedo1414: raises $3 to $6
B_loJkl: calls $3
*** FLOP *** [7c Ah 4h]
B_loJkl: checks
nedo1414: bets $3
B_loJkl: calls $3
*** TURN *** [7c Ah 4h] [8s]
B_loJkl: checks
nedo1414: bets $6
B_loJkl: calls $6
*** RIVER *** [7c Ah 4h 8s] [Qd]
B_loJkl: checks
nedo1414: bets $6
B_loJkl: calls $6
*** SHOW DOWN ***
nedo1414: shows [4s 7s] (two pair, Sevens and Fours)
B_loJkl: mucks hand
nedo1414 collected $41.50 from pot
*** SUMMARY ***
Total pot $42 | Rake $0.50
Board [7c Ah 4h 8s Qd]
Seat 1: nedo1414 (button) (small blind) showed [4s 7s] and won ($41.50) with two pair, Sevens and Fours
Seat 2: B_loJkl (big blind) mucked


PokerStars Hand #150902941899:  Hold'em Limit ($3/$6 USD) - 2016/03/25 10:14:08 ET
Table 'Nasl' 6-max Seat #1 is the button
Seat 1: nedo1414 ($104.34 in chips)
Seat 2: B_loJkl ($217.94 in chips)
nedo1414: posts small blind $1
B_loJkl: posts big blind $3
*** HOLE CARDS ***
nedo1414: raises $3 to $6
B_loJkl: calls $3
*** FLOP *** [3c 8d 9s]
B_loJkl: checks
nedo1414: bets $3
B_loJkl: calls $3
*** TURN *** [3c 8d 9s] [2d]
B_loJkl: checks
nedo1414: checks
*** RIVER *** [3c 8d 9s 2d] [Tc]
B_loJkl: bets $6
nedo1414: folds
Uncalled bet ($6) returned to B_loJkl
B_loJkl collected $17.64 from pot
nedo1414 leaves the table
*** SUMMARY ***
Total pot $18 | Rake $0.36
Board [3c 8d 9s 2d Tc]
Seat 1: nedo1414 (button) (small blind) folded on the River
Seat 2: B_loJkl (big blind) collected ($17.64)


