PokerStars Hand #148334430207:  Hold'em Limit ($3/$6 USD) - 2016/02/06 10:18:58 ET
Table 'Nata III' 6-max Seat #1 is the button
Seat 1: VolkovDmitri ($120 in chips)
Seat 4: RabbitNrAS ($36 in chips)
VolkovDmitri: posts small blind $1
RabbitNrAS: posts big blind $3
*** HOLE CARDS ***
VolkovDmitri: raises $3 to $6
RabbitNrAS: calls $3
*** FLOP *** [5d 7d Ts]
RabbitNrAS: checks
BelSv joins the table at seat #5
SashaYuvelir joins the table at seat #6
VolkovDmitri: bets $3
RabbitNrAS: calls $3
*** TURN *** [5d 7d Ts] [4d]
RabbitNrAS: checks
VolkovDmitri: bets $6
RabbitNrAS: calls $6
*** RIVER *** [5d 7d Ts 4d] [3c]
RabbitNrAS: checks
kutsteef joins the table at seat #2
VolkovDmitri: bets $6
RabbitNrAS: calls $6
*** SHOW DOWN ***
VolkovDmitri: shows [Qc Tc] (a pair of Tens)
RabbitNrAS: mucks hand
VolkovDmitri collected $41.50 from pot
*** SUMMARY ***
Total pot $42 | Rake $0.50
Board [5d 7d Ts 4d 3c]
Seat 1: VolkovDmitri (button) (small blind) showed [Qc Tc] and won ($41.50) with a pair of Tens
Seat 4: RabbitNrAS (big blind) mucked


PokerStars Hand #148334604994:  Hold'em Limit ($3/$6 USD) - 2016/02/06 10:22:29 ET
Table 'Nata III' 6-max Seat #5 is the button
Seat 2: kutsteef ($104.13 in chips)
Seat 5: BelSv ($78 in chips)
BelSv: posts small blind $1
SashaYuvelir: is sitting out
VolkovDmitri: is sitting out
kutsteef: posts big blind $3
*** HOLE CARDS ***
BelSv: raises $3 to $6
kutsteef: calls $3
*** FLOP *** [8d 2s 6h]
VolkovDmitri leaves the table
kutsteef: bets $3
Ulett_23 joins the table at seat #3
BelSv: calls $3
*** TURN *** [8d 2s 6h] [9h]
kutsteef: bets $6
BelSv: raises $6 to $12
kutsteef: calls $6
*** RIVER *** [8d 2s 6h 9h] [7c]
kutsteef: checks
BelSv: bets $6
kutsteef: calls $6
*** SHOW DOWN ***
BelSv: shows [9s Kd] (a pair of Nines)
kutsteef: mucks hand
BelSv collected $53.50 from pot
*** SUMMARY ***
Total pot $54 | Rake $0.50
Board [8d 2s 6h 9h 7c]
Seat 2: kutsteef (big blind) mucked
Seat 5: BelSv (button) (small blind) showed [9s Kd] and won ($53.50) with a pair of Nines


PokerStars Hand #148335472866:  Hold'em Limit ($3/$6 USD) - 2016/02/06 10:39:41 ET
Table 'Nata III' 6-max Seat #5 is the button
Seat 2: kutsteef ($155.30 in chips)
Seat 5: BelSv ($149.16 in chips)
BelSv: posts small blind $1
Pokali: is sitting out
kutsteef: posts big blind $3
*** HOLE CARDS ***
Pokali leaves the table
BelSv: raises $3 to $6
kutsteef: calls $3
*** FLOP *** [Jh Kd Ts]
kutsteef: checks
BelSv: checks
*** TURN *** [Jh Kd Ts] [8c]
kutsteef: checks
BelSv: checks
*** RIVER *** [Jh Kd Ts 8c] [Kc]
kutsteef: bets $6
BelSv: calls $6
*** SHOW DOWN ***
kutsteef: shows [4d 6s] (a pair of Kings)
BelSv: shows [Ad 9h] (a pair of Kings - Ace kicker)
BelSv collected $23.52 from pot
*** SUMMARY ***
Total pot $24 | Rake $0.48
Board [Jh Kd Ts 8c Kc]
Seat 2: kutsteef (big blind) showed [4d 6s] and lost with a pair of Kings
Seat 5: BelSv (button) (small blind) showed [Ad 9h] and won ($23.52) with a pair of Kings


PokerStars Hand #148335623946:  Hold'em Limit ($3/$6 USD) - 2016/02/06 10:42:36 ET
Table 'Nata III' 6-max Seat #3 is the button
Seat 3: edpowers6969 ($48 in chips)
Seat 5: BelSv ($160.68 in chips)
edpowers6969: posts small blind $1
BelSv: posts big blind $3
*** HOLE CARDS ***
edpowers6969: calls $2
kolaz03 joins the table at seat #4
BelSv: checks
*** FLOP *** [As 2c 8h]
BelSv: checks
edpowers6969: checks
*** TURN *** [As 2c 8h] [6h]
Ale4o joins the table at seat #6
BelSv: bets $6
SashaYuvelir joins the table at seat #1
edpowers6969: folds
Uncalled bet ($6) returned to BelSv
BelSv collected $5.88 from pot
BelSv: doesn't show hand
*** SUMMARY ***
Total pot $6 | Rake $0.12
Board [As 2c 8h 6h]
Seat 3: edpowers6969 (button) (small blind) folded on the Turn
Seat 5: BelSv (big blind) collected ($5.88)


PokerStars Hand #148340363226:  Hold'em Limit ($3/$6 USD) - 2016/02/06 12:10:58 ET
Table 'Nata III' 6-max Seat #1 is the button
Seat 1: Pokali ($20.24 in chips)
Seat 4: Karpik09 ($160.99 in chips)
Pokali: posts small blind $1
Longstaaf: is sitting out
Karpik09: posts big blind $3
*** HOLE CARDS ***
Pokali: folds
Uncalled bet ($2) returned to Karpik09
Longstaaf leaves the table
Karpik09 collected $2 from pot
Karpik09: doesn't show hand
*** SUMMARY ***
Total pot $2 | Rake $0
Seat 1: Pokali (button) (small blind) folded before Flop
Seat 4: Karpik09 (big blind) collected ($2)


