PokerStars Hand #154690721778:  Hold'em Limit ($3/$6 USD) - 2016/06/13 14:52:08 ET
Table 'Natalie II' 6-max Seat #2 is the button
Seat 1: hubschi ($120 in chips)
Seat 2: kolaz03 ($72 in chips)
kolaz03: posts small blind $1
GoliafUa: is sitting out
hubschi: posts big blind $3
*** HOLE CARDS ***
kolaz03: raises $3 to $6
artecris joins the table at seat #3
hubschi: calls $3
*** FLOP *** [Jc 4d 4c]
hubschi: checks
artecris leaves the table
kolaz03: bets $3
hubschi: raises $3 to $6
kolaz03: calls $3
*** TURN *** [Jc 4d 4c] [2h]
hubschi: bets $6
kolaz03: calls $6
*** RIVER *** [Jc 4d 4c 2h] [Jh]
hubschi: bets $6
kolaz03: calls $6
*** SHOW DOWN ***
hubschi: shows [Js Kd] (a full house, Jacks full of Fours)
kolaz03: mucks hand
hubschi collected $47.50 from pot
*** SUMMARY ***
Total pot $48 | Rake $0.50
Board [Jc 4d 4c 2h Jh]
Seat 1: hubschi (big blind) showed [Js Kd] and won ($47.50) with a full house, Jacks full of Fours
Seat 2: kolaz03 (button) (small blind) mucked


PokerStars Hand #154690757319:  Hold'em Limit ($3/$6 USD) - 2016/06/13 14:52:52 ET
Table 'Natalie II' 6-max Seat #1 is the button
Seat 1: hubschi ($143.50 in chips)
Seat 2: kolaz03 ($72 in chips)
hubschi: posts small blind $1
kolaz03: posts big blind $3
*** HOLE CARDS ***
hubschi: calls $2
kolaz03: checks
*** FLOP *** [4d 2s 2d]
kolaz03: bets $3
hubschi: calls $3
*** TURN *** [4d 2s 2d] [7c]
kolaz03: checks
paul0272 joins the table at seat #3
hubschi: bets $6
kolaz03: raises $6 to $12
ValeryRon joins the table at seat #4
hubschi: calls $6
*** RIVER *** [4d 2s 2d 7c] [3h]
kolaz03: bets $6
hubschi: raises $6 to $12
kolaz03: calls $6
*** SHOW DOWN ***
hubschi: shows [2h 7h] (a full house, Deuces full of Sevens)
kolaz03: mucks hand
hubschi collected $59.50 from pot
*** SUMMARY ***
Total pot $60 | Rake $0.50
Board [4d 2s 2d 7c 3h]
Seat 1: hubschi (button) (small blind) showed [2h 7h] and won ($59.50) with a full house, Deuces full of Sevens
Seat 2: kolaz03 (big blind) mucked


PokerStars Hand #154690939125:  Hold'em Limit ($3/$6 USD) - 2016/06/13 14:57:03 ET
Table 'Natalie II' 6-max Seat #1 is the button
Seat 1: hubschi ($161.70 in chips)
Seat 2: kolaz03 ($87.50 in chips)
hubschi: posts small blind $1
kolaz03: posts big blind $3
*** HOLE CARDS ***
hubschi: folds
Uncalled bet ($2) returned to kolaz03
kolaz03 collected $2 from pot
kolaz03: doesn't show hand
*** SUMMARY ***
Total pot $2 | Rake $0
Seat 1: hubschi (button) (small blind) folded before Flop
Seat 2: kolaz03 (big blind) collected ($2)


PokerStars Hand #154690910982:  Hold'em Limit ($3/$6 USD) - 2016/06/13 14:56:18 ET
Table 'Natalie II' 6-max Seat #2 is the button
Seat 1: hubschi ($176.70 in chips)
Seat 2: kolaz03 ($73 in chips)
kolaz03: posts small blind $1
RockKillerTY: is sitting out
hubschi: posts big blind $3
*** HOLE CARDS ***
kolaz03: raises $3 to $6
RockKillerTY leaves the table
hubschi: calls $3
*** FLOP *** [6s 9d Jd]
hubschi: checks
kolaz03: bets $3
hubschi: calls $3
*** TURN *** [6s 9d Jd] [5d]
hubschi: checks
Pelurile joins the table at seat #3
kolaz03: bets $6
hubschi: calls $6
*** RIVER *** [6s 9d Jd 5d] [As]
hubschi: checks
kolaz03: bets $6
hubschi: folds
Uncalled bet ($6) returned to kolaz03
kolaz03 collected $29.50 from pot
kolaz03: doesn't show hand
*** SUMMARY ***
Total pot $30 | Rake $0.50
Board [6s 9d Jd 5d As]
Seat 1: hubschi (big blind) folded on the River
Seat 2: kolaz03 (button) (small blind) collected ($29.50)


PokerStars Hand #154691898403:  Hold'em Limit ($3/$6 USD) - 2016/06/13 15:17:27 ET
Table 'Natalie II' 6-max Seat #2 is the button
Seat 1: hubschi ($120.03 in chips)
Seat 2: kolaz03 ($115.17 in chips)
kolaz03: posts small blind $1
Pelurile was removed from the table for failing to post
Chessnok: is sitting out
hubschi: posts big blind $3
*** HOLE CARDS ***
kolaz03: raises $3 to $6
MishMishun joins the table at seat #3
hubschi: folds
Uncalled bet ($3) returned to kolaz03
kolaz03 collected $6 from pot
kolaz03: doesn't show hand
*** SUMMARY ***
Total pot $6 | Rake $0
Seat 1: hubschi (big blind) folded before Flop
Seat 2: kolaz03 (button) (small blind) collected ($6)


PokerStars Hand #154691909189:  Hold'em Limit ($3/$6 USD) - 2016/06/13 15:17:41 ET
Table 'Natalie II' 6-max Seat #1 is the button
Seat 1: hubschi ($117.03 in chips)
Seat 2: kolaz03 ($118.17 in chips)
hubschi: posts small blind $1
kolaz03: posts big blind $3
*** HOLE CARDS ***
iskambil joins the table at seat #4
hubschi: folds
Uncalled bet ($2) returned to kolaz03
kolaz03 collected $2 from pot
kolaz03: doesn't show hand
*** SUMMARY ***
Total pot $2 | Rake $0
Seat 1: hubschi (button) (small blind) folded before Flop
Seat 2: kolaz03 (big blind) collected ($2)


PokerStars Hand #154694050968:  Hold'em Limit ($3/$6 USD) - 2016/06/13 16:02:59 ET
Table 'Natalie II' 6-max Seat #1 is the button
Seat 1: hubschi ($88.79 in chips)
Seat 4: tomte999 ($176.74 in chips)
hubschi: posts small blind $1
tomte999: posts big blind $3
*** HOLE CARDS ***
hubschi: raises $3 to $6
tomte999: calls $3
*** FLOP *** [2c 4h 8s]
tomte999: checks
hubschi: bets $3
tomte999: folds
Uncalled bet ($3) returned to hubschi
hubschi collected $11.76 from pot
hubschi: doesn't show hand
*** SUMMARY ***
Total pot $12 | Rake $0.24
Board [2c 4h 8s]
Seat 1: hubschi (button) (small blind) collected ($11.76)
Seat 4: tomte999 (big blind) folded on the Flop


