PokerStars Hand #150057105685:  Hold'em Limit ($3/$6 USD) - 2016/03/08 18:12:28 ET
Table 'Natascha' 6-max Seat #6 is the button
Seat 3: Mudager ($121.88 in chips)
Seat 6: Mazylis83 ($28 in chips)
Mazylis83: posts small blind $1
Mudager: posts big blind $3
*** HOLE CARDS ***
Mazylis83: calls $2
Mudager: checks
*** FLOP *** [2s Jh Tc]
Mudager: checks
Mazylis83: bets $3
Mudager: folds
Uncalled bet ($3) returned to Mazylis83
Mazylis83 collected $5.88 from pot
Mazylis83: doesn't show hand
*** SUMMARY ***
Total pot $6 | Rake $0.12
Board [2s Jh Tc]
Seat 3: Mudager (big blind) folded on the Flop
Seat 6: Mazylis83 (button) (small blind) collected ($5.88)


PokerStars Hand #150057100461:  Hold'em Limit ($3/$6 USD) - 2016/03/08 18:12:21 ET
Table 'Natascha' 6-max Seat #3 is the button
Seat 3: Mudager ($122.88 in chips)
Seat 6: Mazylis83 ($27 in chips)
Mudager: posts small blind $1
Mazylis83: posts big blind $3
*** HOLE CARDS ***
Mudager: folds
Uncalled bet ($2) returned to Mazylis83
Mazylis83 collected $2 from pot
Mazylis83: doesn't show hand
*** SUMMARY ***
Total pot $2 | Rake $0
Seat 3: Mudager (button) (small blind) folded before Flop
Seat 6: Mazylis83 (big blind) collected ($2)


PokerStars Hand #150057084362:  Hold'em Limit ($3/$6 USD) - 2016/03/08 18:12:01 ET
Table 'Natascha' 6-max Seat #6 is the button
Seat 3: Mudager ($120 in chips)
Seat 6: Mazylis83 ($30 in chips)
Mazylis83: posts small blind $1
Mudager: posts big blind $3
*** HOLE CARDS ***
Mazylis83: calls $2
Mudager: checks
*** FLOP *** [6s 7h 4c]
Mudager: checks
Mazylis83: checks
*** TURN *** [6s 7h 4c] [2s]
Mudager: bets $6
Mazylis83: folds
Uncalled bet ($6) returned to Mudager
Mudager collected $5.88 from pot
*** SUMMARY ***
Total pot $6 | Rake $0.12
Board [6s 7h 4c 2s]
Seat 3: Mudager (big blind) collected ($5.88)
Seat 6: Mazylis83 (button) (small blind) folded on the Turn


PokerStars Hand #150057121323:  Hold'em Limit ($3/$6 USD) - 2016/03/08 18:12:47 ET
Table 'Natascha' 6-max Seat #3 is the button
Seat 3: Mudager ($120 in chips)
Seat 6: Mazylis83 ($30.88 in chips)
Mudager: posts small blind $1
Mazylis83: posts big blind $3
*** HOLE CARDS ***
Mudager: folds
Uncalled bet ($2) returned to Mazylis83
Mazylis83 collected $2 from pot
Mazylis83: doesn't show hand
*** SUMMARY ***
Total pot $2 | Rake $0
Seat 3: Mudager (button) (small blind) folded before Flop
Seat 6: Mazylis83 (big blind) collected ($2)


PokerStars Hand #150057155098:  Hold'em Limit ($3/$6 USD) - 2016/03/08 18:13:30 ET
Table 'Natascha' 6-max Seat #6 is the button
Seat 3: Mudager ($120 in chips)
Seat 6: Mazylis83 ($31.88 in chips)
Mazylis83: posts small blind $1
Mudager: posts big blind $3
*** HOLE CARDS ***
Mazylis83: calls $2
Mudager: checks
*** FLOP *** [9d 7c 5d]
Mudager: checks
GoliafUa joins the table at seat #1
Mazylis83: bets $3
Zubasa07 joins the table at seat #2
Mudager: folds
Uncalled bet ($3) returned to Mazylis83
Mazylis83 collected $5.88 from pot
Mazylis83: doesn't show hand
*** SUMMARY ***
Total pot $6 | Rake $0.12
Board [9d 7c 5d]
Seat 3: Mudager (big blind) folded on the Flop
Seat 6: Mazylis83 (button) (small blind) collected ($5.88)


PokerStars Hand #150057174262:  Hold'em Limit ($3/$6 USD) - 2016/03/08 18:13:55 ET
Table 'Natascha' 6-max Seat #3 is the button
Seat 3: Mudager ($120 in chips)
Seat 6: Mazylis83 ($34.76 in chips)
Mudager: posts small blind $1
Mazylis83: posts big blind $3
*** HOLE CARDS ***
Mudager: raises $3 to $6
Mazylis83: calls $3
*** FLOP *** [7d 8s 8d]
Mazylis83: checks
Mudager: bets $3
Mazylis83: folds
Uncalled bet ($3) returned to Mudager
Mudager collected $11.76 from pot
Mudager: doesn't show hand
*** SUMMARY ***
Total pot $12 | Rake $0.24
Board [7d 8s 8d]
Seat 3: Mudager (button) (small blind) collected ($11.76)
Seat 6: Mazylis83 (big blind) folded on the Flop


PokerStars Hand #150057240696:  Hold'em Limit ($3/$6 USD) - 2016/03/08 18:15:20 ET
Table 'Natascha' 6-max Seat #2 is the button
Seat 2: Zubasa07 ($535.76 in chips)
Seat 4: $i1ver ($30 in chips)
Zubasa07: posts small blind $1
$i1ver: posts big blind $3
*** HOLE CARDS ***
Zubasa07: raises $3 to $6
$i1ver: calls $3
*** FLOP *** [9d As Jd]
$i1ver: checks
Zubasa07: bets $3
$i1ver: calls $3
*** TURN *** [9d As Jd] [6d]
$i1ver: checks
Zubasa07: checks
*** RIVER *** [9d As Jd 6d] [Qs]
$i1ver: bets $6
GoliafUa leaves the table
Zubasa07: calls $6
*** SHOW DOWN ***
$i1ver: shows [3c Jc] (a pair of Jacks)
Zubasa07: mucks hand
$i1ver collected $29.50 from pot
GoliafUa joins the table at seat #5
*** SUMMARY ***
Total pot $30 | Rake $0.50
Board [9d As Jd 6d Qs]
Seat 2: Zubasa07 (button) (small blind) mucked
Seat 4: $i1ver (big blind) showed [3c Jc] and won ($29.50) with a pair of Jacks


PokerStars Hand #150057355514:  Hold'em Limit ($3/$6 USD) - 2016/03/08 18:17:47 ET
Table 'Natascha' 6-max Seat #2 is the button
Seat 2: Zubasa07 ($499.76 in chips)
Seat 5: GoliafUa ($124.74 in chips)
LWNS will be allowed to play after the button
Zubasa07: posts small blind $1
$i1ver: is sitting out
GoliafUa: posts big blind $3
*** HOLE CARDS ***
Zubasa07: folds
Uncalled bet ($2) returned to GoliafUa
GoliafUa collected $2 from pot
*** SUMMARY ***
Total pot $2 | Rake $0
Seat 2: Zubasa07 (button) (small blind) folded before Flop
Seat 5: GoliafUa (big blind) collected ($2)


