PokerStars Hand #158273599357:  Hold'em Limit ($3/$6 USD) - 2016/09/07 5:03:23 ET
Table 'Natalie' 10-max Seat #5 is the button
Seat 2: Bonsey_1 ($115 in chips)
Seat 5: simper11 ($125 in chips)
simper11: posts small blind $1
Bonsey_1: posts big blind $3
*** HOLE CARDS ***
simper11: raises $3 to $6
Bonsey_1: folds
Uncalled bet ($3) returned to simper11
simper11 collected $6 from pot
simper11: doesn't show hand
*** SUMMARY ***
Total pot $6 | Rake $0
Seat 2: Bonsey_1 (big blind) folded before Flop
Seat 5: simper11 (button) (small blind) collected ($6)


PokerStars Hand #158273597645:  Hold'em Limit ($3/$6 USD) - 2016/09/07 5:03:18 ET
Table 'Natalie' 10-max Seat #2 is the button
Seat 2: Bonsey_1 ($116 in chips)
Seat 5: simper11 ($124 in chips)
Bonsey_1: posts small blind $1
simper11: posts big blind $3
*** HOLE CARDS ***
Bonsey_1: folds
Uncalled bet ($2) returned to simper11
simper11 collected $2 from pot
simper11: doesn't show hand
*** SUMMARY ***
Total pot $2 | Rake $0
Seat 2: Bonsey_1 (button) (small blind) folded before Flop
Seat 5: simper11 (big blind) collected ($2)


PokerStars Hand #158273606834:  Hold'em Limit ($3/$6 USD) - 2016/09/07 5:03:45 ET
Table 'Natalie' 10-max Seat #5 is the button
Seat 2: Bonsey_1 ($120.64 in chips)
Seat 5: simper11 ($120 in chips)
simper11: posts small blind $1
Bonsey_1: posts big blind $3
*** HOLE CARDS ***
simper11: folds
Uncalled bet ($2) returned to Bonsey_1
Bonsey_1 collected $2 from pot
Bonsey_1: doesn't show hand
*** SUMMARY ***
Total pot $2 | Rake $0
Seat 2: Bonsey_1 (big blind) collected ($2)
Seat 5: simper11 (button) (small blind) folded before Flop


PokerStars Hand #158273601556:  Hold'em Limit ($3/$6 USD) - 2016/09/07 5:03:30 ET
Table 'Natalie' 10-max Seat #2 is the button
Seat 2: Bonsey_1 ($112 in chips)
Seat 5: simper11 ($128 in chips)
Bonsey_1: posts small blind $1
simper11: posts big blind $3
*** HOLE CARDS ***
Bonsey_1: raises $3 to $6
simper11: calls $3
*** FLOP *** [7s 7h Th]
simper11: checks
Bonsey_1: bets $3
simper11: calls $3
*** TURN *** [7s 7h Th] [5d]
simper11: checks
Bonsey_1: bets $6
simper11: folds
Uncalled bet ($6) returned to Bonsey_1
Bonsey_1 collected $17.64 from pot
Bonsey_1: doesn't show hand
*** SUMMARY ***
Total pot $18 | Rake $0.36
Board [7s 7h Th 5d]
Seat 2: Bonsey_1 (button) (small blind) collected ($17.64)
Seat 5: simper11 (big blind) folded on the Turn


PokerStars Hand #158273592480:  Hold'em Limit ($3/$6 USD) - 2016/09/07 5:03:03 ET
Table 'Natalie' 10-max Seat #2 is the button
Seat 2: Bonsey_1 ($120 in chips)
Seat 5: simper11 ($120 in chips)
Bonsey_1: posts small blind $1
simper11: posts big blind $3
*** HOLE CARDS ***
Bonsey_1: folds
Uncalled bet ($2) returned to simper11
simper11 collected $2 from pot
simper11: doesn't show hand
*** SUMMARY ***
Total pot $2 | Rake $0
Seat 2: Bonsey_1 (button) (small blind) folded before Flop
Seat 5: simper11 (big blind) collected ($2)


PokerStars Hand #158273595386:  Hold'em Limit ($3/$6 USD) - 2016/09/07 5:03:11 ET
Table 'Natalie' 10-max Seat #5 is the button
Seat 2: Bonsey_1 ($119 in chips)
Seat 5: simper11 ($121 in chips)
simper11: posts small blind $1
Bonsey_1: posts big blind $3
*** HOLE CARDS ***
simper11: raises $3 to $6
Bonsey_1: folds
Uncalled bet ($3) returned to simper11
simper11 collected $6 from pot
simper11: doesn't show hand
*** SUMMARY ***
Total pot $6 | Rake $0
Seat 2: Bonsey_1 (big blind) folded before Flop
Seat 5: simper11 (button) (small blind) collected ($6)


PokerStars Hand #158273608316:  Hold'em Limit ($3/$6 USD) - 2016/09/07 5:03:50 ET
Table 'Natalie' 10-max Seat #2 is the button
Seat 2: Bonsey_1 ($121.64 in chips)
Seat 5: simper11 ($120 in chips)
Bonsey_1: posts small blind $1
simper11: posts big blind $3
*** HOLE CARDS ***
Bonsey_1: raises $3 to $6
simper11: folds
Uncalled bet ($3) returned to Bonsey_1
Bonsey_1 collected $6 from pot
Bonsey_1: doesn't show hand
*** SUMMARY ***
Total pot $6 | Rake $0
Seat 2: Bonsey_1 (button) (small blind) collected ($6)
Seat 5: simper11 (big blind) folded before Flop


PokerStars Hand #158273619178:  Hold'em Limit ($3/$6 USD) - 2016/09/07 5:04:22 ET
Table 'Natalie' 10-max Seat #5 is the button
Seat 2: Bonsey_1 ($138.14 in chips)
Seat 5: simper11 ($121 in chips)
simper11: posts small blind $1
Bonsey_1: posts big blind $3
*** HOLE CARDS ***
simper11: raises $3 to $6
Bonsey_1: calls $3
*** FLOP *** [Qh Kd 7d]
Bonsey_1: checks
simper11: bets $3
Bonsey_1: calls $3
*** TURN *** [Qh Kd 7d] [2h]
Bonsey_1: checks
simper11: bets $6
Bonsey_1: calls $6
*** RIVER *** [Qh Kd 7d 2h] [Js]
Bonsey_1: checks
simper11: checks
*** SHOW DOWN ***
Bonsey_1: shows [3c Qc] (a pair of Queens)
simper11: mucks hand
Bonsey_1 collected $29.50 from pot
*** SUMMARY ***
Total pot $30 | Rake $0.50
Board [Qh Kd 7d 2h Js]
Seat 2: Bonsey_1 (big blind) showed [3c Qc] and won ($29.50) with a pair of Queens
Seat 5: simper11 (button) (small blind) mucked


PokerStars Hand #158273610564:  Hold'em Limit ($3/$6 USD) - 2016/09/07 5:03:57 ET
Table 'Natalie' 10-max Seat #5 is the button
Seat 2: Bonsey_1 ($124.64 in chips)
Seat 5: simper11 ($120 in chips)
simper11: posts small blind $1
Bonsey_1: posts big blind $3
*** HOLE CARDS ***
simper11: raises $3 to $6
Bonsey_1: calls $3
*** FLOP *** [6h 5d 2c]
Bonsey_1: checks
simper11: bets $3
Bonsey_1: calls $3
*** TURN *** [6h 5d 2c] [Jc]
Bonsey_1: checks
simper11: bets $6
Bonsey_1: raises $6 to $12
simper11: folds
Uncalled bet ($6) returned to Bonsey_1
Bonsey_1 collected $29.50 from pot
Bonsey_1: doesn't show hand
*** SUMMARY ***
Total pot $30 | Rake $0.50
Board [6h 5d 2c Jc]
Seat 2: Bonsey_1 (big blind) collected ($29.50)
Seat 5: simper11 (button) (small blind) folded on the Turn


PokerStars Hand #158273617056:  Hold'em Limit ($3/$6 USD) - 2016/09/07 5:04:16 ET
Table 'Natalie' 10-max Seat #2 is the button
Seat 2: Bonsey_1 ($139.14 in chips)
Seat 5: simper11 ($120 in chips)
Bonsey_1: posts small blind $1
simper11: posts big blind $3
*** HOLE CARDS ***
Bonsey_1: folds
Uncalled bet ($2) returned to simper11
simper11 collected $2 from pot
simper11: doesn't show hand
*** SUMMARY ***
Total pot $2 | Rake $0
Seat 2: Bonsey_1 (button) (small blind) folded before Flop
Seat 5: simper11 (big blind) collected ($2)


PokerStars Hand #158273630464:  Hold'em Limit ($3/$6 USD) - 2016/09/07 5:04:56 ET
Table 'Natalie' 10-max Seat #5 is the button
Seat 2: Bonsey_1 ($151.64 in chips)
Seat 5: simper11 ($121 in chips)
simper11: posts small blind $1
Bonsey_1: posts big blind $3
*** HOLE CARDS ***
simper11: folds
Uncalled bet ($2) returned to Bonsey_1
Bonsey_1 collected $2 from pot
Bonsey_1: doesn't show hand
*** SUMMARY ***
Total pot $2 | Rake $0
Seat 2: Bonsey_1 (big blind) collected ($2)
Seat 5: simper11 (button) (small blind) folded before Flop


PokerStars Hand #158273626488:  Hold'em Limit ($3/$6 USD) - 2016/09/07 5:04:44 ET
Table 'Natalie' 10-max Seat #2 is the button
Seat 2: Bonsey_1 ($152.64 in chips)
Seat 5: simper11 ($120 in chips)
Bonsey_1: posts small blind $1
simper11: posts big blind $3
*** HOLE CARDS ***
Bonsey_1: folds
Uncalled bet ($2) returned to simper11
simper11 collected $2 from pot
simper11: doesn't show hand
*** SUMMARY ***
Total pot $2 | Rake $0
Seat 2: Bonsey_1 (button) (small blind) folded before Flop
Seat 5: simper11 (big blind) collected ($2)


PokerStars Hand #158273638264:  Hold'em Limit ($3/$6 USD) - 2016/09/07 5:05:17 ET
Table 'Natalie' 10-max Seat #2 is the button
Seat 2: Bonsey_1 ($152.64 in chips)
Seat 5: simper11 ($123 in chips)
Bonsey_1: posts small blind $1
simper11: posts big blind $3
*** HOLE CARDS ***
Bonsey_1: folds
Uncalled bet ($2) returned to simper11
simper11 collected $2 from pot
simper11: doesn't show hand
*** SUMMARY ***
Total pot $2 | Rake $0
Seat 2: Bonsey_1 (button) (small blind) folded before Flop
Seat 5: simper11 (big blind) collected ($2)


PokerStars Hand #158273635768:  Hold'em Limit ($3/$6 USD) - 2016/09/07 5:05:10 ET
Table 'Natalie' 10-max Seat #5 is the button
Seat 2: Bonsey_1 ($155.64 in chips)
Seat 5: simper11 ($120 in chips)
simper11: posts small blind $1
Bonsey_1: posts big blind $3
*** HOLE CARDS ***
simper11: raises $3 to $6
Bonsey_1: folds
Uncalled bet ($3) returned to simper11
simper11 collected $6 from pot
simper11: doesn't show hand
*** SUMMARY ***
Total pot $6 | Rake $0
Seat 2: Bonsey_1 (big blind) folded before Flop
Seat 5: simper11 (button) (small blind) collected ($6)


PokerStars Hand #158273632058:  Hold'em Limit ($3/$6 USD) - 2016/09/07 5:05:00 ET
Table 'Natalie' 10-max Seat #2 is the button
Seat 2: Bonsey_1 ($152.64 in chips)
Seat 5: simper11 ($120 in chips)
Bonsey_1: posts small blind $1
simper11: posts big blind $3
*** HOLE CARDS ***
Bonsey_1: raises $3 to $6
simper11: folds
Uncalled bet ($3) returned to Bonsey_1
Bonsey_1 collected $6 from pot
Bonsey_1: doesn't show hand
*** SUMMARY ***
Total pot $6 | Rake $0
Seat 2: Bonsey_1 (button) (small blind) collected ($6)
Seat 5: simper11 (big blind) folded before Flop


