PokerStars Hand #171059391160:  Hold'em Limit ($3/$6 USD) - 2017/05/29 3:51:34 ET
Table 'Nata' 6-max Seat #3 is the button
Seat 3: starpoker906 ($132.10 in chips)
Seat 6: fire852181 ($235.37 in chips)
starpoker906: posts small blind $1
fire852181: posts big blind $3
*** HOLE CARDS ***
starpoker906: raises $3 to $6
fire852181: folds
Uncalled bet ($3) returned to starpoker906
starpoker906 collected $6 from pot
starpoker906: doesn't show hand
*** SUMMARY ***
Total pot $6 | Rake $0
Seat 3: starpoker906 (button) (small blind) collected ($6)
Seat 6: fire852181 (big blind) folded before Flop


PokerStars Hand #171059393240:  Hold'em Limit ($3/$6 USD) - 2017/05/29 3:51:41 ET
Table 'Nata' 6-max Seat #6 is the button
Seat 3: starpoker906 ($135.10 in chips)
Seat 6: fire852181 ($232.37 in chips)
fire852181: posts small blind $1
starpoker906: posts big blind $3
*** HOLE CARDS ***
fire852181: raises $3 to $6
starpoker906: calls $3
*** FLOP *** [Ah 2d Tc]
starpoker906: checks
fire852181: bets $3
starpoker906: folds
Uncalled bet ($3) returned to fire852181
fire852181 collected $11.76 from pot
fire852181: doesn't show hand
*** SUMMARY ***
Total pot $12 | Rake $0.24
Board [Ah 2d Tc]
Seat 3: starpoker906 (big blind) folded on the Flop
Seat 6: fire852181 (button) (small blind) collected ($11.76)


