PokerStars Hand #154137463450:  Hold'em Limit ($3/$6 USD) - 2016/06/01 9:45:09 ET
Table 'Natascha' 6-max Seat #2 is the button
Seat 1: LolDnkaments ($72 in chips)
Seat 2: chipsdigme86 ($142.35 in chips)
chipsdigme86: posts small blind $1
LolDnkaments: posts big blind $3
*** HOLE CARDS ***
chipsdigme86: raises $3 to $6
LolDnkaments: calls $3
*** FLOP *** [9s Jc Th]
LolDnkaments: checks
chipsdigme86: checks
*** TURN *** [9s Jc Th] [8h]
LolDnkaments: checks
chipsdigme86: bets $6
LolDnkaments: folds
Uncalled bet ($6) returned to chipsdigme86
chipsdigme86 collected $11.76 from pot
*** SUMMARY ***
Total pot $12 | Rake $0.24
Board [9s Jc Th 8h]
Seat 1: LolDnkaments (big blind) folded on the Turn
Seat 2: chipsdigme86 (button) (small blind) collected ($11.76)


PokerStars Hand #154137470728:  Hold'em Limit ($3/$6 USD) - 2016/06/01 9:45:23 ET
Table 'Natascha' 6-max Seat #1 is the button
Seat 1: LolDnkaments ($72 in chips)
Seat 2: chipsdigme86 ($148.11 in chips)
LolDnkaments: posts small blind $1
chipsdigme86: posts big blind $3
*** HOLE CARDS ***
LolDnkaments: raises $3 to $6
chipsdigme86: calls $3
*** FLOP *** [Tc 4c Qh]
chipsdigme86: checks
LolDnkaments: bets $3
chipsdigme86: calls $3
*** TURN *** [Tc 4c Qh] [3d]
chipsdigme86: checks
LolDnkaments: checks
*** RIVER *** [Tc 4c Qh 3d] [6h]
chipsdigme86: bets $6
LolDnkaments: calls $6
*** SHOW DOWN ***
chipsdigme86: shows [9h Jh] (high card Queen)
LolDnkaments: shows [8h Ah] (high card Ace)
LolDnkaments collected $29.50 from pot
*** SUMMARY ***
Total pot $30 | Rake $0.50
Board [Tc 4c Qh 3d 6h]
Seat 1: LolDnkaments (button) (small blind) showed [8h Ah] and won ($29.50) with high card Ace
Seat 2: chipsdigme86 (big blind) showed [9h Jh] and lost with high card Queen


PokerStars Hand #154137477060:  Hold'em Limit ($3/$6 USD) - 2016/06/01 9:45:34 ET
Table 'Natascha' 6-max Seat #2 is the button
Seat 1: LolDnkaments ($86.50 in chips)
Seat 2: chipsdigme86 ($133.11 in chips)
chipsdigme86: posts small blind $1
LolDnkaments: posts big blind $3
*** HOLE CARDS ***
chipsdigme86: raises $3 to $6
LolDnkaments: calls $3
*** FLOP *** [5d 3s Kh]
LolDnkaments: checks
chipsdigme86: bets $3
LolDnkaments: calls $3
*** TURN *** [5d 3s Kh] [4d]
LolDnkaments: checks
chipsdigme86: bets $6
LolDnkaments: raises $6 to $12
chipsdigme86: calls $6
*** RIVER *** [5d 3s Kh 4d] [Kd]
LolDnkaments: bets $6
chipsdigme86: raises $6 to $12
LolDnkaments: folds
Uncalled bet ($6) returned to chipsdigme86
chipsdigme86 collected $53.50 from pot
*** SUMMARY ***
Total pot $54 | Rake $0.50
Board [5d 3s Kh 4d Kd]
Seat 1: LolDnkaments (big blind) folded on the River
Seat 2: chipsdigme86 (button) (small blind) collected ($53.50)


