PokerStars Hand #161788721795:  Hold'em Limit ($3/$6 USD) - 2016/11/22 9:41:09 ET
Table 'Natascha' 6-max Seat #3 is the button
Seat 2: Psynto ($120.12 in chips)
Seat 3: dobber888 ($98.71 in chips)
dobber888: posts small blind $1
yoyoma7777: is sitting out
grabaz: is sitting out
Psynto: posts big blind $3
*** HOLE CARDS ***
dobber888: folds
Uncalled bet ($2) returned to Psynto
grabaz leaves the table
Psynto collected $2 from pot
Psynto: doesn't show hand
sim5sim5 leaves the table
*** SUMMARY ***
Total pot $2 | Rake $0
Seat 2: Psynto (big blind) collected ($2)
Seat 3: dobber888 (button) (small blind) folded before Flop


PokerStars Hand #161788725185:  Hold'em Limit ($3/$6 USD) - 2016/11/22 9:41:14 ET
Table 'Natascha' 6-max Seat #2 is the button
Seat 2: Psynto ($121.12 in chips)
Seat 3: dobber888 ($97.71 in chips)
Psynto: posts small blind $1
dobber888: posts big blind $3
*** HOLE CARDS ***
Psynto: raises $3 to $6
dobber888: folds
Uncalled bet ($3) returned to Psynto
Psynto collected $6 from pot
Psynto: doesn't show hand
*** SUMMARY ***
Total pot $6 | Rake $0
Seat 2: Psynto (button) (small blind) collected ($6)
Seat 3: dobber888 (big blind) folded before Flop


PokerStars Hand #161788728928:  Hold'em Limit ($3/$6 USD) - 2016/11/22 9:41:20 ET
Table 'Natascha' 6-max Seat #3 is the button
Seat 2: Psynto ($124.12 in chips)
Seat 3: dobber888 ($94.71 in chips)
dobber888: posts small blind $1
Psynto: posts big blind $3
*** HOLE CARDS ***
dobber888: raises $3 to $6
Psynto: calls $3
*** FLOP *** [5d 4h Kc]
Psynto: checks
dobber888: bets $3
Psynto: folds
Uncalled bet ($3) returned to dobber888
dobber888 collected $11.76 from pot
dobber888: doesn't show hand
*** SUMMARY ***
Total pot $12 | Rake $0.24
Board [5d 4h Kc]
Seat 2: Psynto (big blind) folded on the Flop
Seat 3: dobber888 (button) (small blind) collected ($11.76)


PokerStars Hand #161788733937:  Hold'em Limit ($3/$6 USD) - 2016/11/22 9:41:28 ET
Table 'Natascha' 6-max Seat #2 is the button
Seat 2: Psynto ($118.12 in chips)
Seat 3: dobber888 ($100.47 in chips)
Psynto: posts small blind $1
dobber888: posts big blind $3
*** HOLE CARDS ***
Psynto: raises $3 to $6
dobber888: calls $3
*** FLOP *** [3h 2d Jc]
dobber888: checks
Psynto: bets $3
dobber888: raises $3 to $6
Psynto: folds
Uncalled bet ($3) returned to dobber888
dobber888 collected $17.64 from pot
dobber888: doesn't show hand
*** SUMMARY ***
Total pot $18 | Rake $0.36
Board [3h 2d Jc]
Seat 2: Psynto (button) (small blind) folded on the Flop
Seat 3: dobber888 (big blind) collected ($17.64)


PokerStars Hand #161788741782:  Hold'em Limit ($3/$6 USD) - 2016/11/22 9:41:41 ET
Table 'Natascha' 6-max Seat #3 is the button
Seat 2: Psynto ($109.12 in chips)
Seat 3: dobber888 ($109.11 in chips)
dobber888: posts small blind $1
Psynto: posts big blind $3
*** HOLE CARDS ***
dobber888: raises $3 to $6
Psynto: calls $3
*** FLOP *** [Qh Kd Kc]
Psynto: checks
dobber888: bets $3
Psynto: folds
Uncalled bet ($3) returned to dobber888
dobber888 collected $11.76 from pot
dobber888: doesn't show hand
*** SUMMARY ***
Total pot $12 | Rake $0.24
Board [Qh Kd Kc]
Seat 2: Psynto (big blind) folded on the Flop
Seat 3: dobber888 (button) (small blind) collected ($11.76)


PokerStars Hand #161788760615:  Hold'em Limit ($3/$6 USD) - 2016/11/22 9:42:10 ET
Table 'Natascha' 6-max Seat #3 is the button
Seat 2: Psynto ($79.12 in chips)
Seat 3: dobber888 ($138.37 in chips)
dobber888: posts small blind $1
Psynto: posts big blind $3
*** HOLE CARDS ***
dobber888: raises $3 to $6
Psynto: folds
Uncalled bet ($3) returned to dobber888
dobber888 collected $6 from pot
dobber888: doesn't show hand
*** SUMMARY ***
Total pot $6 | Rake $0
Seat 2: Psynto (big blind) folded before Flop
Seat 3: dobber888 (button) (small blind) collected ($6)


PokerStars Hand #161788748399:  Hold'em Limit ($3/$6 USD) - 2016/11/22 9:41:51 ET
Table 'Natascha' 6-max Seat #2 is the button
Seat 2: Psynto ($103.12 in chips)
Seat 3: dobber888 ($114.87 in chips)
Psynto: posts small blind $1
dobber888: posts big blind $3
*** HOLE CARDS ***
Psynto: raises $3 to $6
dobber888: calls $3
*** FLOP *** [2s Td Qd]
dobber888: checks
Psynto: bets $3
dobber888: raises $3 to $6
Psynto: calls $3
*** TURN *** [2s Td Qd] [8s]
dobber888: bets $6
Psynto: calls $6
*** RIVER *** [2s Td Qd 8s] [Kd]
dobber888: bets $6
Psynto: calls $6
*** SHOW DOWN ***
dobber888: shows [8h Qh] (two pair, Queens and Eights)
Psynto: mucks hand
dobber888 collected $47.50 from pot
*** SUMMARY ***
Total pot $48 | Rake $0.50
Board [2s Td Qd 8s Kd]
Seat 2: Psynto (button) (small blind) mucked
Seat 3: dobber888 (big blind) showed [8h Qh] and won ($47.50) with two pair, Queens and Eights


PokerStars Hand #161788765048:  Hold'em Limit ($3/$6 USD) - 2016/11/22 9:42:17 ET
Table 'Natascha' 6-max Seat #2 is the button
Seat 2: Psynto ($76.12 in chips)
Seat 3: dobber888 ($141.37 in chips)
Psynto: posts small blind $1
dobber888: posts big blind $3
*** HOLE CARDS ***
Psynto: raises $3 to $6
dobber888: calls $3
*** FLOP *** [Ah 3c Kc]
dobber888: checks
Psynto: checks
*** TURN *** [Ah 3c Kc] [6h]
dobber888: checks
Psynto: bets $6
dobber888: calls $6
*** RIVER *** [Ah 3c Kc 6h] [8d]
dobber888: checks
Psynto: bets $6
dobber888: folds
Uncalled bet ($6) returned to Psynto
Psynto collected $23.52 from pot
Psynto: doesn't show hand
*** SUMMARY ***
Total pot $24 | Rake $0.48
Board [Ah 3c Kc 6h 8d]
Seat 2: Psynto (button) (small blind) collected ($23.52)
Seat 3: dobber888 (big blind) folded on the River


PokerStars Hand #161788781825:  Hold'em Limit ($3/$6 USD) - 2016/11/22 9:42:43 ET
Table 'Natascha' 6-max Seat #3 is the button
Seat 2: Psynto ($87.64 in chips)
Seat 3: dobber888 ($129.37 in chips)
dobber888: posts small blind $1
Psynto: posts big blind $3
*** HOLE CARDS ***
dobber888: raises $3 to $6
Psynto: calls $3
*** FLOP *** [6d 4h 5h]
Psynto: checks
dobber888: checks
*** TURN *** [6d 4h 5h] [Jh]
Psynto: bets $6
dobber888: calls $6
*** RIVER *** [6d 4h 5h Jh] [Jc]
Psynto: bets $6
dobber888: calls $6
*** SHOW DOWN ***
Psynto: shows [6s Kd] (two pair, Jacks and Sixes)
dobber888: mucks hand
Psynto collected $35.50 from pot
*** SUMMARY ***
Total pot $36 | Rake $0.50
Board [6d 4h 5h Jh Jc]
Seat 2: Psynto (big blind) showed [6s Kd] and won ($35.50) with two pair, Jacks and Sixes
Seat 3: dobber888 (button) (small blind) mucked


PokerStars Hand #161788791444:  Hold'em Limit ($3/$6 USD) - 2016/11/22 9:42:59 ET
Table 'Natascha' 6-max Seat #2 is the button
Seat 2: Psynto ($105.14 in chips)
Seat 3: dobber888 ($111.37 in chips)
Psynto: posts small blind $1
dobber888: posts big blind $3
*** HOLE CARDS ***
Psynto: raises $3 to $6
dobber888: calls $3
*** FLOP *** [3h 3c 3d]
dobber888: checks
Psynto: bets $3
dobber888: calls $3
*** TURN *** [3h 3c 3d] [Qs]
dobber888: checks
Psynto: bets $6
dobber888: folds
Uncalled bet ($6) returned to Psynto
Psynto collected $17.64 from pot
Psynto: doesn't show hand
*** SUMMARY ***
Total pot $18 | Rake $0.36
Board [3h 3c 3d Qs]
Seat 2: Psynto (button) (small blind) collected ($17.64)
Seat 3: dobber888 (big blind) folded on the Turn


PokerStars Hand #161788863375:  Hold'em Limit ($3/$6 USD) - 2016/11/22 9:44:52 ET
Table 'Natascha' 6-max Seat #2 is the button
Seat 2: Psynto ($104.39 in chips)
Seat 3: dobber888 ($117.29 in chips)
Psynto: posts small blind $1
dobber888: posts big blind $3
*** HOLE CARDS ***
Psynto: raises $3 to $6
dobber888: raises $3 to $9
Psynto: calls $3
*** FLOP *** [6h 9s Kc]
dobber888: bets $3
Psynto: calls $3
*** TURN *** [6h 9s Kc] [9h]
dobber888: bets $6
Psynto: calls $6
*** RIVER *** [6h 9s Kc 9h] [Jh]
Kosova1968 joins the table at seat #5
dobber888: bets $6
Psynto: folds
Uncalled bet ($6) returned to dobber888
dobber888 collected $35.50 from pot
dobber888: doesn't show hand
*** SUMMARY ***
Total pot $36 | Rake $0.50
Board [6h 9s Kc 9h Jh]
Seat 2: Psynto (button) (small blind) folded on the River
Seat 3: dobber888 (big blind) collected ($35.50)


PokerStars Hand #161788855108:  Hold'em Limit ($3/$6 USD) - 2016/11/22 9:44:39 ET
Table 'Natascha' 6-max Seat #3 is the button
Seat 2: Psynto ($107.39 in chips)
Seat 3: dobber888 ($114.29 in chips)
dobber888: posts small blind $1
yoyoma7777: is sitting out
Psynto: posts big blind $3
*** HOLE CARDS ***
dobber888: raises $3 to $6
Psynto: folds
Uncalled bet ($3) returned to dobber888
dobber888 collected $6 from pot
dobber888: doesn't show hand
*** SUMMARY ***
Total pot $6 | Rake $0
Seat 2: Psynto (big blind) folded before Flop
Seat 3: dobber888 (button) (small blind) collected ($6)


PokerStars Hand #161794971121:  Hold'em Limit ($3/$6 USD) - 2016/11/22 12:10:57 ET
Table 'Natascha' 6-max Seat #6 is the button
Seat 4: LifeisagameX ($84 in chips)
Seat 6: Zensor666 ($120 in chips)
Zensor666: posts small blind $1
LifeisagameX: posts big blind $3
*** HOLE CARDS ***
Zensor666: raises $3 to $6
vestimokrec joins the table at seat #1
LifeisagameX: calls $3
*** FLOP *** [5h 2c 4s]
LifeisagameX: checks
Zensor666: bets $3
LifeisagameX: calls $3
*** TURN *** [5h 2c 4s] [Qc]
LifeisagameX: checks
Zensor666: bets $6
LifeisagameX: folds
Uncalled bet ($6) returned to Zensor666
Zensor666 collected $17.64 from pot
*** SUMMARY ***
Total pot $18 | Rake $0.36
Board [5h 2c 4s Qc]
Seat 4: LifeisagameX (big blind) folded on the Turn
Seat 6: Zensor666 (button) (small blind) collected ($17.64)


PokerStars Hand #161795026878:  Hold'em Limit ($3/$6 USD) - 2016/11/22 12:12:09 ET
Table 'Natascha' 6-max Seat #4 is the button
Seat 4: LifeisagameX ($84 in chips)
Seat 6: Zensor666 ($128.64 in chips)
LifeisagameX: posts small blind $1
Zensor666: posts big blind $3
*** HOLE CARDS ***
LifeisagameX: raises $3 to $6
Zensor666: calls $3
*** FLOP *** [6d 3d 8c]
Zensor666: checks
LifeisagameX: checks
*** TURN *** [6d 3d 8c] [Qh]
Zensor666: checks
LifeisagameX: checks
*** RIVER *** [6d 3d 8c Qh] [Ks]
Zensor666: bets $6
LifeisagameX: raises $6 to $12
Zensor666: folds
Uncalled bet ($6) returned to LifeisagameX
LifeisagameX collected $23.52 from pot
LifeisagameX: doesn't show hand
*** SUMMARY ***
Total pot $24 | Rake $0.48
Board [6d 3d 8c Qh Ks]
Seat 4: LifeisagameX (button) (small blind) collected ($23.52)
Seat 6: Zensor666 (big blind) folded on the River


PokerStars Hand #161795178748:  Hold'em Limit ($3/$6 USD) - 2016/11/22 12:15:21 ET
Table 'Natascha' 6-max Seat #1 is the button
Seat 1: vestimokrec ($109.74 in chips)
Seat 6: Zensor666 ($140.29 in chips)
vestimokrec: posts small blind $1
Zensor666: posts big blind $3
*** HOLE CARDS ***
vestimokrec: folds
Uncalled bet ($2) returned to Zensor666
Zensor666 collected $2 from pot
*** SUMMARY ***
Total pot $2 | Rake $0
Seat 1: vestimokrec (button) (small blind) folded before Flop
Seat 6: Zensor666 (big blind) collected ($2)


PokerStars Hand #161795172403:  Hold'em Limit ($3/$6 USD) - 2016/11/22 12:15:13 ET
Table 'Natascha' 6-max Seat #6 is the button
Seat 1: vestimokrec ($108.74 in chips)
Seat 6: Zensor666 ($141.29 in chips)
Zensor666: posts small blind $1
vestimokrec: posts big blind $3
*** HOLE CARDS ***
Zensor666: folds
Uncalled bet ($2) returned to vestimokrec
vestimokrec collected $2 from pot
vestimokrec: doesn't show hand
*** SUMMARY ***
Total pot $2 | Rake $0
Seat 1: vestimokrec (big blind) collected ($2)
Seat 6: Zensor666 (button) (small blind) folded before Flop


PokerStars Hand #161795222012:  Hold'em Limit ($3/$6 USD) - 2016/11/22 12:16:16 ET
Table 'Natascha' 6-max Seat #1 is the button
Seat 1: vestimokrec ($108.49 in chips)
Seat 6: Zensor666 ($141.04 in chips)
vestimokrec: posts small blind $1
Zensor666: posts big blind $3
*** HOLE CARDS ***
vestimokrec: raises $3 to $6
Zensor666: calls $3
*** FLOP *** [8d Qs 7d]
Zensor666: checks
vestimokrec: checks
*** TURN *** [8d Qs 7d] [4d]
Zensor666: bets $6
vestimokrec: raises $6 to $12
Zensor666: calls $6
*** RIVER *** [8d Qs 7d 4d] [Kd]
Zensor666: bets $6
vestimokrec: calls $6
*** SHOW DOWN ***
Zensor666: shows [4h Qd] (a flush, King high)
vestimokrec: mucks hand
Zensor666 collected $47.50 from pot
*** SUMMARY ***
Total pot $48 | Rake $0.50
Board [8d Qs 7d 4d Kd]
Seat 1: vestimokrec (button) (small blind) mucked
Seat 6: Zensor666 (big blind) showed [4h Qd] and won ($47.50) with a flush, King high


PokerStars Hand #161795190223:  Hold'em Limit ($3/$6 USD) - 2016/11/22 12:15:36 ET
Table 'Natascha' 6-max Seat #6 is the button
Seat 1: vestimokrec ($108.74 in chips)
Seat 6: Zensor666 ($141.29 in chips)
Zensor666: posts small blind $1
vestimokrec: posts big blind $3
*** HOLE CARDS ***
Zensor666: raises $3 to $6
vestimokrec: calls $3
*** FLOP *** [7c Ah 5d]
vestimokrec: checks
Zensor666: bets $3
vestimokrec: calls $3
*** TURN *** [7c Ah 5d] [Ac]
vestimokrec: checks
Zensor666: checks
*** RIVER *** [7c Ah 5d Ac] [8c]
vestimokrec: bets $6
Zensor666: calls $6
*** SHOW DOWN ***
vestimokrec: shows [2s Kc] (a pair of Aces)
Zensor666: shows [Kd 6c] (a pair of Aces)
vestimokrec collected $14.75 from pot
Zensor666 collected $14.75 from pot
*** SUMMARY ***
Total pot $30 | Rake $0.50
Board [7c Ah 5d Ac 8c]
Seat 1: vestimokrec (big blind) showed [2s Kc] and won ($14.75) with a pair of Aces
Seat 6: Zensor666 (button) (small blind) showed [Kd 6c] and won ($14.75) with a pair of Aces


PokerStars Hand #161795244415:  Hold'em Limit ($3/$6 USD) - 2016/11/22 12:16:44 ET
Table 'Natascha' 6-max Seat #6 is the button
Seat 1: vestimokrec ($84.49 in chips)
Seat 6: Zensor666 ($164.54 in chips)
Zensor666: posts small blind $1
vestimokrec: posts big blind $3
*** HOLE CARDS ***
Zensor666: raises $3 to $6
vestimokrec: calls $3
*** FLOP *** [3s 9c Kd]
vestimokrec: checks
Zensor666: bets $3
vestimokrec: calls $3
*** TURN *** [3s 9c Kd] [As]
vestimokrec: checks
Zensor666: bets $6
vestimokrec: calls $6
*** RIVER *** [3s 9c Kd As] [8h]
vestimokrec: checks
Zensor666: checks
*** SHOW DOWN ***
vestimokrec: shows [Ts Qc] (high card Ace)
Zensor666: shows [6c 8d] (a pair of Eights)
Zensor666 collected $29.50 from pot
*** SUMMARY ***
Total pot $30 | Rake $0.50
Board [3s 9c Kd As 8h]
Seat 1: vestimokrec (big blind) showed [Ts Qc] and lost with high card Ace
Seat 6: Zensor666 (button) (small blind) showed [6c 8d] and won ($29.50) with a pair of Eights


PokerStars Hand #161795302035:  Hold'em Limit ($3/$6 USD) - 2016/11/22 12:17:57 ET
Table 'Natascha' 6-max Seat #6 is the button
Seat 1: vestimokrec ($75.25 in chips)
Seat 6: Zensor666 ($173.04 in chips)
Zensor666: posts small blind $1
vestimokrec: posts big blind $3
*** HOLE CARDS ***
Zensor666: folds
Uncalled bet ($2) returned to vestimokrec
vestimokrec collected $2 from pot
vestimokrec: doesn't show hand
*** SUMMARY ***
Total pot $2 | Rake $0
Seat 1: vestimokrec (big blind) collected ($2)
Seat 6: Zensor666 (button) (small blind) folded before Flop


PokerStars Hand #161795271957:  Hold'em Limit ($3/$6 USD) - 2016/11/22 12:17:19 ET
Table 'Natascha' 6-max Seat #1 is the button
Seat 1: vestimokrec ($69.49 in chips)
Seat 6: Zensor666 ($179.04 in chips)
vestimokrec: posts small blind $1
Zensor666: posts big blind $3
*** HOLE CARDS ***
vestimokrec: raises $3 to $6
Zensor666: calls $3
*** FLOP *** [8s 8d 3s]
Zensor666: checks
vestimokrec: bets $3
Zensor666: folds
Uncalled bet ($3) returned to vestimokrec
vestimokrec collected $11.76 from pot
vestimokrec: doesn't show hand
*** SUMMARY ***
Total pot $12 | Rake $0.24
Board [8s 8d 3s]
Seat 1: vestimokrec (button) (small blind) collected ($11.76)
Seat 6: Zensor666 (big blind) folded on the Flop


PokerStars Hand #161795305950:  Hold'em Limit ($3/$6 USD) - 2016/11/22 12:18:02 ET
Table 'Natascha' 6-max Seat #1 is the button
Seat 1: vestimokrec ($76.25 in chips)
Seat 6: Zensor666 ($172.04 in chips)
vestimokrec: posts small blind $1
Zensor666: posts big blind $3
*** HOLE CARDS ***
vestimokrec: raises $3 to $6
Zensor666: folds
Uncalled bet ($3) returned to vestimokrec
vestimokrec collected $6 from pot
vestimokrec: doesn't show hand
*** SUMMARY ***
Total pot $6 | Rake $0
Seat 1: vestimokrec (button) (small blind) collected ($6)
Seat 6: Zensor666 (big blind) folded before Flop


PokerStars Hand #161795313134:  Hold'em Limit ($3/$6 USD) - 2016/11/22 12:18:11 ET
Table 'Natascha' 6-max Seat #6 is the button
Seat 1: vestimokrec ($79.25 in chips)
Seat 6: Zensor666 ($169.04 in chips)
Zensor666: posts small blind $1
vestimokrec: posts big blind $3
*** HOLE CARDS ***
Zensor666: raises $3 to $6
vestimokrec: calls $3
*** FLOP *** [Jh Ah Kd]
vestimokrec: checks
Zensor666: bets $3
vestimokrec: folds
Uncalled bet ($3) returned to Zensor666
Zensor666 collected $11.76 from pot
*** SUMMARY ***
Total pot $12 | Rake $0.24
Board [Jh Ah Kd]
Seat 1: vestimokrec (big blind) folded on the Flop
Seat 6: Zensor666 (button) (small blind) collected ($11.76)


PokerStars Hand #161795369113:  Hold'em Limit ($3/$6 USD) - 2016/11/22 12:19:22 ET
Table 'Natascha' 6-max Seat #1 is the button
Seat 1: vestimokrec ($84.89 in chips)
Seat 6: Zensor666 ($162.80 in chips)
vestimokrec: posts small blind $1
Zensor666: posts big blind $3
*** HOLE CARDS ***
vestimokrec: raises $3 to $6
Zensor666: calls $3
*** FLOP *** [5h 8c 8d]
Zensor666: checks
vestimokrec: bets $3
Zensor666: calls $3
*** TURN *** [5h 8c 8d] [2h]
Zensor666: checks
vestimokrec: bets $6
Zensor666: folds
Uncalled bet ($6) returned to vestimokrec
vestimokrec collected $17.64 from pot
vestimokrec: doesn't show hand
*** SUMMARY ***
Total pot $18 | Rake $0.36
Board [5h 8c 8d 2h]
Seat 1: vestimokrec (button) (small blind) collected ($17.64)
Seat 6: Zensor666 (big blind) folded on the Turn


PokerStars Hand #161795339889:  Hold'em Limit ($3/$6 USD) - 2016/11/22 12:18:44 ET
Table 'Natascha' 6-max Seat #1 is the button
Seat 1: vestimokrec ($73.25 in chips)
Seat 6: Zensor666 ($174.80 in chips)
vestimokrec: posts small blind $1
Zensor666: posts big blind $3
*** HOLE CARDS ***
vestimokrec: raises $3 to $6
Zensor666: folds
Uncalled bet ($3) returned to vestimokrec
vestimokrec collected $6 from pot
vestimokrec: doesn't show hand
*** SUMMARY ***
Total pot $6 | Rake $0
Seat 1: vestimokrec (button) (small blind) collected ($6)
Seat 6: Zensor666 (big blind) folded before Flop


PokerStars Hand #161795349621:  Hold'em Limit ($3/$6 USD) - 2016/11/22 12:18:57 ET
Table 'Natascha' 6-max Seat #6 is the button
Seat 1: vestimokrec ($76.25 in chips)
Seat 6: Zensor666 ($171.80 in chips)
Zensor666: posts small blind $1
vestimokrec: posts big blind $3
*** HOLE CARDS ***
Zensor666: raises $3 to $6
vestimokrec: raises $3 to $9
Zensor666: calls $3
*** FLOP *** [Jc 4d Ks]
vestimokrec: bets $3
Zensor666: folds
Uncalled bet ($3) returned to vestimokrec
vestimokrec collected $17.64 from pot
vestimokrec: doesn't show hand
*** SUMMARY ***
Total pot $18 | Rake $0.36
Board [Jc 4d Ks]
Seat 1: vestimokrec (big blind) collected ($17.64)
Seat 6: Zensor666 (button) (small blind) folded on the Flop


PokerStars Hand #161795388978:  Hold'em Limit ($3/$6 USD) - 2016/11/22 12:19:47 ET
Table 'Natascha' 6-max Seat #6 is the button
Seat 1: vestimokrec ($93.53 in chips)
Seat 6: Zensor666 ($153.80 in chips)
Zensor666: posts small blind $1
vestimokrec: posts big blind $3
*** HOLE CARDS ***
Zensor666: raises $3 to $6
vestimokrec: calls $3
*** FLOP *** [Qh 4d 3s]
vestimokrec: checks
Zensor666: bets $3
vestimokrec: raises $3 to $6
Zensor666: folds
Uncalled bet ($3) returned to vestimokrec
vestimokrec collected $17.64 from pot
vestimokrec: doesn't show hand
*** SUMMARY ***
Total pot $18 | Rake $0.36
Board [Qh 4d 3s]
Seat 1: vestimokrec (big blind) collected ($17.64)
Seat 6: Zensor666 (button) (small blind) folded on the Flop


