PokerStars Hand #168459243303:  Hold'em Limit ($3/$6 USD) - 2017/04/02 6:43:56 ET
Table 'Nata' 10-max Seat #5 is the button
Seat 1: anebodil ($66 in chips)
Seat 5: simper11 ($143.50 in chips)
simper11: posts small blind $1
anebodil: posts big blind $3
*** HOLE CARDS ***
simper11: raises $3 to $6
anebodil: calls $3
*** FLOP *** [3d 4c Qd]
anebodil: bets $3
simper11: calls $3
*** TURN *** [3d 4c Qd] [3s]
anebodil: bets $6
simper11: calls $6
*** RIVER *** [3d 4c Qd 3s] [As]
anebodil: bets $6
simper11: raises $6 to $12
anebodil: calls $6
*** SHOW DOWN ***
simper11: shows [Ah 2d] (two pair, Aces and Threes)
anebodil: shows [Ad 5d] (two pair, Aces and Threes)
anebodil collected $26.75 from pot
simper11 collected $26.75 from pot
*** SUMMARY ***
Total pot $54 | Rake $0.50
Board [3d 4c Qd 3s As]
Seat 1: anebodil (big blind) showed [Ad 5d] and won ($26.75) with two pair, Aces and Threes
Seat 5: simper11 (button) (small blind) showed [Ah 2d] and won ($26.75) with two pair, Aces and Threes


PokerStars Hand #168459284430:  Hold'em Limit ($3/$6 USD) - 2017/04/02 6:45:21 ET
Table 'Nata' 10-max Seat #5 is the button
Seat 1: anebodil ($62.25 in chips)
Seat 5: simper11 ($145.63 in chips)
simper11: posts small blind $1
anebodil: posts big blind $3
*** HOLE CARDS ***
simper11: raises $3 to $6
anebodil: folds
Uncalled bet ($3) returned to simper11
simper11 collected $6 from pot
simper11: doesn't show hand
*** SUMMARY ***
Total pot $6 | Rake $0
Seat 1: anebodil (big blind) folded before Flop
Seat 5: simper11 (button) (small blind) collected ($6)


PokerStars Hand #168459275812:  Hold'em Limit ($3/$6 USD) - 2017/04/02 6:45:04 ET
Table 'Nata' 10-max Seat #1 is the button
Seat 1: anebodil ($65.25 in chips)
Seat 5: simper11 ($142.75 in chips)
anebodil: posts small blind $1
simper11: posts big blind $3
*** HOLE CARDS ***
anebodil: calls $2
simper11: checks
*** FLOP *** [9s 4d 3c]
simper11: checks
anebodil: checks
*** TURN *** [9s 4d 3c] [8d]
simper11: checks
anebodil: checks
*** RIVER *** [9s 4d 3c 8d] [8h]
simper11: checks
anebodil: checks
*** SHOW DOWN ***
simper11: shows [7s Ks] (a pair of Eights)
anebodil: mucks hand
simper11 collected $5.88 from pot
*** SUMMARY ***
Total pot $6 | Rake $0.12
Board [9s 4d 3c 8d 8h]
Seat 1: anebodil (button) (small blind) mucked
Seat 5: simper11 (big blind) showed [7s Ks] and won ($5.88) with a pair of Eights


PokerStars Hand #168459265336:  Hold'em Limit ($3/$6 USD) - 2017/04/02 6:44:42 ET
Table 'Nata' 10-max Seat #5 is the button
Seat 1: anebodil ($44.75 in chips)
Seat 5: simper11 ($163.75 in chips)
simper11: posts small blind $1
anebodil: posts big blind $3
*** HOLE CARDS ***
simper11: raises $3 to $6
anebodil: calls $3
*** FLOP *** [3c 7h 8d]
anebodil: bets $3
simper11: calls $3
*** TURN *** [3c 7h 8d] [9d]
anebodil: bets $6
simper11: calls $6
*** RIVER *** [3c 7h 8d 9d] [Kc]
anebodil: bets $6
simper11: calls $6
*** SHOW DOWN ***
anebodil: shows [7d 6d] (a pair of Sevens)
simper11: mucks hand
anebodil collected $41.50 from pot
*** SUMMARY ***
Total pot $42 | Rake $0.50
Board [3c 7h 8d 9d Kc]
Seat 1: anebodil (big blind) showed [7d 6d] and won ($41.50) with a pair of Sevens
Seat 5: simper11 (button) (small blind) mucked


PokerStars Hand #168459256208:  Hold'em Limit ($3/$6 USD) - 2017/04/02 6:44:23 ET
Table 'Nata' 10-max Seat #1 is the button
Seat 1: anebodil ($65.75 in chips)
Seat 5: simper11 ($143.25 in chips)
anebodil: posts small blind $1
simper11: posts big blind $3
*** HOLE CARDS ***
anebodil: calls $2
simper11: checks
*** FLOP *** [Kh 4d 6c]
simper11: checks
anebodil: bets $3
simper11: raises $3 to $6
anebodil: calls $3
*** TURN *** [Kh 4d 6c] [Ac]
simper11: bets $6
anebodil: calls $6
*** RIVER *** [Kh 4d 6c Ac] [Js]
simper11: bets $6
anebodil: calls $6
*** SHOW DOWN ***
simper11: shows [Ks 9h] (a pair of Kings)
anebodil: mucks hand
simper11 collected $41.50 from pot
*** SUMMARY ***
Total pot $42 | Rake $0.50
Board [Kh 4d 6c Ac Js]
Seat 1: anebodil (button) (small blind) mucked
Seat 5: simper11 (big blind) showed [Ks 9h] and won ($41.50) with a pair of Kings


PokerStars Hand #168459295817:  Hold'em Limit ($3/$6 USD) - 2017/04/02 6:45:45 ET
Table 'Nata' 10-max Seat #5 is the button
Seat 1: anebodil ($35.25 in chips)
Seat 5: simper11 ($172.13 in chips)
simper11: posts small blind $1
anebodil: posts big blind $3
*** HOLE CARDS ***
simper11: raises $3 to $6
anebodil: folds
Uncalled bet ($3) returned to simper11
simper11 collected $6 from pot
simper11: doesn't show hand
*** SUMMARY ***
Total pot $6 | Rake $0
Seat 1: anebodil (big blind) folded before Flop
Seat 5: simper11 (button) (small blind) collected ($6)


PokerStars Hand #168459287421:  Hold'em Limit ($3/$6 USD) - 2017/04/02 6:45:27 ET
Table 'Nata' 10-max Seat #1 is the button
Seat 1: anebodil ($59.25 in chips)
Seat 5: simper11 ($148.63 in chips)
anebodil: posts small blind $1
simper11: posts big blind $3
*** HOLE CARDS ***
anebodil: raises $3 to $6
simper11: raises $3 to $9
anebodil: calls $3
*** FLOP *** [Jd Ts 3s]
simper11: bets $3
anebodil: calls $3
*** TURN *** [Jd Ts 3s] [7s]
simper11: bets $6
anebodil: calls $6
*** RIVER *** [Jd Ts 3s 7s] [4s]
simper11: checks
anebodil: bets $6
simper11: calls $6
*** SHOW DOWN ***
anebodil: shows [8c 7h] (a pair of Sevens)
simper11: shows [9h 9c] (a pair of Nines)
HAL9QQQ joins the table at seat #2
simper11 collected $47.50 from pot
*** SUMMARY ***
Total pot $48 | Rake $0.50
Board [Jd Ts 3s 7s 4s]
Seat 1: anebodil (button) (small blind) showed [8c 7h] and lost with a pair of Sevens
Seat 5: simper11 (big blind) showed [9h 9c] and won ($47.50) with a pair of Nines


PokerStars Hand #168459335287:  Hold'em Limit ($3/$6 USD) - 2017/04/02 6:47:05 ET
Table 'Nata' 10-max Seat #4 is the button
Seat 2: HAL9QQQ ($120 in chips)
Seat 4: alfredg ($128.46 in chips)
alfredg: posts small blind $1
HAL9QQQ: posts big blind $3
*** HOLE CARDS ***
alfredg: folds
Uncalled bet ($2) returned to HAL9QQQ
Jack_Wu1985 joins the table at seat #6
HAL9QQQ collected $2 from pot
HAL9QQQ: doesn't show hand
*** SUMMARY ***
Total pot $2 | Rake $0
Seat 2: HAL9QQQ (big blind) collected ($2)
Seat 4: alfredg (button) (small blind) folded before Flop


PokerStars Hand #168459338605:  Hold'em Limit ($3/$6 USD) - 2017/04/02 6:47:12 ET
Table 'Nata' 10-max Seat #2 is the button
Seat 2: HAL9QQQ ($121 in chips)
Seat 4: alfredg ($127.46 in chips)
HAL9QQQ: posts small blind $1
alfredg: posts big blind $3
*** HOLE CARDS ***
HAL9QQQ: raises $3 to $6
alfredg: calls $3
*** FLOP *** [6d Ah Jc]
alfredg: checks
VolkovDmitri joins the table at seat #5
HAL9QQQ: bets $3
alfredg: folds
Uncalled bet ($3) returned to HAL9QQQ
HAL9QQQ collected $11.76 from pot
HAL9QQQ: doesn't show hand
*** SUMMARY ***
Total pot $12 | Rake $0.24
Board [6d Ah Jc]
Seat 2: HAL9QQQ (button) (small blind) collected ($11.76)
Seat 4: alfredg (big blind) folded on the Flop


PokerStars Hand #168459834247:  Hold'em Limit ($3/$6 USD) - 2017/04/02 7:04:38 ET
Table 'Nata' 10-max Seat #6 is the button
Seat 4: alfredg ($49.18 in chips)
Seat 6: Ale4o ($74.74 in chips)
Ale4o: posts small blind $1
HAL9QQQ: is sitting out
alfredg: posts big blind $3
*** HOLE CARDS ***
Ale4o: raises $3 to $6
alfredg: folds
Uncalled bet ($3) returned to Ale4o
Ale4o collected $6 from pot
Ale4o: doesn't show hand
*** SUMMARY ***
Total pot $6 | Rake $0
Seat 4: alfredg (big blind) folded before Flop
Seat 6: Ale4o (button) (small blind) collected ($6)


PokerStars Hand #168459838313:  Hold'em Limit ($3/$6 USD) - 2017/04/02 7:04:45 ET
Table 'Nata' 10-max Seat #4 is the button
Seat 4: alfredg ($46.18 in chips)
Seat 6: Ale4o ($77.74 in chips)
alfredg: posts small blind $1
Ale4o: posts big blind $3
*** HOLE CARDS ***
alfredg: raises $3 to $6
Ale4o: calls $3
*** FLOP *** [9d Jd Kc]
Ale4o: checks
alfredg: bets $3
Ale4o: raises $3 to $6
alfredg: calls $3
*** TURN *** [9d Jd Kc] [Qs]
Ale4o: bets $6
alfredg: raises $6 to $12
Ale4o: folds
Uncalled bet ($6) returned to alfredg
alfredg collected $35.50 from pot
*** SUMMARY ***
Total pot $36 | Rake $0.50
Board [9d Jd Kc Qs]
Seat 4: alfredg (button) (small blind) collected ($35.50)
Seat 6: Ale4o (big blind) folded on the Turn


PokerStars Hand #168460325713:  Hold'em Limit ($3/$6 USD) - 2017/04/02 7:20:59 ET
Table 'Nata' 10-max Seat #7 is the button
Seat 7: heli the b ($194.82 in chips)
Seat 10: sandi57 ($115 in chips)
heli the b: posts small blind $1
sandi57: posts big blind $3
*** HOLE CARDS ***
heli the b: folds
Uncalled bet ($2) returned to sandi57
sandi57 collected $2 from pot
*** SUMMARY ***
Total pot $2 | Rake $0
Seat 7: heli the b (button) (small blind) folded before Flop
Seat 10: sandi57 (big blind) collected ($2)


PokerStars Hand #168460318235:  Hold'em Limit ($3/$6 USD) - 2017/04/02 7:20:44 ET
Table 'Nata' 10-max Seat #10 is the button
Seat 7: heli the b ($189.06 in chips)
Seat 10: sandi57 ($121 in chips)
sandi57: posts small blind $1
HAL9QQQ: is sitting out
TbIP-TbIP 88: is sitting out
Ale4o: is sitting out
heli the b: posts big blind $3
*** HOLE CARDS ***
Ale4o leaves the table
sandi57: calls $2
heli the b: raises $3 to $6
sandi57: calls $3
*** FLOP *** [Jd Js 2s]
heli the b: bets $3
sandi57: folds
Uncalled bet ($3) returned to heli the b
heli the b collected $11.76 from pot
heli the b: doesn't show hand
*** SUMMARY ***
Total pot $12 | Rake $0.24
Board [Jd Js 2s]
Seat 7: heli the b (big blind) collected ($11.76)
Seat 10: sandi57 (button) (small blind) folded on the Flop


