PokerStars Hand #148449438450:  Hold'em Limit ($3/$6 USD) - 2016/02/08 10:47:49 ET
Table 'Nata' 10-max Seat #9 is the button
Seat 1: VolkovDmitri ($120 in chips)
Seat 9: NiktheDon ($125.76 in chips)
NiktheDon: posts small blind $1
VolkovDmitri: posts big blind $3
*** HOLE CARDS ***
NiktheDon: calls $2
VolkovDmitri: raises $3 to $6
NiktheDon: calls $3
*** FLOP *** [Js 2c 7d]
VolkovDmitri: bets $3
NiktheDon: raises $3 to $6
VolkovDmitri: calls $3
*** TURN *** [Js 2c 7d] [3s]
VolkovDmitri: checks
NiktheDon: bets $6
VolkovDmitri: calls $6
*** RIVER *** [Js 2c 7d 3s] [8h]
VolkovDmitri: checks
NiktheDon: bets $6
VolkovDmitri: calls $6
*** SHOW DOWN ***
NiktheDon: shows [Kc Jc] (a pair of Jacks)
VolkovDmitri: mucks hand
NiktheDon collected $47.50 from pot
*** SUMMARY ***
Total pot $48 | Rake $0.50
Board [Js 2c 7d 3s 8h]
Seat 1: VolkovDmitri (big blind) mucked
Seat 9: NiktheDon (button) (small blind) showed [Kc Jc] and won ($47.50) with a pair of Jacks


PokerStars Hand #148449491112:  Hold'em Limit ($3/$6 USD) - 2016/02/08 10:48:53 ET
Table 'Nata' 10-max Seat #1 is the button
Seat 1: VolkovDmitri ($120 in chips)
Seat 9: NiktheDon ($149.26 in chips)
VolkovDmitri: posts small blind $1
NiktheDon: posts big blind $3
*** HOLE CARDS ***
VolkovDmitri: raises $3 to $6
NiktheDon: raises $3 to $9
VolkovDmitri: calls $3
*** FLOP *** [6h 9s Ks]
NiktheDon: checks
VolkovDmitri: bets $3
NiktheDon: raises $3 to $6
VolkovDmitri: calls $3
*** TURN *** [6h 9s Ks] [9c]
NiktheDon: checks
VolkovDmitri: checks
*** RIVER *** [6h 9s Ks 9c] [3c]
NiktheDon: bets $6
VolkovDmitri: calls $6
*** SHOW DOWN ***
NiktheDon: shows [Qs Qh] (two pair, Queens and Nines)
VolkovDmitri: mucks hand
NiktheDon collected $41.50 from pot
*** SUMMARY ***
Total pot $42 | Rake $0.50
Board [6h 9s Ks 9c 3c]
Seat 1: VolkovDmitri (button) (small blind) mucked
Seat 9: NiktheDon (big blind) showed [Qs Qh] and won ($41.50) with two pair, Queens and Nines


PokerStars Hand #148449534764:  Hold'em Limit ($3/$6 USD) - 2016/02/08 10:49:45 ET
Table 'Nata' 10-max Seat #9 is the button
Seat 1: VolkovDmitri ($120 in chips)
Seat 9: NiktheDon ($169.76 in chips)
NiktheDon: posts small blind $1
VolkovDmitri: posts big blind $3
*** HOLE CARDS ***
NiktheDon: folds
Uncalled bet ($2) returned to VolkovDmitri
VolkovDmitri collected $2 from pot
*** SUMMARY ***
Total pot $2 | Rake $0
Seat 1: VolkovDmitri (big blind) collected ($2)
Seat 9: NiktheDon (button) (small blind) folded before Flop


PokerStars Hand #148449540421:  Hold'em Limit ($3/$6 USD) - 2016/02/08 10:49:52 ET
Table 'Nata' 10-max Seat #1 is the button
Seat 1: VolkovDmitri ($121 in chips)
Seat 9: NiktheDon ($168.76 in chips)
VolkovDmitri: posts small blind $1
NiktheDon: posts big blind $3
*** HOLE CARDS ***
VolkovDmitri: raises $3 to $6
NiktheDon: folds
Uncalled bet ($3) returned to VolkovDmitri
VolkovDmitri collected $6 from pot
*** SUMMARY ***
Total pot $6 | Rake $0
Seat 1: VolkovDmitri (button) (small blind) collected ($6)
Seat 9: NiktheDon (big blind) folded before Flop


