PokerStars Hand #144375301734:  Hold'em Limit ($3/$6 USD) - 2015/11/25 14:52:46 ET
Table 'Natalie' 6-max Seat #4 is the button
Seat 3: 5PRUT5 ($44.25 in chips)
Seat 4: Great_Kang ($121 in chips)
Great_Kang: posts small blind $1
5PRUT5: posts big blind $3
*** HOLE CARDS ***
vestimokrec joins the table at seat #5
Great_Kang: raises $3 to $6
5PRUT5: calls $3
*** FLOP *** [4d 3h 5c]
5PRUT5: checks
Great_Kang: bets $3
5PRUT5: raises $3 to $6
Great_Kang: calls $3
*** TURN *** [4d 3h 5c] [Js]
5PRUT5: bets $6
Great_Kang: raises $6 to $12
5PRUT5: raises $6 to $18
Great_Kang: calls $6
*** RIVER *** [4d 3h 5c Js] [9s]
5PRUT5: bets $6
DirtyDouble2 joins the table at seat #2
Great_Kang: calls $6
*** SHOW DOWN ***
5PRUT5: shows [Jd 5h] (two pair, Jacks and Fives)
Great_Kang: mucks hand
5PRUT5 collected $71.50 from pot
*** SUMMARY ***
Total pot $72 | Rake $0.50
Board [4d 3h 5c Js 9s]
Seat 3: 5PRUT5 (big blind) showed [Jd 5h] and won ($71.50) with two pair, Jacks and Fives
Seat 4: Great_Kang (button) (small blind) mucked


PokerStars Hand #144375334347:  Hold'em Limit ($3/$6 USD) - 2015/11/25 14:53:20 ET
Table 'Natalie' 6-max Seat #3 is the button
Seat 3: 5PRUT5 ($79.75 in chips)
Seat 4: Great_Kang ($120 in chips)
5PRUT5: posts small blind $1
Great_Kang: posts big blind $3
*** HOLE CARDS ***
5PRUT5: calls $2
Great_Kang: raises $3 to $6
5PRUT5: calls $3
*** FLOP *** [5d 3h Qc]
Great_Kang: bets $3
5PRUT5: calls $3
*** TURN *** [5d 3h Qc] [6s]
Great_Kang: checks
5PRUT5: checks
*** RIVER *** [5d 3h Qc 6s] [Ac]
Great_Kang: checks
5PRUT5: bets $6
Great_Kang: folds
Uncalled bet ($6) returned to 5PRUT5
SashaYuvelir joins the table at seat #6
5PRUT5 collected $17.64 from pot
5PRUT5: doesn't show hand
*** SUMMARY ***
Total pot $18 | Rake $0.36
Board [5d 3h Qc 6s Ac]
Seat 3: 5PRUT5 (button) (small blind) collected ($17.64)
Seat 4: Great_Kang (big blind) folded on the River


PokerStars Hand #144375613014:  Hold'em Limit ($3/$6 USD) - 2015/11/25 14:59:17 ET
Table 'Natalie' 6-max Seat #2 is the button
Seat 1: PelonCabelao ($183.37 in chips)
Seat 2: DirtyDouble2 ($27.04 in chips)
DirtyDouble2: posts small blind $1
Karpik09: is sitting out
vestimokrec: is sitting out
SashaYuvelir: is sitting out
PelonCabelao: posts big blind $3
*** HOLE CARDS ***
SashaYuvelir leaves the table
DirtyDouble2: raises $3 to $6
PelonCabelao: folds
Uncalled bet ($3) returned to DirtyDouble2
DirtyDouble2 collected $6 from pot
*** SUMMARY ***
Total pot $6 | Rake $0
Seat 1: PelonCabelao (big blind) folded before Flop
Seat 2: DirtyDouble2 (button) (small blind) collected ($6)


