PokerStars Hand #168876163145:  Hold'em Limit ($3/$6 USD) - 2017/04/11 2:38:27 ET
Table 'Natalie' 6-max Seat #1 is the button
Seat 1: LifeisagameX ($84 in chips)
Seat 4: Atef77aca ($60.09 in chips)
LifeisagameX: posts small blind $1
Atef77aca: posts big blind $3
*** HOLE CARDS ***
LifeisagameX: raises $3 to $6
Atef77aca: calls $3
*** FLOP *** [Th 5h Jh]
Atef77aca: checks
LifeisagameX: bets $3
Atef77aca: calls $3
*** TURN *** [Th 5h Jh] [Ks]
Atef77aca: checks
LifeisagameX: checks
*** RIVER *** [Th 5h Jh Ks] [5s]
Atef77aca: bets $6
LifeisagameX: folds
Uncalled bet ($6) returned to Atef77aca
Atef77aca collected $17.64 from pot
Atef77aca: doesn't show hand
*** SUMMARY ***
Total pot $18 | Rake $0.36
Board [Th 5h Jh Ks 5s]
Seat 1: LifeisagameX (button) (small blind) folded on the River
Seat 4: Atef77aca (big blind) collected ($17.64)


PokerStars Hand #168876175527:  Hold'em Limit ($3/$6 USD) - 2017/04/11 2:39:11 ET
Table 'Natalie' 6-max Seat #4 is the button
Seat 1: LifeisagameX ($84 in chips)
Seat 4: Atef77aca ($68.73 in chips)
Atef77aca: posts small blind $1
LifeisagameX: posts big blind $3
*** HOLE CARDS ***
MTails joins the table at seat #3
Atef77aca: calls $2
LifeisagameX: raises $3 to $6
Atef77aca: calls $3
*** FLOP *** [Kd Qd 8d]
LifeisagameX: bets $3
Atef77aca: folds
Uncalled bet ($3) returned to LifeisagameX
LifeisagameX collected $11.76 from pot
LifeisagameX: doesn't show hand
*** SUMMARY ***
Total pot $12 | Rake $0.24
Board [Kd Qd 8d]
Seat 1: LifeisagameX (big blind) collected ($11.76)
Seat 4: Atef77aca (button) (small blind) folded on the Flop


PokerStars Hand #168876188260:  Hold'em Limit ($3/$6 USD) - 2017/04/11 2:39:59 ET
Table 'Natalie' 6-max Seat #3 is the button
Seat 3: MTails ($111 in chips)
Seat 4: Atef77aca ($72.16 in chips)
MTails: posts small blind $1
Atef77aca: posts big blind $3
*** HOLE CARDS ***
MTails: folds
Uncalled bet ($2) returned to Atef77aca
Atef77aca collected $2 from pot
Atef77aca: doesn't show hand
*** SUMMARY ***
Total pot $2 | Rake $0
Seat 3: MTails (button) (small blind) folded before Flop
Seat 4: Atef77aca (big blind) collected ($2)


PokerStars Hand #168876189668:  Hold'em Limit ($3/$6 USD) - 2017/04/11 2:40:04 ET
Table 'Natalie' 6-max Seat #4 is the button
Seat 3: MTails ($110 in chips)
Seat 4: Atef77aca ($73.16 in chips)
Atef77aca: posts small blind $1
MTails: posts big blind $3
*** HOLE CARDS ***
Atef77aca: calls $2
MTails: raises $3 to $6
Atef77aca: calls $3
*** FLOP *** [9c 2h 8h]
MTails: bets $3
Atef77aca: calls $3
*** TURN *** [9c 2h 8h] [5d]
MTails: checks
Atef77aca: checks
*** RIVER *** [9c 2h 8h 5d] [3c]
MTails: bets $6
Atef77aca: calls $6
*** SHOW DOWN ***
MTails: shows [4c Qc] (high card Queen)
Atef77aca: shows [Kd 7h] (high card King)
Atef77aca collected $29.50 from pot
*** SUMMARY ***
Total pot $30 | Rake $0.50
Board [9c 2h 8h 5d 3c]
Seat 3: MTails (big blind) showed [4c Qc] and lost with high card Queen
Seat 4: Atef77aca (button) (small blind) showed [Kd 7h] and won ($29.50) with high card King


PokerStars Hand #168876196575:  Hold'em Limit ($3/$6 USD) - 2017/04/11 2:40:29 ET
Table 'Natalie' 6-max Seat #3 is the button
Seat 3: MTails ($95 in chips)
Seat 4: Atef77aca ($87.66 in chips)
MTails: posts small blind $1
Atef77aca: posts big blind $3
*** HOLE CARDS ***
MTails: raises $3 to $6
Atef77aca: calls $3
*** FLOP *** [7s Jd 6d]
Atef77aca: checks
MTails: bets $3
Atef77aca: calls $3
*** TURN *** [7s Jd 6d] [5d]
Atef77aca: checks
MTails: bets $6
Atef77aca: calls $6
*** RIVER *** [7s Jd 6d 5d] [5h]
Atef77aca: checks
MTails: checks
*** SHOW DOWN ***
Atef77aca: shows [Js 4h] (two pair, Jacks and Fives)
MTails: mucks hand
Atef77aca collected $29.50 from pot
*** SUMMARY ***
Total pot $30 | Rake $0.50
Board [7s Jd 6d 5d 5h]
Seat 3: MTails (button) (small blind) mucked
Seat 4: Atef77aca (big blind) showed [Js 4h] and won ($29.50) with two pair, Jacks and Fives


PokerStars Hand #168876203968:  Hold'em Limit ($3/$6 USD) - 2017/04/11 2:40:56 ET
Table 'Natalie' 6-max Seat #4 is the button
Seat 3: MTails ($80 in chips)
Seat 4: Atef77aca ($102.16 in chips)
Atef77aca: posts small blind $1
MTails: posts big blind $3
*** HOLE CARDS ***
Atef77aca: calls $2
MTails: raises $3 to $6
Atef77aca: calls $3
*** FLOP *** [Qh 4d 5h]
MTails: bets $3
Atef77aca: calls $3
*** TURN *** [Qh 4d 5h] [Jh]
MTails: bets $6
Atef77aca: calls $6
*** RIVER *** [Qh 4d 5h Jh] [As]
MTails: bets $6
Atef77aca: calls $6
*** SHOW DOWN ***
MTails: shows [3h 7s] (high card Ace)
Atef77aca: shows [5d 2d] (a pair of Fives)
Atef77aca collected $41.50 from pot
*** SUMMARY ***
Total pot $42 | Rake $0.50
Board [Qh 4d 5h Jh As]
Seat 3: MTails (big blind) showed [3h 7s] and lost with high card Ace
Seat 4: Atef77aca (button) (small blind) showed [5d 2d] and won ($41.50) with a pair of Fives


PokerStars Hand #168876223607:  Hold'em Limit ($3/$6 USD) - 2017/04/11 2:42:07 ET
Table 'Natalie' 6-max Seat #3 is the button
Seat 3: MTails ($130.50 in chips)
Seat 4: Atef77aca ($110.54 in chips)
MTails: posts small blind $1
Atef77aca: posts big blind $3
*** HOLE CARDS ***
MTails: raises $3 to $6
Atef77aca: calls $3
*** FLOP *** [Ac 9s 6s]
Atef77aca: checks
MTails: bets $3
Atef77aca: folds
Uncalled bet ($3) returned to MTails
MTails collected $11.76 from pot
*** SUMMARY ***
Total pot $12 | Rake $0.24
Board [Ac 9s 6s]
Seat 3: MTails (button) (small blind) collected ($11.76)
Seat 4: Atef77aca (big blind) folded on the Flop


PokerStars Hand #168876219510:  Hold'em Limit ($3/$6 USD) - 2017/04/11 2:41:52 ET
Table 'Natalie' 6-max Seat #4 is the button
Seat 3: MTails ($133.50 in chips)
Seat 4: Atef77aca ($107.66 in chips)
Atef77aca: posts small blind $1
MTails: posts big blind $3
*** HOLE CARDS ***
Atef77aca: calls $2
MTails: checks
*** FLOP *** [9c 4c 3h]
MTails: checks
Atef77aca: bets $3
MTails: folds
Uncalled bet ($3) returned to Atef77aca
Atef77aca collected $5.88 from pot
Atef77aca: doesn't show hand
*** SUMMARY ***
Total pot $6 | Rake $0.12
Board [9c 4c 3h]
Seat 3: MTails (big blind) folded on the Flop
Seat 4: Atef77aca (button) (small blind) collected ($5.88)


PokerStars Hand #168876212327:  Hold'em Limit ($3/$6 USD) - 2017/04/11 2:41:26 ET
Table 'Natalie' 6-max Seat #3 is the button
Seat 3: MTails ($119 in chips)
Seat 4: Atef77aca ($122.66 in chips)
MTails: posts small blind $1
Atef77aca: posts big blind $3
*** HOLE CARDS ***
MTails: raises $3 to $6
Atef77aca: calls $3
*** FLOP *** [Jc Qs Th]
Atef77aca: checks
MTails: bets $3
Atef77aca: calls $3
*** TURN *** [Jc Qs Th] [8d]
Atef77aca: checks
MTails: bets $6
Atef77aca: calls $6
*** RIVER *** [Jc Qs Th 8d] [5h]
Atef77aca: checks
MTails: checks
*** SHOW DOWN ***
Atef77aca: shows [Kh 6h] (high card King)
MTails: shows [Kd 8s] (a pair of Eights)
MTails collected $29.50 from pot
*** SUMMARY ***
Total pot $30 | Rake $0.50
Board [Jc Qs Th 8d 5h]
Seat 3: MTails (button) (small blind) showed [Kd 8s] and won ($29.50) with a pair of Eights
Seat 4: Atef77aca (big blind) showed [Kh 6h] and lost with high card King


PokerStars Hand #168876226947:  Hold'em Limit ($3/$6 USD) - 2017/04/11 2:42:19 ET
Table 'Natalie' 6-max Seat #4 is the button
Seat 3: MTails ($136.26 in chips)
Seat 4: Atef77aca ($104.54 in chips)
Atef77aca: posts small blind $1
MTails: posts big blind $3
*** HOLE CARDS ***
Atef77aca: calls $2
MTails: raises $3 to $6
Atef77aca: calls $3
*** FLOP *** [Qh Js 9s]
MTails: bets $3
Atef77aca: calls $3
*** TURN *** [Qh Js 9s] [4d]
MTails: checks
Atef77aca: bets $6
MTails: calls $6
*** RIVER *** [Qh Js 9s 4d] [Jc]
MTails: checks
Atef77aca: bets $6
MTails: calls $6
*** SHOW DOWN ***
Atef77aca: shows [Th Qs] (two pair, Queens and Jacks)
MTails: mucks hand
Atef77aca collected $41.50 from pot
*** SUMMARY ***
Total pot $42 | Rake $0.50
Board [Qh Js 9s 4d Jc]
Seat 3: MTails (big blind) mucked
Seat 4: Atef77aca (button) (small blind) showed [Th Qs] and won ($41.50) with two pair, Queens and Jacks


PokerStars Hand #168876233237:  Hold'em Limit ($3/$6 USD) - 2017/04/11 2:42:42 ET
Table 'Natalie' 6-max Seat #3 is the button
Seat 3: MTails ($115.26 in chips)
Seat 4: Atef77aca ($125.04 in chips)
MTails: posts small blind $1
Atef77aca: posts big blind $3
*** HOLE CARDS ***
MTails: raises $3 to $6
Atef77aca: calls $3
*** FLOP *** [Ac 8h 4h]
Singmakke74 joins the table at seat #5
Atef77aca: checks
MTails: bets $3
Atef77aca: calls $3
*** TURN *** [Ac 8h 4h] [5c]
Atef77aca: checks
MTails: checks
*** RIVER *** [Ac 8h 4h 5c] [Td]
Atef77aca: checks
MTails: checks
*** SHOW DOWN ***
Atef77aca: shows [2h Ks] (high card Ace)
MTails: mucks hand
Atef77aca collected $17.64 from pot
*** SUMMARY ***
Total pot $18 | Rake $0.36
Board [Ac 8h 4h 5c Td]
Seat 3: MTails (button) (small blind) mucked
Seat 4: Atef77aca (big blind) showed [2h Ks] and won ($17.64) with high card Ace


PokerStars Hand #168876654076:  Hold'em Limit ($3/$6 USD) - 2017/04/11 3:08:21 ET
Table 'Natalie' 6-max Seat #6 is the button
Seat 4: Atef77aca ($89.61 in chips)
Seat 6: Sleeper007 ($225.44 in chips)
Sleeper007: posts small blind $1
MTails: is sitting out
Atef77aca: posts big blind $3
*** HOLE CARDS ***
Sleeper007: raises $3 to $6
MTails leaves the table
Atef77aca: calls $3
*** FLOP *** [Ah Qs Tc]
Atef77aca: checks
MTails joins the table at seat #2
Sleeper007: bets $3
Atef77aca: calls $3
*** TURN *** [Ah Qs Tc] [2h]
Atef77aca: checks
Sleeper007: bets $6
Atef77aca: calls $6
*** RIVER *** [Ah Qs Tc 2h] [7c]
Atef77aca: checks
Sleeper007: bets $6
Atef77aca: calls $6
*** SHOW DOWN ***
Sleeper007: shows [8s Ac] (a pair of Aces)
Atef77aca: mucks hand
Sleeper007 collected $41.50 from pot
*** SUMMARY ***
Total pot $42 | Rake $0.50
Board [Ah Qs Tc 2h 7c]
Seat 4: Atef77aca (big blind) mucked
Seat 6: Sleeper007 (button) (small blind) showed [8s Ac] and won ($41.50) with a pair of Aces


PokerStars Hand #168876667900:  Hold'em Limit ($3/$6 USD) - 2017/04/11 3:09:10 ET
Table 'Natalie' 6-max Seat #2 is the button
Seat 2: MTails ($128.64 in chips)
Seat 4: Atef77aca ($59.61 in chips)
MTails: posts small blind $1
Atef77aca: posts big blind $3
*** HOLE CARDS ***
MTails: raises $3 to $6
Atef77aca: calls $3
*** FLOP *** [3d Jc As]
Atef77aca: checks
MTails: bets $3
Atef77aca: calls $3
*** TURN *** [3d Jc As] [7d]
Atef77aca: checks
MTails: checks
*** RIVER *** [3d Jc As 7d] [8h]
Atef77aca: bets $6
MTails: folds
Uncalled bet ($6) returned to Atef77aca
Atef77aca collected $17.64 from pot
Atef77aca: doesn't show hand
*** SUMMARY ***
Total pot $18 | Rake $0.36
Board [3d Jc As 7d 8h]
Seat 2: MTails (button) (small blind) folded on the River
Seat 4: Atef77aca (big blind) collected ($17.64)


PokerStars Hand #168876674419:  Hold'em Limit ($3/$6 USD) - 2017/04/11 3:09:34 ET
Table 'Natalie' 6-max Seat #4 is the button
Seat 2: MTails ($119.64 in chips)
Seat 4: Atef77aca ($68.25 in chips)
Atef77aca: posts small blind $1
MTails: posts big blind $3
*** HOLE CARDS ***
Atef77aca: folds
Uncalled bet ($2) returned to MTails
MTails collected $2 from pot
*** SUMMARY ***
Total pot $2 | Rake $0
Seat 2: MTails (big blind) collected ($2)
Seat 4: Atef77aca (button) (small blind) folded before Flop


PokerStars Hand #168876676496:  Hold'em Limit ($3/$6 USD) - 2017/04/11 3:09:41 ET
Table 'Natalie' 6-max Seat #2 is the button
Seat 2: MTails ($120.64 in chips)
Seat 4: Atef77aca ($67.25 in chips)
MTails: posts small blind $1
Atef77aca: posts big blind $3
*** HOLE CARDS ***
MTails: raises $3 to $6
Atef77aca: calls $3
*** FLOP *** [Tc 9s 4h]
Atef77aca: checks
MTails: bets $3
Atef77aca: calls $3
*** TURN *** [Tc 9s 4h] [2c]
Atef77aca: checks
MTails: bets $6
Atef77aca: calls $6
*** RIVER *** [Tc 9s 4h 2c] [7s]
Atef77aca: checks
MTails: bets $6
Atef77aca: raises $6 to $12
MTails: raises $6 to $18
Atef77aca: calls $6
*** SHOW DOWN ***
MTails: shows [8s 6s] (a straight, Six to Ten)
Atef77aca: mucks hand
MTails collected $65.50 from pot
*** SUMMARY ***
Total pot $66 | Rake $0.50
Board [Tc 9s 4h 2c 7s]
Seat 2: MTails (button) (small blind) showed [8s 6s] and won ($65.50) with a straight, Six to Ten
Seat 4: Atef77aca (big blind) mucked


PokerStars Hand #168876684526:  Hold'em Limit ($3/$6 USD) - 2017/04/11 3:10:09 ET
Table 'Natalie' 6-max Seat #4 is the button
Seat 2: MTails ($153.14 in chips)
Seat 4: Atef77aca ($34.25 in chips)
Atef77aca: posts small blind $1
MTails: posts big blind $3
*** HOLE CARDS ***
Atef77aca: calls $2
MTails: raises $3 to $6
Atef77aca: calls $3
*** FLOP *** [6s 7d Jc]
MTails: checks
Atef77aca: checks
*** TURN *** [6s 7d Jc] [2h]
MTails: bets $6
Atef77aca: calls $6
*** RIVER *** [6s 7d Jc 2h] [Jh]
MTails: bets $6
Atef77aca: raises $6 to $12
MTails: calls $6
*** SHOW DOWN ***
Atef77aca: shows [8s Jd] (three of a kind, Jacks)
MTails: mucks hand
Atef77aca collected $47.50 from pot
*** SUMMARY ***
Total pot $48 | Rake $0.50
Board [6s 7d Jc 2h Jh]
Seat 2: MTails (big blind) mucked
Seat 4: Atef77aca (button) (small blind) showed [8s Jd] and won ($47.50) with three of a kind, Jacks


PokerStars Hand #168876701812:  Hold'em Limit ($3/$6 USD) - 2017/04/11 3:11:11 ET
Table 'Natalie' 6-max Seat #4 is the button
Seat 2: MTails ($137.78 in chips)
Seat 4: Atef77aca ($48.75 in chips)
Atef77aca: posts small blind $1
MTails: posts big blind $3
*** HOLE CARDS ***
Atef77aca: calls $2
MTails: checks
*** FLOP *** [6s 6h Qh]
MTails: checks
Atef77aca: checks
*** TURN *** [6s 6h Qh] [As]
MTails: checks
Atef77aca: bets $6
MTails: folds
Uncalled bet ($6) returned to Atef77aca
Atef77aca collected $5.88 from pot
Atef77aca: doesn't show hand
*** SUMMARY ***
Total pot $6 | Rake $0.12
Board [6s 6h Qh As]
Seat 2: MTails (big blind) folded on the Turn
Seat 4: Atef77aca (button) (small blind) collected ($5.88)


PokerStars Hand #168876694611:  Hold'em Limit ($3/$6 USD) - 2017/04/11 3:10:45 ET
Table 'Natalie' 6-max Seat #2 is the button
Seat 2: MTails ($129.14 in chips)
Seat 4: Atef77aca ($57.75 in chips)
MTails: posts small blind $1
Atef77aca: posts big blind $3
*** HOLE CARDS ***
MTails: raises $3 to $6
Atef77aca: calls $3
*** FLOP *** [9c Qs 5s]
Atef77aca: checks
MTails: bets $3
Atef77aca: calls $3
*** TURN *** [9c Qs 5s] [2c]
Atef77aca: checks
MTails: bets $6
Atef77aca: folds
Uncalled bet ($6) returned to MTails
MTails collected $17.64 from pot
*** SUMMARY ***
Total pot $18 | Rake $0.36
Board [9c Qs 5s 2c]
Seat 2: MTails (button) (small blind) collected ($17.64)
Seat 4: Atef77aca (big blind) folded on the Turn


PokerStars Hand #168876714526:  Hold'em Limit ($3/$6 USD) - 2017/04/11 3:11:57 ET
Table 'Natalie' 6-max Seat #2 is the button
Seat 2: MTails ($162.28 in chips)
Seat 4: Atef77aca ($23.63 in chips)
MTails: posts small blind $1
Atef77aca: posts big blind $3
*** HOLE CARDS ***
MTails: raises $3 to $6
Atef77aca: calls $3
*** FLOP *** [Ad 6s 3c]
Atef77aca: checks
MTails: bets $3
Atef77aca: calls $3
*** TURN *** [Ad 6s 3c] [4d]
Atef77aca: checks
MTails: checks
*** RIVER *** [Ad 6s 3c 4d] [5d]
Atef77aca: bets $6
MTails: calls $6
*** SHOW DOWN ***
Atef77aca: shows [3h Jc] (a pair of Threes)
MTails: shows [4s Th] (a pair of Fours)
MTails collected $29.50 from pot
*** SUMMARY ***
Total pot $30 | Rake $0.50
Board [Ad 6s 3c 4d 5d]
Seat 2: MTails (button) (small blind) showed [4s Th] and won ($29.50) with a pair of Fours
Seat 4: Atef77aca (big blind) showed [3h Jc] and lost with a pair of Threes


PokerStars Hand #168876719229:  Hold'em Limit ($3/$6 USD) - 2017/04/11 3:12:13 ET
Table 'Natalie' 6-max Seat #4 is the button
Seat 2: MTails ($176.78 in chips)
Seat 4: Atef77aca ($8.63 in chips)
Atef77aca: posts small blind $1
MTails: posts big blind $3
*** HOLE CARDS ***
Atef77aca: raises $3 to $6
MTails: raises $3 to $9
Atef77aca: calls $2.63 and is all-in
Uncalled bet ($0.37) returned to MTails
*** FLOP *** [4c 7h Qs]
*** TURN *** [4c 7h Qs] [7d]
*** RIVER *** [4c 7h Qs 7d] [6c]
*** SHOW DOWN ***
MTails: shows [6d Ac] (two pair, Sevens and Sixes)
Atef77aca: shows [9h 8s] (a pair of Sevens)
MTails collected $16.91 from pot
*** SUMMARY ***
Total pot $17.26 | Rake $0.35
Board [4c 7h Qs 7d 6c]
Seat 2: MTails (big blind) showed [6d Ac] and won ($16.91) with two pair, Sevens and Sixes
Seat 4: Atef77aca (button) (small blind) showed [9h 8s] and lost with a pair of Sevens


PokerStars Hand #168876713140:  Hold'em Limit ($3/$6 USD) - 2017/04/11 3:11:52 ET
Table 'Natalie' 6-max Seat #4 is the button
Seat 2: MTails ($161.28 in chips)
Seat 4: Atef77aca ($24.63 in chips)
Atef77aca: posts small blind $1
MTails: posts big blind $3
*** HOLE CARDS ***
Atef77aca: folds
Uncalled bet ($2) returned to MTails
MTails collected $2 from pot
*** SUMMARY ***
Total pot $2 | Rake $0
Seat 2: MTails (big blind) collected ($2)
Seat 4: Atef77aca (button) (small blind) folded before Flop


PokerStars Hand #168876706455:  Hold'em Limit ($3/$6 USD) - 2017/04/11 3:11:28 ET
Table 'Natalie' 6-max Seat #2 is the button
Seat 2: MTails ($134.78 in chips)
Seat 4: Atef77aca ($51.63 in chips)
MTails: posts small blind $1
Atef77aca: posts big blind $3
*** HOLE CARDS ***
MTails: raises $3 to $6
Atef77aca: calls $3
*** FLOP *** [9s 6s 6c]
Atef77aca: bets $3
MTails: calls $3
*** TURN *** [9s 6s 6c] [6h]
Atef77aca: bets $6
MTails: raises $6 to $12
Atef77aca: calls $6
*** RIVER *** [9s 6s 6c 6h] [9c]
Atef77aca: checks
MTails: bets $6
Atef77aca: calls $6
*** SHOW DOWN ***
MTails: shows [9d 7c] (a full house, Nines full of Sixes)
Atef77aca: mucks hand
MTails collected $53.50 from pot
*** SUMMARY ***
Total pot $54 | Rake $0.50
Board [9s 6s 6c 6h 9c]
Seat 2: MTails (button) (small blind) showed [9d 7c] and won ($53.50) with a full house, Nines full of Sixes
Seat 4: Atef77aca (big blind) mucked


