PokerStars Hand #144659431276:  Hold'em Limit ($3/$6 USD) - 2015/12/01 9:57:10 ET
Table 'Nauheima' 2-max Seat #2 is the button
Seat 1: ME HAPPYBEE ($120 in chips)
Seat 2: mobo2008 ($81.88 in chips)
mobo2008: posts small blind $1
ME HAPPYBEE: posts big blind $3
*** HOLE CARDS ***
mobo2008: calls $2
ME HAPPYBEE: checks
*** FLOP *** [7d 8s 2d]
ME HAPPYBEE: checks
mobo2008: bets $3
ME HAPPYBEE: calls $3
*** TURN *** [7d 8s 2d] [Tc]
ME HAPPYBEE: checks
mobo2008: checks
*** RIVER *** [7d 8s 2d Tc] [Qc]
ME HAPPYBEE: checks
mobo2008: bets $6
ME HAPPYBEE: calls $6
*** SHOW DOWN ***
mobo2008: shows [Jh 5h] (high card Queen)
ME HAPPYBEE: shows [2s Kh] (a pair of Deuces)
ME HAPPYBEE collected $23.52 from pot
*** SUMMARY ***
Total pot $24 | Rake $0.48
Board [7d 8s 2d Tc Qc]
Seat 1: ME HAPPYBEE (big blind) showed [2s Kh] and won ($23.52) with a pair of Deuces
Seat 2: mobo2008 (button) (small blind) showed [Jh 5h] and lost with high card Queen


PokerStars Hand #144659461927:  Hold'em Limit ($3/$6 USD) - 2015/12/01 9:58:04 ET
Table 'Nauheima' 2-max Seat #2 is the button
Seat 1: ME HAPPYBEE ($146.02 in chips)
Seat 2: mobo2008 ($54.88 in chips)
mobo2008: posts small blind $1
ME HAPPYBEE: posts big blind $3
*** HOLE CARDS ***
mobo2008: calls $2
ME HAPPYBEE: raises $3 to $6
mobo2008: calls $3
*** FLOP *** [4s 8d Th]
ME HAPPYBEE: bets $3
mobo2008: calls $3
*** TURN *** [4s 8d Th] [2c]
ME HAPPYBEE: bets $6
mobo2008: calls $6
*** RIVER *** [4s 8d Th 2c] [6h]
ME HAPPYBEE: bets $6
mobo2008: folds
Uncalled bet ($6) returned to ME HAPPYBEE
ME HAPPYBEE collected $29.50 from pot
ME HAPPYBEE: doesn't show hand
*** SUMMARY ***
Total pot $30 | Rake $0.50
Board [4s 8d Th 2c 6h]
Seat 1: ME HAPPYBEE (big blind) collected ($29.50)
Seat 2: mobo2008 (button) (small blind) folded on the River


PokerStars Hand #144659446715:  Hold'em Limit ($3/$6 USD) - 2015/12/01 9:57:37 ET
Table 'Nauheima' 2-max Seat #1 is the button
Seat 1: ME HAPPYBEE ($131.52 in chips)
Seat 2: mobo2008 ($69.88 in chips)
ME HAPPYBEE: posts small blind $1
mobo2008: posts big blind $3
*** HOLE CARDS ***
ME HAPPYBEE: raises $3 to $6
mobo2008: calls $3
*** FLOP *** [5c 2h 9c]
mobo2008: checks
ME HAPPYBEE: bets $3
mobo2008: calls $3
*** TURN *** [5c 2h 9c] [Jc]
mobo2008: checks
ME HAPPYBEE: bets $6
mobo2008: calls $6
*** RIVER *** [5c 2h 9c Jc] [7h]
mobo2008: checks
ME HAPPYBEE: checks
*** SHOW DOWN ***
mobo2008: shows [Th 2s] (a pair of Deuces)
ME HAPPYBEE: shows [5s Kd] (a pair of Fives)
ME HAPPYBEE collected $29.50 from pot
*** SUMMARY ***
Total pot $30 | Rake $0.50
Board [5c 2h 9c Jc 7h]
Seat 1: ME HAPPYBEE (button) (small blind) showed [5s Kd] and won ($29.50) with a pair of Fives
Seat 2: mobo2008 (big blind) showed [Th 2s] and lost with a pair of Deuces


PokerStars Hand #144659504245:  Hold'em Limit ($3/$6 USD) - 2015/12/01 9:59:20 ET
Table 'Nauheima' 2-max Seat #2 is the button
Seat 1: ME HAPPYBEE ($171.02 in chips)
Seat 2: mobo2008 ($28.88 in chips)
mobo2008: posts small blind $1
ME HAPPYBEE: posts big blind $3
*** HOLE CARDS ***
mobo2008: raises $3 to $6
ME HAPPYBEE: folds
Uncalled bet ($3) returned to mobo2008
mobo2008 collected $6 from pot
mobo2008: doesn't show hand
*** SUMMARY ***
Total pot $6 | Rake $0
Seat 1: ME HAPPYBEE (big blind) folded before Flop
Seat 2: mobo2008 (button) (small blind) collected ($6)


PokerStars Hand #144659501306:  Hold'em Limit ($3/$6 USD) - 2015/12/01 9:59:15 ET
Table 'Nauheima' 2-max Seat #1 is the button
Seat 1: ME HAPPYBEE ($172.02 in chips)
Seat 2: mobo2008 ($27.88 in chips)
ME HAPPYBEE: posts small blind $1
mobo2008: posts big blind $3
*** HOLE CARDS ***
ME HAPPYBEE: folds
Uncalled bet ($2) returned to mobo2008
mobo2008 collected $2 from pot
mobo2008: doesn't show hand
*** SUMMARY ***
Total pot $2 | Rake $0
Seat 1: ME HAPPYBEE (button) (small blind) folded before Flop
Seat 2: mobo2008 (big blind) collected ($2)


PokerStars Hand #144659493807:  Hold'em Limit ($3/$6 USD) - 2015/12/01 9:59:01 ET
Table 'Nauheima' 2-max Seat #2 is the button
Seat 1: ME HAPPYBEE ($175.02 in chips)
Seat 2: mobo2008 ($24.88 in chips)
mobo2008: posts small blind $1
ME HAPPYBEE: posts big blind $3
*** HOLE CARDS ***
mobo2008: raises $3 to $6
ME HAPPYBEE: folds
Uncalled bet ($3) returned to mobo2008
mobo2008 collected $6 from pot
mobo2008: doesn't show hand
*** SUMMARY ***
Total pot $6 | Rake $0
Seat 1: ME HAPPYBEE (big blind) folded before Flop
Seat 2: mobo2008 (button) (small blind) collected ($6)


PokerStars Hand #144659477346:  Hold'em Limit ($3/$6 USD) - 2015/12/01 9:58:32 ET
Table 'Nauheima' 2-max Seat #1 is the button
Seat 1: ME HAPPYBEE ($160.52 in chips)
Seat 2: mobo2008 ($39.88 in chips)
ME HAPPYBEE: posts small blind $1
mobo2008: posts big blind $3
*** HOLE CARDS ***
ME HAPPYBEE: raises $3 to $6
mobo2008: calls $3
*** FLOP *** [4c Tc 6h]
mobo2008: checks
ME HAPPYBEE: bets $3
mobo2008: calls $3
*** TURN *** [4c Tc 6h] [4h]
mobo2008: checks
ME HAPPYBEE: bets $6
mobo2008: calls $6
*** RIVER *** [4c Tc 6h 4h] [Qh]
mobo2008: checks
ME HAPPYBEE: bets $6
mobo2008: folds
Uncalled bet ($6) returned to ME HAPPYBEE
ME HAPPYBEE collected $29.50 from pot
ME HAPPYBEE: doesn't show hand
*** SUMMARY ***
Total pot $30 | Rake $0.50
Board [4c Tc 6h 4h Qh]
Seat 1: ME HAPPYBEE (button) (small blind) collected ($29.50)
Seat 2: mobo2008 (big blind) folded on the River


PokerStars Hand #144659509174:  Hold'em Limit ($3/$6 USD) - 2015/12/01 9:59:29 ET
Table 'Nauheima' 2-max Seat #1 is the button
Seat 1: ME HAPPYBEE ($168.02 in chips)
Seat 2: mobo2008 ($31.88 in chips)
ME HAPPYBEE: posts small blind $1
mobo2008: posts big blind $3
*** HOLE CARDS ***
ME HAPPYBEE: raises $3 to $6
mobo2008: calls $3
*** FLOP *** [8c 6d 4h]
mobo2008: checks
ME HAPPYBEE: bets $3
mobo2008: calls $3
*** TURN *** [8c 6d 4h] [8s]
mobo2008: checks
ME HAPPYBEE: bets $6
mobo2008: calls $6
*** RIVER *** [8c 6d 4h 8s] [2d]
mobo2008: checks
ME HAPPYBEE: checks
*** SHOW DOWN ***
mobo2008: shows [6s 9h] (two pair, Eights and Sixes)
ME HAPPYBEE: mucks hand
mobo2008 collected $29.50 from pot
*** SUMMARY ***
Total pot $30 | Rake $0.50
Board [8c 6d 4h 8s 2d]
Seat 1: ME HAPPYBEE (button) (small blind) mucked
Seat 2: mobo2008 (big blind) showed [6s 9h] and won ($29.50) with two pair, Eights and Sixes


