PokerStars Hand #146737015443:  Hold'em Limit ($3/$6 USD) - 2016/01/09 9:37:21 ET
Table 'Nauplius' 2-max Seat #1 is the button
Seat 1: HARDGURU ($206.38 in chips)
Seat 2: punkrott ($122.50 in chips)
HARDGURU: posts small blind $1
punkrott: posts big blind $3
*** HOLE CARDS ***
HARDGURU: calls $2
punkrott: checks
*** FLOP *** [4h Ac 5h]
punkrott: checks
HARDGURU: bets $3
punkrott: folds
Uncalled bet ($3) returned to HARDGURU
HARDGURU collected $5.88 from pot
HARDGURU: doesn't show hand
*** SUMMARY ***
Total pot $6 | Rake $0.12
Board [4h Ac 5h]
Seat 1: HARDGURU (button) (small blind) collected ($5.88)
Seat 2: punkrott (big blind) folded on the Flop


PokerStars Hand #146736989150:  Hold'em Limit ($3/$6 USD) - 2016/01/09 9:36:49 ET
Table 'Nauplius' 2-max Seat #2 is the button
Seat 1: HARDGURU ($227.38 in chips)
Seat 2: punkrott ($102 in chips)
punkrott: posts small blind $1
HARDGURU: posts big blind $3
*** HOLE CARDS ***
punkrott: raises $3 to $6
HARDGURU: calls $3
*** FLOP *** [Jh 5d Td]
HARDGURU: checks
punkrott: bets $3
HARDGURU: calls $3
*** TURN *** [Jh 5d Td] [Jd]
HARDGURU: checks
punkrott: bets $6
HARDGURU: calls $6
*** RIVER *** [Jh 5d Td Jd] [5c]
HARDGURU: checks
punkrott: bets $6
HARDGURU: calls $6
*** SHOW DOWN ***
punkrott: shows [Jc Js] (four of a kind, Jacks)
HARDGURU: mucks hand
punkrott collected $41.50 from pot
*** SUMMARY ***
Total pot $42 | Rake $0.50
Board [Jh 5d Td Jd 5c]
Seat 1: HARDGURU (big blind) mucked
Seat 2: punkrott (button) (small blind) showed [Jc Js] and won ($41.50) with four of a kind, Jacks


PokerStars Hand #146736976031:  Hold'em Limit ($3/$6 USD) - 2016/01/09 9:36:33 ET
Table 'Nauplius' 2-max Seat #1 is the button
Seat 1: HARDGURU ($224.50 in chips)
Seat 2: punkrott ($45 in chips)
HARDGURU: posts small blind $1
punkrott: posts big blind $3
*** HOLE CARDS ***
HARDGURU: calls $2
punkrott: checks
*** FLOP *** [Qh 3d 8h]
punkrott: checks
HARDGURU: bets $3
punkrott: folds
Uncalled bet ($3) returned to HARDGURU
HARDGURU collected $5.88 from pot
HARDGURU: doesn't show hand
*** SUMMARY ***
Total pot $6 | Rake $0.12
Board [Qh 3d 8h]
Seat 1: HARDGURU (button) (small blind) collected ($5.88)
Seat 2: punkrott (big blind) folded on the Flop


PokerStars Hand #146737065277:  Hold'em Limit ($3/$6 USD) - 2016/01/09 9:38:22 ET
Table 'Nauplius' 2-max Seat #1 is the button
Seat 1: HARDGURU ($217.54 in chips)
Seat 2: punkrott ($110.14 in chips)
HARDGURU: posts small blind $1
punkrott: posts big blind $3
*** HOLE CARDS ***
HARDGURU: folds
Uncalled bet ($2) returned to punkrott
punkrott collected $2 from pot
punkrott: doesn't show hand
*** SUMMARY ***
Total pot $2 | Rake $0
Seat 1: HARDGURU (button) (small blind) folded before Flop
Seat 2: punkrott (big blind) collected ($2)


PokerStars Hand #146737051716:  Hold'em Limit ($3/$6 USD) - 2016/01/09 9:38:05 ET
Table 'Nauplius' 2-max Seat #2 is the button
Seat 1: HARDGURU ($206.02 in chips)
Seat 2: punkrott ($122.14 in chips)
punkrott: posts small blind $1
HARDGURU: posts big blind $3
*** HOLE CARDS ***
punkrott: raises $3 to $6
HARDGURU: calls $3
*** FLOP *** [9h 5h 5c]
HARDGURU: checks
punkrott: checks
*** TURN *** [9h 5h 5c] [Tc]
HARDGURU: checks
punkrott: bets $6
HARDGURU: calls $6
*** RIVER *** [9h 5h 5c Tc] [4h]
HARDGURU: checks
punkrott: checks
*** SHOW DOWN ***
HARDGURU: shows [9s Ac] (two pair, Nines and Fives)
punkrott: mucks hand
HARDGURU collected $23.52 from pot
*** SUMMARY ***
Total pot $24 | Rake $0.48
Board [9h 5h 5c Tc 4h]
Seat 1: HARDGURU (big blind) showed [9s Ac] and won ($23.52) with two pair, Nines and Fives
Seat 2: punkrott (button) (small blind) mucked


PokerStars Hand #146737036308:  Hold'em Limit ($3/$6 USD) - 2016/01/09 9:37:47 ET
Table 'Nauplius' 2-max Seat #1 is the button
Seat 1: HARDGURU ($215.02 in chips)
Seat 2: punkrott ($113.50 in chips)
HARDGURU: posts small blind $1
punkrott: posts big blind $3
*** HOLE CARDS ***
HARDGURU: raises $3 to $6
punkrott: calls $3
*** FLOP *** [8d 8h 9s]
punkrott: checks
HARDGURU: bets $3
punkrott: raises $3 to $6
HARDGURU: folds
Uncalled bet ($3) returned to punkrott
punkrott collected $17.64 from pot
punkrott: doesn't show hand
*** SUMMARY ***
Total pot $18 | Rake $0.36
Board [8d 8h 9s]
Seat 1: HARDGURU (button) (small blind) folded on the Flop
Seat 2: punkrott (big blind) collected ($17.64)


PokerStars Hand #146737025210:  Hold'em Limit ($3/$6 USD) - 2016/01/09 9:37:33 ET
Table 'Nauplius' 2-max Seat #2 is the button
Seat 1: HARDGURU ($209.26 in chips)
Seat 2: punkrott ($119.50 in chips)
punkrott: posts small blind $1
HARDGURU: posts big blind $3
*** HOLE CARDS ***
punkrott: raises $3 to $6
HARDGURU: calls $3
*** FLOP *** [Th 9c 7s]
HARDGURU: bets $3
punkrott: folds
Uncalled bet ($3) returned to HARDGURU
HARDGURU collected $11.76 from pot
HARDGURU: doesn't show hand
*** SUMMARY ***
Total pot $12 | Rake $0.24
Board [Th 9c 7s]
Seat 1: HARDGURU (big blind) collected ($11.76)
Seat 2: punkrott (button) (small blind) folded on the Flop


PokerStars Hand #146737118945:  Hold'em Limit ($3/$6 USD) - 2016/01/09 9:39:27 ET
Table 'Nauplius' 2-max Seat #1 is the button
Seat 1: HARDGURU ($239.58 in chips)
Seat 2: punkrott ($87.14 in chips)
HARDGURU: posts small blind $1
punkrott: posts big blind $3
*** HOLE CARDS ***
HARDGURU: folds
Uncalled bet ($2) returned to punkrott
punkrott collected $2 from pot
punkrott: doesn't show hand
*** SUMMARY ***
Total pot $2 | Rake $0
Seat 1: HARDGURU (button) (small blind) folded before Flop
Seat 2: punkrott (big blind) collected ($2)


PokerStars Hand #146737103221:  Hold'em Limit ($3/$6 USD) - 2016/01/09 9:39:08 ET
Table 'Nauplius' 2-max Seat #2 is the button
Seat 1: HARDGURU ($230.94 in chips)
Seat 2: punkrott ($96.14 in chips)
punkrott: posts small blind $1
HARDGURU: posts big blind $3
*** HOLE CARDS ***
punkrott: raises $3 to $6
HARDGURU: calls $3
*** FLOP *** [Ad 8h Kc]
HARDGURU: checks
punkrott: bets $3
HARDGURU: calls $3
*** TURN *** [Ad 8h Kc] [Tc]
HARDGURU: checks
punkrott: checks
*** RIVER *** [Ad 8h Kc Tc] [Th]
HARDGURU: bets $6
punkrott: folds
Uncalled bet ($6) returned to HARDGURU
HARDGURU collected $17.64 from pot
HARDGURU: doesn't show hand
*** SUMMARY ***
Total pot $18 | Rake $0.36
Board [Ad 8h Kc Tc Th]
Seat 1: HARDGURU (big blind) collected ($17.64)
Seat 2: punkrott (button) (small blind) folded on the River


PokerStars Hand #146737084183:  Hold'em Limit ($3/$6 USD) - 2016/01/09 9:38:44 ET
Table 'Nauplius' 2-max Seat #1 is the button
Seat 1: HARDGURU ($222.30 in chips)
Seat 2: punkrott ($105.14 in chips)
HARDGURU: posts small blind $1
punkrott: posts big blind $3
*** HOLE CARDS ***
HARDGURU: calls $2
punkrott: raises $3 to $6
HARDGURU: calls $3
*** FLOP *** [Kh 7s Jd]
punkrott: bets $3
HARDGURU: calls $3
*** TURN *** [Kh 7s Jd] [7c]
punkrott: checks
HARDGURU: checks
*** RIVER *** [Kh 7s Jd 7c] [2s]
punkrott: checks
HARDGURU: bets $6
punkrott: folds
Uncalled bet ($6) returned to HARDGURU
HARDGURU collected $17.64 from pot
HARDGURU: doesn't show hand
*** SUMMARY ***
Total pot $18 | Rake $0.36
Board [Kh 7s Jd 7c 2s]
Seat 1: HARDGURU (button) (small blind) collected ($17.64)
Seat 2: punkrott (big blind) folded on the River


PokerStars Hand #146737074085:  Hold'em Limit ($3/$6 USD) - 2016/01/09 9:38:32 ET
Table 'Nauplius' 2-max Seat #2 is the button
Seat 1: HARDGURU ($216.54 in chips)
Seat 2: punkrott ($111.14 in chips)
punkrott: posts small blind $1
HARDGURU: posts big blind $3
*** HOLE CARDS ***
punkrott: raises $3 to $6
HARDGURU: calls $3
*** FLOP *** [Qs 7h 8s]
HARDGURU: bets $3
punkrott: folds
Uncalled bet ($3) returned to HARDGURU
HARDGURU collected $11.76 from pot
HARDGURU: doesn't show hand
*** SUMMARY ***
Total pot $12 | Rake $0.24
Board [Qs 7h 8s]
Seat 1: HARDGURU (big blind) collected ($11.76)
Seat 2: punkrott (button) (small blind) folded on the Flop


PokerStars Hand #146737165398:  Hold'em Limit ($3/$6 USD) - 2016/01/09 9:40:23 ET
Table 'Nauplius' 2-max Seat #1 is the button
Seat 1: HARDGURU ($251.74 in chips)
Seat 2: punkrott ($133.78 in chips)
HARDGURU: posts small blind $1
punkrott: posts big blind $3
*** HOLE CARDS ***
HARDGURU: raises $3 to $6
punkrott: calls $3
*** FLOP *** [Kh 7d 6h]
punkrott: checks
HARDGURU: bets $3
punkrott: calls $3
*** TURN *** [Kh 7d 6h] [9d]
punkrott: checks
HARDGURU: checks
*** RIVER *** [Kh 7d 6h 9d] [Qd]
punkrott: bets $6
HARDGURU: calls $6
*** SHOW DOWN ***
punkrott: shows [9s Td] (a pair of Nines)
HARDGURU: shows [7h Qc] (two pair, Queens and Sevens)
HARDGURU collected $29.50 from pot
*** SUMMARY ***
Total pot $30 | Rake $0.50
Board [Kh 7d 6h 9d Qd]
Seat 1: HARDGURU (button) (small blind) showed [7h Qc] and won ($29.50) with two pair, Queens and Sevens
Seat 2: punkrott (big blind) showed [9s Td] and lost with a pair of Nines


PokerStars Hand #146737155239:  Hold'em Limit ($3/$6 USD) - 2016/01/09 9:40:11 ET
Table 'Nauplius' 2-max Seat #2 is the button
Seat 1: HARDGURU ($260.74 in chips)
Seat 2: punkrott ($125.14 in chips)
punkrott: posts small blind $1
HARDGURU: posts big blind $3
*** HOLE CARDS ***
punkrott: raises $3 to $6
HARDGURU: calls $3
*** FLOP *** [4c 4d 7s]
HARDGURU: checks
punkrott: bets $3
HARDGURU: calls $3
*** TURN *** [4c 4d 7s] [Js]
HARDGURU: checks
punkrott: bets $6
HARDGURU: folds
Uncalled bet ($6) returned to punkrott
punkrott collected $17.64 from pot
punkrott: doesn't show hand
*** SUMMARY ***
Total pot $18 | Rake $0.36
Board [4c 4d 7s Js]
Seat 1: HARDGURU (big blind) folded on the Turn
Seat 2: punkrott (button) (small blind) collected ($17.64)


PokerStars Hand #146737150900:  Hold'em Limit ($3/$6 USD) - 2016/01/09 9:40:05 ET
Table 'Nauplius' 2-max Seat #1 is the button
Seat 1: HARDGURU ($261.74 in chips)
Seat 2: punkrott ($124.14 in chips)
HARDGURU: posts small blind $1
punkrott: posts big blind $3
*** HOLE CARDS ***
HARDGURU: folds
Uncalled bet ($2) returned to punkrott
punkrott collected $2 from pot
punkrott: doesn't show hand
*** SUMMARY ***
Total pot $2 | Rake $0
Seat 1: HARDGURU (button) (small blind) folded before Flop
Seat 2: punkrott (big blind) collected ($2)


PokerStars Hand #146737141965:  Hold'em Limit ($3/$6 USD) - 2016/01/09 9:39:54 ET
Table 'Nauplius' 2-max Seat #2 is the button
Seat 1: HARDGURU ($253.10 in chips)
Seat 2: punkrott ($73.14 in chips)
punkrott: posts small blind $1
HARDGURU: posts big blind $3
*** HOLE CARDS ***
punkrott: raises $3 to $6
HARDGURU: calls $3
*** FLOP *** [3h Jc Kd]
HARDGURU: checks
punkrott: bets $3
HARDGURU: raises $3 to $6
punkrott: folds
Uncalled bet ($3) returned to HARDGURU
HARDGURU collected $17.64 from pot
HARDGURU: doesn't show hand
*** SUMMARY ***
Total pot $18 | Rake $0.36
Board [3h Jc Kd]
Seat 1: HARDGURU (big blind) collected ($17.64)
Seat 2: punkrott (button) (small blind) folded on the Flop


PokerStars Hand #146737137220:  Hold'em Limit ($3/$6 USD) - 2016/01/09 9:39:49 ET
Table 'Nauplius' 2-max Seat #1 is the button
Seat 1: HARDGURU ($250.10 in chips)
Seat 2: punkrott ($76.14 in chips)
HARDGURU: posts small blind $1
punkrott: posts big blind $3
*** HOLE CARDS ***
HARDGURU: raises $3 to $6
punkrott: folds
Uncalled bet ($3) returned to HARDGURU
HARDGURU collected $6 from pot
HARDGURU: doesn't show hand
*** SUMMARY ***
Total pot $6 | Rake $0
Seat 1: HARDGURU (button) (small blind) collected ($6)
Seat 2: punkrott (big blind) folded before Flop


PokerStars Hand #146737123630:  Hold'em Limit ($3/$6 USD) - 2016/01/09 9:39:32 ET
Table 'Nauplius' 2-max Seat #2 is the button
Seat 1: HARDGURU ($238.58 in chips)
Seat 2: punkrott ($88.14 in chips)
punkrott: posts small blind $1
HARDGURU: posts big blind $3
*** HOLE CARDS ***
punkrott: raises $3 to $6
HARDGURU: calls $3
*** FLOP *** [9d 7d As]
HARDGURU: checks
punkrott: checks
*** TURN *** [9d 7d As] [8h]
HARDGURU: checks
punkrott: bets $6
HARDGURU: calls $6
*** RIVER *** [9d 7d As 8h] [Th]
HARDGURU: checks
punkrott: checks
*** SHOW DOWN ***
HARDGURU: shows [9h Js] (a straight, Seven to Jack)
punkrott: mucks hand
HARDGURU collected $23.52 from pot
*** SUMMARY ***
Total pot $24 | Rake $0.48
Board [9d 7d As 8h Th]
Seat 1: HARDGURU (big blind) showed [9h Js] and won ($23.52) with a straight, Seven to Jack
Seat 2: punkrott (button) (small blind) mucked


PokerStars Hand #146737216206:  Hold'em Limit ($3/$6 USD) - 2016/01/09 9:41:25 ET
Table 'Nauplius' 2-max Seat #2 is the button
Seat 1: HARDGURU ($271.62 in chips)
Seat 2: punkrott ($112.18 in chips)
punkrott: posts small blind $1
HARDGURU: posts big blind $3
*** HOLE CARDS ***
punkrott: raises $3 to $6
HARDGURU: folds
Uncalled bet ($3) returned to punkrott
punkrott collected $6 from pot
punkrott: doesn't show hand
*** SUMMARY ***
Total pot $6 | Rake $0
Seat 1: HARDGURU (big blind) folded before Flop
Seat 2: punkrott (button) (small blind) collected ($6)


PokerStars Hand #146737206317:  Hold'em Limit ($3/$6 USD) - 2016/01/09 9:41:13 ET
Table 'Nauplius' 2-max Seat #1 is the button
Seat 1: HARDGURU ($274.62 in chips)
Seat 2: punkrott ($109.30 in chips)
HARDGURU: posts small blind $1
punkrott: posts big blind $3
*** HOLE CARDS ***
HARDGURU: calls $2
punkrott: checks
*** FLOP *** [5d 2h Kd]
punkrott: checks
HARDGURU: checks
*** TURN *** [5d 2h Kd] [6c]
punkrott: checks
HARDGURU: checks
*** RIVER *** [5d 2h Kd 6c] [6s]
punkrott: bets $6
HARDGURU: folds
Uncalled bet ($6) returned to punkrott
punkrott collected $5.88 from pot
punkrott: doesn't show hand
*** SUMMARY ***
Total pot $6 | Rake $0.12
Board [5d 2h Kd 6c 6s]
Seat 1: HARDGURU (button) (small blind) folded on the River
Seat 2: punkrott (big blind) collected ($5.88)


PokerStars Hand #146737196331:  Hold'em Limit ($3/$6 USD) - 2016/01/09 9:41:01 ET
Table 'Nauplius' 2-max Seat #2 is the button
Seat 1: HARDGURU ($286.62 in chips)
Seat 2: punkrott ($97.78 in chips)
punkrott: posts small blind $1
HARDGURU: posts big blind $3
*** HOLE CARDS ***
punkrott: raises $3 to $6
HARDGURU: calls $3
*** FLOP *** [5h Th 8s]
HARDGURU: checks
punkrott: checks
*** TURN *** [5h Th 8s] [8c]
HARDGURU: bets $6
punkrott: calls $6
*** RIVER *** [5h Th 8s 8c] [As]
HARDGURU: checks
punkrott: checks
*** SHOW DOWN ***
HARDGURU: shows [Qd Js] (a pair of Eights)
punkrott: shows [7d 5c] (two pair, Eights and Fives)
punkrott collected $23.52 from pot
*** SUMMARY ***
Total pot $24 | Rake $0.48
Board [5h Th 8s 8c As]
Seat 1: HARDGURU (big blind) showed [Qd Js] and lost with a pair of Eights
Seat 2: punkrott (button) (small blind) showed [7d 5c] and won ($23.52) with two pair, Eights and Fives


PokerStars Hand #146737187589:  Hold'em Limit ($3/$6 USD) - 2016/01/09 9:40:50 ET
Table 'Nauplius' 2-max Seat #1 is the button
Seat 1: HARDGURU ($283.74 in chips)
Seat 2: punkrott ($100.78 in chips)
HARDGURU: posts small blind $1
punkrott: posts big blind $3
*** HOLE CARDS ***
HARDGURU: calls $2
punkrott: checks
*** FLOP *** [9h 2c 6h]
punkrott: checks
HARDGURU: checks
*** TURN *** [9h 2c 6h] [Td]
punkrott: checks
HARDGURU: bets $6
punkrott: folds
Uncalled bet ($6) returned to HARDGURU
HARDGURU collected $5.88 from pot
HARDGURU: doesn't show hand
*** SUMMARY ***
Total pot $6 | Rake $0.12
Board [9h 2c 6h Td]
Seat 1: HARDGURU (button) (small blind) collected ($5.88)
Seat 2: punkrott (big blind) folded on the Turn


PokerStars Hand #146737175970:  Hold'em Limit ($3/$6 USD) - 2016/01/09 9:40:36 ET
Table 'Nauplius' 2-max Seat #2 is the button
Seat 1: HARDGURU ($266.24 in chips)
Seat 2: punkrott ($118.78 in chips)
punkrott: posts small blind $1
HARDGURU: posts big blind $3
*** HOLE CARDS ***
punkrott: raises $3 to $6
HARDGURU: calls $3
*** FLOP *** [Jc As 2h]
HARDGURU: checks
punkrott: bets $3
HARDGURU: raises $3 to $6
punkrott: calls $3
*** TURN *** [Jc As 2h] [9d]
HARDGURU: checks
punkrott: checks
*** RIVER *** [Jc As 2h 9d] [6s]
HARDGURU: bets $6
punkrott: calls $6
*** SHOW DOWN ***
HARDGURU: shows [5c 5h] (a pair of Fives)
punkrott: mucks hand
HARDGURU collected $35.50 from pot
*** SUMMARY ***
Total pot $36 | Rake $0.50
Board [Jc As 2h 9d 6s]
Seat 1: HARDGURU (big blind) showed [5c 5h] and won ($35.50) with a pair of Fives
Seat 2: punkrott (button) (small blind) mucked


PokerStars Hand #146737264129:  Hold'em Limit ($3/$6 USD) - 2016/01/09 9:42:22 ET
Table 'Nauplius' 2-max Seat #1 is the button
Seat 1: HARDGURU ($255.90 in chips)
Seat 2: punkrott ($126.20 in chips)
HARDGURU: posts small blind $1
punkrott: posts big blind $3
*** HOLE CARDS ***
HARDGURU: calls $2
punkrott: checks
*** FLOP *** [Jd 3h Ts]
punkrott: checks
HARDGURU: checks
*** TURN *** [Jd 3h Ts] [4h]
punkrott: checks
HARDGURU: bets $6
punkrott: folds
Uncalled bet ($6) returned to HARDGURU
HARDGURU collected $5.88 from pot
HARDGURU: doesn't show hand
*** SUMMARY ***
Total pot $6 | Rake $0.12
Board [Jd 3h Ts 4h]
Seat 1: HARDGURU (button) (small blind) collected ($5.88)
Seat 2: punkrott (big blind) folded on the Turn


PokerStars Hand #146737253323:  Hold'em Limit ($3/$6 USD) - 2016/01/09 9:42:09 ET
Table 'Nauplius' 2-max Seat #2 is the button
Seat 1: HARDGURU ($244.38 in chips)
Seat 2: punkrott ($138.20 in chips)
punkrott: posts small blind $1
HARDGURU: posts big blind $3
*** HOLE CARDS ***
punkrott: raises $3 to $6
HARDGURU: calls $3
*** FLOP *** [Js 4s 5d]
HARDGURU: checks
punkrott: checks
*** TURN *** [Js 4s 5d] [7s]
HARDGURU: bets $6
punkrott: calls $6
*** RIVER *** [Js 4s 5d 7s] [4d]
HARDGURU: checks
punkrott: checks
*** SHOW DOWN ***
HARDGURU: shows [8d Ad] (a pair of Fours)
punkrott: mucks hand
HARDGURU collected $23.52 from pot
*** SUMMARY ***
Total pot $24 | Rake $0.48
Board [Js 4s 5d 7s 4d]
Seat 1: HARDGURU (big blind) showed [8d Ad] and won ($23.52) with a pair of Fours
Seat 2: punkrott (button) (small blind) mucked


PokerStars Hand #146737246065:  Hold'em Limit ($3/$6 USD) - 2016/01/09 9:42:01 ET
Table 'Nauplius' 2-max Seat #1 is the button
Seat 1: HARDGURU ($238.62 in chips)
Seat 2: punkrott ($144.20 in chips)
HARDGURU: posts small blind $1
punkrott: posts big blind $3
*** HOLE CARDS ***
HARDGURU: raises $3 to $6
punkrott: calls $3
*** FLOP *** [Kh Jc Td]
punkrott: checks
HARDGURU: bets $3
punkrott: folds
Uncalled bet ($3) returned to HARDGURU
HARDGURU collected $11.76 from pot
HARDGURU: doesn't show hand
*** SUMMARY ***
Total pot $12 | Rake $0.24
Board [Kh Jc Td]
Seat 1: HARDGURU (button) (small blind) collected ($11.76)
Seat 2: punkrott (big blind) folded on the Flop


PokerStars Hand #146737232910:  Hold'em Limit ($3/$6 USD) - 2016/01/09 9:41:45 ET
Table 'Nauplius' 2-max Seat #2 is the button
Seat 1: HARDGURU ($250.62 in chips)
Seat 2: punkrott ($132.68 in chips)
punkrott: posts small blind $1
HARDGURU: posts big blind $3
*** HOLE CARDS ***
punkrott: raises $3 to $6
HARDGURU: calls $3
*** FLOP *** [8d Jd Qs]
HARDGURU: checks
punkrott: checks
*** TURN *** [8d Jd Qs] [7h]
HARDGURU: bets $6
punkrott: calls $6
*** RIVER *** [8d Jd Qs 7h] [6c]
HARDGURU: checks
punkrott: bets $6
HARDGURU: folds
Uncalled bet ($6) returned to punkrott
punkrott collected $23.52 from pot
punkrott: doesn't show hand
*** SUMMARY ***
Total pot $24 | Rake $0.48
Board [8d Jd Qs 7h 6c]
Seat 1: HARDGURU (big blind) folded on the River
Seat 2: punkrott (button) (small blind) collected ($23.52)


PokerStars Hand #146737220542:  Hold'em Limit ($3/$6 USD) - 2016/01/09 9:41:30 ET
Table 'Nauplius' 2-max Seat #1 is the button
Seat 1: HARDGURU ($268.62 in chips)
Seat 2: punkrott ($115.18 in chips)
HARDGURU: posts small blind $1
punkrott: posts big blind $3
*** HOLE CARDS ***
HARDGURU: raises $3 to $6
punkrott: calls $3
*** FLOP *** [4h Ah 3c]
punkrott: checks
HARDGURU: bets $3
punkrott: raises $3 to $6
HARDGURU: calls $3
*** TURN *** [4h Ah 3c] [Qc]
punkrott: bets $6
HARDGURU: calls $6
*** RIVER *** [4h Ah 3c Qc] [Ks]
punkrott: checks
HARDGURU: checks
*** SHOW DOWN ***
punkrott: shows [5c 4d] (a pair of Fours)
HARDGURU: mucks hand
punkrott collected $35.50 from pot
*** SUMMARY ***
Total pot $36 | Rake $0.50
Board [4h Ah 3c Qc Ks]
Seat 1: HARDGURU (button) (small blind) mucked
Seat 2: punkrott (big blind) showed [5c 4d] and won ($35.50) with a pair of Fours


PokerStars Hand #146737312672:  Hold'em Limit ($3/$6 USD) - 2016/01/09 9:43:21 ET
Table 'Nauplius' 2-max Seat #1 is the button
Seat 1: HARDGURU ($269.92 in chips)
Seat 2: punkrott ($110.70 in chips)
HARDGURU: posts small blind $1
punkrott: posts big blind $3
*** HOLE CARDS ***
HARDGURU: raises $3 to $6
punkrott: calls $3
*** FLOP *** [6s 9c Kh]
punkrott: checks
HARDGURU: bets $3
punkrott: folds
Uncalled bet ($3) returned to HARDGURU
HARDGURU collected $11.76 from pot
HARDGURU: doesn't show hand
*** SUMMARY ***
Total pot $12 | Rake $0.24
Board [6s 9c Kh]
Seat 1: HARDGURU (button) (small blind) collected ($11.76)
Seat 2: punkrott (big blind) folded on the Flop


PokerStars Hand #146737309045:  Hold'em Limit ($3/$6 USD) - 2016/01/09 9:43:17 ET
Table 'Nauplius' 2-max Seat #2 is the button
Seat 1: HARDGURU ($268.92 in chips)
Seat 2: punkrott ($111.70 in chips)
punkrott: posts small blind $1
HARDGURU: posts big blind $3
*** HOLE CARDS ***
punkrott: folds
Uncalled bet ($2) returned to HARDGURU
HARDGURU collected $2 from pot
HARDGURU: doesn't show hand
*** SUMMARY ***
Total pot $2 | Rake $0
Seat 1: HARDGURU (big blind) collected ($2)
Seat 2: punkrott (button) (small blind) folded before Flop


PokerStars Hand #146737304602:  Hold'em Limit ($3/$6 USD) - 2016/01/09 9:43:11 ET
Table 'Nauplius' 2-max Seat #1 is the button
Seat 1: HARDGURU ($269.92 in chips)
Seat 2: punkrott ($110.70 in chips)
HARDGURU: posts small blind $1
punkrott: posts big blind $3
*** HOLE CARDS ***
HARDGURU: folds
Uncalled bet ($2) returned to punkrott
punkrott collected $2 from pot
punkrott: doesn't show hand
*** SUMMARY ***
Total pot $2 | Rake $0
Seat 1: HARDGURU (button) (small blind) folded before Flop
Seat 2: punkrott (big blind) collected ($2)


PokerStars Hand #146737295220:  Hold'em Limit ($3/$6 USD) - 2016/01/09 9:43:00 ET
Table 'Nauplius' 2-max Seat #2 is the button
Seat 1: HARDGURU ($252.42 in chips)
Seat 2: punkrott ($128.70 in chips)
punkrott: posts small blind $1
HARDGURU: posts big blind $3
*** HOLE CARDS ***
punkrott: raises $3 to $6
HARDGURU: calls $3
*** FLOP *** [9h 2s Ts]
HARDGURU: checks
punkrott: checks
*** TURN *** [9h 2s Ts] [6c]
HARDGURU: bets $6
punkrott: calls $6
*** RIVER *** [9h 2s Ts 6c] [5c]
HARDGURU: bets $6
punkrott: calls $6
*** SHOW DOWN ***
HARDGURU: shows [Th Kh] (a pair of Tens)
punkrott: mucks hand
HARDGURU collected $35.50 from pot
*** SUMMARY ***
Total pot $36 | Rake $0.50
Board [9h 2s Ts 6c 5c]
Seat 1: HARDGURU (big blind) showed [Th Kh] and won ($35.50) with a pair of Tens
Seat 2: punkrott (button) (small blind) mucked


PokerStars Hand #146737283525:  Hold'em Limit ($3/$6 USD) - 2016/01/09 9:42:46 ET
Table 'Nauplius' 2-max Seat #1 is the button
Seat 1: HARDGURU ($267.42 in chips)
Seat 2: punkrott ($114.20 in chips)
HARDGURU: posts small blind $1
punkrott: posts big blind $3
*** HOLE CARDS ***
HARDGURU: calls $2
punkrott: checks
*** FLOP *** [2s 3d Ts]
punkrott: checks
HARDGURU: checks
*** TURN *** [2s 3d Ts] [3s]
punkrott: bets $6
HARDGURU: calls $6
*** RIVER *** [2s 3d Ts 3s] [7d]
punkrott: bets $6
HARDGURU: calls $6
*** SHOW DOWN ***
punkrott: shows [Tc Ks] (two pair, Tens and Threes)
HARDGURU: mucks hand
punkrott collected $29.50 from pot
*** SUMMARY ***
Total pot $30 | Rake $0.50
Board [2s 3d Ts 3s 7d]
Seat 1: HARDGURU (button) (small blind) mucked
Seat 2: punkrott (big blind) showed [Tc Ks] and won ($29.50) with two pair, Tens and Threes


PokerStars Hand #146737272590:  Hold'em Limit ($3/$6 USD) - 2016/01/09 9:42:33 ET
Table 'Nauplius' 2-max Seat #2 is the button
Seat 1: HARDGURU ($258.78 in chips)
Seat 2: punkrott ($123.20 in chips)
punkrott: posts small blind $1
HARDGURU: posts big blind $3
*** HOLE CARDS ***
punkrott: raises $3 to $6
HARDGURU: calls $3
*** FLOP *** [Td 8h Ah]
HARDGURU: checks
punkrott: bets $3
HARDGURU: calls $3
*** TURN *** [Td 8h Ah] [Kc]
HARDGURU: checks
punkrott: checks
*** RIVER *** [Td 8h Ah Kc] [5c]
HARDGURU: bets $6
punkrott: folds
Uncalled bet ($6) returned to HARDGURU
HARDGURU collected $17.64 from pot
HARDGURU: doesn't show hand
*** SUMMARY ***
Total pot $18 | Rake $0.36
Board [Td 8h Ah Kc 5c]
Seat 1: HARDGURU (big blind) collected ($17.64)
Seat 2: punkrott (button) (small blind) folded on the River


PokerStars Hand #146737366746:  Hold'em Limit ($3/$6 USD) - 2016/01/09 9:44:26 ET
Table 'Nauplius' 2-max Seat #1 is the button
Seat 1: HARDGURU ($254.20 in chips)
Seat 2: punkrott ($124.48 in chips)
HARDGURU: posts small blind $1
punkrott: posts big blind $3
*** HOLE CARDS ***
HARDGURU: raises $3 to $6
punkrott: calls $3
*** FLOP *** [7h 8d Jc]
punkrott: checks
HARDGURU: bets $3
punkrott: folds
Uncalled bet ($3) returned to HARDGURU
HARDGURU collected $11.76 from pot
HARDGURU: doesn't show hand
*** SUMMARY ***
Total pot $12 | Rake $0.24
Board [7h 8d Jc]
Seat 1: HARDGURU (button) (small blind) collected ($11.76)
Seat 2: punkrott (big blind) folded on the Flop


PokerStars Hand #146737359422:  Hold'em Limit ($3/$6 USD) - 2016/01/09 9:44:18 ET
Table 'Nauplius' 2-max Seat #2 is the button
Seat 1: HARDGURU ($260.20 in chips)
Seat 2: punkrott ($118.72 in chips)
punkrott: posts small blind $1
HARDGURU: posts big blind $3
*** HOLE CARDS ***
punkrott: raises $3 to $6
HARDGURU: calls $3
*** FLOP *** [As 5s 6d]
HARDGURU: checks
punkrott: bets $3
HARDGURU: folds
Uncalled bet ($3) returned to punkrott
punkrott collected $11.76 from pot
punkrott: doesn't show hand
*** SUMMARY ***
Total pot $12 | Rake $0.24
Board [As 5s 6d]
Seat 1: HARDGURU (big blind) folded on the Flop
Seat 2: punkrott (button) (small blind) collected ($11.76)


PokerStars Hand #146737353656:  Hold'em Limit ($3/$6 USD) - 2016/01/09 9:44:10 ET
Table 'Nauplius' 2-max Seat #1 is the button
Seat 1: HARDGURU ($257.20 in chips)
Seat 2: punkrott ($121.72 in chips)
HARDGURU: posts small blind $1
punkrott: posts big blind $3
*** HOLE CARDS ***
HARDGURU: raises $3 to $6
punkrott: folds
Uncalled bet ($3) returned to HARDGURU
HARDGURU collected $6 from pot
HARDGURU: doesn't show hand
*** SUMMARY ***
Total pot $6 | Rake $0
Seat 1: HARDGURU (button) (small blind) collected ($6)
Seat 2: punkrott (big blind) folded before Flop


PokerStars Hand #146737343300:  Hold'em Limit ($3/$6 USD) - 2016/01/09 9:43:58 ET
Table 'Nauplius' 2-max Seat #2 is the button
Seat 1: HARDGURU ($275.20 in chips)
Seat 2: punkrott ($104.22 in chips)
punkrott: posts small blind $1
HARDGURU: posts big blind $3
*** HOLE CARDS ***
punkrott: raises $3 to $6
HARDGURU: calls $3
*** FLOP *** [7d 8h 7c]
HARDGURU: checks
punkrott: checks
*** TURN *** [7d 8h 7c] [Qs]
HARDGURU: bets $6
punkrott: calls $6
*** RIVER *** [7d 8h 7c Qs] [2h]
HARDGURU: bets $6
punkrott: calls $6
*** SHOW DOWN ***
HARDGURU: shows [Ah 4s] (a pair of Sevens)
punkrott: shows [2c Jc] (two pair, Sevens and Deuces)
punkrott collected $35.50 from pot
*** SUMMARY ***
Total pot $36 | Rake $0.50
Board [7d 8h 7c Qs 2h]
Seat 1: HARDGURU (big blind) showed [Ah 4s] and lost with a pair of Sevens
Seat 2: punkrott (button) (small blind) showed [2c Jc] and won ($35.50) with two pair, Sevens and Deuces


PokerStars Hand #146737331619:  Hold'em Limit ($3/$6 USD) - 2016/01/09 9:43:44 ET
Table 'Nauplius' 2-max Seat #1 is the button
Seat 1: HARDGURU ($263.68 in chips)
Seat 2: punkrott ($116.22 in chips)
HARDGURU: posts small blind $1
punkrott: posts big blind $3
*** HOLE CARDS ***
HARDGURU: calls $2
punkrott: checks
*** FLOP *** [9h 6s 2h]
punkrott: checks
HARDGURU: bets $3
punkrott: calls $3
*** TURN *** [9h 6s 2h] [Jd]
punkrott: checks
HARDGURU: bets $6
punkrott: calls $6
*** RIVER *** [9h 6s 2h Jd] [7c]
punkrott: checks
HARDGURU: bets $6
punkrott: folds
Uncalled bet ($6) returned to HARDGURU
HARDGURU collected $23.52 from pot
HARDGURU: doesn't show hand
*** SUMMARY ***
Total pot $24 | Rake $0.48
Board [9h 6s 2h Jd 7c]
Seat 1: HARDGURU (button) (small blind) collected ($23.52)
Seat 2: punkrott (big blind) folded on the River


PokerStars Hand #146737321557:  Hold'em Limit ($3/$6 USD) - 2016/01/09 9:43:32 ET
Table 'Nauplius' 2-max Seat #2 is the button
Seat 1: HARDGURU ($275.68 in chips)
Seat 2: punkrott ($104.70 in chips)
punkrott: posts small blind $1
HARDGURU: posts big blind $3
*** HOLE CARDS ***
punkrott: raises $3 to $6
HARDGURU: calls $3
*** FLOP *** [6d 4h 2h]
HARDGURU: checks
punkrott: checks
*** TURN *** [6d 4h 2h] [8h]
HARDGURU: bets $6
punkrott: calls $6
*** RIVER *** [6d 4h 2h 8h] [Ks]
HARDGURU: checks
punkrott: checks
*** SHOW DOWN ***
HARDGURU: shows [Tc Js] (high card King)
punkrott: shows [3d Ac] (high card Ace)
punkrott collected $23.52 from pot
*** SUMMARY ***
Total pot $24 | Rake $0.48
Board [6d 4h 2h 8h Ks]
Seat 1: HARDGURU (big blind) showed [Tc Js] and lost with high card King
Seat 2: punkrott (button) (small blind) showed [3d Ac] and won ($23.52) with high card Ace


PokerStars Hand #146737412485:  Hold'em Limit ($3/$6 USD) - 2016/01/09 9:45:21 ET
Table 'Nauplius' 2-max Seat #1 is the button
Seat 1: HARDGURU ($244.60 in chips)
Seat 2: punkrott ($132.52 in chips)
HARDGURU: posts small blind $1
punkrott: posts big blind $3
*** HOLE CARDS ***
HARDGURU: raises $3 to $6
punkrott: calls $3
*** FLOP *** [2d 3s Ad]
punkrott: checks
HARDGURU: bets $3
punkrott: raises $3 to $6
HARDGURU: folds
Uncalled bet ($3) returned to punkrott
punkrott collected $17.64 from pot
punkrott: doesn't show hand
*** SUMMARY ***
Total pot $18 | Rake $0.36
Board [2d 3s Ad]
Seat 1: HARDGURU (button) (small blind) folded on the Flop
Seat 2: punkrott (big blind) collected ($17.64)


PokerStars Hand #146737399135:  Hold'em Limit ($3/$6 USD) - 2016/01/09 9:45:05 ET
Table 'Nauplius' 2-max Seat #2 is the button
Seat 1: HARDGURU ($256.60 in chips)
Seat 2: punkrott ($121 in chips)
punkrott: posts small blind $1
HARDGURU: posts big blind $3
*** HOLE CARDS ***
punkrott: raises $3 to $6
HARDGURU: calls $3
*** FLOP *** [8c 5c Qs]
HARDGURU: checks
punkrott: checks
*** TURN *** [8c 5c Qs] [9s]
HARDGURU: bets $6
punkrott: calls $6
*** RIVER *** [8c 5c Qs 9s] [7s]
HARDGURU: checks
punkrott: bets $6
HARDGURU: folds
Uncalled bet ($6) returned to punkrott
punkrott collected $23.52 from pot
punkrott: doesn't show hand
*** SUMMARY ***
Total pot $24 | Rake $0.48
Board [8c 5c Qs 9s 7s]
Seat 1: HARDGURU (big blind) folded on the River
Seat 2: punkrott (button) (small blind) collected ($23.52)


PokerStars Hand #146737385904:  Hold'em Limit ($3/$6 USD) - 2016/01/09 9:44:49 ET
Table 'Nauplius' 2-max Seat #1 is the button
Seat 1: HARDGURU ($268.60 in chips)
Seat 2: punkrott ($109.48 in chips)
HARDGURU: posts small blind $1
punkrott: posts big blind $3
*** HOLE CARDS ***
HARDGURU: raises $3 to $6
punkrott: calls $3
*** FLOP *** [6h 8c Js]
punkrott: checks
HARDGURU: checks
*** TURN *** [6h 8c Js] [4d]
punkrott: bets $6
HARDGURU: calls $6
*** RIVER *** [6h 8c Js 4d] [8h]
punkrott: bets $6
HARDGURU: folds
Uncalled bet ($6) returned to punkrott
punkrott collected $23.52 from pot
punkrott: doesn't show hand
*** SUMMARY ***
Total pot $24 | Rake $0.48
Board [6h 8c Js 4d 8h]
Seat 1: HARDGURU (button) (small blind) folded on the River
Seat 2: punkrott (big blind) collected ($23.52)


PokerStars Hand #146737374840:  Hold'em Limit ($3/$6 USD) - 2016/01/09 9:44:36 ET
Table 'Nauplius' 2-max Seat #2 is the button
Seat 1: HARDGURU ($259.96 in chips)
Seat 2: punkrott ($118.48 in chips)
punkrott: posts small blind $1
HARDGURU: posts big blind $3
*** HOLE CARDS ***
punkrott: raises $3 to $6
HARDGURU: calls $3
*** FLOP *** [6d 6c 3c]
HARDGURU: checks
punkrott: bets $3
HARDGURU: calls $3
*** TURN *** [6d 6c 3c] [5d]
HARDGURU: checks
punkrott: checks
*** RIVER *** [6d 6c 3c 5d] [4c]
HARDGURU: bets $6
punkrott: folds
Uncalled bet ($6) returned to HARDGURU
HARDGURU collected $17.64 from pot
HARDGURU: doesn't show hand
*** SUMMARY ***
Total pot $18 | Rake $0.36
Board [6d 6c 3c 5d 4c]
Seat 1: HARDGURU (big blind) collected ($17.64)
Seat 2: punkrott (button) (small blind) folded on the River


PokerStars Hand #146737460992:  Hold'em Limit ($3/$6 USD) - 2016/01/09 9:46:20 ET
Table 'Nauplius' 2-max Seat #2 is the button
Seat 1: HARDGURU ($227.88 in chips)
Seat 2: punkrott ($147.66 in chips)
punkrott: posts small blind $1
HARDGURU: posts big blind $3
*** HOLE CARDS ***
punkrott: raises $3 to $6
HARDGURU: calls $3
*** FLOP *** [Jc 9h 8s]
HARDGURU: checks
punkrott: bets $3
HARDGURU: calls $3
*** TURN *** [Jc 9h 8s] [9s]
HARDGURU: checks
punkrott: bets $6
HARDGURU: folds
Uncalled bet ($6) returned to punkrott
punkrott collected $17.64 from pot
punkrott: doesn't show hand
*** SUMMARY ***
Total pot $18 | Rake $0.36
Board [Jc 9h 8s 9s]
Seat 1: HARDGURU (big blind) folded on the Turn
Seat 2: punkrott (button) (small blind) collected ($17.64)


PokerStars Hand #146737456341:  Hold'em Limit ($3/$6 USD) - 2016/01/09 9:46:14 ET
Table 'Nauplius' 2-max Seat #1 is the button
Seat 1: HARDGURU ($228.88 in chips)
Seat 2: punkrott ($146.66 in chips)
HARDGURU: posts small blind $1
punkrott: posts big blind $3
*** HOLE CARDS ***
HARDGURU: folds
Uncalled bet ($2) returned to punkrott
punkrott collected $2 from pot
punkrott: doesn't show hand
*** SUMMARY ***
Total pot $2 | Rake $0
Seat 1: HARDGURU (button) (small blind) folded before Flop
Seat 2: punkrott (big blind) collected ($2)


PokerStars Hand #146737444161:  Hold'em Limit ($3/$6 USD) - 2016/01/09 9:45:59 ET
Table 'Nauplius' 2-max Seat #2 is the button
Seat 1: HARDGURU ($220.24 in chips)
Seat 2: punkrott ($155.66 in chips)
punkrott: posts small blind $1
HARDGURU: posts big blind $3
*** HOLE CARDS ***
punkrott: raises $3 to $6
HARDGURU: calls $3
*** FLOP *** [Qd 5c 5d]
HARDGURU: checks
punkrott: bets $3
HARDGURU: calls $3
*** TURN *** [Qd 5c 5d] [Tc]
HARDGURU: checks
punkrott: checks
*** RIVER *** [Qd 5c 5d Tc] [Qh]
HARDGURU: bets $6
punkrott: folds
Uncalled bet ($6) returned to HARDGURU
HARDGURU collected $17.64 from pot
HARDGURU: doesn't show hand
*** SUMMARY ***
Total pot $18 | Rake $0.36
Board [Qd 5c 5d Tc Qh]
Seat 1: HARDGURU (big blind) collected ($17.64)
Seat 2: punkrott (button) (small blind) folded on the River


PokerStars Hand #146737433966:  Hold'em Limit ($3/$6 USD) - 2016/01/09 9:45:47 ET
Table 'Nauplius' 2-max Seat #1 is the button
Seat 1: HARDGURU ($211.60 in chips)
Seat 2: punkrott ($164.66 in chips)
HARDGURU: posts small blind $1
punkrott: posts big blind $3
*** HOLE CARDS ***
HARDGURU: raises $3 to $6
punkrott: calls $3
*** FLOP *** [Tc 9h Jh]
punkrott: checks
HARDGURU: bets $3
punkrott: calls $3
*** TURN *** [Tc 9h Jh] [Ah]
punkrott: checks
HARDGURU: bets $6
punkrott: folds
Uncalled bet ($6) returned to HARDGURU
HARDGURU collected $17.64 from pot
HARDGURU: doesn't show hand
*** SUMMARY ***
Total pot $18 | Rake $0.36
Board [Tc 9h Jh Ah]
Seat 1: HARDGURU (button) (small blind) collected ($17.64)
Seat 2: punkrott (big blind) folded on the Turn


PokerStars Hand #146737421576:  Hold'em Limit ($3/$6 USD) - 2016/01/09 9:45:32 ET
Table 'Nauplius' 2-max Seat #2 is the button
Seat 1: HARDGURU ($235.60 in chips)
Seat 2: punkrott ($141.16 in chips)
punkrott: posts small blind $1
HARDGURU: posts big blind $3
*** HOLE CARDS ***
punkrott: raises $3 to $6
HARDGURU: calls $3
*** FLOP *** [Ts 9c 7h]
HARDGURU: checks
punkrott: checks
*** TURN *** [Ts 9c 7h] [Qc]
HARDGURU: bets $6
punkrott: raises $6 to $12
HARDGURU: calls $6
*** RIVER *** [Ts 9c 7h Qc] [3h]
HARDGURU: checks
punkrott: bets $6
HARDGURU: calls $6
*** SHOW DOWN ***
punkrott: shows [As Qs] (a pair of Queens)
HARDGURU: mucks hand
punkrott collected $47.50 from pot
*** SUMMARY ***
Total pot $48 | Rake $0.50
Board [Ts 9c 7h Qc 3h]
Seat 1: HARDGURU (big blind) mucked
Seat 2: punkrott (button) (small blind) showed [As Qs] and won ($47.50) with a pair of Queens


PokerStars Hand #146737528940:  Hold'em Limit ($3/$6 USD) - 2016/01/09 9:47:25 ET
Table 'Nauplius' 2-max Seat #1 is the button
Seat 1: HARDGURU ($238.90 in chips)
Seat 2: punkrott ($135.06 in chips)
HARDGURU: posts small blind $1
punkrott: posts big blind $3
*** HOLE CARDS ***
HARDGURU: folds
Uncalled bet ($2) returned to punkrott
punkrott collected $2 from pot
punkrott: doesn't show hand
*** SUMMARY ***
Total pot $2 | Rake $0
Seat 1: HARDGURU (button) (small blind) folded before Flop
Seat 2: punkrott (big blind) collected ($2)


PokerStars Hand #146737524712:  Hold'em Limit ($3/$6 USD) - 2016/01/09 9:47:19 ET
Table 'Nauplius' 2-max Seat #2 is the button
Seat 1: HARDGURU ($241.90 in chips)
Seat 2: punkrott ($132.06 in chips)
punkrott: posts small blind $1
HARDGURU: posts big blind $3
*** HOLE CARDS ***
punkrott: raises $3 to $6
HARDGURU: folds
Uncalled bet ($3) returned to punkrott
punkrott collected $6 from pot
*** SUMMARY ***
Total pot $6 | Rake $0
Seat 1: HARDGURU (big blind) folded before Flop
Seat 2: punkrott (button) (small blind) collected ($6)


PokerStars Hand #146737500883:  Hold'em Limit ($3/$6 USD) - 2016/01/09 9:47:04 ET
Table 'Nauplius' 2-max Seat #1 is the button
Seat 1: HARDGURU ($247.90 in chips)
Seat 2: punkrott ($126.30 in chips)
HARDGURU: posts small blind $1
punkrott: posts big blind $3
*** HOLE CARDS ***
HARDGURU: raises $3 to $6
punkrott: calls $3
*** FLOP *** [7c 3s 5c]
punkrott: checks
HARDGURU: checks
*** TURN *** [7c 3s 5c] [Ts]
punkrott: bets $6
HARDGURU: folds
Uncalled bet ($6) returned to punkrott
punkrott collected $11.76 from pot
punkrott: doesn't show hand
*** SUMMARY ***
Total pot $12 | Rake $0.24
Board [7c 3s 5c Ts]
Seat 1: HARDGURU (button) (small blind) folded on the Turn
Seat 2: punkrott (big blind) collected ($11.76)


PokerStars Hand #146737484447:  Hold'em Limit ($3/$6 USD) - 2016/01/09 9:46:48 ET
Table 'Nauplius' 2-max Seat #2 is the button
Seat 1: HARDGURU ($236.38 in chips)
Seat 2: punkrott ($138.30 in chips)
punkrott: posts small blind $1
HARDGURU: posts big blind $3
*** HOLE CARDS ***
punkrott: raises $3 to $6
HARDGURU: calls $3
*** FLOP *** [6c Ah 5h]
HARDGURU: checks
punkrott: bets $3
HARDGURU: raises $3 to $6
punkrott: calls $3
*** TURN *** [6c Ah 5h] [7c]
HARDGURU: checks
punkrott: checks
*** RIVER *** [6c Ah 5h 7c] [Qc]
HARDGURU: bets $6
punkrott: folds
Uncalled bet ($6) returned to HARDGURU
HARDGURU collected $23.52 from pot
HARDGURU: doesn't show hand
*** SUMMARY ***
Total pot $24 | Rake $0.48
Board [6c Ah 5h 7c Qc]
Seat 1: HARDGURU (big blind) collected ($23.52)
Seat 2: punkrott (button) (small blind) folded on the River


PokerStars Hand #146737473281:  Hold'em Limit ($3/$6 USD) - 2016/01/09 9:46:35 ET
Table 'Nauplius' 2-max Seat #1 is the button
Seat 1: HARDGURU ($218.88 in chips)
Seat 2: punkrott ($156.30 in chips)
HARDGURU: posts small blind $1
punkrott: posts big blind $3
*** HOLE CARDS ***
HARDGURU: raises $3 to $6
punkrott: calls $3
*** FLOP *** [Qc 2s 7d]
punkrott: checks
HARDGURU: bets $3
punkrott: raises $3 to $6
HARDGURU: calls $3
*** TURN *** [Qc 2s 7d] [As]
punkrott: checks
HARDGURU: checks
*** RIVER *** [Qc 2s 7d As] [Td]
punkrott: bets $6
HARDGURU: calls $6
*** SHOW DOWN ***
punkrott: shows [6c 8h] (high card Ace)
HARDGURU: shows [Qs 5h] (a pair of Queens)
HARDGURU collected $35.50 from pot
*** SUMMARY ***
Total pot $36 | Rake $0.50
Board [Qc 2s 7d As Td]
Seat 1: HARDGURU (button) (small blind) showed [Qs 5h] and won ($35.50) with a pair of Queens
Seat 2: punkrott (big blind) showed [6c 8h] and lost with high card Ace


PokerStars Hand #146737599932:  Hold'em Limit ($3/$6 USD) - 2016/01/09 9:48:26 ET
Table 'Nauplius' 2-max Seat #1 is the button
Seat 1: HARDGURU ($267.90 in chips)
Seat 2: punkrott ($104.82 in chips)
HARDGURU: posts small blind $1
punkrott: posts big blind $3
*** HOLE CARDS ***
HARDGURU: calls $2
punkrott: checks
*** FLOP *** [Td 4h Qc]
punkrott: checks
HARDGURU: checks
*** TURN *** [Td 4h Qc] [7s]
punkrott: checks
HARDGURU: bets $6
punkrott: folds
Uncalled bet ($6) returned to HARDGURU
HARDGURU collected $5.88 from pot
HARDGURU: doesn't show hand
*** SUMMARY ***
Total pot $6 | Rake $0.12
Board [Td 4h Qc 7s]
Seat 1: HARDGURU (button) (small blind) collected ($5.88)
Seat 2: punkrott (big blind) folded on the Turn


PokerStars Hand #146737589568:  Hold'em Limit ($3/$6 USD) - 2016/01/09 9:48:14 ET
Table 'Nauplius' 2-max Seat #2 is the button
Seat 1: HARDGURU ($250.40 in chips)
Seat 2: punkrott ($122.82 in chips)
punkrott: posts small blind $1
HARDGURU: posts big blind $3
*** HOLE CARDS ***
punkrott: raises $3 to $6
HARDGURU: calls $3
*** FLOP *** [8d 4d 6d]
HARDGURU: checks
punkrott: checks
*** TURN *** [8d 4d 6d] [2h]
HARDGURU: bets $6
punkrott: calls $6
*** RIVER *** [8d 4d 6d 2h] [6h]
HARDGURU: bets $6
punkrott: calls $6
*** SHOW DOWN ***
HARDGURU: shows [4s Jc] (two pair, Sixes and Fours)
punkrott: mucks hand
HARDGURU collected $35.50 from pot
*** SUMMARY ***
Total pot $36 | Rake $0.50
Board [8d 4d 6d 2h 6h]
Seat 1: HARDGURU (big blind) showed [4s Jc] and won ($35.50) with two pair, Sixes and Fours
Seat 2: punkrott (button) (small blind) mucked


PokerStars Hand #146737576135:  Hold'em Limit ($3/$6 USD) - 2016/01/09 9:48:01 ET
Table 'Nauplius' 2-max Seat #1 is the button
Seat 1: HARDGURU ($235.90 in chips)
Seat 2: punkrott ($137.82 in chips)
HARDGURU: posts small blind $1
punkrott: posts big blind $3
*** HOLE CARDS ***
HARDGURU: calls $2
punkrott: raises $3 to $6
HARDGURU: calls $3
*** FLOP *** [Kh 7s 4d]
punkrott: bets $3
HARDGURU: calls $3
*** TURN *** [Kh 7s 4d] [Kc]
punkrott: bets $6
HARDGURU: calls $6
*** RIVER *** [Kh 7s 4d Kc] [Js]
punkrott: checks
HARDGURU: bets $6
punkrott: folds
Uncalled bet ($6) returned to HARDGURU
HARDGURU collected $29.50 from pot
HARDGURU: doesn't show hand
*** SUMMARY ***
Total pot $30 | Rake $0.50
Board [Kh 7s 4d Kc Js]
Seat 1: HARDGURU (button) (small blind) collected ($29.50)
Seat 2: punkrott (big blind) folded on the River


PokerStars Hand #146737559664:  Hold'em Limit ($3/$6 USD) - 2016/01/09 9:47:47 ET
Table 'Nauplius' 2-max Seat #2 is the button
Seat 1: HARDGURU ($241.90 in chips)
Seat 2: punkrott ($132.06 in chips)
punkrott: posts small blind $1
HARDGURU: posts big blind $3
*** HOLE CARDS ***
punkrott: raises $3 to $6
HARDGURU: calls $3
*** FLOP *** [Jh Ah Jc]
HARDGURU: checks
punkrott: bets $3
HARDGURU: folds
Uncalled bet ($3) returned to punkrott
punkrott collected $11.76 from pot
punkrott: doesn't show hand
*** SUMMARY ***
Total pot $12 | Rake $0.24
Board [Jh Ah Jc]
Seat 1: HARDGURU (big blind) folded on the Flop
Seat 2: punkrott (button) (small blind) collected ($11.76)


PokerStars Hand #146737552395:  Hold'em Limit ($3/$6 USD) - 2016/01/09 9:47:41 ET
Table 'Nauplius' 2-max Seat #1 is the button
Seat 1: HARDGURU ($238.90 in chips)
Seat 2: punkrott ($135.06 in chips)
HARDGURU: posts small blind $1
punkrott: posts big blind $3
*** HOLE CARDS ***
HARDGURU: raises $3 to $6
punkrott: folds
Uncalled bet ($3) returned to HARDGURU
HARDGURU collected $6 from pot
HARDGURU: doesn't show hand
*** SUMMARY ***
Total pot $6 | Rake $0
Seat 1: HARDGURU (button) (small blind) collected ($6)
Seat 2: punkrott (big blind) folded before Flop


PokerStars Hand #146737541743:  Hold'em Limit ($3/$6 USD) - 2016/01/09 9:47:32 ET
Table 'Nauplius' 2-max Seat #2 is the button
Seat 1: HARDGURU ($237.90 in chips)
Seat 2: punkrott ($136.06 in chips)
punkrott: posts small blind $1
HARDGURU: posts big blind $3
*** HOLE CARDS ***
punkrott: folds
Uncalled bet ($2) returned to HARDGURU
HARDGURU collected $2 from pot
*** SUMMARY ***
Total pot $2 | Rake $0
Seat 1: HARDGURU (big blind) collected ($2)
Seat 2: punkrott (button) (small blind) folded before Flop


PokerStars Hand #146737638677:  Hold'em Limit ($3/$6 USD) - 2016/01/09 9:49:14 ET
Table 'Nauplius' 2-max Seat #1 is the button
Seat 1: HARDGURU ($240.78 in chips)
Seat 2: punkrott ($130.72 in chips)
HARDGURU: posts small blind $1
punkrott: posts big blind $3
*** HOLE CARDS ***
HARDGURU: calls $2
punkrott: raises $3 to $6
HARDGURU: calls $3
*** FLOP *** [2s 5d Ah]
punkrott: bets $3
HARDGURU: calls $3
*** TURN *** [2s 5d Ah] [5c]
punkrott: bets $6
HARDGURU: folds
Uncalled bet ($6) returned to punkrott
punkrott collected $17.64 from pot
punkrott: doesn't show hand
*** SUMMARY ***
Total pot $18 | Rake $0.36
Board [2s 5d Ah 5c]
Seat 1: HARDGURU (button) (small blind) folded on the Turn
Seat 2: punkrott (big blind) collected ($17.64)


PokerStars Hand #146737625916:  Hold'em Limit ($3/$6 USD) - 2016/01/09 9:48:58 ET
Table 'Nauplius' 2-max Seat #2 is the button
Seat 1: HARDGURU ($255.78 in chips)
Seat 2: punkrott ($116.22 in chips)
punkrott: posts small blind $1
HARDGURU: posts big blind $3
*** HOLE CARDS ***
punkrott: raises $3 to $6
HARDGURU: calls $3
*** FLOP *** [Kd 7s 9c]
HARDGURU: checks
punkrott: bets $3
HARDGURU: calls $3
*** TURN *** [Kd 7s 9c] [Jh]
HARDGURU: checks
punkrott: checks
*** RIVER *** [Kd 7s 9c Jh] [8c]
HARDGURU: bets $6
punkrott: calls $6
*** SHOW DOWN ***
HARDGURU: shows [Qd Ad] (high card Ace)
punkrott: shows [Kh 5s] (a pair of Kings)
punkrott collected $29.50 from pot
*** SUMMARY ***
Total pot $30 | Rake $0.50
Board [Kd 7s 9c Jh 8c]
Seat 1: HARDGURU (big blind) showed [Qd Ad] and lost with high card Ace
Seat 2: punkrott (button) (small blind) showed [Kh 5s] and won ($29.50) with a pair of Kings


PokerStars Hand #146737616022:  Hold'em Limit ($3/$6 USD) - 2016/01/09 9:48:46 ET
Table 'Nauplius' 2-max Seat #1 is the button
Seat 1: HARDGURU ($264.78 in chips)
Seat 2: punkrott ($107.58 in chips)
HARDGURU: posts small blind $1
punkrott: posts big blind $3
*** HOLE CARDS ***
HARDGURU: raises $3 to $6
punkrott: raises $3 to $9
HARDGURU: calls $3
*** FLOP *** [5h 4h Qh]
punkrott: bets $3
HARDGURU: folds
Uncalled bet ($3) returned to punkrott
punkrott collected $17.64 from pot
punkrott: doesn't show hand
*** SUMMARY ***
Total pot $18 | Rake $0.36
Board [5h 4h Qh]
Seat 1: HARDGURU (button) (small blind) folded on the Flop
Seat 2: punkrott (big blind) collected ($17.64)


PokerStars Hand #146737609329:  Hold'em Limit ($3/$6 USD) - 2016/01/09 9:48:37 ET
Table 'Nauplius' 2-max Seat #2 is the button
Seat 1: HARDGURU ($270.78 in chips)
Seat 2: punkrott ($101.82 in chips)
punkrott: posts small blind $1
HARDGURU: posts big blind $3
*** HOLE CARDS ***
punkrott: raises $3 to $6
HARDGURU: calls $3
*** FLOP *** [2d 9c 8h]
HARDGURU: checks
punkrott: bets $3
HARDGURU: folds
Uncalled bet ($3) returned to punkrott
punkrott collected $11.76 from pot
punkrott: doesn't show hand
*** SUMMARY ***
Total pot $12 | Rake $0.24
Board [2d 9c 8h]
Seat 1: HARDGURU (big blind) folded on the Flop
Seat 2: punkrott (button) (small blind) collected ($11.76)


PokerStars Hand #146737650964:  Hold'em Limit ($3/$6 USD) - 2016/01/09 9:49:28 ET
Table 'Nauplius' 2-max Seat #2 is the button
Seat 1: HARDGURU ($231.78 in chips)
Seat 2: punkrott ($139.36 in chips)
punkrott: posts small blind $1
HARDGURU: posts big blind $3
*** HOLE CARDS ***
punkrott: raises $3 to $6
HARDGURU: calls $3
*** FLOP *** [5s 8c 6s]
HARDGURU: checks
punkrott: bets $3
HARDGURU: calls $3
*** TURN *** [5s 8c 6s] [Th]
HARDGURU: checks
punkrott: bets $6
HARDGURU: raises $6 to $12
punkrott: calls $6
*** RIVER *** [5s 8c 6s Th] [8d]
HARDGURU: checks
punkrott: checks
*** SHOW DOWN ***
HARDGURU: shows [9h Kd] (a pair of Eights)
punkrott: shows [9s Ts] (two pair, Tens and Eights)
punkrott collected $41.50 from pot
*** SUMMARY ***
Total pot $42 | Rake $0.50
Board [5s 8c 6s Th 8d]
Seat 1: HARDGURU (big blind) showed [9h Kd] and lost with a pair of Eights
Seat 2: punkrott (button) (small blind) showed [9s Ts] and won ($41.50) with two pair, Tens and Eights


PokerStars Hand #146737666287:  Hold'em Limit ($3/$6 USD) - 2016/01/09 9:49:47 ET
Table 'Nauplius' 2-max Seat #1 is the button
Seat 1: HARDGURU ($210.78 in chips)
Seat 2: punkrott ($159.86 in chips)
HARDGURU: posts small blind $1
punkrott: posts big blind $3
*** HOLE CARDS ***
HARDGURU: raises $3 to $6
punkrott: calls $3
*** FLOP *** [Th Ah 2d]
punkrott: checks
HARDGURU: checks
*** TURN *** [Th Ah 2d] [Ad]
punkrott: checks
HARDGURU: bets $6
punkrott: raises $6 to $12
HARDGURU: folds
Uncalled bet ($6) returned to punkrott
punkrott collected $23.52 from pot
punkrott: doesn't show hand
*** SUMMARY ***
Total pot $24 | Rake $0.48
Board [Th Ah 2d Ad]
Seat 1: HARDGURU (button) (small blind) folded on the Turn
Seat 2: punkrott (big blind) collected ($23.52)


PokerStars Hand #146737677623:  Hold'em Limit ($3/$6 USD) - 2016/01/09 9:50:01 ET
Table 'Nauplius' 2-max Seat #2 is the button
Seat 1: HARDGURU ($198.78 in chips)
Seat 2: punkrott ($171.38 in chips)
punkrott: posts small blind $1
HARDGURU: posts big blind $3
*** HOLE CARDS ***
punkrott: raises $3 to $6
HARDGURU: calls $3
*** FLOP *** [Qd Ac Jc]
HARDGURU: checks
punkrott: bets $3
HARDGURU: calls $3
*** TURN *** [Qd Ac Jc] [2d]
HARDGURU: checks
punkrott: checks
*** RIVER *** [Qd Ac Jc 2d] [4h]
HARDGURU: bets $6
punkrott: folds
Uncalled bet ($6) returned to HARDGURU
HARDGURU collected $17.64 from pot
HARDGURU: doesn't show hand
*** SUMMARY ***
Total pot $18 | Rake $0.36
Board [Qd Ac Jc 2d 4h]
Seat 1: HARDGURU (big blind) collected ($17.64)
Seat 2: punkrott (button) (small blind) folded on the River


PokerStars Hand #146737688345:  Hold'em Limit ($3/$6 USD) - 2016/01/09 9:50:14 ET
Table 'Nauplius' 2-max Seat #1 is the button
Seat 1: HARDGURU ($207.42 in chips)
Seat 2: punkrott ($162.38 in chips)
HARDGURU: posts small blind $1
punkrott: posts big blind $3
*** HOLE CARDS ***
HARDGURU: raises $3 to $6
punkrott: raises $3 to $9
HARDGURU: calls $3
*** FLOP *** [9c 4c Tc]
punkrott: bets $3
HARDGURU: calls $3
*** TURN *** [9c 4c Tc] [2h]
punkrott: bets $6
HARDGURU: calls $6
*** RIVER *** [9c 4c Tc 2h] [Jc]
punkrott: checks
HARDGURU: bets $6
punkrott: folds
Uncalled bet ($6) returned to HARDGURU
HARDGURU collected $35.50 from pot
HARDGURU: doesn't show hand
*** SUMMARY ***
Total pot $36 | Rake $0.50
Board [9c 4c Tc 2h Jc]
Seat 1: HARDGURU (button) (small blind) collected ($35.50)
Seat 2: punkrott (big blind) folded on the River


PokerStars Hand #146737712338:  Hold'em Limit ($3/$6 USD) - 2016/01/09 9:50:43 ET
Table 'Nauplius' 2-max Seat #2 is the button
Seat 1: HARDGURU ($224.92 in chips)
Seat 2: punkrott ($144.38 in chips)
punkrott: posts small blind $1
HARDGURU: posts big blind $3
*** HOLE CARDS ***
punkrott: raises $3 to $6
HARDGURU: calls $3
*** FLOP *** [Kc Jc 8h]
HARDGURU: checks
punkrott: bets $3
HARDGURU: calls $3
*** TURN *** [Kc Jc 8h] [6c]
HARDGURU: checks
punkrott: bets $6
HARDGURU: calls $6
*** RIVER *** [Kc Jc 8h 6c] [Jh]
HARDGURU: checks
punkrott: bets $6
HARDGURU: folds
Uncalled bet ($6) returned to punkrott
punkrott collected $29.50 from pot
punkrott: doesn't show hand
*** SUMMARY ***
Total pot $30 | Rake $0.50
Board [Kc Jc 8h 6c Jh]
Seat 1: HARDGURU (big blind) folded on the River
Seat 2: punkrott (button) (small blind) collected ($29.50)


PokerStars Hand #146737727974:  Hold'em Limit ($3/$6 USD) - 2016/01/09 9:51:02 ET
Table 'Nauplius' 2-max Seat #1 is the button
Seat 1: HARDGURU ($209.92 in chips)
Seat 2: punkrott ($158.88 in chips)
HARDGURU: posts small blind $1
punkrott: posts big blind $3
*** HOLE CARDS ***
HARDGURU: calls $2
punkrott: checks
*** FLOP *** [Js 7c Qd]
punkrott: checks
HARDGURU: checks
*** TURN *** [Js 7c Qd] [Qh]
punkrott: bets $6
HARDGURU: folds
Uncalled bet ($6) returned to punkrott
punkrott collected $5.88 from pot
punkrott: doesn't show hand
*** SUMMARY ***
Total pot $6 | Rake $0.12
Board [Js 7c Qd Qh]
Seat 1: HARDGURU (button) (small blind) folded on the Turn
Seat 2: punkrott (big blind) collected ($5.88)


PokerStars Hand #146737746593:  Hold'em Limit ($3/$6 USD) - 2016/01/09 9:51:25 ET
Table 'Nauplius' 2-max Seat #1 is the button
Seat 1: HARDGURU ($194.92 in chips)
Seat 2: punkrott ($173.28 in chips)
HARDGURU: posts small blind $1
punkrott: posts big blind $3
*** HOLE CARDS ***
HARDGURU: folds
Uncalled bet ($2) returned to punkrott
punkrott collected $2 from pot
punkrott: doesn't show hand
*** SUMMARY ***
Total pot $2 | Rake $0
Seat 1: HARDGURU (button) (small blind) folded before Flop
Seat 2: punkrott (big blind) collected ($2)


PokerStars Hand #146737736901:  Hold'em Limit ($3/$6 USD) - 2016/01/09 9:51:13 ET
Table 'Nauplius' 2-max Seat #2 is the button
Seat 1: HARDGURU ($206.92 in chips)
Seat 2: punkrott ($161.76 in chips)
punkrott: posts small blind $1
HARDGURU: posts big blind $3
*** HOLE CARDS ***
punkrott: raises $3 to $6
HARDGURU: calls $3
*** FLOP *** [Jd 7s Td]
HARDGURU: checks
punkrott: checks
*** TURN *** [Jd 7s Td] [2h]
HARDGURU: checks
punkrott: checks
*** RIVER *** [Jd 7s Td 2h] [Kh]
HARDGURU: bets $6
punkrott: calls $6
*** SHOW DOWN ***
HARDGURU: shows [Ah 5h] (high card Ace)
punkrott: shows [Tc 9s] (a pair of Tens)
punkrott collected $23.52 from pot
*** SUMMARY ***
Total pot $24 | Rake $0.48
Board [Jd 7s Td 2h Kh]
Seat 1: HARDGURU (big blind) showed [Ah 5h] and lost with high card Ace
Seat 2: punkrott (button) (small blind) showed [Tc 9s] and won ($23.52) with a pair of Tens


PokerStars Hand #146737751033:  Hold'em Limit ($3/$6 USD) - 2016/01/09 9:51:30 ET
Table 'Nauplius' 2-max Seat #2 is the button
Seat 1: HARDGURU ($193.92 in chips)
Seat 2: punkrott ($174.28 in chips)
punkrott: posts small blind $1
HARDGURU: posts big blind $3
*** HOLE CARDS ***
punkrott: raises $3 to $6
HARDGURU: calls $3
*** FLOP *** [6s Jh Qd]
HARDGURU: checks
punkrott: bets $3
HARDGURU: folds
Uncalled bet ($3) returned to punkrott
punkrott collected $11.76 from pot
punkrott: doesn't show hand
*** SUMMARY ***
Total pot $12 | Rake $0.24
Board [6s Jh Qd]
Seat 1: HARDGURU (big blind) folded on the Flop
Seat 2: punkrott (button) (small blind) collected ($11.76)


PokerStars Hand #146737758857:  Hold'em Limit ($3/$6 USD) - 2016/01/09 9:51:40 ET
Table 'Nauplius' 2-max Seat #1 is the button
Seat 1: HARDGURU ($187.92 in chips)
Seat 2: punkrott ($180.04 in chips)
HARDGURU: posts small blind $1
punkrott: posts big blind $3
*** HOLE CARDS ***
HARDGURU: raises $3 to $6
punkrott: calls $3
*** FLOP *** [Ah As Th]
punkrott: checks
HARDGURU: checks
*** TURN *** [Ah As Th] [Qc]
punkrott: checks
HARDGURU: bets $6
punkrott: folds
Uncalled bet ($6) returned to HARDGURU
HARDGURU collected $11.76 from pot
HARDGURU: doesn't show hand
*** SUMMARY ***
Total pot $12 | Rake $0.24
Board [Ah As Th Qc]
Seat 1: HARDGURU (button) (small blind) collected ($11.76)
Seat 2: punkrott (big blind) folded on the Turn


PokerStars Hand #146737779777:  Hold'em Limit ($3/$6 USD) - 2016/01/09 9:52:05 ET
Table 'Nauplius' 2-max Seat #1 is the button
Seat 1: HARDGURU ($202.32 in chips)
Seat 2: punkrott ($165.04 in chips)
HARDGURU: posts small blind $1
punkrott: posts big blind $3
*** HOLE CARDS ***
HARDGURU: folds
Uncalled bet ($2) returned to punkrott
punkrott collected $2 from pot
punkrott: doesn't show hand
*** SUMMARY ***
Total pot $2 | Rake $0
Seat 1: HARDGURU (button) (small blind) folded before Flop
Seat 2: punkrott (big blind) collected ($2)


PokerStars Hand #146737769224:  Hold'em Limit ($3/$6 USD) - 2016/01/09 9:51:53 ET
Table 'Nauplius' 2-max Seat #2 is the button
Seat 1: HARDGURU ($193.68 in chips)
Seat 2: punkrott ($174.04 in chips)
punkrott: posts small blind $1
HARDGURU: posts big blind $3
*** HOLE CARDS ***
punkrott: raises $3 to $6
HARDGURU: calls $3
*** FLOP *** [2d 3s 9h]
HARDGURU: checks
punkrott: bets $3
HARDGURU: calls $3
*** TURN *** [2d 3s 9h] [Th]
HARDGURU: checks
punkrott: checks
*** RIVER *** [2d 3s 9h Th] [3c]
HARDGURU: bets $6
punkrott: folds
Uncalled bet ($6) returned to HARDGURU
HARDGURU collected $17.64 from pot
HARDGURU: doesn't show hand
*** SUMMARY ***
Total pot $18 | Rake $0.36
Board [2d 3s 9h Th 3c]
Seat 1: HARDGURU (big blind) collected ($17.64)
Seat 2: punkrott (button) (small blind) folded on the River


PokerStars Hand #146737784046:  Hold'em Limit ($3/$6 USD) - 2016/01/09 9:52:10 ET
Table 'Nauplius' 2-max Seat #2 is the button
Seat 1: HARDGURU ($201.32 in chips)
Seat 2: punkrott ($166.04 in chips)
punkrott: posts small blind $1
HARDGURU: posts big blind $3
*** HOLE CARDS ***
punkrott: raises $3 to $6
HARDGURU: calls $3
*** FLOP *** [Js 7h Jd]
HARDGURU: checks
punkrott: bets $3
HARDGURU: calls $3
*** TURN *** [Js 7h Jd] [3h]
HARDGURU: checks
punkrott: checks
*** RIVER *** [Js 7h Jd 3h] [3s]
HARDGURU: bets $6
punkrott: calls $6
*** SHOW DOWN ***
HARDGURU: shows [Tc 3c] (a full house, Threes full of Jacks)
punkrott: mucks hand
HARDGURU collected $29.50 from pot
*** SUMMARY ***
Total pot $30 | Rake $0.50
Board [Js 7h Jd 3h 3s]
Seat 1: HARDGURU (big blind) showed [Tc 3c] and won ($29.50) with a full house, Threes full of Jacks
Seat 2: punkrott (button) (small blind) mucked


PokerStars Hand #146737795381:  Hold'em Limit ($3/$6 USD) - 2016/01/09 9:52:24 ET
Table 'Nauplius' 2-max Seat #1 is the button
Seat 1: HARDGURU ($215.82 in chips)
Seat 2: punkrott ($151.04 in chips)
HARDGURU: posts small blind $1
punkrott: posts big blind $3
*** HOLE CARDS ***
HARDGURU: calls $2
punkrott: checks
*** FLOP *** [5c 7c 6h]
punkrott: checks
HARDGURU: checks
*** TURN *** [5c 7c 6h] [Kc]
punkrott: bets $6
HARDGURU: calls $6
*** RIVER *** [5c 7c 6h Kc] [Ac]
punkrott: bets $6
HARDGURU: calls $6
*** SHOW DOWN ***
punkrott: shows [6c 8s] (a flush, Ace high)
HARDGURU: mucks hand
punkrott collected $29.50 from pot
*** SUMMARY ***
Total pot $30 | Rake $0.50
Board [5c 7c 6h Kc Ac]
Seat 1: HARDGURU (button) (small blind) mucked
Seat 2: punkrott (big blind) showed [6c 8s] and won ($29.50) with a flush, Ace high


PokerStars Hand #146737818837:  Hold'em Limit ($3/$6 USD) - 2016/01/09 9:52:53 ET
Table 'Nauplius' 2-max Seat #1 is the button
Seat 1: HARDGURU ($224.32 in chips)
Seat 2: punkrott ($141.54 in chips)
HARDGURU: posts small blind $1
punkrott: posts big blind $3
*** HOLE CARDS ***
HARDGURU: folds
Uncalled bet ($2) returned to punkrott
punkrott collected $2 from pot
punkrott: doesn't show hand
*** SUMMARY ***
Total pot $2 | Rake $0
Seat 1: HARDGURU (button) (small blind) folded before Flop
Seat 2: punkrott (big blind) collected ($2)


PokerStars Hand #146737806761:  Hold'em Limit ($3/$6 USD) - 2016/01/09 9:52:38 ET
Table 'Nauplius' 2-max Seat #2 is the button
Seat 1: HARDGURU ($200.82 in chips)
Seat 2: punkrott ($165.54 in chips)
punkrott: posts small blind $1
HARDGURU: posts big blind $3
*** HOLE CARDS ***
punkrott: raises $3 to $6
HARDGURU: calls $3
*** FLOP *** [8d Td 9s]
HARDGURU: checks
punkrott: checks
*** TURN *** [8d Td 9s] [Kh]
HARDGURU: bets $6
punkrott: raises $6 to $12
HARDGURU: calls $6
*** RIVER *** [8d Td 9s Kh] [Ts]
HARDGURU: checks
punkrott: bets $6
HARDGURU: calls $6
*** SHOW DOWN ***
punkrott: shows [4s 7h] (a pair of Tens)
HARDGURU: shows [Jd 9d] (two pair, Tens and Nines)
HARDGURU collected $47.50 from pot
*** SUMMARY ***
Total pot $48 | Rake $0.50
Board [8d Td 9s Kh Ts]
Seat 1: HARDGURU (big blind) showed [Jd 9d] and won ($47.50) with two pair, Tens and Nines
Seat 2: punkrott (button) (small blind) showed [4s 7h] and lost with a pair of Tens


PokerStars Hand #146737823592:  Hold'em Limit ($3/$6 USD) - 2016/01/09 9:52:59 ET
Table 'Nauplius' 2-max Seat #2 is the button
Seat 1: HARDGURU ($223.32 in chips)
Seat 2: punkrott ($142.54 in chips)
punkrott: posts small blind $1
HARDGURU: posts big blind $3
*** HOLE CARDS ***
punkrott: folds
Uncalled bet ($2) returned to HARDGURU
HARDGURU collected $2 from pot
HARDGURU: doesn't show hand
*** SUMMARY ***
Total pot $2 | Rake $0
Seat 1: HARDGURU (big blind) collected ($2)
Seat 2: punkrott (button) (small blind) folded before Flop


PokerStars Hand #146737838460:  Hold'em Limit ($3/$6 USD) - 2016/01/09 9:53:17 ET
Table 'Nauplius' 2-max Seat #2 is the button
Seat 1: HARDGURU ($241.82 in chips)
Seat 2: punkrott ($123.54 in chips)
punkrott: posts small blind $1
HARDGURU: posts big blind $3
*** HOLE CARDS ***
punkrott: folds
Uncalled bet ($2) returned to HARDGURU
HARDGURU collected $2 from pot
HARDGURU: doesn't show hand
*** SUMMARY ***
Total pot $2 | Rake $0
Seat 1: HARDGURU (big blind) collected ($2)
Seat 2: punkrott (button) (small blind) folded before Flop


PokerStars Hand #146737827221:  Hold'em Limit ($3/$6 USD) - 2016/01/09 9:53:03 ET
Table 'Nauplius' 2-max Seat #1 is the button
Seat 1: HARDGURU ($224.32 in chips)
Seat 2: punkrott ($141.54 in chips)
HARDGURU: posts small blind $1
punkrott: posts big blind $3
*** HOLE CARDS ***
HARDGURU: raises $3 to $6
punkrott: calls $3
*** FLOP *** [Td Tc 7h]
punkrott: checks
HARDGURU: checks
*** TURN *** [Td Tc 7h] [Ts]
punkrott: bets $6
HARDGURU: raises $6 to $12
punkrott: calls $6
*** RIVER *** [Td Tc 7h Ts] [Jc]
punkrott: checks
HARDGURU: checks
*** SHOW DOWN ***
punkrott: shows [6c Ah] (three of a kind, Tens)
HARDGURU: shows [As Qc] (three of a kind, Tens - Ace+Queen kicker)
HARDGURU collected $35.50 from pot
*** SUMMARY ***
Total pot $36 | Rake $0.50
Board [Td Tc 7h Ts Jc]
Seat 1: HARDGURU (button) (small blind) showed [As Qc] and won ($35.50) with three of a kind, Tens
Seat 2: punkrott (big blind) showed [6c Ah] and lost with three of a kind, Tens


PokerStars Hand #146737869504:  Hold'em Limit ($3/$6 USD) - 2016/01/09 9:53:55 ET
Table 'Nauplius' 2-max Seat #1 is the button
Seat 1: HARDGURU ($248.32 in chips)
Seat 2: punkrott ($116.04 in chips)
HARDGURU: posts small blind $1
punkrott: posts big blind $3
*** HOLE CARDS ***
HARDGURU: folds
Uncalled bet ($2) returned to punkrott
punkrott collected $2 from pot
punkrott: doesn't show hand
*** SUMMARY ***
Total pot $2 | Rake $0
Seat 1: HARDGURU (button) (small blind) folded before Flop
Seat 2: punkrott (big blind) collected ($2)


PokerStars Hand #146737853352:  Hold'em Limit ($3/$6 USD) - 2016/01/09 9:53:35 ET
Table 'Nauplius' 2-max Seat #2 is the button
Seat 1: HARDGURU ($227.82 in chips)
Seat 2: punkrott ($137.04 in chips)
punkrott: posts small blind $1
HARDGURU: posts big blind $3
*** HOLE CARDS ***
punkrott: raises $3 to $6
HARDGURU: calls $3
*** FLOP *** [9s Kh 3h]
HARDGURU: checks
punkrott: bets $3
HARDGURU: calls $3
*** TURN *** [9s Kh 3h] [As]
HARDGURU: checks
punkrott: bets $6
HARDGURU: calls $6
*** RIVER *** [9s Kh 3h As] [5h]
HARDGURU: bets $6
punkrott: calls $6
*** SHOW DOWN ***
HARDGURU: shows [Th Jh] (a flush, King high)
punkrott: mucks hand
HARDGURU collected $41.50 from pot
*** SUMMARY ***
Total pot $42 | Rake $0.50
Board [9s Kh 3h As 5h]
Seat 1: HARDGURU (big blind) showed [Th Jh] and won ($41.50) with a flush, King high
Seat 2: punkrott (button) (small blind) mucked


PokerStars Hand #146737875377:  Hold'em Limit ($3/$6 USD) - 2016/01/09 9:54:02 ET
Table 'Nauplius' 2-max Seat #2 is the button
Seat 1: HARDGURU ($247.32 in chips)
Seat 2: punkrott ($117.04 in chips)
punkrott: posts small blind $1
HARDGURU: posts big blind $3
*** HOLE CARDS ***
punkrott: raises $3 to $6
HARDGURU: calls $3
*** FLOP *** [5c 4c Kc]
HARDGURU: checks
punkrott: bets $3
HARDGURU: folds
Uncalled bet ($3) returned to punkrott
punkrott collected $11.76 from pot
punkrott: doesn't show hand
*** SUMMARY ***
Total pot $12 | Rake $0.24
Board [5c 4c Kc]
Seat 1: HARDGURU (big blind) folded on the Flop
Seat 2: punkrott (button) (small blind) collected ($11.76)


PokerStars Hand #146737889720:  Hold'em Limit ($3/$6 USD) - 2016/01/09 9:54:19 ET
Table 'Nauplius' 2-max Seat #1 is the button
Seat 1: HARDGURU ($241.32 in chips)
Seat 2: punkrott ($122.80 in chips)
HARDGURU: posts small blind $1
punkrott: posts big blind $3
*** HOLE CARDS ***
HARDGURU: raises $3 to $6
punkrott: calls $3
*** FLOP *** [Ac 6d Ad]
punkrott: checks
HARDGURU: bets $3
punkrott: calls $3
*** TURN *** [Ac 6d Ad] [3d]
punkrott: checks
HARDGURU: bets $6
punkrott: calls $6
*** RIVER *** [Ac 6d Ad 3d] [Kh]
punkrott: checks
HARDGURU: bets $6
punkrott: calls $6
*** SHOW DOWN ***
HARDGURU: shows [3s Ah] (a full house, Aces full of Threes)
punkrott: mucks hand
HARDGURU collected $41.50 from pot
*** SUMMARY ***
Total pot $42 | Rake $0.50
Board [Ac 6d Ad 3d Kh]
Seat 1: HARDGURU (button) (small blind) showed [3s Ah] and won ($41.50) with a full house, Aces full of Threes
Seat 2: punkrott (big blind) mucked


PokerStars Hand #146737903689:  Hold'em Limit ($3/$6 USD) - 2016/01/09 9:54:36 ET
Table 'Nauplius' 2-max Seat #2 is the button
Seat 1: HARDGURU ($261.82 in chips)
Seat 2: punkrott ($101.80 in chips)
punkrott: posts small blind $1
HARDGURU: posts big blind $3
*** HOLE CARDS ***
punkrott: raises $3 to $6
HARDGURU: raises $3 to $9
punkrott: calls $3
*** FLOP *** [4h 6s 9s]
HARDGURU: checks
punkrott: checks
*** TURN *** [4h 6s 9s] [5h]
HARDGURU: checks
punkrott: checks
*** RIVER *** [4h 6s 9s 5h] [Kh]
HARDGURU: bets $6
punkrott: calls $6
*** SHOW DOWN ***
HARDGURU: shows [Ad Ah] (a pair of Aces)
punkrott: mucks hand
HARDGURU collected $29.50 from pot
*** SUMMARY ***
Total pot $30 | Rake $0.50
Board [4h 6s 9s 5h Kh]
Seat 1: HARDGURU (big blind) showed [Ad Ah] and won ($29.50) with a pair of Aces
Seat 2: punkrott (button) (small blind) mucked


PokerStars Hand #146737915109:  Hold'em Limit ($3/$6 USD) - 2016/01/09 9:54:50 ET
Table 'Nauplius' 2-max Seat #1 is the button
Seat 1: HARDGURU ($276.32 in chips)
Seat 2: punkrott ($86.80 in chips)
HARDGURU: posts small blind $1
punkrott: posts big blind $3
*** HOLE CARDS ***
HARDGURU: raises $3 to $6
punkrott: raises $3 to $9
HARDGURU: calls $3
*** FLOP *** [Qh Td 6c]
punkrott: bets $3
HARDGURU: folds
Uncalled bet ($3) returned to punkrott
punkrott collected $17.64 from pot
punkrott: doesn't show hand
*** SUMMARY ***
Total pot $18 | Rake $0.36
Board [Qh Td 6c]
Seat 1: HARDGURU (button) (small blind) folded on the Flop
Seat 2: punkrott (big blind) collected ($17.64)


PokerStars Hand #146737925525:  Hold'em Limit ($3/$6 USD) - 2016/01/09 9:55:02 ET
Table 'Nauplius' 2-max Seat #2 is the button
Seat 1: HARDGURU ($267.32 in chips)
Seat 2: punkrott ($95.44 in chips)
punkrott: posts small blind $1
HARDGURU: posts big blind $3
*** HOLE CARDS ***
punkrott: raises $3 to $6
HARDGURU: calls $3
*** FLOP *** [2c Jd 5s]
HARDGURU: checks
punkrott: bets $3
HARDGURU: folds
Uncalled bet ($3) returned to punkrott
punkrott collected $11.76 from pot
punkrott: doesn't show hand
*** SUMMARY ***
Total pot $12 | Rake $0.24
Board [2c Jd 5s]
Seat 1: HARDGURU (big blind) folded on the Flop
Seat 2: punkrott (button) (small blind) collected ($11.76)


PokerStars Hand #146737931724:  Hold'em Limit ($3/$6 USD) - 2016/01/09 9:55:11 ET
Table 'Nauplius' 2-max Seat #1 is the button
Seat 1: HARDGURU ($261.32 in chips)
Seat 2: punkrott ($101.20 in chips)
HARDGURU: posts small blind $1
punkrott: posts big blind $3
*** HOLE CARDS ***
HARDGURU: folds
Uncalled bet ($2) returned to punkrott
punkrott collected $2 from pot
punkrott: doesn't show hand
*** SUMMARY ***
Total pot $2 | Rake $0
Seat 1: HARDGURU (button) (small blind) folded before Flop
Seat 2: punkrott (big blind) collected ($2)


PokerStars Hand #146737935411:  Hold'em Limit ($3/$6 USD) - 2016/01/09 9:55:16 ET
Table 'Nauplius' 2-max Seat #2 is the button
Seat 1: HARDGURU ($260.32 in chips)
Seat 2: punkrott ($102.20 in chips)
punkrott: posts small blind $1
HARDGURU: posts big blind $3
*** HOLE CARDS ***
punkrott: raises $3 to $6
HARDGURU: calls $3
*** FLOP *** [6h 8c 8d]
HARDGURU: checks
punkrott: bets $3
HARDGURU: calls $3
*** TURN *** [6h 8c 8d] [2c]
HARDGURU: checks
punkrott: bets $6
HARDGURU: calls $6
*** RIVER *** [6h 8c 8d 2c] [8h]
HARDGURU: checks
punkrott: checks
*** SHOW DOWN ***
HARDGURU: shows [Js 8s] (four of a kind, Eights)
punkrott: mucks hand
HARDGURU collected $29.50 from pot
*** SUMMARY ***
Total pot $30 | Rake $0.50
Board [6h 8c 8d 2c 8h]
Seat 1: HARDGURU (big blind) showed [Js 8s] and won ($29.50) with four of a kind, Eights
Seat 2: punkrott (button) (small blind) mucked


PokerStars Hand #146737945140:  Hold'em Limit ($3/$6 USD) - 2016/01/09 9:55:31 ET
Table 'Nauplius' 2-max Seat #1 is the button
Seat 1: HARDGURU ($274.82 in chips)
Seat 2: punkrott ($87.20 in chips)
HARDGURU: posts small blind $1
punkrott: posts big blind $3
*** HOLE CARDS ***
HARDGURU: raises $3 to $6
punkrott: calls $3
*** FLOP *** [2c Js 3d]
punkrott: checks
HARDGURU: checks
*** TURN *** [2c Js 3d] [Qs]
punkrott: bets $6
HARDGURU: calls $6
*** RIVER *** [2c Js 3d Qs] [2h]
punkrott: bets $6
HARDGURU: calls $6
*** SHOW DOWN ***
punkrott: shows [8d 6s] (a pair of Deuces)
HARDGURU: shows [Ts Qd] (two pair, Queens and Deuces)
HARDGURU collected $35.50 from pot
*** SUMMARY ***
Total pot $36 | Rake $0.50
Board [2c Js 3d Qs 2h]
Seat 1: HARDGURU (button) (small blind) showed [Ts Qd] and won ($35.50) with two pair, Queens and Deuces
Seat 2: punkrott (big blind) showed [8d 6s] and lost with a pair of Deuces


PokerStars Hand #146737961159:  Hold'em Limit ($3/$6 USD) - 2016/01/09 9:55:54 ET
Table 'Nauplius' 2-max Seat #1 is the button
Seat 1: HARDGURU ($300.96 in chips)
Seat 2: punkrott ($120.20 in chips)
HARDGURU: posts small blind $1
punkrott: posts big blind $3
*** HOLE CARDS ***
HARDGURU: raises $3 to $6
punkrott: calls $3
*** FLOP *** [3c Tc Ad]
punkrott: checks
HARDGURU: bets $3
punkrott: folds
Uncalled bet ($3) returned to HARDGURU
HARDGURU collected $11.76 from pot
HARDGURU: doesn't show hand
*** SUMMARY ***
Total pot $12 | Rake $0.24
Board [3c Tc Ad]
Seat 1: HARDGURU (button) (small blind) collected ($11.76)
Seat 2: punkrott (big blind) folded on the Flop


PokerStars Hand #146737952875:  Hold'em Limit ($3/$6 USD) - 2016/01/09 9:55:42 ET
Table 'Nauplius' 2-max Seat #2 is the button
Seat 1: HARDGURU ($292.32 in chips)
Seat 2: punkrott ($69.20 in chips)
punkrott: posts small blind $1
HARDGURU: posts big blind $3
*** HOLE CARDS ***
punkrott: raises $3 to $6
HARDGURU: raises $3 to $9
punkrott: calls $3
*** FLOP *** [6d Jd 6s]
HARDGURU: checks
punkrott: checks
*** TURN *** [6d Jd 6s] [4h]
HARDGURU: bets $6
punkrott: folds
Uncalled bet ($6) returned to HARDGURU
HARDGURU collected $17.64 from pot
HARDGURU: doesn't show hand
*** SUMMARY ***
Total pot $18 | Rake $0.36
Board [6d Jd 6s 4h]
Seat 1: HARDGURU (big blind) collected ($17.64)
Seat 2: punkrott (button) (small blind) folded on the Turn


PokerStars Hand #146737966523:  Hold'em Limit ($3/$6 USD) - 2016/01/09 9:56:02 ET
Table 'Nauplius' 2-max Seat #2 is the button
Seat 1: HARDGURU ($306.72 in chips)
Seat 2: punkrott ($114.20 in chips)
punkrott: posts small blind $1
HARDGURU: posts big blind $3
*** HOLE CARDS ***
punkrott: raises $3 to $6
HARDGURU: calls $3
*** FLOP *** [Th 4d 7c]
HARDGURU: checks
punkrott: checks
*** TURN *** [Th 4d 7c] [Jh]
HARDGURU: bets $6
punkrott: calls $6
*** RIVER *** [Th 4d 7c Jh] [7s]
HARDGURU: checks
punkrott: bets $6
HARDGURU: folds
Uncalled bet ($6) returned to punkrott
punkrott collected $23.52 from pot
punkrott: doesn't show hand
*** SUMMARY ***
Total pot $24 | Rake $0.48
Board [Th 4d 7c Jh 7s]
Seat 1: HARDGURU (big blind) folded on the River
Seat 2: punkrott (button) (small blind) collected ($23.52)


PokerStars Hand #146737988225:  Hold'em Limit ($3/$6 USD) - 2016/01/09 9:56:34 ET
Table 'Nauplius' 2-max Seat #2 is the button
Seat 1: HARDGURU ($312.22 in chips)
Seat 2: punkrott ($107.72 in chips)
punkrott: posts small blind $1
HARDGURU: posts big blind $3
*** HOLE CARDS ***
punkrott: raises $3 to $6
HARDGURU: calls $3
*** FLOP *** [8c As 4h]
HARDGURU: checks
punkrott: bets $3
HARDGURU: folds
Uncalled bet ($3) returned to punkrott
punkrott collected $11.76 from pot
punkrott: doesn't show hand
*** SUMMARY ***
Total pot $12 | Rake $0.24
Board [8c As 4h]
Seat 1: HARDGURU (big blind) folded on the Flop
Seat 2: punkrott (button) (small blind) collected ($11.76)


PokerStars Hand #146737976644:  Hold'em Limit ($3/$6 USD) - 2016/01/09 9:56:17 ET
Table 'Nauplius' 2-max Seat #1 is the button
Seat 1: HARDGURU ($294.72 in chips)
Seat 2: punkrott ($125.72 in chips)
HARDGURU: posts small blind $1
punkrott: posts big blind $3
*** HOLE CARDS ***
HARDGURU: raises $3 to $6
punkrott: calls $3
*** FLOP *** [Kh 5h 2h]
punkrott: checks
HARDGURU: checks
*** TURN *** [Kh 5h 2h] [As]
punkrott: checks
HARDGURU: bets $6
punkrott: calls $6
*** RIVER *** [Kh 5h 2h As] [Js]
punkrott: checks
HARDGURU: bets $6
punkrott: calls $6
*** SHOW DOWN ***
HARDGURU: shows [4d Ad] (a pair of Aces)
punkrott: mucks hand
HARDGURU collected $35.50 from pot
*** SUMMARY ***
Total pot $36 | Rake $0.50
Board [Kh 5h 2h As Js]
Seat 1: HARDGURU (button) (small blind) showed [4d Ad] and won ($35.50) with a pair of Aces
Seat 2: punkrott (big blind) mucked


PokerStars Hand #146740810434:  Hold'em Limit ($3/$6 USD) - 2016/01/09 10:50:34 ET
Table 'Nauplius' 2-max Seat #1 is the button
Seat 1: HARDGURU ($192.16 in chips)
Seat 2: punkrott ($115.52 in chips)
HARDGURU: posts small blind $1
punkrott: posts big blind $3
*** HOLE CARDS ***
HARDGURU: folds
Uncalled bet ($2) returned to punkrott
punkrott collected $2 from pot
punkrott: doesn't show hand
*** SUMMARY ***
Total pot $2 | Rake $0
Seat 1: HARDGURU (button) (small blind) folded before Flop
Seat 2: punkrott (big blind) collected ($2)


PokerStars Hand #146740800205:  Hold'em Limit ($3/$6 USD) - 2016/01/09 10:50:22 ET
Table 'Nauplius' 2-max Seat #2 is the button
Seat 1: HARDGURU ($183.52 in chips)
Seat 2: punkrott ($124.52 in chips)
punkrott: posts small blind $1
HARDGURU: posts big blind $3
*** HOLE CARDS ***
punkrott: raises $3 to $6
HARDGURU: raises $3 to $9
punkrott: calls $3
*** FLOP *** [7h Jc 9s]
HARDGURU: checks
punkrott: checks
*** TURN *** [7h Jc 9s] [3d]
HARDGURU: bets $6
punkrott: folds
Uncalled bet ($6) returned to HARDGURU
HARDGURU collected $17.64 from pot
HARDGURU: doesn't show hand
*** SUMMARY ***
Total pot $18 | Rake $0.36
Board [7h Jc 9s 3d]
Seat 1: HARDGURU (big blind) collected ($17.64)
Seat 2: punkrott (button) (small blind) folded on the Turn


PokerStars Hand #146740856940:  Hold'em Limit ($3/$6 USD) - 2016/01/09 10:51:24 ET
Table 'Nauplius' 2-max Seat #2 is the button
Seat 1: HARDGURU ($184.68 in chips)
Seat 2: punkrott ($122.02 in chips)
punkrott: posts small blind $1
HARDGURU: posts big blind $3
*** HOLE CARDS ***
punkrott: folds
Uncalled bet ($2) returned to HARDGURU
HARDGURU collected $2 from pot
HARDGURU: doesn't show hand
*** SUMMARY ***
Total pot $2 | Rake $0
Seat 1: HARDGURU (big blind) collected ($2)
Seat 2: punkrott (button) (small blind) folded before Flop


PokerStars Hand #146740829815:  Hold'em Limit ($3/$6 USD) - 2016/01/09 10:50:54 ET
Table 'Nauplius' 2-max Seat #1 is the button
Seat 1: HARDGURU ($202.68 in chips)
Seat 2: punkrott ($104.52 in chips)
HARDGURU: posts small blind $1
punkrott: posts big blind $3
*** HOLE CARDS ***
HARDGURU: raises $3 to $6
punkrott: calls $3
*** FLOP *** [Td 3s Qd]
punkrott: checks
HARDGURU: bets $3
punkrott: raises $3 to $6
HARDGURU: calls $3
*** TURN *** [Td 3s Qd] [2d]
punkrott: bets $6
HARDGURU: calls $6
*** RIVER *** [Td 3s Qd 2d] [Jc]
punkrott: checks
HARDGURU: checks
*** SHOW DOWN ***
punkrott: shows [6d Tc] (a pair of Tens)
HARDGURU: mucks hand
punkrott collected $35.50 from pot
*** SUMMARY ***
Total pot $36 | Rake $0.50
Board [Td 3s Qd 2d Jc]
Seat 1: HARDGURU (button) (small blind) mucked
Seat 2: punkrott (big blind) showed [6d Tc] and won ($35.50) with a pair of Tens


PokerStars Hand #146740861532:  Hold'em Limit ($3/$6 USD) - 2016/01/09 10:51:29 ET
Table 'Nauplius' 2-max Seat #1 is the button
Seat 1: HARDGURU ($185.68 in chips)
Seat 2: punkrott ($121.02 in chips)
HARDGURU: posts small blind $1
punkrott: posts big blind $3
*** HOLE CARDS ***
HARDGURU: raises $3 to $6
punkrott: calls $3
*** FLOP *** [4c 3d 6c]
punkrott: checks
HARDGURU: bets $3
punkrott: calls $3
*** TURN *** [4c 3d 6c] [7h]
punkrott: checks
HARDGURU: checks
*** RIVER *** [4c 3d 6c 7h] [6h]
punkrott: bets $6
HARDGURU: calls $6
*** SHOW DOWN ***
punkrott: shows [Kd 4s] (two pair, Sixes and Fours)
HARDGURU: mucks hand
punkrott collected $29.50 from pot
*** SUMMARY ***
Total pot $30 | Rake $0.50
Board [4c 3d 6c 7h 6h]
Seat 1: HARDGURU (button) (small blind) mucked
Seat 2: punkrott (big blind) showed [Kd 4s] and won ($29.50) with two pair, Sixes and Fours


PokerStars Hand #146740815557:  Hold'em Limit ($3/$6 USD) - 2016/01/09 10:50:39 ET
Table 'Nauplius' 2-max Seat #2 is the button
Seat 1: HARDGURU ($191.16 in chips)
Seat 2: punkrott ($116.52 in chips)
punkrott: posts small blind $1
HARDGURU: posts big blind $3
*** HOLE CARDS ***
punkrott: raises $3 to $6
HARDGURU: calls $3
*** FLOP *** [Js 9s Qd]
HARDGURU: checks
punkrott: checks
*** TURN *** [Js 9s Qd] [2c]
HARDGURU: checks
punkrott: checks
*** RIVER *** [Js 9s Qd 2c] [Kh]
HARDGURU: bets $6
punkrott: calls $6
*** SHOW DOWN ***
HARDGURU: shows [4h Ks] (a pair of Kings)
punkrott: mucks hand
HARDGURU collected $23.52 from pot
*** SUMMARY ***
Total pot $24 | Rake $0.48
Board [Js 9s Qd 2c Kh]
Seat 1: HARDGURU (big blind) showed [4h Ks] and won ($23.52) with a pair of Kings
Seat 2: punkrott (button) (small blind) mucked


PokerStars Hand #146740879723:  Hold'em Limit ($3/$6 USD) - 2016/01/09 10:51:48 ET
Table 'Nauplius' 2-max Seat #2 is the button
Seat 1: HARDGURU ($170.68 in chips)
Seat 2: punkrott ($135.52 in chips)
punkrott: posts small blind $1
HARDGURU: posts big blind $3
*** HOLE CARDS ***
punkrott: raises $3 to $6
HARDGURU: calls $3
*** FLOP *** [As Qs 9s]
HARDGURU: checks
punkrott: bets $3
HARDGURU: raises $3 to $6
punkrott: folds
Uncalled bet ($3) returned to HARDGURU
HARDGURU collected $17.64 from pot
HARDGURU: doesn't show hand
*** SUMMARY ***
Total pot $18 | Rake $0.36
Board [As Qs 9s]
Seat 1: HARDGURU (big blind) collected ($17.64)
Seat 2: punkrott (button) (small blind) folded on the Flop


PokerStars Hand #146740891032:  Hold'em Limit ($3/$6 USD) - 2016/01/09 10:52:01 ET
Table 'Nauplius' 2-max Seat #1 is the button
Seat 1: HARDGURU ($179.32 in chips)
Seat 2: punkrott ($126.52 in chips)
HARDGURU: posts small blind $1
punkrott: posts big blind $3
*** HOLE CARDS ***
HARDGURU: raises $3 to $6
punkrott: calls $3
*** FLOP *** [2s 2c Td]
punkrott: checks
HARDGURU: checks
*** TURN *** [2s 2c Td] [5s]
punkrott: checks
HARDGURU: checks
*** RIVER *** [2s 2c Td 5s] [8s]
punkrott: bets $6
HARDGURU: folds
Uncalled bet ($6) returned to punkrott
punkrott collected $11.76 from pot
punkrott: doesn't show hand
*** SUMMARY ***
Total pot $12 | Rake $0.24
Board [2s 2c Td 5s 8s]
Seat 1: HARDGURU (button) (small blind) folded on the River
Seat 2: punkrott (big blind) collected ($11.76)


PokerStars Hand #146740905260:  Hold'em Limit ($3/$6 USD) - 2016/01/09 10:52:16 ET
Table 'Nauplius' 2-max Seat #2 is the button
Seat 1: HARDGURU ($173.32 in chips)
Seat 2: punkrott ($132.28 in chips)
punkrott: posts small blind $1
HARDGURU: posts big blind $3
*** HOLE CARDS ***
punkrott: raises $3 to $6
HARDGURU: calls $3
*** FLOP *** [Qc Kh 6h]
HARDGURU: checks
punkrott: checks
*** TURN *** [Qc Kh 6h] [6d]
HARDGURU: bets $6
punkrott: folds
Uncalled bet ($6) returned to HARDGURU
HARDGURU collected $11.76 from pot
HARDGURU: doesn't show hand
*** SUMMARY ***
Total pot $12 | Rake $0.24
Board [Qc Kh 6h 6d]
Seat 1: HARDGURU (big blind) collected ($11.76)
Seat 2: punkrott (button) (small blind) folded on the Turn


PokerStars Hand #146740968016:  Hold'em Limit ($3/$6 USD) - 2016/01/09 10:53:24 ET
Table 'Nauplius' 2-max Seat #2 is the button
Seat 1: HARDGURU ($190.46 in chips)
Seat 2: punkrott ($114.04 in chips)
punkrott: posts small blind $1
HARDGURU: posts big blind $3
*** HOLE CARDS ***
punkrott: raises $3 to $6
HARDGURU: calls $3
*** FLOP *** [Js 5d 6h]
HARDGURU: checks
punkrott: checks
*** TURN *** [Js 5d 6h] [2h]
HARDGURU: bets $6
punkrott: folds
Uncalled bet ($6) returned to HARDGURU
HARDGURU collected $11.76 from pot
*** SUMMARY ***
Total pot $12 | Rake $0.24
Board [Js 5d 6h 2h]
Seat 1: HARDGURU (big blind) collected ($11.76)
Seat 2: punkrott (button) (small blind) folded on the Turn


PokerStars Hand #146740953936:  Hold'em Limit ($3/$6 USD) - 2016/01/09 10:53:09 ET
Table 'Nauplius' 2-max Seat #1 is the button
Seat 1: HARDGURU ($187.58 in chips)
Seat 2: punkrott ($117.04 in chips)
HARDGURU: posts small blind $1
punkrott: posts big blind $3
*** HOLE CARDS ***
HARDGURU: calls $2
punkrott: checks
*** FLOP *** [7d 7c 3s]
punkrott: checks
HARDGURU: checks
*** TURN *** [7d 7c 3s] [Ks]
punkrott: checks
HARDGURU: bets $6
punkrott: folds
Uncalled bet ($6) returned to HARDGURU
HARDGURU collected $5.88 from pot
HARDGURU: doesn't show hand
*** SUMMARY ***
Total pot $6 | Rake $0.12
Board [7d 7c 3s Ks]
Seat 1: HARDGURU (button) (small blind) collected ($5.88)
Seat 2: punkrott (big blind) folded on the Turn


PokerStars Hand #146740942822:  Hold'em Limit ($3/$6 USD) - 2016/01/09 10:52:57 ET
Table 'Nauplius' 2-max Seat #2 is the button
Seat 1: HARDGURU ($193.58 in chips)
Seat 2: punkrott ($111.28 in chips)
punkrott: posts small blind $1
HARDGURU: posts big blind $3
*** HOLE CARDS ***
punkrott: raises $3 to $6
HARDGURU: calls $3
*** FLOP *** [Jc 5h Qd]
HARDGURU: checks
punkrott: bets $3
HARDGURU: folds
Uncalled bet ($3) returned to punkrott
punkrott collected $11.76 from pot
punkrott: doesn't show hand
*** SUMMARY ***
Total pot $12 | Rake $0.24
Board [Jc 5h Qd]
Seat 1: HARDGURU (big blind) folded on the Flop
Seat 2: punkrott (button) (small blind) collected ($11.76)


PokerStars Hand #146740927986:  Hold'em Limit ($3/$6 USD) - 2016/01/09 10:52:41 ET
Table 'Nauplius' 2-max Seat #1 is the button
Seat 1: HARDGURU ($179.08 in chips)
Seat 2: punkrott ($126.28 in chips)
HARDGURU: posts small blind $1
punkrott: posts big blind $3
*** HOLE CARDS ***
HARDGURU: calls $2
punkrott: raises $3 to $6
HARDGURU: calls $3
*** FLOP *** [4h Tc Qd]
punkrott: bets $3
HARDGURU: calls $3
*** TURN *** [4h Tc Qd] [8h]
punkrott: checks
HARDGURU: bets $6
punkrott: calls $6
*** RIVER *** [4h Tc Qd 8h] [9d]
punkrott: checks
HARDGURU: bets $6
punkrott: folds
Uncalled bet ($6) returned to HARDGURU
HARDGURU collected $29.50 from pot
*** SUMMARY ***
Total pot $30 | Rake $0.50
Board [4h Tc Qd 8h 9d]
Seat 1: HARDGURU (button) (small blind) collected ($29.50)
Seat 2: punkrott (big blind) folded on the River


PokerStars Hand #146741067731:  Hold'em Limit ($3/$6 USD) - 2016/01/09 10:55:14 ET
Table 'Nauplius' 2-max Seat #2 is the button
Seat 1: HARDGURU ($194.22 in chips)
Seat 2: punkrott ($107.82 in chips)
punkrott: posts small blind $1
HARDGURU: posts big blind $3
*** HOLE CARDS ***
punkrott: raises $3 to $6
HARDGURU: folds
Uncalled bet ($3) returned to punkrott
punkrott collected $6 from pot
punkrott: doesn't show hand
*** SUMMARY ***
Total pot $6 | Rake $0
Seat 1: HARDGURU (big blind) folded before Flop
Seat 2: punkrott (button) (small blind) collected ($6)


PokerStars Hand #146741063422:  Hold'em Limit ($3/$6 USD) - 2016/01/09 10:55:08 ET
Table 'Nauplius' 2-max Seat #1 is the button
Seat 1: HARDGURU ($195.22 in chips)
Seat 2: punkrott ($106.82 in chips)
HARDGURU: posts small blind $1
punkrott: posts big blind $3
*** HOLE CARDS ***
HARDGURU: folds
Uncalled bet ($2) returned to punkrott
punkrott collected $2 from pot
punkrott: doesn't show hand
*** SUMMARY ***
Total pot $2 | Rake $0
Seat 1: HARDGURU (button) (small blind) folded before Flop
Seat 2: punkrott (big blind) collected ($2)


PokerStars Hand #146741048454:  Hold'em Limit ($3/$6 USD) - 2016/01/09 10:54:52 ET
Table 'Nauplius' 2-max Seat #2 is the button
Seat 1: HARDGURU ($177.72 in chips)
Seat 2: punkrott ($124.82 in chips)
punkrott: posts small blind $1
HARDGURU: posts big blind $3
*** HOLE CARDS ***
punkrott: raises $3 to $6
HARDGURU: calls $3
*** FLOP *** [2d 8s 7s]
HARDGURU: checks
punkrott: checks
*** TURN *** [2d 8s 7s] [5c]
HARDGURU: bets $6
punkrott: calls $6
*** RIVER *** [2d 8s 7s 5c] [Ad]
HARDGURU: bets $6
punkrott: calls $6
*** SHOW DOWN ***
HARDGURU: shows [6s As] (a pair of Aces)
punkrott: mucks hand
HARDGURU collected $35.50 from pot
*** SUMMARY ***
Total pot $36 | Rake $0.50
Board [2d 8s 7s 5c Ad]
Seat 1: HARDGURU (big blind) showed [6s As] and won ($35.50) with a pair of Aces
Seat 2: punkrott (button) (small blind) mucked


PokerStars Hand #146741043384:  Hold'em Limit ($3/$6 USD) - 2016/01/09 10:54:46 ET
Table 'Nauplius' 2-max Seat #1 is the button
Seat 1: HARDGURU ($174.72 in chips)
Seat 2: punkrott ($127.82 in chips)
HARDGURU: posts small blind $1
punkrott: posts big blind $3
*** HOLE CARDS ***
HARDGURU: raises $3 to $6
punkrott: folds
Uncalled bet ($3) returned to HARDGURU
HARDGURU collected $6 from pot
HARDGURU: doesn't show hand
*** SUMMARY ***
Total pot $6 | Rake $0
Seat 1: HARDGURU (button) (small blind) collected ($6)
Seat 2: punkrott (big blind) folded before Flop


PokerStars Hand #146741034634:  Hold'em Limit ($3/$6 USD) - 2016/01/09 10:54:37 ET
Table 'Nauplius' 2-max Seat #2 is the button
Seat 1: HARDGURU ($180.72 in chips)
Seat 2: punkrott ($122.06 in chips)
punkrott: posts small blind $1
HARDGURU: posts big blind $3
*** HOLE CARDS ***
punkrott: raises $3 to $6
HARDGURU: calls $3
*** FLOP *** [Qh Tc 4c]
HARDGURU: checks
punkrott: bets $3
HARDGURU: folds
Uncalled bet ($3) returned to punkrott
punkrott collected $11.76 from pot
punkrott: doesn't show hand
*** SUMMARY ***
Total pot $12 | Rake $0.24
Board [Qh Tc 4c]
Seat 1: HARDGURU (big blind) folded on the Flop
Seat 2: punkrott (button) (small blind) collected ($11.76)


PokerStars Hand #146741103319:  Hold'em Limit ($3/$6 USD) - 2016/01/09 10:56:03 ET
Table 'Nauplius' 2-max Seat #1 is the button
Seat 1: HARDGURU ($186.62 in chips)
Seat 2: punkrott ($114.32 in chips)
HARDGURU: posts small blind $1
punkrott: posts big blind $3
*** HOLE CARDS ***
HARDGURU: raises $3 to $6
punkrott: calls $3
*** FLOP *** [5c Qs 6s]
punkrott: checks
HARDGURU: checks
*** TURN *** [5c Qs 6s] [4s]
punkrott: bets $6
HARDGURU: folds
Uncalled bet ($6) returned to punkrott
punkrott collected $11.76 from pot
punkrott: doesn't show hand
*** SUMMARY ***
Total pot $12 | Rake $0.24
Board [5c Qs 6s 4s]
Seat 1: HARDGURU (button) (small blind) folded on the Turn
Seat 2: punkrott (big blind) collected ($11.76)


PokerStars Hand #146741093487:  Hold'em Limit ($3/$6 USD) - 2016/01/09 10:55:49 ET
Table 'Nauplius' 2-max Seat #2 is the button
Seat 1: HARDGURU ($204.62 in chips)
Seat 2: punkrott ($96.82 in chips)
punkrott: posts small blind $1
HARDGURU: posts big blind $3
*** HOLE CARDS ***
punkrott: raises $3 to $6
HARDGURU: calls $3
*** FLOP *** [Qh Jc 3h]
HARDGURU: checks
punkrott: checks
*** TURN *** [Qh Jc 3h] [3c]
HARDGURU: bets $6
punkrott: calls $6
*** RIVER *** [Qh Jc 3h 3c] [As]
HARDGURU: bets $6
punkrott: calls $6
*** SHOW DOWN ***
HARDGURU: shows [6s Kh] (a pair of Threes)
punkrott: shows [2d Jd] (two pair, Jacks and Threes)
punkrott collected $35.50 from pot
*** SUMMARY ***
Total pot $36 | Rake $0.50
Board [Qh Jc 3h 3c As]
Seat 1: HARDGURU (big blind) showed [6s Kh] and lost with a pair of Threes
Seat 2: punkrott (button) (small blind) showed [2d Jd] and won ($35.50) with two pair, Jacks and Threes


PokerStars Hand #146741089220:  Hold'em Limit ($3/$6 USD) - 2016/01/09 10:55:44 ET
Table 'Nauplius' 2-max Seat #1 is the button
Seat 1: HARDGURU ($205.62 in chips)
Seat 2: punkrott ($95.82 in chips)
HARDGURU: posts small blind $1
punkrott: posts big blind $3
*** HOLE CARDS ***
HARDGURU: folds
Uncalled bet ($2) returned to punkrott
punkrott collected $2 from pot
punkrott: doesn't show hand
*** SUMMARY ***
Total pot $2 | Rake $0
Seat 1: HARDGURU (button) (small blind) folded before Flop
Seat 2: punkrott (big blind) collected ($2)


PokerStars Hand #146741080568:  Hold'em Limit ($3/$6 USD) - 2016/01/09 10:55:31 ET
Table 'Nauplius' 2-max Seat #2 is the button
Seat 1: HARDGURU ($199.86 in chips)
Seat 2: punkrott ($101.82 in chips)
punkrott: posts small blind $1
HARDGURU: posts big blind $3
*** HOLE CARDS ***
punkrott: raises $3 to $6
HARDGURU: calls $3
*** FLOP *** [As 4c 7d]
HARDGURU: checks
punkrott: checks
*** TURN *** [As 4c 7d] [8s]
HARDGURU: bets $6
punkrott: folds
Uncalled bet ($6) returned to HARDGURU
HARDGURU collected $11.76 from pot
HARDGURU: doesn't show hand
*** SUMMARY ***
Total pot $12 | Rake $0.24
Board [As 4c 7d 8s]
Seat 1: HARDGURU (big blind) collected ($11.76)
Seat 2: punkrott (button) (small blind) folded on the Turn


PokerStars Hand #146741072797:  Hold'em Limit ($3/$6 USD) - 2016/01/09 10:55:21 ET
Table 'Nauplius' 2-max Seat #1 is the button
Seat 1: HARDGURU ($191.22 in chips)
Seat 2: punkrott ($110.82 in chips)
HARDGURU: posts small blind $1
punkrott: posts big blind $3
*** HOLE CARDS ***
HARDGURU: raises $3 to $6
punkrott: calls $3
*** FLOP *** [5s 6d Kh]
punkrott: checks
HARDGURU: bets $3
punkrott: calls $3
*** TURN *** [5s 6d Kh] [4h]
punkrott: checks
HARDGURU: bets $6
punkrott: folds
Uncalled bet ($6) returned to HARDGURU
HARDGURU collected $17.64 from pot
HARDGURU: doesn't show hand
*** SUMMARY ***
Total pot $18 | Rake $0.36
Board [5s 6d Kh 4h]
Seat 1: HARDGURU (button) (small blind) collected ($17.64)
Seat 2: punkrott (big blind) folded on the Turn


PokerStars Hand #146740980158:  Hold'em Limit ($3/$6 USD) - 2016/01/09 10:53:37 ET
Table 'Nauplius' 2-max Seat #1 is the button
Seat 1: HARDGURU ($196.22 in chips)
Seat 2: punkrott ($108.04 in chips)
HARDGURU: posts small blind $1
punkrott: posts big blind $3
*** HOLE CARDS ***
HARDGURU: raises $3 to $6
punkrott: calls $3
*** FLOP *** [8h 2c 9d]
punkrott: checks
HARDGURU: bets $3
punkrott: calls $3
*** TURN *** [8h 2c 9d] [6h]
punkrott: checks
HARDGURU: bets $6
punkrott: calls $6
*** RIVER *** [8h 2c 9d 6h] [Ac]
punkrott: checks
HARDGURU: bets $6
punkrott: folds
Uncalled bet ($6) returned to HARDGURU
HARDGURU collected $29.50 from pot
HARDGURU: doesn't show hand
*** SUMMARY ***
Total pot $30 | Rake $0.50
Board [8h 2c 9d 6h Ac]
Seat 1: HARDGURU (button) (small blind) collected ($29.50)
Seat 2: punkrott (big blind) folded on the River


PokerStars Hand #146741234141:  Hold'em Limit ($3/$6 USD) - 2016/01/09 10:59:03 ET
Table 'Nauplius' 2-max Seat #2 is the button
Seat 1: HARDGURU ($117.02 in chips)
Seat 2: punkrott ($180.38 in chips)
punkrott: posts small blind $1
HARDGURU: posts big blind $3
*** HOLE CARDS ***
punkrott: raises $3 to $6
HARDGURU: calls $3
*** FLOP *** [2c Kh Qc]
HARDGURU: checks
punkrott: bets $3
HARDGURU: folds
Uncalled bet ($3) returned to punkrott
punkrott collected $11.76 from pot
punkrott: doesn't show hand
*** SUMMARY ***
Total pot $12 | Rake $0.24
Board [2c Kh Qc]
Seat 1: HARDGURU (big blind) folded on the Flop
Seat 2: punkrott (button) (small blind) collected ($11.76)


PokerStars Hand #146741221227:  Hold'em Limit ($3/$6 USD) - 2016/01/09 10:58:45 ET
Table 'Nauplius' 2-max Seat #1 is the button
Seat 1: HARDGURU ($132.02 in chips)
Seat 2: punkrott ($165.88 in chips)
HARDGURU: posts small blind $1
punkrott: posts big blind $3
*** HOLE CARDS ***
HARDGURU: calls $2
punkrott: checks
*** FLOP *** [8d 9h Kc]
punkrott: checks
HARDGURU: checks
*** TURN *** [8d 9h Kc] [Td]
punkrott: bets $6
HARDGURU: calls $6
*** RIVER *** [8d 9h Kc Td] [2d]
punkrott: bets $6
HARDGURU: calls $6
*** SHOW DOWN ***
punkrott: shows [Ts 9c] (two pair, Tens and Nines)
HARDGURU: mucks hand
punkrott collected $29.50 from pot
*** SUMMARY ***
Total pot $30 | Rake $0.50
Board [8d 9h Kc Td 2d]
Seat 1: HARDGURU (button) (small blind) mucked
Seat 2: punkrott (big blind) showed [Ts 9c] and won ($29.50) with two pair, Tens and Nines


PokerStars Hand #146741209166:  Hold'em Limit ($3/$6 USD) - 2016/01/09 10:58:29 ET
Table 'Nauplius' 2-max Seat #2 is the button
Seat 1: HARDGURU ($123.38 in chips)
Seat 2: punkrott ($174.88 in chips)
punkrott: posts small blind $1
HARDGURU: posts big blind $3
*** HOLE CARDS ***
punkrott: raises $3 to $6
HARDGURU: calls $3
*** FLOP *** [8s Ts As]
HARDGURU: checks
punkrott: bets $3
HARDGURU: calls $3
*** TURN *** [8s Ts As] [Ad]
HARDGURU: checks
punkrott: checks
*** RIVER *** [8s Ts As Ad] [6s]
HARDGURU: bets $6
punkrott: folds
Uncalled bet ($6) returned to HARDGURU
HARDGURU collected $17.64 from pot
*** SUMMARY ***
Total pot $18 | Rake $0.36
Board [8s Ts As Ad 6s]
Seat 1: HARDGURU (big blind) collected ($17.64)
Seat 2: punkrott (button) (small blind) folded on the River


PokerStars Hand #146741139494:  Hold'em Limit ($3/$6 USD) - 2016/01/09 10:56:53 ET
Table 'Nauplius' 2-max Seat #1 is the button
Seat 1: HARDGURU ($165.62 in chips)
Seat 2: punkrott ($134.58 in chips)
HARDGURU: posts small blind $1
punkrott: posts big blind $3
*** HOLE CARDS ***
HARDGURU: folds
Uncalled bet ($2) returned to punkrott
punkrott collected $2 from pot
punkrott: doesn't show hand
*** SUMMARY ***
Total pot $2 | Rake $0
Seat 1: HARDGURU (button) (small blind) folded before Flop
Seat 2: punkrott (big blind) collected ($2)


PokerStars Hand #146741113272:  Hold'em Limit ($3/$6 USD) - 2016/01/09 10:56:17 ET
Table 'Nauplius' 2-max Seat #2 is the button
Seat 1: HARDGURU ($180.62 in chips)
Seat 2: punkrott ($120.08 in chips)
punkrott: posts small blind $1
HARDGURU: posts big blind $3
*** HOLE CARDS ***
punkrott: raises $3 to $6
HARDGURU: calls $3
*** FLOP *** [Kd 4c Js]
HARDGURU: checks
punkrott: bets $3
HARDGURU: calls $3
*** TURN *** [Kd 4c Js] [Td]
HARDGURU: checks
punkrott: checks
*** RIVER *** [Kd 4c Js Td] [9s]
HARDGURU: bets $6
punkrott: calls $6
*** SHOW DOWN ***
HARDGURU: shows [Ad 7h] (high card Ace)
punkrott: shows [8c 9h] (a pair of Nines)
punkrott collected $29.50 from pot
*** SUMMARY ***
Total pot $30 | Rake $0.50
Board [Kd 4c Js Td 9s]
Seat 1: HARDGURU (big blind) showed [Ad 7h] and lost with high card Ace
Seat 2: punkrott (button) (small blind) showed [8c 9h] and won ($29.50) with a pair of Nines


PokerStars Hand #146741276325:  Hold'em Limit ($3/$6 USD) - 2016/01/09 11:00:02 ET
Table 'Nauplius' 2-max Seat #2 is the button
Seat 1: HARDGURU ($93.02 in chips)
Seat 2: punkrott ($203.64 in chips)
punkrott: posts small blind $1
HARDGURU: posts big blind $3
*** HOLE CARDS ***
punkrott: raises $3 to $6
HARDGURU: calls $3
*** FLOP *** [Kh 3d 8d]
HARDGURU: checks
punkrott: bets $3
HARDGURU: calls $3
*** TURN *** [Kh 3d 8d] [Ks]
HARDGURU: checks
punkrott: checks
*** RIVER *** [Kh 3d 8d Ks] [2h]
HARDGURU: bets $6
punkrott: folds
Uncalled bet ($6) returned to HARDGURU
HARDGURU collected $17.64 from pot
HARDGURU: doesn't show hand
*** SUMMARY ***
Total pot $18 | Rake $0.36
Board [Kh 3d 8d Ks 2h]
Seat 1: HARDGURU (big blind) collected ($17.64)
Seat 2: punkrott (button) (small blind) folded on the River


PokerStars Hand #146741271200:  Hold'em Limit ($3/$6 USD) - 2016/01/09 10:59:55 ET
Table 'Nauplius' 2-max Seat #1 is the button
Seat 1: HARDGURU ($90.02 in chips)
Seat 2: punkrott ($206.64 in chips)
HARDGURU: posts small blind $1
punkrott: posts big blind $3
*** HOLE CARDS ***
HARDGURU: raises $3 to $6
punkrott: folds
Uncalled bet ($3) returned to HARDGURU
HARDGURU collected $6 from pot
HARDGURU: doesn't show hand
*** SUMMARY ***
Total pot $6 | Rake $0
Seat 1: HARDGURU (button) (small blind) collected ($6)
Seat 2: punkrott (big blind) folded before Flop


PokerStars Hand #146741266011:  Hold'em Limit ($3/$6 USD) - 2016/01/09 10:59:48 ET
Table 'Nauplius' 2-max Seat #2 is the button
Seat 1: HARDGURU ($93.02 in chips)
Seat 2: punkrott ($203.64 in chips)
punkrott: posts small blind $1
HARDGURU: posts big blind $3
*** HOLE CARDS ***
punkrott: raises $3 to $6
HARDGURU: folds
Uncalled bet ($3) returned to punkrott
punkrott collected $6 from pot
punkrott: doesn't show hand
*** SUMMARY ***
Total pot $6 | Rake $0
Seat 1: HARDGURU (big blind) folded before Flop
Seat 2: punkrott (button) (small blind) collected ($6)


PokerStars Hand #146741242621:  Hold'em Limit ($3/$6 USD) - 2016/01/09 10:59:15 ET
Table 'Nauplius' 2-max Seat #1 is the button
Seat 1: HARDGURU ($111.02 in chips)
Seat 2: punkrott ($186.14 in chips)
HARDGURU: posts small blind $1
punkrott: posts big blind $3
*** HOLE CARDS ***
HARDGURU: raises $3 to $6
punkrott: calls $3
*** FLOP *** [4s 9d 7s]
punkrott: checks
HARDGURU: checks
*** TURN *** [4s 9d 7s] [7d]
punkrott: checks
HARDGURU: bets $6
punkrott: raises $6 to $12
HARDGURU: calls $6
*** RIVER *** [4s 9d 7s 7d] [9h]
punkrott: bets $6
HARDGURU: folds
Uncalled bet ($6) returned to punkrott
punkrott collected $35.50 from pot
punkrott: doesn't show hand
*** SUMMARY ***
Total pot $36 | Rake $0.50
Board [4s 9d 7s 7d 9h]
Seat 1: HARDGURU (button) (small blind) folded on the River
Seat 2: punkrott (big blind) collected ($35.50)


PokerStars Hand #146741311373:  Hold'em Limit ($3/$6 USD) - 2016/01/09 11:00:45 ET
Table 'Nauplius' 2-max Seat #2 is the button
Seat 1: HARDGURU ($83.66 in chips)
Seat 2: punkrott ($212.14 in chips)
punkrott: posts small blind $1
HARDGURU: posts big blind $3
*** HOLE CARDS ***
punkrott: raises $3 to $6
HARDGURU: calls $3
*** FLOP *** [2s 7c 2c]
HARDGURU: checks
punkrott: bets $3
HARDGURU: calls $3
*** TURN *** [2s 7c 2c] [5s]
HARDGURU: checks
punkrott: bets $6
HARDGURU: calls $6
*** RIVER *** [2s 7c 2c 5s] [Tc]
HARDGURU: checks
punkrott: checks
*** SHOW DOWN ***
HARDGURU: shows [Qd Jd] (a pair of Deuces)
punkrott: mucks hand
HARDGURU collected $29.50 from pot
*** SUMMARY ***
Total pot $30 | Rake $0.50
Board [2s 7c 2c 5s Tc]
Seat 1: HARDGURU (big blind) showed [Qd Jd] and won ($29.50) with a pair of Deuces
Seat 2: punkrott (button) (small blind) mucked


PokerStars Hand #146741289838:  Hold'em Limit ($3/$6 USD) - 2016/01/09 11:00:17 ET
Table 'Nauplius' 2-max Seat #1 is the button
Seat 1: HARDGURU ($101.66 in chips)
Seat 2: punkrott ($194.64 in chips)
HARDGURU: posts small blind $1
punkrott: posts big blind $3
*** HOLE CARDS ***
HARDGURU: raises $3 to $6
punkrott: calls $3
*** FLOP *** [Jh 7h 4h]
punkrott: checks
HARDGURU: bets $3
punkrott: raises $3 to $6
HARDGURU: calls $3
*** TURN *** [Jh 7h 4h] [Js]
punkrott: bets $6
HARDGURU: calls $6
*** RIVER *** [Jh 7h 4h Js] [4s]
punkrott: checks
HARDGURU: checks
*** SHOW DOWN ***
punkrott: shows [5h 7s] (two pair, Jacks and Sevens)
HARDGURU: mucks hand
punkrott collected $35.50 from pot
*** SUMMARY ***
Total pot $36 | Rake $0.50
Board [Jh 7h 4h Js 4s]
Seat 1: HARDGURU (button) (small blind) mucked
Seat 2: punkrott (big blind) showed [5h 7s] and won ($35.50) with two pair, Jacks and Sevens


PokerStars Hand #146741374877:  Hold'em Limit ($3/$6 USD) - 2016/01/09 11:01:59 ET
Table 'Nauplius' 2-max Seat #2 is the button
Seat 1: HARDGURU ($97.80 in chips)
Seat 2: punkrott ($196.66 in chips)
punkrott: posts small blind $1
HARDGURU: posts big blind $3
*** HOLE CARDS ***
punkrott: raises $3 to $6
HARDGURU: calls $3
*** FLOP *** [3c Th 5s]
HARDGURU: checks
punkrott: bets $3
HARDGURU: calls $3
*** TURN *** [3c Th 5s] [2d]
HARDGURU: checks
punkrott: bets $6
HARDGURU: calls $6
*** RIVER *** [3c Th 5s 2d] [3h]
HARDGURU: checks
punkrott: bets $6
HARDGURU: calls $6
*** SHOW DOWN ***
punkrott: shows [Ts Jc] (two pair, Tens and Threes)
HARDGURU: mucks hand
punkrott collected $41.50 from pot
*** SUMMARY ***
Total pot $42 | Rake $0.50
Board [3c Th 5s 2d 3h]
Seat 1: HARDGURU (big blind) mucked
Seat 2: punkrott (button) (small blind) showed [Ts Jc] and won ($41.50) with two pair, Tens and Threes


PokerStars Hand #146741368929:  Hold'em Limit ($3/$6 USD) - 2016/01/09 11:01:52 ET
Table 'Nauplius' 2-max Seat #1 is the button
Seat 1: HARDGURU ($94.80 in chips)
Seat 2: punkrott ($199.66 in chips)
HARDGURU: posts small blind $1
punkrott: posts big blind $3
*** HOLE CARDS ***
HARDGURU: raises $3 to $6
punkrott: folds
Uncalled bet ($3) returned to HARDGURU
HARDGURU collected $6 from pot
*** SUMMARY ***
Total pot $6 | Rake $0
Seat 1: HARDGURU (button) (small blind) collected ($6)
Seat 2: punkrott (big blind) folded before Flop


PokerStars Hand #146741355906:  Hold'em Limit ($3/$6 USD) - 2016/01/09 11:01:37 ET
Table 'Nauplius' 2-max Seat #2 is the button
Seat 1: HARDGURU ($86.16 in chips)
Seat 2: punkrott ($208.66 in chips)
punkrott: posts small blind $1
HARDGURU: posts big blind $3
*** HOLE CARDS ***
punkrott: raises $3 to $6
HARDGURU: calls $3
*** FLOP *** [Qh Kd Qd]
HARDGURU: checks
punkrott: bets $3
HARDGURU: calls $3
*** TURN *** [Qh Kd Qd] [Th]
HARDGURU: checks
punkrott: checks
*** RIVER *** [Qh Kd Qd Th] [7s]
HARDGURU: bets $6
punkrott: folds
Uncalled bet ($6) returned to HARDGURU
HARDGURU collected $17.64 from pot
HARDGURU: doesn't show hand
*** SUMMARY ***
Total pot $18 | Rake $0.36
Board [Qh Kd Qd Th 7s]
Seat 1: HARDGURU (big blind) collected ($17.64)
Seat 2: punkrott (button) (small blind) folded on the River


PokerStars Hand #146741327561:  Hold'em Limit ($3/$6 USD) - 2016/01/09 11:01:05 ET
Table 'Nauplius' 2-max Seat #1 is the button
Seat 1: HARDGURU ($98.16 in chips)
Seat 2: punkrott ($197.14 in chips)
HARDGURU: posts small blind $1
punkrott: posts big blind $3
*** HOLE CARDS ***
HARDGURU: raises $3 to $6
punkrott: calls $3
*** FLOP *** [7d 3s 4d]
punkrott: checks
HARDGURU: checks
*** TURN *** [7d 3s 4d] [5h]
punkrott: bets $6
HARDGURU: calls $6
*** RIVER *** [7d 3s 4d 5h] [8h]
punkrott: bets $6
HARDGURU: folds
Uncalled bet ($6) returned to punkrott
punkrott collected $23.52 from pot
punkrott: doesn't show hand
*** SUMMARY ***
Total pot $24 | Rake $0.48
Board [7d 3s 4d 5h 8h]
Seat 1: HARDGURU (button) (small blind) folded on the River
Seat 2: punkrott (big blind) collected ($23.52)


PokerStars Hand #146741431813:  Hold'em Limit ($3/$6 USD) - 2016/01/09 11:02:59 ET
Table 'Nauplius' 2-max Seat #2 is the button
Seat 1: HARDGURU ($69.56 in chips)
Seat 2: punkrott ($223.68 in chips)
punkrott: posts small blind $1
HARDGURU: posts big blind $3
*** HOLE CARDS ***
punkrott: raises $3 to $6
HARDGURU: calls $3
*** FLOP *** [7d 9h As]
HARDGURU: checks
punkrott: bets $3
HARDGURU: calls $3
*** TURN *** [7d 9h As] [3h]
HARDGURU: checks
punkrott: bets $6
HARDGURU: folds
Uncalled bet ($6) returned to punkrott
punkrott collected $17.64 from pot
punkrott: doesn't show hand
*** SUMMARY ***
Total pot $18 | Rake $0.36
Board [7d 9h As 3h]
Seat 1: HARDGURU (big blind) folded on the Turn
Seat 2: punkrott (button) (small blind) collected ($17.64)


PokerStars Hand #146741415209:  Hold'em Limit ($3/$6 USD) - 2016/01/09 11:02:41 ET
Table 'Nauplius' 2-max Seat #1 is the button
Seat 1: HARDGURU ($81.56 in chips)
Seat 2: punkrott ($212.16 in chips)
HARDGURU: posts small blind $1
punkrott: posts big blind $3
*** HOLE CARDS ***
HARDGURU: raises $3 to $6
punkrott: calls $3
*** FLOP *** [3c Ks Kc]
punkrott: checks
HARDGURU: checks
*** TURN *** [3c Ks Kc] [9c]
punkrott: checks
HARDGURU: checks
*** RIVER *** [3c Ks Kc 9c] [4s]
punkrott: checks
HARDGURU: bets $6
punkrott: calls $6
*** SHOW DOWN ***
HARDGURU: shows [7s 5h] (a pair of Kings)
punkrott: shows [Ac 5s] (a pair of Kings - Ace kicker)
punkrott collected $23.52 from pot
*** SUMMARY ***
Total pot $24 | Rake $0.48
Board [3c Ks Kc 9c 4s]
Seat 1: HARDGURU (button) (small blind) showed [7s 5h] and lost with a pair of Kings
Seat 2: punkrott (big blind) showed [Ac 5s] and won ($23.52) with a pair of Kings


PokerStars Hand #146741398766:  Hold'em Limit ($3/$6 USD) - 2016/01/09 11:02:25 ET
Table 'Nauplius' 2-max Seat #2 is the button
Seat 1: HARDGURU ($75.80 in chips)
Seat 2: punkrott ($218.16 in chips)
punkrott: posts small blind $1
HARDGURU: posts big blind $3
*** HOLE CARDS ***
punkrott: raises $3 to $6
HARDGURU: calls $3
*** FLOP *** [9h As 8d]
HARDGURU: checks
punkrott: checks
*** TURN *** [9h As 8d] [Kd]
HARDGURU: bets $6
punkrott: folds
Uncalled bet ($6) returned to HARDGURU
HARDGURU collected $11.76 from pot
HARDGURU: doesn't show hand
*** SUMMARY ***
Total pot $12 | Rake $0.24
Board [9h As 8d Kd]
Seat 1: HARDGURU (big blind) collected ($11.76)
Seat 2: punkrott (button) (small blind) folded on the Turn


PokerStars Hand #146741391852:  Hold'em Limit ($3/$6 USD) - 2016/01/09 11:02:18 ET
Table 'Nauplius' 2-max Seat #1 is the button
Seat 1: HARDGURU ($76.80 in chips)
Seat 2: punkrott ($217.16 in chips)
HARDGURU: posts small blind $1
punkrott: posts big blind $3
*** HOLE CARDS ***
HARDGURU: folds
Uncalled bet ($2) returned to punkrott
punkrott collected $2 from pot
punkrott: doesn't show hand
*** SUMMARY ***
Total pot $2 | Rake $0
Seat 1: HARDGURU (button) (small blind) folded before Flop
Seat 2: punkrott (big blind) collected ($2)


PokerStars Hand #146741490188:  Hold'em Limit ($3/$6 USD) - 2016/01/09 11:04:00 ET
Table 'Nauplius' 2-max Seat #2 is the button
Seat 1: HARDGURU ($85.82 in chips)
Seat 2: punkrott ($206.32 in chips)
punkrott: posts small blind $1
HARDGURU: posts big blind $3
*** HOLE CARDS ***
punkrott: raises $3 to $6
HARDGURU: calls $3
*** FLOP *** [3d 6d Tc]
HARDGURU: checks
punkrott: checks
*** TURN *** [3d 6d Tc] [2h]
HARDGURU: bets $6
punkrott: calls $6
*** RIVER *** [3d 6d Tc 2h] [Qh]
HARDGURU: bets $6
punkrott: calls $6
*** SHOW DOWN ***
HARDGURU: shows [Td Jd] (a pair of Tens)
punkrott: mucks hand
HARDGURU collected $35.50 from pot
*** SUMMARY ***
Total pot $36 | Rake $0.50
Board [3d 6d Tc 2h Qh]
Seat 1: HARDGURU (big blind) showed [Td Jd] and won ($35.50) with a pair of Tens
Seat 2: punkrott (button) (small blind) mucked


PokerStars Hand #146741482964:  Hold'em Limit ($3/$6 USD) - 2016/01/09 11:03:52 ET
Table 'Nauplius' 2-max Seat #1 is the button
Seat 1: HARDGURU ($86.82 in chips)
Seat 2: punkrott ($205.32 in chips)
HARDGURU: posts small blind $1
punkrott: posts big blind $3
*** HOLE CARDS ***
HARDGURU: folds
Uncalled bet ($2) returned to punkrott
punkrott collected $2 from pot
punkrott: doesn't show hand
*** SUMMARY ***
Total pot $2 | Rake $0
Seat 1: HARDGURU (button) (small blind) folded before Flop
Seat 2: punkrott (big blind) collected ($2)


PokerStars Hand #146741462858:  Hold'em Limit ($3/$6 USD) - 2016/01/09 11:03:32 ET
Table 'Nauplius' 2-max Seat #2 is the button
Seat 1: HARDGURU ($66.32 in chips)
Seat 2: punkrott ($226.32 in chips)
punkrott: posts small blind $1
HARDGURU: posts big blind $3
*** HOLE CARDS ***
punkrott: raises $3 to $6
HARDGURU: calls $3
*** FLOP *** [7c Jd 2h]
HARDGURU: checks
punkrott: bets $3
HARDGURU: calls $3
*** TURN *** [7c Jd 2h] [Qc]
HARDGURU: checks
punkrott: bets $6
HARDGURU: calls $6
*** RIVER *** [7c Jd 2h Qc] [6d]
HARDGURU: checks
punkrott: bets $6
HARDGURU: calls $6
*** SHOW DOWN ***
punkrott: shows [8h Qh] (a pair of Queens)
HARDGURU: shows [2c Jc] (two pair, Jacks and Deuces)
HARDGURU collected $41.50 from pot
*** SUMMARY ***
Total pot $42 | Rake $0.50
Board [7c Jd 2h Qc 6d]
Seat 1: HARDGURU (big blind) showed [2c Jc] and won ($41.50) with two pair, Jacks and Deuces
Seat 2: punkrott (button) (small blind) showed [8h Qh] and lost with a pair of Queens


PokerStars Hand #146741447326:  Hold'em Limit ($3/$6 USD) - 2016/01/09 11:03:16 ET
Table 'Nauplius' 2-max Seat #1 is the button
Seat 1: HARDGURU ($60.56 in chips)
Seat 2: punkrott ($232.32 in chips)
HARDGURU: posts small blind $1
punkrott: posts big blind $3
*** HOLE CARDS ***
HARDGURU: raises $3 to $6
punkrott: calls $3
*** FLOP *** [Th Tc 4c]
punkrott: checks
HARDGURU: bets $3
punkrott: folds
Uncalled bet ($3) returned to HARDGURU
HARDGURU collected $11.76 from pot
HARDGURU: doesn't show hand
*** SUMMARY ***
Total pot $12 | Rake $0.24
Board [Th Tc 4c]
Seat 1: HARDGURU (button) (small blind) collected ($11.76)
Seat 2: punkrott (big blind) folded on the Flop


PokerStars Hand #146741562260:  Hold'em Limit ($3/$6 USD) - 2016/01/09 11:05:14 ET
Table 'Nauplius' 2-max Seat #2 is the button
Seat 1: HARDGURU ($84.20 in chips)
Seat 2: punkrott ($206.82 in chips)
punkrott: posts small blind $1
HARDGURU: posts big blind $3
*** HOLE CARDS ***
punkrott: folds
Uncalled bet ($2) returned to HARDGURU
HARDGURU collected $2 from pot
HARDGURU: doesn't show hand
*** SUMMARY ***
Total pot $2 | Rake $0
Seat 1: HARDGURU (big blind) collected ($2)
Seat 2: punkrott (button) (small blind) folded before Flop


PokerStars Hand #146741550956:  Hold'em Limit ($3/$6 USD) - 2016/01/09 11:05:02 ET
Table 'Nauplius' 2-max Seat #1 is the button
Seat 1: HARDGURU ($81.32 in chips)
Seat 2: punkrott ($209.82 in chips)
HARDGURU: posts small blind $1
punkrott: posts big blind $3
*** HOLE CARDS ***
HARDGURU: calls $2
punkrott: checks
*** FLOP *** [6d 9s 2h]
punkrott: checks
HARDGURU: bets $3
punkrott: folds
Uncalled bet ($3) returned to HARDGURU
HARDGURU collected $5.88 from pot
*** SUMMARY ***
Total pot $6 | Rake $0.12
Board [6d 9s 2h]
Seat 1: HARDGURU (button) (small blind) collected ($5.88)
Seat 2: punkrott (big blind) folded on the Flop


PokerStars Hand #146741532578:  Hold'em Limit ($3/$6 USD) - 2016/01/09 11:04:44 ET
Table 'Nauplius' 2-max Seat #2 is the button
Seat 1: HARDGURU ($102.32 in chips)
Seat 2: punkrott ($189.32 in chips)
punkrott: posts small blind $1
HARDGURU: posts big blind $3
*** HOLE CARDS ***
punkrott: raises $3 to $6
HARDGURU: calls $3
*** FLOP *** [3d 9d 2c]
HARDGURU: checks
punkrott: bets $3
HARDGURU: calls $3
*** TURN *** [3d 9d 2c] [8d]
HARDGURU: checks
punkrott: bets $6
HARDGURU: calls $6
*** RIVER *** [3d 9d 2c 8d] [3h]
HARDGURU: checks
punkrott: bets $6
HARDGURU: calls $6
*** SHOW DOWN ***
punkrott: shows [Ah As] (two pair, Aces and Threes)
HARDGURU: mucks hand
punkrott collected $41.50 from pot
*** SUMMARY ***
Total pot $42 | Rake $0.50
Board [3d 9d 2c 8d 3h]
Seat 1: HARDGURU (big blind) mucked
Seat 2: punkrott (button) (small blind) showed [Ah As] and won ($41.50) with two pair, Aces and Threes


PokerStars Hand #146741519285:  Hold'em Limit ($3/$6 USD) - 2016/01/09 11:04:30 ET
Table 'Nauplius' 2-max Seat #1 is the button
Seat 1: HARDGURU ($103.32 in chips)
Seat 2: punkrott ($188.32 in chips)
HARDGURU: posts small blind $1
punkrott: posts big blind $3
*** HOLE CARDS ***
HARDGURU: folds
Uncalled bet ($2) returned to punkrott
punkrott collected $2 from pot
punkrott: doesn't show hand
*** SUMMARY ***
Total pot $2 | Rake $0
Seat 1: HARDGURU (button) (small blind) folded before Flop
Seat 2: punkrott (big blind) collected ($2)


PokerStars Hand #146741513960:  Hold'em Limit ($3/$6 USD) - 2016/01/09 11:04:25 ET
Table 'Nauplius' 2-max Seat #2 is the button
Seat 1: HARDGURU ($102.32 in chips)
Seat 2: punkrott ($189.32 in chips)
punkrott: posts small blind $1
HARDGURU: posts big blind $3
*** HOLE CARDS ***
punkrott: folds
Uncalled bet ($2) returned to HARDGURU
HARDGURU collected $2 from pot
HARDGURU: doesn't show hand
*** SUMMARY ***
Total pot $2 | Rake $0
Seat 1: HARDGURU (big blind) collected ($2)
Seat 2: punkrott (button) (small blind) folded before Flop


PokerStars Hand #146741507415:  Hold'em Limit ($3/$6 USD) - 2016/01/09 11:04:18 ET
Table 'Nauplius' 2-max Seat #1 is the button
Seat 1: HARDGURU ($103.32 in chips)
Seat 2: punkrott ($188.32 in chips)
HARDGURU: posts small blind $1
punkrott: posts big blind $3
*** HOLE CARDS ***
HARDGURU: folds
Uncalled bet ($2) returned to punkrott
punkrott collected $2 from pot
punkrott: doesn't show hand
*** SUMMARY ***
Total pot $2 | Rake $0
Seat 1: HARDGURU (button) (small blind) folded before Flop
Seat 2: punkrott (big blind) collected ($2)


PokerStars Hand #146741606988:  Hold'em Limit ($3/$6 USD) - 2016/01/09 11:06:00 ET
Table 'Nauplius' 2-max Seat #1 is the button
Seat 1: HARDGURU ($97.48 in chips)
Seat 2: punkrott ($192.58 in chips)
HARDGURU: posts small blind $1
punkrott: posts big blind $3
*** HOLE CARDS ***
HARDGURU: raises $3 to $6
punkrott: calls $3
*** FLOP *** [9s Th 7s]
punkrott: checks
HARDGURU: checks
*** TURN *** [9s Th 7s] [Qc]
punkrott: checks
HARDGURU: bets $6
punkrott: folds
Uncalled bet ($6) returned to HARDGURU
HARDGURU collected $11.76 from pot
HARDGURU: doesn't show hand
*** SUMMARY ***
Total pot $12 | Rake $0.24
Board [9s Th 7s Qc]
Seat 1: HARDGURU (button) (small blind) collected ($11.76)
Seat 2: punkrott (big blind) folded on the Turn


PokerStars Hand #146741598663:  Hold'em Limit ($3/$6 USD) - 2016/01/09 11:05:52 ET
Table 'Nauplius' 2-max Seat #2 is the button
Seat 1: HARDGURU ($103.48 in chips)
Seat 2: punkrott ($186.82 in chips)
punkrott: posts small blind $1
HARDGURU: posts big blind $3
*** HOLE CARDS ***
punkrott: raises $3 to $6
HARDGURU: calls $3
*** FLOP *** [Kd 6s As]
HARDGURU: checks
punkrott: bets $3
HARDGURU: folds
Uncalled bet ($3) returned to punkrott
punkrott collected $11.76 from pot
punkrott: doesn't show hand
*** SUMMARY ***
Total pot $12 | Rake $0.24
Board [Kd 6s As]
Seat 1: HARDGURU (big blind) folded on the Flop
Seat 2: punkrott (button) (small blind) collected ($11.76)


PokerStars Hand #146741582626:  Hold'em Limit ($3/$6 USD) - 2016/01/09 11:05:35 ET
Table 'Nauplius' 2-max Seat #1 is the button
Seat 1: HARDGURU ($91.96 in chips)
Seat 2: punkrott ($198.82 in chips)
HARDGURU: posts small blind $1
punkrott: posts big blind $3
*** HOLE CARDS ***
HARDGURU: raises $3 to $6
punkrott: calls $3
*** FLOP *** [Qd Ac 6s]
punkrott: checks
HARDGURU: bets $3
punkrott: raises $3 to $6
HARDGURU: calls $3
*** TURN *** [Qd Ac 6s] [7c]
punkrott: checks
HARDGURU: checks
*** RIVER *** [Qd Ac 6s 7c] [3d]
punkrott: checks
HARDGURU: checks
*** SHOW DOWN ***
punkrott: shows [Td 7d] (a pair of Sevens)
HARDGURU: shows [Jc Jd] (a pair of Jacks)
HARDGURU collected $23.52 from pot
*** SUMMARY ***
Total pot $24 | Rake $0.48
Board [Qd Ac 6s 7c 3d]
Seat 1: HARDGURU (button) (small blind) showed [Jc Jd] and won ($23.52) with a pair of Jacks
Seat 2: punkrott (big blind) showed [Td 7d] and lost with a pair of Sevens


PokerStars Hand #146741577746:  Hold'em Limit ($3/$6 USD) - 2016/01/09 11:05:30 ET
Table 'Nauplius' 2-max Seat #2 is the button
Seat 1: HARDGURU ($90.96 in chips)
Seat 2: punkrott ($199.82 in chips)
punkrott: posts small blind $1
HARDGURU: posts big blind $3
*** HOLE CARDS ***
punkrott: folds
Uncalled bet ($2) returned to HARDGURU
HARDGURU collected $2 from pot
HARDGURU: doesn't show hand
*** SUMMARY ***
Total pot $2 | Rake $0
Seat 1: HARDGURU (big blind) collected ($2)
Seat 2: punkrott (button) (small blind) folded before Flop


PokerStars Hand #146741568955:  Hold'em Limit ($3/$6 USD) - 2016/01/09 11:05:21 ET
Table 'Nauplius' 2-max Seat #1 is the button
Seat 1: HARDGURU ($85.20 in chips)
Seat 2: punkrott ($205.82 in chips)
HARDGURU: posts small blind $1
punkrott: posts big blind $3
*** HOLE CARDS ***
HARDGURU: raises $3 to $6
punkrott: calls $3
*** FLOP *** [Qc 3c Tc]
punkrott: checks
HARDGURU: bets $3
punkrott: folds
Uncalled bet ($3) returned to HARDGURU
HARDGURU collected $11.76 from pot
HARDGURU: doesn't show hand
*** SUMMARY ***
Total pot $12 | Rake $0.24
Board [Qc 3c Tc]
Seat 1: HARDGURU (button) (small blind) collected ($11.76)
Seat 2: punkrott (big blind) folded on the Flop


PokerStars Hand #146741666313:  Hold'em Limit ($3/$6 USD) - 2016/01/09 11:07:02 ET
Table 'Nauplius' 2-max Seat #2 is the button
Seat 1: HARDGURU ($93.50 in chips)
Seat 2: punkrott ($194.84 in chips)
punkrott: posts small blind $1
HARDGURU: posts big blind $3
*** HOLE CARDS ***
punkrott: raises $3 to $6
HARDGURU: calls $3
*** FLOP *** [Ad Kh Jh]
HARDGURU: checks
punkrott: bets $3
HARDGURU: calls $3
*** TURN *** [Ad Kh Jh] [Kc]
HARDGURU: checks
punkrott: checks
*** RIVER *** [Ad Kh Jh Kc] [Ah]
HARDGURU: bets $6
punkrott: folds
Uncalled bet ($6) returned to HARDGURU
HARDGURU collected $17.64 from pot
*** SUMMARY ***
Total pot $18 | Rake $0.36
Board [Ad Kh Jh Kc Ah]
Seat 1: HARDGURU (big blind) collected ($17.64)
Seat 2: punkrott (button) (small blind) folded on the River


PokerStars Hand #146741651206:  Hold'em Limit ($3/$6 USD) - 2016/01/09 11:06:46 ET
Table 'Nauplius' 2-max Seat #1 is the button
Seat 1: HARDGURU ($117.50 in chips)
Seat 2: punkrott ($171.34 in chips)
HARDGURU: posts small blind $1
punkrott: posts big blind $3
*** HOLE CARDS ***
HARDGURU: raises $3 to $6
punkrott: raises $3 to $9
HARDGURU: calls $3
*** FLOP *** [Qd Qh 7s]
punkrott: bets $3
HARDGURU: calls $3
*** TURN *** [Qd Qh 7s] [Js]
punkrott: bets $6
HARDGURU: calls $6
*** RIVER *** [Qd Qh 7s Js] [5s]
punkrott: bets $6
HARDGURU: calls $6
*** SHOW DOWN ***
punkrott: shows [9c 9s] (two pair, Queens and Nines)
HARDGURU: mucks hand
punkrott collected $47.50 from pot
*** SUMMARY ***
Total pot $48 | Rake $0.50
Board [Qd Qh 7s Js 5s]
Seat 1: HARDGURU (button) (small blind) mucked
Seat 2: punkrott (big blind) showed [9c 9s] and won ($47.50) with two pair, Queens and Nines


PokerStars Hand #146741641214:  Hold'em Limit ($3/$6 USD) - 2016/01/09 11:06:36 ET
Table 'Nauplius' 2-max Seat #2 is the button
Seat 1: HARDGURU ($111.74 in chips)
Seat 2: punkrott ($177.34 in chips)
punkrott: posts small blind $1
HARDGURU: posts big blind $3
*** HOLE CARDS ***
punkrott: raises $3 to $6
HARDGURU: calls $3
*** FLOP *** [4d Kd 3c]
HARDGURU: checks
punkrott: checks
*** TURN *** [4d Kd 3c] [4h]
HARDGURU: bets $6
punkrott: folds
Uncalled bet ($6) returned to HARDGURU
HARDGURU collected $11.76 from pot
HARDGURU: doesn't show hand
*** SUMMARY ***
Total pot $12 | Rake $0.24
Board [4d Kd 3c 4h]
Seat 1: HARDGURU (big blind) collected ($11.76)
Seat 2: punkrott (button) (small blind) folded on the Turn


PokerStars Hand #146741631338:  Hold'em Limit ($3/$6 USD) - 2016/01/09 11:06:25 ET
Table 'Nauplius' 2-max Seat #1 is the button
Seat 1: HARDGURU ($117.74 in chips)
Seat 2: punkrott ($171.58 in chips)
HARDGURU: posts small blind $1
punkrott: posts big blind $3
*** HOLE CARDS ***
HARDGURU: calls $2
punkrott: raises $3 to $6
HARDGURU: calls $3
*** FLOP *** [As 5s 2h]
punkrott: bets $3
HARDGURU: folds
Uncalled bet ($3) returned to punkrott
punkrott collected $11.76 from pot
punkrott: doesn't show hand
*** SUMMARY ***
Total pot $12 | Rake $0.24
Board [As 5s 2h]
Seat 1: HARDGURU (button) (small blind) folded on the Flop
Seat 2: punkrott (big blind) collected ($11.76)


PokerStars Hand #146741618661:  Hold'em Limit ($3/$6 USD) - 2016/01/09 11:06:12 ET
Table 'Nauplius' 2-max Seat #2 is the button
Seat 1: HARDGURU ($103.24 in chips)
Seat 2: punkrott ($186.58 in chips)
punkrott: posts small blind $1
HARDGURU: posts big blind $3
*** HOLE CARDS ***
punkrott: raises $3 to $6
HARDGURU: calls $3
*** FLOP *** [Td Kh 5s]
HARDGURU: checks
punkrott: bets $3
HARDGURU: calls $3
*** TURN *** [Td Kh 5s] [Qs]
HARDGURU: checks
punkrott: checks
*** RIVER *** [Td Kh 5s Qs] [9d]
HARDGURU: bets $6
punkrott: calls $6
*** SHOW DOWN ***
HARDGURU: shows [9c Ac] (a pair of Nines)
punkrott: mucks hand
HARDGURU collected $29.50 from pot
*** SUMMARY ***
Total pot $30 | Rake $0.50
Board [Td Kh 5s Qs 9d]
Seat 1: HARDGURU (big blind) showed [9c Ac] and won ($29.50) with a pair of Nines
Seat 2: punkrott (button) (small blind) mucked


PokerStars Hand #146741728178:  Hold'em Limit ($3/$6 USD) - 2016/01/09 11:08:06 ET
Table 'Nauplius' 2-max Seat #2 is the button
Seat 1: HARDGURU ($114.64 in chips)
Seat 2: punkrott ($172.60 in chips)
punkrott: posts small blind $1
HARDGURU: posts big blind $3
*** HOLE CARDS ***
punkrott: raises $3 to $6
HARDGURU: calls $3
*** FLOP *** [Jd 6s Qs]
HARDGURU: checks
punkrott: checks
*** TURN *** [Jd 6s Qs] [9c]
HARDGURU: bets $6
punkrott: calls $6
*** RIVER *** [Jd 6s Qs 9c] [2s]
HARDGURU: checks
punkrott: bets $6
HARDGURU: folds
Uncalled bet ($6) returned to punkrott
punkrott collected $23.52 from pot
punkrott: doesn't show hand
*** SUMMARY ***
Total pot $24 | Rake $0.48
Board [Jd 6s Qs 9c 2s]
Seat 1: HARDGURU (big blind) folded on the River
Seat 2: punkrott (button) (small blind) collected ($23.52)


PokerStars Hand #146741717279:  Hold'em Limit ($3/$6 USD) - 2016/01/09 11:07:54 ET
Table 'Nauplius' 2-max Seat #1 is the button
Seat 1: HARDGURU ($120.64 in chips)
Seat 2: punkrott ($166.84 in chips)
HARDGURU: posts small blind $1
punkrott: posts big blind $3
*** HOLE CARDS ***
HARDGURU: raises $3 to $6
punkrott: calls $3
*** FLOP *** [9h Jh 5h]
punkrott: checks
HARDGURU: checks
*** TURN *** [9h Jh 5h] [9c]
punkrott: bets $6
HARDGURU: folds
Uncalled bet ($6) returned to punkrott
punkrott collected $11.76 from pot
punkrott: doesn't show hand
*** SUMMARY ***
Total pot $12 | Rake $0.24
Board [9h Jh 5h 9c]
Seat 1: HARDGURU (button) (small blind) folded on the Turn
Seat 2: punkrott (big blind) collected ($11.76)


PokerStars Hand #146741698389:  Hold'em Limit ($3/$6 USD) - 2016/01/09 11:07:35 ET
Table 'Nauplius' 2-max Seat #2 is the button
Seat 1: HARDGURU ($119.64 in chips)
Seat 2: punkrott ($167.84 in chips)
punkrott: posts small blind $1
HARDGURU: posts big blind $3
*** HOLE CARDS ***
punkrott: folds
Uncalled bet ($2) returned to HARDGURU
HARDGURU collected $2 from pot
HARDGURU: doesn't show hand
*** SUMMARY ***
Total pot $2 | Rake $0
Seat 1: HARDGURU (big blind) collected ($2)
Seat 2: punkrott (button) (small blind) folded before Flop


PokerStars Hand #146741679676:  Hold'em Limit ($3/$6 USD) - 2016/01/09 11:07:16 ET
Table 'Nauplius' 2-max Seat #1 is the button
Seat 1: HARDGURU ($102.14 in chips)
Seat 2: punkrott ($185.84 in chips)
HARDGURU: posts small blind $1
punkrott: posts big blind $3
*** HOLE CARDS ***
HARDGURU: raises $3 to $6
punkrott: raises $3 to $9
HARDGURU: calls $3
*** FLOP *** [5c Qc 9c]
punkrott: bets $3
HARDGURU: calls $3
*** TURN *** [5c Qc 9c] [4d]
punkrott: checks
HARDGURU: checks
*** RIVER *** [5c Qc 9c 4d] [Kh]
punkrott: checks
HARDGURU: bets $6
punkrott: calls $6
*** SHOW DOWN ***
HARDGURU: shows [3s Ks] (a pair of Kings)
punkrott: mucks hand
HARDGURU collected $35.50 from pot
*** SUMMARY ***
Total pot $36 | Rake $0.50
Board [5c Qc 9c 4d Kh]
Seat 1: HARDGURU (button) (small blind) showed [3s Ks] and won ($35.50) with a pair of Kings
Seat 2: punkrott (big blind) mucked


PokerStars Hand #146741787556:  Hold'em Limit ($3/$6 USD) - 2016/01/09 11:09:08 ET
Table 'Nauplius' 2-max Seat #1 is the button
Seat 1: HARDGURU ($91.14 in chips)
Seat 2: punkrott ($194.26 in chips)
HARDGURU: posts small blind $1
punkrott: posts big blind $3
*** HOLE CARDS ***
HARDGURU: raises $3 to $6
punkrott: calls $3
*** FLOP *** [Th 8s 4h]
punkrott: checks
HARDGURU: checks
*** TURN *** [Th 8s 4h] [3h]
punkrott: bets $6
HARDGURU: calls $6
*** RIVER *** [Th 8s 4h 3h] [Jc]
punkrott: bets $6
HARDGURU: calls $6
*** SHOW DOWN ***
punkrott: shows [6d 9s] (high card Jack)
HARDGURU: shows [3d Kh] (a pair of Threes)
HARDGURU collected $35.50 from pot
*** SUMMARY ***
Total pot $36 | Rake $0.50
Board [Th 8s 4h 3h Jc]
Seat 1: HARDGURU (button) (small blind) showed [3d Kh] and won ($35.50) with a pair of Threes
Seat 2: punkrott (big blind) showed [6d 9s] and lost with high card Jack


PokerStars Hand #146741783397:  Hold'em Limit ($3/$6 USD) - 2016/01/09 11:09:03 ET
Table 'Nauplius' 2-max Seat #2 is the button
Seat 1: HARDGURU ($90.14 in chips)
Seat 2: punkrott ($195.26 in chips)
punkrott: posts small blind $1
HARDGURU: posts big blind $3
*** HOLE CARDS ***
punkrott: folds
Uncalled bet ($2) returned to HARDGURU
HARDGURU collected $2 from pot
HARDGURU: doesn't show hand
*** SUMMARY ***
Total pot $2 | Rake $0
Seat 1: HARDGURU (big blind) collected ($2)
Seat 2: punkrott (button) (small blind) folded before Flop


PokerStars Hand #146741768892:  Hold'em Limit ($3/$6 USD) - 2016/01/09 11:08:48 ET
Table 'Nauplius' 2-max Seat #1 is the button
Seat 1: HARDGURU ($108.14 in chips)
Seat 2: punkrott ($177.76 in chips)
HARDGURU: posts small blind $1
punkrott: posts big blind $3
*** HOLE CARDS ***
HARDGURU: raises $3 to $6
punkrott: calls $3
*** FLOP *** [Ah 4h 2d]
punkrott: checks
HARDGURU: checks
*** TURN *** [Ah 4h 2d] [Jh]
punkrott: checks
HARDGURU: bets $6
punkrott: calls $6
*** RIVER *** [Ah 4h 2d Jh] [9h]
punkrott: checks
HARDGURU: bets $6
punkrott: calls $6
*** SHOW DOWN ***
HARDGURU: shows [7c Qc] (high card Ace)
punkrott: shows [5d Jd] (a pair of Jacks)
punkrott collected $35.50 from pot
*** SUMMARY ***
Total pot $36 | Rake $0.50
Board [Ah 4h 2d Jh 9h]
Seat 1: HARDGURU (button) (small blind) showed [7c Qc] and lost with high card Ace
Seat 2: punkrott (big blind) showed [5d Jd] and won ($35.50) with a pair of Jacks


PokerStars Hand #146741757048:  Hold'em Limit ($3/$6 USD) - 2016/01/09 11:08:36 ET
Table 'Nauplius' 2-max Seat #2 is the button
Seat 1: HARDGURU ($93.64 in chips)
Seat 2: punkrott ($192.76 in chips)
punkrott: posts small blind $1
HARDGURU: posts big blind $3
*** HOLE CARDS ***
punkrott: raises $3 to $6
HARDGURU: calls $3
*** FLOP *** [4h Jh 2c]
HARDGURU: checks
punkrott: bets $3
HARDGURU: calls $3
*** TURN *** [4h Jh 2c] [2h]
HARDGURU: checks
punkrott: bets $6
HARDGURU: raises $6 to $12
punkrott: folds
Uncalled bet ($6) returned to HARDGURU
HARDGURU collected $29.50 from pot
HARDGURU: doesn't show hand
*** SUMMARY ***
Total pot $30 | Rake $0.50
Board [4h Jh 2c 2h]
Seat 1: HARDGURU (big blind) collected ($29.50)
Seat 2: punkrott (button) (small blind) folded on the Turn


PokerStars Hand #146741742530:  Hold'em Limit ($3/$6 USD) - 2016/01/09 11:08:21 ET
Table 'Nauplius' 2-max Seat #1 is the button
Seat 1: HARDGURU ($102.64 in chips)
Seat 2: punkrott ($184.12 in chips)
HARDGURU: posts small blind $1
punkrott: posts big blind $3
*** HOLE CARDS ***
HARDGURU: calls $2
punkrott: raises $3 to $6
HARDGURU: calls $3
*** FLOP *** [8h 8s 6h]
punkrott: bets $3
HARDGURU: calls $3
*** TURN *** [8h 8s 6h] [4h]
punkrott: bets $6
HARDGURU: folds
Uncalled bet ($6) returned to punkrott
punkrott collected $17.64 from pot
punkrott: doesn't show hand
*** SUMMARY ***
Total pot $18 | Rake $0.36
Board [8h 8s 6h 4h]
Seat 1: HARDGURU (button) (small blind) folded on the Turn
Seat 2: punkrott (big blind) collected ($17.64)


PokerStars Hand #146741850814:  Hold'em Limit ($3/$6 USD) - 2016/01/09 11:10:13 ET
Table 'Nauplius' 2-max Seat #2 is the button
Seat 1: HARDGURU ($88.14 in chips)
Seat 2: punkrott ($195.40 in chips)
punkrott: posts small blind $1
HARDGURU: posts big blind $3
*** HOLE CARDS ***
punkrott: raises $3 to $6
HARDGURU: calls $3
*** FLOP *** [Kc 2s Td]
HARDGURU: checks
punkrott: bets $3
HARDGURU: folds
Uncalled bet ($3) returned to punkrott
punkrott collected $11.76 from pot
punkrott: doesn't show hand
*** SUMMARY ***
Total pot $12 | Rake $0.24
Board [Kc 2s Td]
Seat 1: HARDGURU (big blind) folded on the Flop
Seat 2: punkrott (button) (small blind) collected ($11.76)


PokerStars Hand #146741832610:  Hold'em Limit ($3/$6 USD) - 2016/01/09 11:09:54 ET
Table 'Nauplius' 2-max Seat #2 is the button
Seat 1: HARDGURU ($96.14 in chips)
Seat 2: punkrott ($187.76 in chips)
punkrott: posts small blind $1
HARDGURU: posts big blind $3
*** HOLE CARDS ***
punkrott: folds
Uncalled bet ($2) returned to HARDGURU
HARDGURU collected $2 from pot
HARDGURU: doesn't show hand
*** SUMMARY ***
Total pot $2 | Rake $0
Seat 1: HARDGURU (big blind) collected ($2)
Seat 2: punkrott (button) (small blind) folded before Flop


PokerStars Hand #146741817582:  Hold'em Limit ($3/$6 USD) - 2016/01/09 11:09:39 ET
Table 'Nauplius' 2-max Seat #1 is the button
Seat 1: HARDGURU ($123.14 in chips)
Seat 2: punkrott ($161.26 in chips)
HARDGURU: posts small blind $1
punkrott: posts big blind $3
*** HOLE CARDS ***
HARDGURU: raises $3 to $6
punkrott: calls $3
*** FLOP *** [Qs 2h Qd]
punkrott: checks
HARDGURU: bets $3
punkrott: calls $3
*** TURN *** [Qs 2h Qd] [Td]
punkrott: checks
HARDGURU: bets $6
punkrott: raises $6 to $12
HARDGURU: calls $6
*** RIVER *** [Qs 2h Qd Td] [7s]
punkrott: bets $6
HARDGURU: calls $6
*** SHOW DOWN ***
punkrott: shows [Jh Qc] (three of a kind, Queens)
HARDGURU: mucks hand
punkrott collected $53.50 from pot
*** SUMMARY ***
Total pot $54 | Rake $0.50
Board [Qs 2h Qd Td 7s]
Seat 1: HARDGURU (button) (small blind) mucked
Seat 2: punkrott (big blind) showed [Jh Qc] and won ($53.50) with three of a kind, Queens


PokerStars Hand #146741801644:  Hold'em Limit ($3/$6 USD) - 2016/01/09 11:09:22 ET
Table 'Nauplius' 2-max Seat #2 is the button
Seat 1: HARDGURU ($108.64 in chips)
Seat 2: punkrott ($176.26 in chips)
punkrott: posts small blind $1
HARDGURU: posts big blind $3
*** HOLE CARDS ***
punkrott: raises $3 to $6
HARDGURU: calls $3
*** FLOP *** [3h 2s Jc]
HARDGURU: checks
punkrott: bets $3
HARDGURU: calls $3
*** TURN *** [3h 2s Jc] [2c]
HARDGURU: checks
punkrott: bets $6
HARDGURU: calls $6
*** RIVER *** [3h 2s Jc 2c] [2h]
HARDGURU: checks
punkrott: checks
*** SHOW DOWN ***
HARDGURU: shows [4d Jh] (a full house, Deuces full of Jacks)
punkrott: mucks hand
HARDGURU collected $29.50 from pot
*** SUMMARY ***
Total pot $30 | Rake $0.50
Board [3h 2s Jc 2c 2h]
Seat 1: HARDGURU (big blind) showed [4d Jh] and won ($29.50) with a full house, Deuces full of Jacks
Seat 2: punkrott (button) (small blind) mucked


PokerStars Hand #146741908518:  Hold'em Limit ($3/$6 USD) - 2016/01/09 11:11:14 ET
Table 'Nauplius' 2-max Seat #1 is the button
Seat 1: HARDGURU ($66.66 in chips)
Seat 2: punkrott ($215.30 in chips)
HARDGURU: posts small blind $1
punkrott: posts big blind $3
*** HOLE CARDS ***
HARDGURU: raises $3 to $6
punkrott: calls $3
*** FLOP *** [7d 2d Td]
punkrott: checks
HARDGURU: bets $3
punkrott: folds
Uncalled bet ($3) returned to HARDGURU
HARDGURU collected $11.76 from pot
HARDGURU: doesn't show hand
*** SUMMARY ***
Total pot $12 | Rake $0.24
Board [7d 2d Td]
Seat 1: HARDGURU (button) (small blind) collected ($11.76)
Seat 2: punkrott (big blind) folded on the Flop


PokerStars Hand #146741892194:  Hold'em Limit ($3/$6 USD) - 2016/01/09 11:10:57 ET
Table 'Nauplius' 2-max Seat #2 is the button
Seat 1: HARDGURU ($81.66 in chips)
Seat 2: punkrott ($200.80 in chips)
punkrott: posts small blind $1
HARDGURU: posts big blind $3
*** HOLE CARDS ***
punkrott: raises $3 to $6
HARDGURU: calls $3
*** FLOP *** [2s 3c 4d]
HARDGURU: checks
punkrott: bets $3
HARDGURU: calls $3
*** TURN *** [2s 3c 4d] [4h]
HARDGURU: checks
punkrott: bets $6
HARDGURU: calls $6
*** RIVER *** [2s 3c 4d 4h] [7c]
HARDGURU: checks
punkrott: bets $6
HARDGURU: folds
Uncalled bet ($6) returned to punkrott
punkrott collected $29.50 from pot
punkrott: doesn't show hand
*** SUMMARY ***
Total pot $30 | Rake $0.50
Board [2s 3c 4d 4h 7c]
Seat 1: HARDGURU (big blind) folded on the River
Seat 2: punkrott (button) (small blind) collected ($29.50)


PokerStars Hand #146741872838:  Hold'em Limit ($3/$6 USD) - 2016/01/09 11:10:37 ET
Table 'Nauplius' 2-max Seat #2 is the button
Seat 1: HARDGURU ($93.66 in chips)
Seat 2: punkrott ($189.16 in chips)
punkrott: posts small blind $1
HARDGURU: posts big blind $3
*** HOLE CARDS ***
punkrott: raises $3 to $6
HARDGURU: folds
Uncalled bet ($3) returned to punkrott
punkrott collected $6 from pot
punkrott: doesn't show hand
*** SUMMARY ***
Total pot $6 | Rake $0
Seat 1: HARDGURU (big blind) folded before Flop
Seat 2: punkrott (button) (small blind) collected ($6)


PokerStars Hand #146741859277:  Hold'em Limit ($3/$6 USD) - 2016/01/09 11:10:23 ET
Table 'Nauplius' 2-max Seat #1 is the button
Seat 1: HARDGURU ($82.14 in chips)
Seat 2: punkrott ($201.16 in chips)
HARDGURU: posts small blind $1
punkrott: posts big blind $3
*** HOLE CARDS ***
HARDGURU: raises $3 to $6
punkrott: calls $3
*** FLOP *** [7h 6s Qd]
punkrott: checks
HARDGURU: checks
*** TURN *** [7h 6s Qd] [9d]
punkrott: checks
HARDGURU: bets $6
punkrott: calls $6
*** RIVER *** [7h 6s Qd 9d] [4s]
punkrott: checks
HARDGURU: checks
*** SHOW DOWN ***
punkrott: shows [Ac 5h] (high card Ace)
HARDGURU: shows [Ad Jh] (high card Ace - Queen+Jack kicker)
HARDGURU collected $23.52 from pot
*** SUMMARY ***
Total pot $24 | Rake $0.48
Board [7h 6s Qd 9d 4s]
Seat 1: HARDGURU (button) (small blind) showed [Ad Jh] and won ($23.52) with high card Ace
Seat 2: punkrott (big blind) showed [Ac 5h] and lost with high card Ace


PokerStars Hand #146741963379:  Hold'em Limit ($3/$6 USD) - 2016/01/09 11:12:12 ET
Table 'Nauplius' 2-max Seat #2 is the button
Seat 1: HARDGURU ($24.42 in chips)
Seat 2: punkrott ($256.20 in chips)
punkrott: posts small blind $1
HARDGURU: posts big blind $3
*** HOLE CARDS ***
punkrott: raises $3 to $6
HARDGURU: raises $3 to $9
punkrott: calls $3
*** FLOP *** [7s 7c Ts]
HARDGURU: checks
punkrott: checks
*** TURN *** [7s 7c Ts] [Td]
HARDGURU: bets $6
punkrott: folds
Uncalled bet ($6) returned to HARDGURU
HARDGURU collected $17.64 from pot
HARDGURU: doesn't show hand
*** SUMMARY ***
Total pot $18 | Rake $0.36
Board [7s 7c Ts Td]
Seat 1: HARDGURU (big blind) collected ($17.64)
Seat 2: punkrott (button) (small blind) folded on the Turn


PokerStars Hand #146741947407:  Hold'em Limit ($3/$6 USD) - 2016/01/09 11:11:55 ET
Table 'Nauplius' 2-max Seat #1 is the button
Seat 1: HARDGURU ($54.42 in chips)
Seat 2: punkrott ($226.70 in chips)
HARDGURU: posts small blind $1
punkrott: posts big blind $3
*** HOLE CARDS ***
HARDGURU: raises $3 to $6
punkrott: calls $3
*** FLOP *** [Js 6d 7h]
punkrott: checks
HARDGURU: checks
*** TURN *** [Js 6d 7h] [3c]
punkrott: bets $6
HARDGURU: raises $6 to $12
punkrott: raises $6 to $18
HARDGURU: calls $6
*** RIVER *** [Js 6d 7h 3c] [As]
punkrott: bets $6
HARDGURU: calls $6
*** SHOW DOWN ***
punkrott: shows [3d 3h] (three of a kind, Threes)
HARDGURU: mucks hand
punkrott collected $59.50 from pot
*** SUMMARY ***
Total pot $60 | Rake $0.50
Board [Js 6d 7h 3c As]
Seat 1: HARDGURU (button) (small blind) mucked
Seat 2: punkrott (big blind) showed [3d 3h] and won ($59.50) with three of a kind, Threes


PokerStars Hand #146741941713:  Hold'em Limit ($3/$6 USD) - 2016/01/09 11:11:49 ET
Table 'Nauplius' 2-max Seat #2 is the button
Seat 1: HARDGURU ($57.42 in chips)
Seat 2: punkrott ($223.70 in chips)
punkrott: posts small blind $1
HARDGURU: posts big blind $3
*** HOLE CARDS ***
punkrott: raises $3 to $6
HARDGURU: folds
Uncalled bet ($3) returned to punkrott
punkrott collected $6 from pot
punkrott: doesn't show hand
*** SUMMARY ***
Total pot $6 | Rake $0
Seat 1: HARDGURU (big blind) folded before Flop
Seat 2: punkrott (button) (small blind) collected ($6)


PokerStars Hand #146741931116:  Hold'em Limit ($3/$6 USD) - 2016/01/09 11:11:38 ET
Table 'Nauplius' 2-max Seat #1 is the button
Seat 1: HARDGURU ($63.42 in chips)
Seat 2: punkrott ($217.94 in chips)
HARDGURU: posts small blind $1
punkrott: posts big blind $3
*** HOLE CARDS ***
HARDGURU: raises $3 to $6
punkrott: calls $3
*** FLOP *** [Th Jh 3s]
punkrott: checks
HARDGURU: checks
*** TURN *** [Th Jh 3s] [5d]
punkrott: bets $6
HARDGURU: folds
Uncalled bet ($6) returned to punkrott
punkrott collected $11.76 from pot
punkrott: doesn't show hand
*** SUMMARY ***
Total pot $12 | Rake $0.24
Board [Th Jh 3s 5d]
Seat 1: HARDGURU (button) (small blind) folded on the Turn
Seat 2: punkrott (big blind) collected ($11.76)


PokerStars Hand #146741917799:  Hold'em Limit ($3/$6 USD) - 2016/01/09 11:11:24 ET
Table 'Nauplius' 2-max Seat #2 is the button
Seat 1: HARDGURU ($72.42 in chips)
Seat 2: punkrott ($209.30 in chips)
punkrott: posts small blind $1
HARDGURU: posts big blind $3
*** HOLE CARDS ***
punkrott: raises $3 to $6
HARDGURU: calls $3
*** FLOP *** [Ad 7d 3d]
HARDGURU: checks
punkrott: bets $3
HARDGURU: calls $3
*** TURN *** [Ad 7d 3d] [Kd]
HARDGURU: checks
punkrott: bets $6
HARDGURU: folds
Uncalled bet ($6) returned to punkrott
punkrott collected $17.64 from pot
punkrott: doesn't show hand
*** SUMMARY ***
Total pot $18 | Rake $0.36
Board [Ad 7d 3d Kd]
Seat 1: HARDGURU (big blind) folded on the Turn
Seat 2: punkrott (button) (small blind) collected ($17.64)


PokerStars Hand #146742016050:  Hold'em Limit ($3/$6 USD) - 2016/01/09 11:13:07 ET
Table 'Nauplius' 2-max Seat #2 is the button
Seat 1: HARDGURU ($46.62 in chips)
Seat 2: punkrott ($232.14 in chips)
punkrott: posts small blind $1
HARDGURU: posts big blind $3
*** HOLE CARDS ***
punkrott: raises $3 to $6
HARDGURU: raises $3 to $9
punkrott: calls $3
*** FLOP *** [8c 6s 7c]
HARDGURU: bets $3
punkrott: calls $3
*** TURN *** [8c 6s 7c] [3h]
HARDGURU: bets $6
punkrott: calls $6
*** RIVER *** [8c 6s 7c 3h] [Jc]
HARDGURU: bets $6
punkrott: folds
Uncalled bet ($6) returned to HARDGURU
HARDGURU collected $35.50 from pot
HARDGURU: doesn't show hand
*** SUMMARY ***
Total pot $36 | Rake $0.50
Board [8c 6s 7c 3h Jc]
Seat 1: HARDGURU (big blind) collected ($35.50)
Seat 2: punkrott (button) (small blind) folded on the River


PokerStars Hand #146742000742:  Hold'em Limit ($3/$6 USD) - 2016/01/09 11:12:51 ET
Table 'Nauplius' 2-max Seat #1 is the button
Seat 1: HARDGURU ($23.56 in chips)
Seat 2: punkrott ($255.70 in chips)
HARDGURU: posts small blind $1
punkrott: posts big blind $3
*** HOLE CARDS ***
HARDGURU: raises $3 to $6
punkrott: raises $3 to $9
HARDGURU: raises $3 to $12
Betting is capped
punkrott: calls $3
*** FLOP *** [Kd 6h 2c]
punkrott: checks
HARDGURU: bets $3
punkrott: calls $3
*** TURN *** [Kd 6h 2c] [6d]
punkrott: checks
HARDGURU: bets $6
punkrott: raises $6 to $12
HARDGURU: calls $2.56 and is all-in
Uncalled bet ($3.44) returned to punkrott
*** RIVER *** [Kd 6h 2c 6d] [8d]
*** SHOW DOWN ***
punkrott: shows [Qc Ah] (a pair of Sixes)
HARDGURU: shows [2s Ts] (two pair, Sixes and Deuces)
HARDGURU collected $46.62 from pot
*** SUMMARY ***
Total pot $47.12 | Rake $0.50
Board [Kd 6h 2c 6d 8d]
Seat 1: HARDGURU (button) (small blind) showed [2s Ts] and won ($46.62) with two pair, Sixes and Deuces
Seat 2: punkrott (big blind) showed [Qc Ah] and lost with a pair of Sixes


PokerStars Hand #146741987867:  Hold'em Limit ($3/$6 USD) - 2016/01/09 11:12:37 ET
Table 'Nauplius' 2-max Seat #2 is the button
Seat 1: HARDGURU ($47.56 in chips)
Seat 2: punkrott ($232.20 in chips)
punkrott: posts small blind $1
HARDGURU: posts big blind $3
*** HOLE CARDS ***
punkrott: raises $3 to $6
HARDGURU: raises $3 to $9
punkrott: calls $3
*** FLOP *** [7c 3h 2c]
HARDGURU: bets $3
punkrott: calls $3
*** TURN *** [7c 3h 2c] [4d]
HARDGURU: bets $6
punkrott: calls $6
*** RIVER *** [7c 3h 2c 4d] [Qd]
HARDGURU: bets $6
punkrott: calls $6
*** SHOW DOWN ***
HARDGURU: shows [8c Ac] (high card Ace)
punkrott: shows [Kh Ad] (high card Ace - King kicker)
punkrott collected $47.50 from pot
*** SUMMARY ***
Total pot $48 | Rake $0.50
Board [7c 3h 2c 4d Qd]
Seat 1: HARDGURU (big blind) showed [8c Ac] and lost with high card Ace
Seat 2: punkrott (button) (small blind) showed [Kh Ad] and won ($47.50) with high card Ace


PokerStars Hand #146741974773:  Hold'em Limit ($3/$6 USD) - 2016/01/09 11:12:24 ET
Table 'Nauplius' 2-max Seat #1 is the button
Seat 1: HARDGURU ($33.06 in chips)
Seat 2: punkrott ($247.20 in chips)
HARDGURU: posts small blind $1
punkrott: posts big blind $3
*** HOLE CARDS ***
HARDGURU: raises $3 to $6
punkrott: raises $3 to $9
HARDGURU: calls $3
*** FLOP *** [Qc 8d 7h]
punkrott: bets $3
HARDGURU: raises $3 to $6
punkrott: calls $3
*** TURN *** [Qc 8d 7h] [5c]
punkrott: checks
HARDGURU: bets $6
punkrott: folds
Uncalled bet ($6) returned to HARDGURU
HARDGURU collected $29.50 from pot
HARDGURU: doesn't show hand
*** SUMMARY ***
Total pot $30 | Rake $0.50
Board [Qc 8d 7h 5c]
Seat 1: HARDGURU (button) (small blind) collected ($29.50)
Seat 2: punkrott (big blind) folded on the Turn


PokerStars Hand #146742029914:  Hold'em Limit ($3/$6 USD) - 2016/01/09 11:13:22 ET
Table 'Nauplius' 2-max Seat #1 is the button
Seat 1: HARDGURU ($64.12 in chips)
Seat 2: punkrott ($214.14 in chips)
HARDGURU: posts small blind $1
punkrott: posts big blind $3
*** HOLE CARDS ***
HARDGURU: raises $3 to $6
punkrott: folds
Uncalled bet ($3) returned to HARDGURU
HARDGURU collected $6 from pot
*** SUMMARY ***
Total pot $6 | Rake $0
Seat 1: HARDGURU (button) (small blind) collected ($6)
Seat 2: punkrott (big blind) folded before Flop


PokerStars Hand #146742035234:  Hold'em Limit ($3/$6 USD) - 2016/01/09 11:13:27 ET
Table 'Nauplius' 2-max Seat #2 is the button
Seat 1: HARDGURU ($67.12 in chips)
Seat 2: punkrott ($211.14 in chips)
punkrott: posts small blind $1
HARDGURU: posts big blind $3
*** HOLE CARDS ***
punkrott: raises $3 to $6
HARDGURU: calls $3
*** FLOP *** [Qc Tc 7c]
HARDGURU: checks
punkrott: checks
*** TURN *** [Qc Tc 7c] [Ks]
HARDGURU: bets $6
punkrott: raises $6 to $12
HARDGURU: calls $6
*** RIVER *** [Qc Tc 7c Ks] [9d]
HARDGURU: checks
punkrott: bets $6
HARDGURU: calls $6
*** SHOW DOWN ***
punkrott: shows [Jc Td] (a straight, Nine to King)
HARDGURU: mucks hand
punkrott collected $47.50 from pot
*** SUMMARY ***
Total pot $48 | Rake $0.50
Board [Qc Tc 7c Ks 9d]
Seat 1: HARDGURU (big blind) mucked
Seat 2: punkrott (button) (small blind) showed [Jc Td] and won ($47.50) with a straight, Nine to King


PokerStars Hand #146742049683:  Hold'em Limit ($3/$6 USD) - 2016/01/09 11:13:42 ET
Table 'Nauplius' 2-max Seat #1 is the button
Seat 1: HARDGURU ($43.12 in chips)
Seat 2: punkrott ($234.64 in chips)
HARDGURU: posts small blind $1
punkrott: posts big blind $3
*** HOLE CARDS ***
HARDGURU: raises $3 to $6
punkrott: folds
Uncalled bet ($3) returned to HARDGURU
HARDGURU collected $6 from pot
HARDGURU: doesn't show hand
*** SUMMARY ***
Total pot $6 | Rake $0
Seat 1: HARDGURU (button) (small blind) collected ($6)
Seat 2: punkrott (big blind) folded before Flop


PokerStars Hand #146742054754:  Hold'em Limit ($3/$6 USD) - 2016/01/09 11:13:48 ET
Table 'Nauplius' 2-max Seat #2 is the button
Seat 1: HARDGURU ($46.12 in chips)
Seat 2: punkrott ($231.64 in chips)
punkrott: posts small blind $1
HARDGURU: posts big blind $3
*** HOLE CARDS ***
punkrott: raises $3 to $6
HARDGURU: raises $3 to $9
punkrott: calls $3
*** FLOP *** [4h 7h 2s]
HARDGURU: bets $3
punkrott: calls $3
*** TURN *** [4h 7h 2s] [5d]
HARDGURU: bets $6
punkrott: raises $6 to $12
HARDGURU: calls $6
*** RIVER *** [4h 7h 2s 5d] [Ad]
HARDGURU: checks
punkrott: bets $6
HARDGURU: folds
Uncalled bet ($6) returned to punkrott
punkrott collected $47.50 from pot
punkrott: doesn't show hand
*** SUMMARY ***
Total pot $48 | Rake $0.50
Board [4h 7h 2s 5d Ad]
Seat 1: HARDGURU (big blind) folded on the River
Seat 2: punkrott (button) (small blind) collected ($47.50)


PokerStars Hand #146742071130:  Hold'em Limit ($3/$6 USD) - 2016/01/09 11:14:05 ET
Table 'Nauplius' 2-max Seat #1 is the button
Seat 1: HARDGURU ($22.12 in chips)
Seat 2: punkrott ($255.14 in chips)
HARDGURU: posts small blind $1
punkrott: posts big blind $3
*** HOLE CARDS ***
HARDGURU: raises $3 to $6
punkrott: calls $3
*** FLOP *** [5h 8c Ad]
punkrott: checks
HARDGURU: checks
*** TURN *** [5h 8c Ad] [7d]
punkrott: bets $6
HARDGURU: calls $6
*** RIVER *** [5h 8c Ad 7d] [Ah]
punkrott: bets $6
HARDGURU: folds
Uncalled bet ($6) returned to punkrott
punkrott collected $23.52 from pot
punkrott: doesn't show hand
*** SUMMARY ***
Total pot $24 | Rake $0.48
Board [5h 8c Ad 7d Ah]
Seat 1: HARDGURU (button) (small blind) folded on the River
Seat 2: punkrott (big blind) collected ($23.52)


PokerStars Hand #146742088905:  Hold'em Limit ($3/$6 USD) - 2016/01/09 11:14:23 ET
Table 'Nauplius' 2-max Seat #1 is the button
Seat 1: HARDGURU ($11.12 in chips)
Seat 2: punkrott ($265.66 in chips)
HARDGURU: posts small blind $1
punkrott: posts big blind $3
*** HOLE CARDS ***
HARDGURU: folds
Uncalled bet ($2) returned to punkrott
punkrott collected $2 from pot
punkrott: doesn't show hand
*** SUMMARY ***
Total pot $2 | Rake $0
Seat 1: HARDGURU (button) (small blind) folded before Flop
Seat 2: punkrott (big blind) collected ($2)


PokerStars Hand #146742094294:  Hold'em Limit ($3/$6 USD) - 2016/01/09 11:14:29 ET
Table 'Nauplius' 2-max Seat #2 is the button
Seat 1: HARDGURU ($10.12 in chips)
Seat 2: punkrott ($266.66 in chips)
punkrott: posts small blind $1
HARDGURU: posts big blind $3
*** HOLE CARDS ***
punkrott: raises $3 to $6
HARDGURU: raises $3 to $9
punkrott: raises $3 to $12
Betting is capped
HARDGURU: calls $1.12 and is all-in
Uncalled bet ($1.88) returned to punkrott
*** FLOP *** [Ts 6s 4h]
*** TURN *** [Ts 6s 4h] [8s]
*** RIVER *** [Ts 6s 4h 8s] [5s]
*** SHOW DOWN ***
HARDGURU: shows [5c 9s] (a flush, Ten high)
punkrott: shows [Ac Kh] (high card Ace)
HARDGURU collected $19.84 from pot
*** SUMMARY ***
Total pot $20.24 | Rake $0.40
Board [Ts 6s 4h 8s 5s]
Seat 1: HARDGURU (big blind) showed [5c 9s] and won ($19.84) with a flush, Ten high
Seat 2: punkrott (button) (small blind) showed [Ac Kh] and lost with high card Ace


PokerStars Hand #146742107783:  Hold'em Limit ($3/$6 USD) - 2016/01/09 11:14:43 ET
Table 'Nauplius' 2-max Seat #1 is the button
Seat 1: HARDGURU ($19.84 in chips)
Seat 2: punkrott ($256.54 in chips)
HARDGURU: posts small blind $1
punkrott: posts big blind $3
*** HOLE CARDS ***
HARDGURU: folds
Uncalled bet ($2) returned to punkrott
punkrott collected $2 from pot
punkrott: doesn't show hand
*** SUMMARY ***
Total pot $2 | Rake $0
Seat 1: HARDGURU (button) (small blind) folded before Flop
Seat 2: punkrott (big blind) collected ($2)


PokerStars Hand #146742113964:  Hold'em Limit ($3/$6 USD) - 2016/01/09 11:14:50 ET
Table 'Nauplius' 2-max Seat #2 is the button
Seat 1: HARDGURU ($18.84 in chips)
Seat 2: punkrott ($257.54 in chips)
punkrott: posts small blind $1
HARDGURU: posts big blind $3
*** HOLE CARDS ***
punkrott: raises $3 to $6
HARDGURU: raises $3 to $9
punkrott: raises $3 to $12
Betting is capped
HARDGURU: calls $3
*** FLOP *** [5h 6c 2s]
HARDGURU: bets $3
punkrott: raises $3 to $6
HARDGURU: raises $0.84 to $6.84 and is all-in
punkrott: calls $0.84
*** TURN *** [5h 6c 2s] [Qd]
*** RIVER *** [5h 6c 2s Qd] [As]
*** SHOW DOWN ***
HARDGURU: shows [9h 9s] (a pair of Nines)
punkrott: shows [5s Ac] (two pair, Aces and Fives)
punkrott collected $37.18 from pot
*** SUMMARY ***
Total pot $37.68 | Rake $0.50
Board [5h 6c 2s Qd As]
Seat 1: HARDGURU (big blind) showed [9h 9s] and lost with a pair of Nines
Seat 2: punkrott (button) (small blind) showed [5s Ac] and won ($37.18) with two pair, Aces and Fives


