PokerStars Hand #157548570939:  Hold'em Limit ($3/$6 USD) - 2016/08/21 8:09:26 ET
Table 'Nauplius' 6-max Seat #3 is the button
Seat 3: zizonmusang ($105.84 in chips)
Seat 6: Titanic001 ($175.84 in chips)
zizonmusang: posts small blind $1
LordBorzi II: is sitting out
Titanic001: posts big blind $3
*** HOLE CARDS ***
zizonmusang: folds
Uncalled bet ($2) returned to Titanic001
Titanic001 collected $2 from pot
*** SUMMARY ***
Total pot $2 | Rake $0
Seat 3: zizonmusang (button) (small blind) folded before Flop
Seat 6: Titanic001 (big blind) collected ($2)


PokerStars Hand #157548573777:  Hold'em Limit ($3/$6 USD) - 2016/08/21 8:09:31 ET
Table 'Nauplius' 6-max Seat #6 is the button
Seat 3: zizonmusang ($104.84 in chips)
Seat 6: Titanic001 ($176.84 in chips)
Titanic001: posts small blind $1
zizonmusang: posts big blind $3
*** HOLE CARDS ***
Titanic001: raises $3 to $6
zizonmusang: raises $3 to $9
Titanic001: calls $3
*** FLOP *** [Jh Jd Ad]
zizonmusang: bets $3
Titanic001: folds
Uncalled bet ($3) returned to zizonmusang
zizonmusang collected $17.64 from pot
zizonmusang: doesn't show hand
*** SUMMARY ***
Total pot $18 | Rake $0.36
Board [Jh Jd Ad]
Seat 3: zizonmusang (big blind) collected ($17.64)
Seat 6: Titanic001 (button) (small blind) folded on the Flop


PokerStars Hand #157548582065:  Hold'em Limit ($3/$6 USD) - 2016/08/21 8:09:48 ET
Table 'Nauplius' 6-max Seat #3 is the button
Seat 3: zizonmusang ($113.48 in chips)
Seat 6: Titanic001 ($167.84 in chips)
zizonmusang: posts small blind $1
Titanic001: posts big blind $3
*** HOLE CARDS ***
zizonmusang: raises $3 to $6
Titanic001: calls $3
*** FLOP *** [Js 8c 3h]
Titanic001: checks
zizonmusang: bets $3
Titanic001: calls $3
*** TURN *** [Js 8c 3h] [Qs]
Titanic001: checks
zizonmusang: bets $6
Titanic001: folds
Uncalled bet ($6) returned to zizonmusang
zizonmusang collected $17.64 from pot
zizonmusang: doesn't show hand
*** SUMMARY ***
Total pot $18 | Rake $0.36
Board [Js 8c 3h Qs]
Seat 3: zizonmusang (button) (small blind) collected ($17.64)
Seat 6: Titanic001 (big blind) folded on the Turn


PokerStars Hand #157548594503:  Hold'em Limit ($3/$6 USD) - 2016/08/21 8:10:13 ET
Table 'Nauplius' 6-max Seat #6 is the button
Seat 3: zizonmusang ($122.12 in chips)
Seat 6: Titanic001 ($158.84 in chips)
Titanic001: posts small blind $1
zizonmusang: posts big blind $3
*** HOLE CARDS ***
Titanic001: raises $3 to $6
zizonmusang: calls $3
*** FLOP *** [Kc Ad 8s]
zizonmusang: checks
Titanic001: bets $3
zizonmusang: calls $3
*** TURN *** [Kc Ad 8s] [7h]
zizonmusang: checks
Titanic001: checks
*** RIVER *** [Kc Ad 8s 7h] [6s]
zizonmusang: bets $6
Titanic001: folds
Uncalled bet ($6) returned to zizonmusang
zizonmusang collected $17.64 from pot
zizonmusang: doesn't show hand
*** SUMMARY ***
Total pot $18 | Rake $0.36
Board [Kc Ad 8s 7h 6s]
Seat 3: zizonmusang (big blind) collected ($17.64)
Seat 6: Titanic001 (button) (small blind) folded on the River


PokerStars Hand #157548626299:  Hold'em Limit ($3/$6 USD) - 2016/08/21 8:11:17 ET
Table 'Nauplius' 6-max Seat #3 is the button
Seat 3: zizonmusang ($94.76 in chips)
Seat 6: Titanic001 ($184.98 in chips)
zizonmusang: posts small blind $1
DePokeraap was removed from the table for failing to post
Titanic001: posts big blind $3
*** HOLE CARDS ***
zizonmusang: raises $3 to $6
LordBorzi II leaves the table
Titanic001: folds
Uncalled bet ($3) returned to zizonmusang
zizonmusang collected $6 from pot
zizonmusang: doesn't show hand
*** SUMMARY ***
Total pot $6 | Rake $0
Seat 3: zizonmusang (button) (small blind) collected ($6)
Seat 6: Titanic001 (big blind) folded before Flop


PokerStars Hand #157548613232:  Hold'em Limit ($3/$6 USD) - 2016/08/21 8:10:51 ET
Table 'Nauplius' 6-max Seat #6 is the button
Seat 3: zizonmusang ($121.76 in chips)
Seat 6: Titanic001 ($158.48 in chips)
Titanic001: posts small blind $1
zizonmusang: posts big blind $3
*** HOLE CARDS ***
Titanic001: raises $3 to $6
zizonmusang: raises $3 to $9
Titanic001: calls $3
*** FLOP *** [Kh 6h Qs]
zizonmusang: bets $3
Titanic001: raises $3 to $6
zizonmusang: calls $3
*** TURN *** [Kh 6h Qs] [Kd]
zizonmusang: checks
Titanic001: bets $6
zizonmusang: calls $6
*** RIVER *** [Kh 6h Qs Kd] [5s]
zizonmusang: checks
Titanic001: bets $6
zizonmusang: calls $6
*** SHOW DOWN ***
Titanic001: shows [8d Ks] (three of a kind, Kings)
zizonmusang: mucks hand
Titanic001 collected $53.50 from pot
*** SUMMARY ***
Total pot $54 | Rake $0.50
Board [Kh 6h Qs Kd 5s]
Seat 3: zizonmusang (big blind) mucked
Seat 6: Titanic001 (button) (small blind) showed [8d Ks] and won ($53.50) with three of a kind, Kings


PokerStars Hand #157548606136:  Hold'em Limit ($3/$6 USD) - 2016/08/21 8:10:37 ET
Table 'Nauplius' 6-max Seat #3 is the button
Seat 3: zizonmusang ($130.76 in chips)
Seat 6: Titanic001 ($149.84 in chips)
zizonmusang: posts small blind $1
Titanic001: posts big blind $3
*** HOLE CARDS ***
zizonmusang: raises $3 to $6
Titanic001: raises $3 to $9
zizonmusang: calls $3
*** FLOP *** [4c Js Ac]
Titanic001: bets $3
zizonmusang: folds
Uncalled bet ($3) returned to Titanic001
Titanic001 collected $17.64 from pot
*** SUMMARY ***
Total pot $18 | Rake $0.36
Board [4c Js Ac]
Seat 3: zizonmusang (button) (small blind) folded on the Flop
Seat 6: Titanic001 (big blind) collected ($17.64)


PokerStars Hand #157548644831:  Hold'em Limit ($3/$6 USD) - 2016/08/21 8:11:53 ET
Table 'Nauplius' 6-max Seat #6 is the button
Seat 3: zizonmusang ($70.76 in chips)
Seat 6: Titanic001 ($208.48 in chips)
Titanic001: posts small blind $1
zizonmusang: posts big blind $3
*** HOLE CARDS ***
Titanic001: folds
Uncalled bet ($2) returned to zizonmusang
zizonmusang collected $2 from pot
zizonmusang: doesn't show hand
*** SUMMARY ***
Total pot $2 | Rake $0
Seat 3: zizonmusang (big blind) collected ($2)
Seat 6: Titanic001 (button) (small blind) folded before Flop


PokerStars Hand #157548640781:  Hold'em Limit ($3/$6 USD) - 2016/08/21 8:11:45 ET
Table 'Nauplius' 6-max Seat #3 is the button
Seat 3: zizonmusang ($67.76 in chips)
Seat 6: Titanic001 ($211.48 in chips)
zizonmusang: posts small blind $1
Titanic001: posts big blind $3
*** HOLE CARDS ***
zizonmusang: raises $3 to $6
Titanic001: folds
Uncalled bet ($3) returned to zizonmusang
zizonmusang collected $6 from pot
zizonmusang: doesn't show hand
*** SUMMARY ***
Total pot $6 | Rake $0
Seat 3: zizonmusang (button) (small blind) collected ($6)
Seat 6: Titanic001 (big blind) folded before Flop


PokerStars Hand #157548649992:  Hold'em Limit ($3/$6 USD) - 2016/08/21 8:12:04 ET
Table 'Nauplius' 6-max Seat #3 is the button
Seat 3: zizonmusang ($71.76 in chips)
Seat 6: Titanic001 ($207.48 in chips)
zizonmusang: posts small blind $1
Titanic001: posts big blind $3
*** HOLE CARDS ***
zizonmusang: raises $3 to $6
Titanic001: calls $3
*** FLOP *** [6s Th 4s]
Titanic001: checks
zizonmusang: bets $3
Titanic001: folds
Uncalled bet ($3) returned to zizonmusang
zizonmusang collected $11.76 from pot
zizonmusang: doesn't show hand
*** SUMMARY ***
Total pot $12 | Rake $0.24
Board [6s Th 4s]
Seat 3: zizonmusang (button) (small blind) collected ($11.76)
Seat 6: Titanic001 (big blind) folded on the Flop


PokerStars Hand #157548685943:  Hold'em Limit ($3/$6 USD) - 2016/08/21 8:13:15 ET
Table 'Nauplius' 6-max Seat #3 is the button
Seat 3: zizonmusang ($85.92 in chips)
Seat 6: Titanic001 ($192.24 in chips)
zizonmusang: posts small blind $1
Titanic001: posts big blind $3
*** HOLE CARDS ***
zizonmusang: folds
Uncalled bet ($2) returned to Titanic001
Titanic001 collected $2 from pot
*** SUMMARY ***
Total pot $2 | Rake $0
Seat 3: zizonmusang (button) (small blind) folded before Flop
Seat 6: Titanic001 (big blind) collected ($2)


PokerStars Hand #157548677727:  Hold'em Limit ($3/$6 USD) - 2016/08/21 8:12:59 ET
Table 'Nauplius' 6-max Seat #6 is the button
Seat 3: zizonmusang ($91.92 in chips)
Seat 6: Titanic001 ($186.48 in chips)
Titanic001: posts small blind $1
zizonmusang: posts big blind $3
*** HOLE CARDS ***
Titanic001: raises $3 to $6
zizonmusang: calls $3
*** FLOP *** [Ad 6c 8s]
zizonmusang: checks
Titanic001: bets $3
zizonmusang: folds
Uncalled bet ($3) returned to Titanic001
Titanic001 collected $11.76 from pot
*** SUMMARY ***
Total pot $12 | Rake $0.24
Board [Ad 6c 8s]
Seat 3: zizonmusang (big blind) folded on the Flop
Seat 6: Titanic001 (button) (small blind) collected ($11.76)


PokerStars Hand #157548689317:  Hold'em Limit ($3/$6 USD) - 2016/08/21 8:13:21 ET
Table 'Nauplius' 6-max Seat #6 is the button
Seat 3: zizonmusang ($84.92 in chips)
Seat 6: Titanic001 ($193.24 in chips)
Titanic001: posts small blind $1
zizonmusang: posts big blind $3
*** HOLE CARDS ***
Titanic001: folds
Uncalled bet ($2) returned to zizonmusang
zizonmusang collected $2 from pot
zizonmusang: doesn't show hand
*** SUMMARY ***
Total pot $2 | Rake $0
Seat 3: zizonmusang (big blind) collected ($2)
Seat 6: Titanic001 (button) (small blind) folded before Flop


PokerStars Hand #157548659462:  Hold'em Limit ($3/$6 USD) - 2016/08/21 8:12:23 ET
Table 'Nauplius' 6-max Seat #6 is the button
Seat 3: zizonmusang ($77.52 in chips)
Seat 6: Titanic001 ($201.48 in chips)
Titanic001: posts small blind $1
zizonmusang: posts big blind $3
*** HOLE CARDS ***
Titanic001: raises $3 to $6
zizonmusang: calls $3
*** FLOP *** [2s Ks 7d]
zizonmusang: checks
Titanic001: bets $3
zizonmusang: calls $3
*** TURN *** [2s Ks 7d] [9h]
zizonmusang: checks
Titanic001: checks
*** RIVER *** [2s Ks 7d 9h] [Jh]
zizonmusang: bets $6
Titanic001: folds
Uncalled bet ($6) returned to zizonmusang
zizonmusang collected $17.64 from pot
zizonmusang: doesn't show hand
*** SUMMARY ***
Total pot $18 | Rake $0.36
Board [2s Ks 7d 9h Jh]
Seat 3: zizonmusang (big blind) collected ($17.64)
Seat 6: Titanic001 (button) (small blind) folded on the River


PokerStars Hand #157548671798:  Hold'em Limit ($3/$6 USD) - 2016/08/21 8:12:47 ET
Table 'Nauplius' 6-max Seat #3 is the button
Seat 3: zizonmusang ($86.16 in chips)
Seat 6: Titanic001 ($192.48 in chips)
zizonmusang: posts small blind $1
Titanic001: posts big blind $3
*** HOLE CARDS ***
zizonmusang: raises $3 to $6
Titanic001: calls $3
*** FLOP *** [7d Ac 8c]
Titanic001: checks
zizonmusang: bets $3
Titanic001: folds
Uncalled bet ($3) returned to zizonmusang
zizonmusang collected $11.76 from pot
zizonmusang: doesn't show hand
*** SUMMARY ***
Total pot $12 | Rake $0.24
Board [7d Ac 8c]
Seat 3: zizonmusang (button) (small blind) collected ($11.76)
Seat 6: Titanic001 (big blind) folded on the Flop


PokerStars Hand #157548694131:  Hold'em Limit ($3/$6 USD) - 2016/08/21 8:13:31 ET
Table 'Nauplius' 6-max Seat #3 is the button
Seat 3: zizonmusang ($85.92 in chips)
Seat 6: Titanic001 ($192.24 in chips)
zizonmusang: posts small blind $1
Titanic001: posts big blind $3
*** HOLE CARDS ***
zizonmusang: raises $3 to $6
Titanic001: folds
Uncalled bet ($3) returned to zizonmusang
zizonmusang collected $6 from pot
zizonmusang: doesn't show hand
*** SUMMARY ***
Total pot $6 | Rake $0
Seat 3: zizonmusang (button) (small blind) collected ($6)
Seat 6: Titanic001 (big blind) folded before Flop


PokerStars Hand #157548721283:  Hold'em Limit ($3/$6 USD) - 2016/08/21 8:14:25 ET
Table 'Nauplius' 6-max Seat #6 is the button
Seat 3: zizonmusang ($67.92 in chips)
Seat 6: Titanic001 ($209.74 in chips)
Titanic001: posts small blind $1
zizonmusang: posts big blind $3
*** HOLE CARDS ***
Titanic001: calls $2
zizonmusang: checks
*** FLOP *** [Jh 3h 9s]
zizonmusang: bets $3
Titanic001: calls $3
*** TURN *** [Jh 3h 9s] [3c]
zizonmusang: bets $6
Titanic001: folds
Uncalled bet ($6) returned to zizonmusang
zizonmusang collected $11.76 from pot
zizonmusang: doesn't show hand
*** SUMMARY ***
Total pot $12 | Rake $0.24
Board [Jh 3h 9s 3c]
Seat 3: zizonmusang (big blind) collected ($11.76)
Seat 6: Titanic001 (button) (small blind) folded on the Turn


PokerStars Hand #157548717156:  Hold'em Limit ($3/$6 USD) - 2016/08/21 8:14:16 ET
Table 'Nauplius' 6-max Seat #3 is the button
Seat 3: zizonmusang ($64.92 in chips)
Seat 6: Titanic001 ($212.74 in chips)
zizonmusang: posts small blind $1
Titanic001: posts big blind $3
*** HOLE CARDS ***
zizonmusang: raises $3 to $6
Titanic001: folds
Uncalled bet ($3) returned to zizonmusang
zizonmusang collected $6 from pot
zizonmusang: doesn't show hand
*** SUMMARY ***
Total pot $6 | Rake $0
Seat 3: zizonmusang (button) (small blind) collected ($6)
Seat 6: Titanic001 (big blind) folded before Flop


PokerStars Hand #157548698558:  Hold'em Limit ($3/$6 USD) - 2016/08/21 8:13:40 ET
Table 'Nauplius' 6-max Seat #6 is the button
Seat 3: zizonmusang ($88.92 in chips)
Seat 6: Titanic001 ($189.24 in chips)
Titanic001: posts small blind $1
zizonmusang: posts big blind $3
*** HOLE CARDS ***
Titanic001: raises $3 to $6
zizonmusang: raises $3 to $9
Titanic001: calls $3
*** FLOP *** [7h Ts 6d]
zizonmusang: bets $3
Titanic001: calls $3
*** TURN *** [7h Ts 6d] [Kd]
zizonmusang: bets $6
Titanic001: calls $6
*** RIVER *** [7h Ts 6d Kd] [6h]
zizonmusang: bets $6
Titanic001: raises $6 to $12
zizonmusang: folds
Uncalled bet ($6) returned to Titanic001
Titanic001 collected $47.50 from pot
*** SUMMARY ***
Total pot $48 | Rake $0.50
Board [7h Ts 6d Kd 6h]
Seat 3: zizonmusang (big blind) folded on the River
Seat 6: Titanic001 (button) (small blind) collected ($47.50)


PokerStars Hand #157548728995:  Hold'em Limit ($3/$6 USD) - 2016/08/21 8:14:40 ET
Table 'Nauplius' 6-max Seat #3 is the button
Seat 3: zizonmusang ($73.68 in chips)
Seat 6: Titanic001 ($203.74 in chips)
zizonmusang: posts small blind $1
Titanic001: posts big blind $3
*** HOLE CARDS ***
zizonmusang: raises $3 to $6
Titanic001: calls $3
*** FLOP *** [8d Ks 4c]
Titanic001: checks
zizonmusang: bets $3
Titanic001: calls $3
*** TURN *** [8d Ks 4c] [Tc]
Titanic001: checks
zizonmusang: checks
*** RIVER *** [8d Ks 4c Tc] [6h]
Titanic001: checks
zizonmusang: checks
*** SHOW DOWN ***
Titanic001: shows [7s Ac] (high card Ace)
zizonmusang: mucks hand
Titanic001 collected $17.64 from pot
*** SUMMARY ***
Total pot $18 | Rake $0.36
Board [8d Ks 4c Tc 6h]
Seat 3: zizonmusang (button) (small blind) mucked
Seat 6: Titanic001 (big blind) showed [7s Ac] and won ($17.64) with high card Ace


PokerStars Hand #157548752013:  Hold'em Limit ($3/$6 USD) - 2016/08/21 8:15:25 ET
Table 'Nauplius' 6-max Seat #3 is the button
Seat 3: zizonmusang ($65.68 in chips)
Seat 6: Titanic001 ($211.38 in chips)
zizonmusang: posts small blind $1
Titanic001: posts big blind $3
*** HOLE CARDS ***
zizonmusang: folds
Uncalled bet ($2) returned to Titanic001
Titanic001 collected $2 from pot
*** SUMMARY ***
Total pot $2 | Rake $0
Seat 3: zizonmusang (button) (small blind) folded before Flop
Seat 6: Titanic001 (big blind) collected ($2)


PokerStars Hand #157548748355:  Hold'em Limit ($3/$6 USD) - 2016/08/21 8:15:18 ET
Table 'Nauplius' 6-max Seat #6 is the button
Seat 3: zizonmusang ($64.68 in chips)
Seat 6: Titanic001 ($212.38 in chips)
Titanic001: posts small blind $1
zizonmusang: posts big blind $3
*** HOLE CARDS ***
Titanic001: folds
Uncalled bet ($2) returned to zizonmusang
zizonmusang collected $2 from pot
zizonmusang: doesn't show hand
*** SUMMARY ***
Total pot $2 | Rake $0
Seat 3: zizonmusang (big blind) collected ($2)
Seat 6: Titanic001 (button) (small blind) folded before Flop


PokerStars Hand #157548766281:  Hold'em Limit ($3/$6 USD) - 2016/08/21 8:15:54 ET
Table 'Nauplius' 6-max Seat #3 is the button
Seat 3: zizonmusang ($73.32 in chips)
Seat 6: Titanic001 ($203.38 in chips)
zizonmusang: posts small blind $1
Titanic001: posts big blind $3
*** HOLE CARDS ***
zizonmusang: raises $3 to $6
Titanic001: folds
Uncalled bet ($3) returned to zizonmusang
zizonmusang collected $6 from pot
zizonmusang: doesn't show hand
*** SUMMARY ***
Total pot $6 | Rake $0
Seat 3: zizonmusang (button) (small blind) collected ($6)
Seat 6: Titanic001 (big blind) folded before Flop


PokerStars Hand #157548755108:  Hold'em Limit ($3/$6 USD) - 2016/08/21 8:15:32 ET
Table 'Nauplius' 6-max Seat #6 is the button
Seat 3: zizonmusang ($64.68 in chips)
Seat 6: Titanic001 ($212.38 in chips)
Titanic001: posts small blind $1
zizonmusang: posts big blind $3
*** HOLE CARDS ***
Titanic001: calls $2
zizonmusang: raises $3 to $6
Titanic001: calls $3
*** FLOP *** [As Th 4s]
zizonmusang: bets $3
Titanic001: calls $3
*** TURN *** [As Th 4s] [9h]
zizonmusang: bets $6
Titanic001: folds
Uncalled bet ($6) returned to zizonmusang
zizonmusang collected $17.64 from pot
zizonmusang: doesn't show hand
*** SUMMARY ***
Total pot $18 | Rake $0.36
Board [As Th 4s 9h]
Seat 3: zizonmusang (big blind) collected ($17.64)
Seat 6: Titanic001 (button) (small blind) folded on the Turn


PokerStars Hand #157548789128:  Hold'em Limit ($3/$6 USD) - 2016/08/21 8:16:39 ET
Table 'Nauplius' 6-max Seat #3 is the button
Seat 3: zizonmusang ($61.32 in chips)
Seat 6: Titanic001 ($214.88 in chips)
zizonmusang: posts small blind $1
Titanic001: posts big blind $3
*** HOLE CARDS ***
zizonmusang: folds
Uncalled bet ($2) returned to Titanic001
Titanic001 collected $2 from pot
*** SUMMARY ***
Total pot $2 | Rake $0
Seat 3: zizonmusang (button) (small blind) folded before Flop
Seat 6: Titanic001 (big blind) collected ($2)


PokerStars Hand #157548792596:  Hold'em Limit ($3/$6 USD) - 2016/08/21 8:16:46 ET
Table 'Nauplius' 6-max Seat #6 is the button
Seat 3: zizonmusang ($60.32 in chips)
Seat 6: Titanic001 ($215.88 in chips)
Titanic001: posts small blind $1
zizonmusang: posts big blind $3
*** HOLE CARDS ***
Titanic001: raises $3 to $6
zizonmusang: calls $3
*** FLOP *** [Ac Ad 9h]
zizonmusang: checks
Titanic001: bets $3
zizonmusang: calls $3
*** TURN *** [Ac Ad 9h] [As]
zizonmusang: checks
Titanic001: bets $6
zizonmusang: calls $6
*** RIVER *** [Ac Ad 9h As] [4c]
zizonmusang: checks
Titanic001: bets $6
zizonmusang: calls $6
*** SHOW DOWN ***
Titanic001: shows [9d Qd] (a full house, Aces full of Nines)
zizonmusang: mucks hand
Titanic001 collected $41.50 from pot
*** SUMMARY ***
Total pot $42 | Rake $0.50
Board [Ac Ad 9h As 4c]
Seat 3: zizonmusang (big blind) mucked
Seat 6: Titanic001 (button) (small blind) showed [9d Qd] and won ($41.50) with a full house, Aces full of Nines


PokerStars Hand #157548771960:  Hold'em Limit ($3/$6 USD) - 2016/08/21 8:16:05 ET
Table 'Nauplius' 6-max Seat #6 is the button
Seat 3: zizonmusang ($76.32 in chips)
Seat 6: Titanic001 ($200.38 in chips)
Titanic001: posts small blind $1
zizonmusang: posts big blind $3
*** HOLE CARDS ***
Titanic001: raises $3 to $6
zizonmusang: calls $3
*** FLOP *** [Jc 5c 2c]
zizonmusang: checks
Titanic001: bets $3
zizonmusang: calls $3
*** TURN *** [Jc 5c 2c] [9d]
zizonmusang: checks
Titanic001: checks
*** RIVER *** [Jc 5c 2c 9d] [7d]
zizonmusang: bets $6
Titanic001: calls $6
*** SHOW DOWN ***
zizonmusang: shows [2s Kh] (a pair of Deuces)
Titanic001: shows [8s 9h] (a pair of Nines)
Titanic001 collected $29.50 from pot
*** SUMMARY ***
Total pot $30 | Rake $0.50
Board [Jc 5c 2c 9d 7d]
Seat 3: zizonmusang (big blind) showed [2s Kh] and lost with a pair of Deuces
Seat 6: Titanic001 (button) (small blind) showed [8s 9h] and won ($29.50) with a pair of Nines


PokerStars Hand #157548821087:  Hold'em Limit ($3/$6 USD) - 2016/08/21 8:17:42 ET
Table 'Nauplius' 6-max Seat #6 is the button
Seat 3: zizonmusang ($45.08 in chips)
Seat 6: Titanic001 ($230.38 in chips)
Titanic001: posts small blind $1
zizonmusang: posts big blind $3
*** HOLE CARDS ***
Titanic001: folds
Uncalled bet ($2) returned to zizonmusang
zizonmusang collected $2 from pot
zizonmusang: doesn't show hand
*** SUMMARY ***
Total pot $2 | Rake $0
Seat 3: zizonmusang (big blind) collected ($2)
Seat 6: Titanic001 (button) (small blind) folded before Flop


PokerStars Hand #157548833071:  Hold'em Limit ($3/$6 USD) - 2016/08/21 8:18:05 ET
Table 'Nauplius' 6-max Seat #6 is the button
Seat 3: zizonmusang ($51.84 in chips)
Seat 6: Titanic001 ($223.38 in chips)
Titanic001: posts small blind $1
zizonmusang: posts big blind $3
*** HOLE CARDS ***
Titanic001: folds
Uncalled bet ($2) returned to zizonmusang
zizonmusang collected $2 from pot
zizonmusang: doesn't show hand
*** SUMMARY ***
Total pot $2 | Rake $0
Seat 3: zizonmusang (big blind) collected ($2)
Seat 6: Titanic001 (button) (small blind) folded before Flop


PokerStars Hand #157548825306:  Hold'em Limit ($3/$6 USD) - 2016/08/21 8:17:50 ET
Table 'Nauplius' 6-max Seat #3 is the button
Seat 3: zizonmusang ($46.08 in chips)
Seat 6: Titanic001 ($229.38 in chips)
zizonmusang: posts small blind $1
Titanic001: posts big blind $3
*** HOLE CARDS ***
zizonmusang: raises $3 to $6
Titanic001: calls $3
*** FLOP *** [4h As Ac]
Titanic001: checks
zizonmusang: bets $3
Titanic001: folds
Uncalled bet ($3) returned to zizonmusang
zizonmusang collected $11.76 from pot
zizonmusang: doesn't show hand
*** SUMMARY ***
Total pot $12 | Rake $0.24
Board [4h As Ac]
Seat 3: zizonmusang (button) (small blind) collected ($11.76)
Seat 6: Titanic001 (big blind) folded on the Flop


PokerStars Hand #157548811453:  Hold'em Limit ($3/$6 USD) - 2016/08/21 8:17:23 ET
Table 'Nauplius' 6-max Seat #3 is the button
Seat 3: zizonmusang ($39.32 in chips)
Seat 6: Titanic001 ($236.38 in chips)
zizonmusang: posts small blind $1
Titanic001: posts big blind $3
*** HOLE CARDS ***
zizonmusang: raises $3 to $6
Titanic001: calls $3
*** FLOP *** [7h 3s Jd]
Titanic001: checks
zizonmusang: bets $3
Titanic001: folds
Uncalled bet ($3) returned to zizonmusang
zizonmusang collected $11.76 from pot
zizonmusang: doesn't show hand
*** SUMMARY ***
Total pot $12 | Rake $0.24
Board [7h 3s Jd]
Seat 3: zizonmusang (button) (small blind) collected ($11.76)
Seat 6: Titanic001 (big blind) folded on the Flop


PokerStars Hand #157548853290:  Hold'em Limit ($3/$6 USD) - 2016/08/21 8:18:44 ET
Table 'Nauplius' 6-max Seat #3 is the button
Seat 3: zizonmusang ($40.84 in chips)
Seat 6: Titanic001 ($234.02 in chips)
zizonmusang: posts small blind $1
Titanic001: posts big blind $3
*** HOLE CARDS ***
zizonmusang: raises $3 to $6
Titanic001: calls $3
*** FLOP *** [8s As 5s]
Titanic001: checks
zizonmusang: bets $3
Titanic001: calls $3
*** TURN *** [8s As 5s] [8h]
Titanic001: checks
zizonmusang: bets $6
Titanic001: raises $6 to $12
zizonmusang: folds
Uncalled bet ($6) returned to Titanic001
Titanic001 collected $29.50 from pot
*** SUMMARY ***
Total pot $30 | Rake $0.50
Board [8s As 5s 8h]
Seat 3: zizonmusang (button) (small blind) folded on the Turn
Seat 6: Titanic001 (big blind) collected ($29.50)


PokerStars Hand #157548848781:  Hold'em Limit ($3/$6 USD) - 2016/08/21 8:18:36 ET
Table 'Nauplius' 6-max Seat #6 is the button
Seat 3: zizonmusang ($43.84 in chips)
Seat 6: Titanic001 ($231.02 in chips)
Titanic001: posts small blind $1
zizonmusang: posts big blind $3
*** HOLE CARDS ***
Titanic001: raises $3 to $6
zizonmusang: folds
Uncalled bet ($3) returned to Titanic001
Titanic001 collected $6 from pot
*** SUMMARY ***
Total pot $6 | Rake $0
Seat 3: zizonmusang (big blind) folded before Flop
Seat 6: Titanic001 (button) (small blind) collected ($6)


PokerStars Hand #157548835911:  Hold'em Limit ($3/$6 USD) - 2016/08/21 8:18:11 ET
Table 'Nauplius' 6-max Seat #3 is the button
Seat 3: zizonmusang ($52.84 in chips)
Seat 6: Titanic001 ($222.38 in chips)
zizonmusang: posts small blind $1
Titanic001: posts big blind $3
*** HOLE CARDS ***
zizonmusang: raises $3 to $6
Titanic001: calls $3
*** FLOP *** [4c Jh 8s]
Titanic001: checks
zizonmusang: bets $3
Titanic001: calls $3
*** TURN *** [4c Jh 8s] [Qd]
Titanic001: checks
zizonmusang: checks
*** RIVER *** [4c Jh 8s Qd] [Tc]
Titanic001: checks
zizonmusang: checks
*** SHOW DOWN ***
Titanic001: shows [4d Td] (two pair, Tens and Fours)
zizonmusang: mucks hand
Titanic001 collected $17.64 from pot
*** SUMMARY ***
Total pot $18 | Rake $0.36
Board [4c Jh 8s Qd Tc]
Seat 3: zizonmusang (button) (small blind) mucked
Seat 6: Titanic001 (big blind) showed [4d Td] and won ($17.64) with two pair, Tens and Fours


PokerStars Hand #157548863448:  Hold'em Limit ($3/$6 USD) - 2016/08/21 8:19:04 ET
Table 'Nauplius' 6-max Seat #6 is the button
Seat 3: zizonmusang ($25.84 in chips)
Seat 6: Titanic001 ($248.52 in chips)
zloy1888 joins the table at seat #4
Titanic001: posts small blind $1
zizonmusang: posts big blind $3
*** HOLE CARDS ***
Titanic001: raises $3 to $6
zizonmusang: raises $3 to $9
Titanic001: calls $3
*** FLOP *** [3s 8h 9c]
zizonmusang: bets $3
Titanic001: calls $3
*** TURN *** [3s 8h 9c] [3c]
zizonmusang: bets $6
Titanic001: folds
Uncalled bet ($6) returned to zizonmusang
zizonmusang collected $23.52 from pot
zizonmusang: doesn't show hand
*** SUMMARY ***
Total pot $24 | Rake $0.48
Board [3s 8h 9c 3c]
Seat 3: zizonmusang (big blind) collected ($23.52)
Seat 6: Titanic001 (button) (small blind) folded on the Turn


PokerStars Hand #157550150683:  Hold'em Limit ($3/$6 USD) - 2016/08/21 9:00:52 ET
Table 'Nauplius' 6-max Seat #6 is the button
Seat 5: GameOvez ($95.04 in chips)
Seat 6: RockKillerTY ($159.12 in chips)
RockKillerTY: posts small blind $1
GameOvez: posts big blind $3
*** HOLE CARDS ***
RockKillerTY: raises $3 to $6
GameOvez: calls $3
*** FLOP *** [7d 3h 3s]
GameOvez: checks
RockKillerTY: bets $3
GameOvez: raises $3 to $6
RockKillerTY: calls $3
*** TURN *** [7d 3h 3s] [4h]
GameOvez: bets $6
RockKillerTY: folds
Uncalled bet ($6) returned to GameOvez
GameOvez collected $23.52 from pot
GameOvez: doesn't show hand
*** SUMMARY ***
Total pot $24 | Rake $0.48
Board [7d 3h 3s 4h]
Seat 5: GameOvez (big blind) collected ($23.52)
Seat 6: RockKillerTY (button) (small blind) folded on the Turn


PokerStars Hand #157550169035:  Hold'em Limit ($3/$6 USD) - 2016/08/21 9:01:28 ET
Table 'Nauplius' 6-max Seat #5 is the button
Seat 5: GameOvez ($106.56 in chips)
Seat 6: RockKillerTY ($147.12 in chips)
GameOvez: posts small blind $1
RockKillerTY: posts big blind $3
*** HOLE CARDS ***
GameOvez: raises $3 to $6
RockKillerTY: calls $3
*** FLOP *** [8h 3s 7s]
RockKillerTY: checks
GameOvez: bets $3
RockKillerTY: folds
Uncalled bet ($3) returned to GameOvez
GameOvez collected $11.76 from pot
GameOvez: doesn't show hand
*** SUMMARY ***
Total pot $12 | Rake $0.24
Board [8h 3s 7s]
Seat 5: GameOvez (button) (small blind) collected ($11.76)
Seat 6: RockKillerTY (big blind) folded on the Flop


PokerStars Hand #157550187577:  Hold'em Limit ($3/$6 USD) - 2016/08/21 9:02:03 ET
Table 'Nauplius' 6-max Seat #5 is the button
Seat 5: GameOvez ($123.84 in chips)
Seat 6: RockKillerTY ($129.12 in chips)
GameOvez: posts small blind $1
RockKillerTY: posts big blind $3
*** HOLE CARDS ***
GameOvez: calls $2
RockKillerTY: checks
*** FLOP *** [Qc 2h 9s]
RockKillerTY: bets $3
GameOvez: folds
Uncalled bet ($3) returned to RockKillerTY
RockKillerTY collected $5.88 from pot
RockKillerTY: doesn't show hand
*** SUMMARY ***
Total pot $6 | Rake $0.12
Board [Qc 2h 9s]
Seat 5: GameOvez (button) (small blind) folded on the Flop
Seat 6: RockKillerTY (big blind) collected ($5.88)


PokerStars Hand #157550203896:  Hold'em Limit ($3/$6 USD) - 2016/08/21 9:02:32 ET
Table 'Nauplius' 6-max Seat #5 is the button
Seat 5: GameOvez ($121.84 in chips)
Seat 6: RockKillerTY ($131 in chips)
GameOvez: posts small blind $1
RockKillerTY: posts big blind $3
*** HOLE CARDS ***
GameOvez: raises $3 to $6
RockKillerTY: calls $3
*** FLOP *** [5c Tc 4h]
RockKillerTY: checks
GameOvez: checks
*** TURN *** [5c Tc 4h] [7d]
RockKillerTY: bets $6
GameOvez: folds
Uncalled bet ($6) returned to RockKillerTY
RockKillerTY collected $11.76 from pot
RockKillerTY: doesn't show hand
*** SUMMARY ***
Total pot $12 | Rake $0.24
Board [5c Tc 4h 7d]
Seat 5: GameOvez (button) (small blind) folded on the Turn
Seat 6: RockKillerTY (big blind) collected ($11.76)


PokerStars Hand #157550232740:  Hold'em Limit ($3/$6 USD) - 2016/08/21 9:03:25 ET
Table 'Nauplius' 6-max Seat #6 is the button
Seat 5: GameOvez ($119.72 in chips)
Seat 6: RockKillerTY ($132.76 in chips)
RockKillerTY: posts small blind $1
GameOvez: posts big blind $3
*** HOLE CARDS ***
RockKillerTY: raises $3 to $6
GameOvez: calls $3
*** FLOP *** [Jc 5c Kh]
GameOvez: checks
RockKillerTY: bets $3
GameOvez: folds
Uncalled bet ($3) returned to RockKillerTY
RockKillerTY collected $11.76 from pot
RockKillerTY: doesn't show hand
*** SUMMARY ***
Total pot $12 | Rake $0.24
Board [Jc 5c Kh]
Seat 5: GameOvez (big blind) folded on the Flop
Seat 6: RockKillerTY (button) (small blind) collected ($11.76)


PokerStars Hand #157550226332:  Hold'em Limit ($3/$6 USD) - 2016/08/21 9:03:13 ET
Table 'Nauplius' 6-max Seat #5 is the button
Seat 5: GameOvez ($116.72 in chips)
Seat 6: RockKillerTY ($135.76 in chips)
GameOvez: posts small blind $1
RockKillerTY: posts big blind $3
*** HOLE CARDS ***
GameOvez: raises $3 to $6
RockKillerTY: folds
Uncalled bet ($3) returned to GameOvez
GameOvez collected $6 from pot
GameOvez: doesn't show hand
*** SUMMARY ***
Total pot $6 | Rake $0
Seat 5: GameOvez (button) (small blind) collected ($6)
Seat 6: RockKillerTY (big blind) folded before Flop


PokerStars Hand #157550214165:  Hold'em Limit ($3/$6 USD) - 2016/08/21 9:02:51 ET
Table 'Nauplius' 6-max Seat #5 is the button
Seat 5: GameOvez ($116.84 in chips)
Seat 6: RockKillerTY ($135.76 in chips)
GameOvez: posts small blind $1
RockKillerTY: posts big blind $3
*** HOLE CARDS ***
GameOvez: calls $2
RockKillerTY: checks
*** FLOP *** [8h 8d Qd]
RockKillerTY: checks
GameOvez: bets $3
RockKillerTY: folds
Uncalled bet ($3) returned to GameOvez
GameOvez collected $5.88 from pot
GameOvez: doesn't show hand
*** SUMMARY ***
Total pot $6 | Rake $0.12
Board [8h 8d Qd]
Seat 5: GameOvez (button) (small blind) collected ($5.88)
Seat 6: RockKillerTY (big blind) folded on the Flop


PokerStars Hand #157550222998:  Hold'em Limit ($3/$6 USD) - 2016/08/21 9:03:07 ET
Table 'Nauplius' 6-max Seat #6 is the button
Seat 5: GameOvez ($119.72 in chips)
Seat 6: RockKillerTY ($132.76 in chips)
RockKillerTY: posts small blind $1
GameOvez: posts big blind $3
*** HOLE CARDS ***
RockKillerTY: raises $3 to $6
GameOvez: folds
Uncalled bet ($3) returned to RockKillerTY
RockKillerTY collected $6 from pot
RockKillerTY: doesn't show hand
*** SUMMARY ***
Total pot $6 | Rake $0
Seat 5: GameOvez (big blind) folded before Flop
Seat 6: RockKillerTY (button) (small blind) collected ($6)


PokerStars Hand #157550253242:  Hold'em Limit ($3/$6 USD) - 2016/08/21 9:04:02 ET
Table 'Nauplius' 6-max Seat #6 is the button
Seat 5: GameOvez ($119.48 in chips)
Seat 6: RockKillerTY ($132.52 in chips)
RockKillerTY: posts small blind $1
GameOvez: posts big blind $3
*** HOLE CARDS ***
RockKillerTY: folds
Uncalled bet ($2) returned to GameOvez
GameOvez collected $2 from pot
GameOvez: doesn't show hand
*** SUMMARY ***
Total pot $2 | Rake $0
Seat 5: GameOvez (big blind) collected ($2)
Seat 6: RockKillerTY (button) (small blind) folded before Flop


PokerStars Hand #157550249269:  Hold'em Limit ($3/$6 USD) - 2016/08/21 9:03:55 ET
Table 'Nauplius' 6-max Seat #5 is the button
Seat 5: GameOvez ($116.48 in chips)
Seat 6: RockKillerTY ($135.52 in chips)
GameOvez: posts small blind $1
RockKillerTY: posts big blind $3
*** HOLE CARDS ***
GameOvez: raises $3 to $6
RockKillerTY: folds
Uncalled bet ($3) returned to GameOvez
GameOvez collected $6 from pot
GameOvez: doesn't show hand
*** SUMMARY ***
Total pot $6 | Rake $0
Seat 5: GameOvez (button) (small blind) collected ($6)
Seat 6: RockKillerTY (big blind) folded before Flop


PokerStars Hand #157550255441:  Hold'em Limit ($3/$6 USD) - 2016/08/21 9:04:06 ET
Table 'Nauplius' 6-max Seat #5 is the button
Seat 5: GameOvez ($120.48 in chips)
Seat 6: RockKillerTY ($131.52 in chips)
GameOvez: posts small blind $1
RockKillerTY: posts big blind $3
*** HOLE CARDS ***
GameOvez: raises $3 to $6
RockKillerTY: calls $3
*** FLOP *** [4h 4d Kd]
RockKillerTY: checks
GameOvez: bets $3
RockKillerTY: folds
Uncalled bet ($3) returned to GameOvez
GameOvez collected $11.76 from pot
GameOvez: doesn't show hand
*** SUMMARY ***
Total pot $12 | Rake $0.24
Board [4h 4d Kd]
Seat 5: GameOvez (button) (small blind) collected ($11.76)
Seat 6: RockKillerTY (big blind) folded on the Flop


PokerStars Hand #157550245969:  Hold'em Limit ($3/$6 USD) - 2016/08/21 9:03:49 ET
Table 'Nauplius' 6-max Seat #6 is the button
Seat 5: GameOvez ($119.48 in chips)
Seat 6: RockKillerTY ($132.52 in chips)
RockKillerTY: posts small blind $1
GameOvez: posts big blind $3
*** HOLE CARDS ***
RockKillerTY: raises $3 to $6
GameOvez: folds
Uncalled bet ($3) returned to RockKillerTY
RockKillerTY collected $6 from pot
RockKillerTY: doesn't show hand
*** SUMMARY ***
Total pot $6 | Rake $0
Seat 5: GameOvez (big blind) folded before Flop
Seat 6: RockKillerTY (button) (small blind) collected ($6)


PokerStars Hand #157550240731:  Hold'em Limit ($3/$6 USD) - 2016/08/21 9:03:40 ET
Table 'Nauplius' 6-max Seat #5 is the button
Seat 5: GameOvez ($113.72 in chips)
Seat 6: RockKillerTY ($138.52 in chips)
GameOvez: posts small blind $1
RockKillerTY: posts big blind $3
*** HOLE CARDS ***
GameOvez: raises $3 to $6
RockKillerTY: calls $3
*** FLOP *** [3s 9d Kc]
RockKillerTY: checks
GameOvez: bets $3
RockKillerTY: folds
Uncalled bet ($3) returned to GameOvez
GameOvez collected $11.76 from pot
GameOvez: doesn't show hand
*** SUMMARY ***
Total pot $12 | Rake $0.24
Board [3s 9d Kc]
Seat 5: GameOvez (button) (small blind) collected ($11.76)
Seat 6: RockKillerTY (big blind) folded on the Flop


PokerStars Hand #157550267159:  Hold'em Limit ($3/$6 USD) - 2016/08/21 9:04:27 ET
Table 'Nauplius' 6-max Seat #6 is the button
Seat 5: GameOvez ($126.24 in chips)
Seat 6: RockKillerTY ($125.52 in chips)
RockKillerTY: posts small blind $1
GameOvez: posts big blind $3
*** HOLE CARDS ***
RockKillerTY: raises $3 to $6
GameOvez: raises $3 to $9
RockKillerTY: calls $3
*** FLOP *** [2d 8c 4s]
GameOvez: checks
RockKillerTY: bets $3
GameOvez: raises $3 to $6
RockKillerTY: calls $3
*** TURN *** [2d 8c 4s] [9c]
GameOvez: checks
RockKillerTY: bets $6
GameOvez: raises $6 to $12
RockKillerTY: calls $6
*** RIVER *** [2d 8c 4s 9c] [6c]
GameOvez: bets $6
RockKillerTY: calls $6
*** SHOW DOWN ***
GameOvez: shows [Ac As] (a pair of Aces)
RockKillerTY: mucks hand
GameOvez collected $65.50 from pot
*** SUMMARY ***
Total pot $66 | Rake $0.50
Board [2d 8c 4s 9c 6c]
Seat 5: GameOvez (big blind) showed [Ac As] and won ($65.50) with a pair of Aces
Seat 6: RockKillerTY (button) (small blind) mucked


PokerStars Hand #157550308914:  Hold'em Limit ($3/$6 USD) - 2016/08/21 9:05:42 ET
Table 'Nauplius' 6-max Seat #5 is the button
Seat 5: GameOvez ($158.74 in chips)
Seat 6: RockKillerTY ($92.52 in chips)
GameOvez: posts small blind $1
RockKillerTY: posts big blind $3
*** HOLE CARDS ***
GameOvez: raises $3 to $6
RockKillerTY: calls $3
*** FLOP *** [8h 6d Ks]
RockKillerTY: checks
GameOvez: checks
*** TURN *** [8h 6d Ks] [6s]
RockKillerTY: bets $6
GameOvez: raises $6 to $12
RockKillerTY: calls $6
*** RIVER *** [8h 6d Ks 6s] [Tc]
RockKillerTY: checks
GameOvez: bets $6
RockKillerTY: raises $6 to $12
GameOvez: raises $6 to $18
RockKillerTY: calls $6
*** SHOW DOWN ***
GameOvez: shows [8c 8s] (a full house, Eights full of Sixes)
RockKillerTY: mucks hand
GameOvez collected $71.50 from pot
*** SUMMARY ***
Total pot $72 | Rake $0.50
Board [8h 6d Ks 6s Tc]
Seat 5: GameOvez (button) (small blind) showed [8c 8s] and won ($71.50) with a full house, Eights full of Sixes
Seat 6: RockKillerTY (big blind) mucked


PokerStars Hand #157550323305:  Hold'em Limit ($3/$6 USD) - 2016/08/21 9:06:07 ET
Table 'Nauplius' 6-max Seat #6 is the button
Seat 5: GameOvez ($194.24 in chips)
Seat 6: RockKillerTY ($120 in chips)
RockKillerTY: posts small blind $1
GameOvez: posts big blind $3
*** HOLE CARDS ***
RockKillerTY: raises $3 to $6
GameOvez: calls $3
*** FLOP *** [Ks 5d Qs]
GameOvez: checks
RockKillerTY: bets $3
GameOvez: folds
Uncalled bet ($3) returned to RockKillerTY
RockKillerTY collected $11.76 from pot
RockKillerTY: doesn't show hand
*** SUMMARY ***
Total pot $12 | Rake $0.24
Board [Ks 5d Qs]
Seat 5: GameOvez (big blind) folded on the Flop
Seat 6: RockKillerTY (button) (small blind) collected ($11.76)


PokerStars Hand #157550330201:  Hold'em Limit ($3/$6 USD) - 2016/08/21 9:06:20 ET
Table 'Nauplius' 6-max Seat #5 is the button
Seat 5: GameOvez ($188.24 in chips)
Seat 6: RockKillerTY ($125.76 in chips)
GameOvez: posts small blind $1
RockKillerTY: posts big blind $3
*** HOLE CARDS ***
GameOvez: raises $3 to $6
RockKillerTY: calls $3
*** FLOP *** [9s Ts As]
RockKillerTY: checks
GameOvez: checks
*** TURN *** [9s Ts As] [Qc]
RockKillerTY: checks
GameOvez: bets $6
RockKillerTY: folds
Uncalled bet ($6) returned to GameOvez
GameOvez collected $11.76 from pot
GameOvez: doesn't show hand
*** SUMMARY ***
Total pot $12 | Rake $0.24
Board [9s Ts As Qc]
Seat 5: GameOvez (button) (small blind) collected ($11.76)
Seat 6: RockKillerTY (big blind) folded on the Turn


PokerStars Hand #157550370862:  Hold'em Limit ($3/$6 USD) - 2016/08/21 9:07:32 ET
Table 'Nauplius' 6-max Seat #5 is the button
Seat 5: GameOvez ($187.52 in chips)
Seat 6: RockKillerTY ($125.04 in chips)
GameOvez: posts small blind $1
RockKillerTY: posts big blind $3
*** HOLE CARDS ***
GameOvez: raises $3 to $6
RockKillerTY: raises $3 to $9
GameOvez: calls $3
*** FLOP *** [Jd 6c 4s]
RockKillerTY: bets $3
GameOvez: calls $3
*** TURN *** [Jd 6c 4s] [8c]
RockKillerTY: checks
GameOvez: checks
*** RIVER *** [Jd 6c 4s 8c] [4d]
RockKillerTY: checks
GameOvez: checks
*** SHOW DOWN ***
RockKillerTY: shows [Th Ks] (a pair of Fours)
GameOvez: shows [9h Ac] (a pair of Fours - Ace kicker)
GameOvez collected $23.52 from pot
*** SUMMARY ***
Total pot $24 | Rake $0.48
Board [Jd 6c 4s 8c 4d]
Seat 5: GameOvez (button) (small blind) showed [9h Ac] and won ($23.52) with a pair of Fours
Seat 6: RockKillerTY (big blind) showed [Th Ks] and lost with a pair of Fours


PokerStars Hand #157550337581:  Hold'em Limit ($3/$6 USD) - 2016/08/21 9:06:33 ET
Table 'Nauplius' 6-max Seat #6 is the button
Seat 5: GameOvez ($194 in chips)
Seat 6: RockKillerTY ($119.76 in chips)
RockKillerTY: posts small blind $1
GameOvez: posts big blind $3
*** HOLE CARDS ***
RockKillerTY: raises $3 to $6
GameOvez: calls $3
*** FLOP *** [2d Js 9c]
GameOvez: checks
RockKillerTY: bets $3
GameOvez: calls $3
*** TURN *** [2d Js 9c] [8d]
GameOvez: checks
RockKillerTY: bets $6
GameOvez: folds
Uncalled bet ($6) returned to RockKillerTY
RockKillerTY collected $17.64 from pot
RockKillerTY: doesn't show hand
*** SUMMARY ***
Total pot $18 | Rake $0.36
Board [2d Js 9c 8d]
Seat 5: GameOvez (big blind) folded on the Turn
Seat 6: RockKillerTY (button) (small blind) collected ($17.64)


PokerStars Hand #157550348238:  Hold'em Limit ($3/$6 USD) - 2016/08/21 9:06:52 ET
Table 'Nauplius' 6-max Seat #5 is the button
Seat 5: GameOvez ($185 in chips)
Seat 6: RockKillerTY ($128.40 in chips)
GameOvez: posts small blind $1
RockKillerTY: posts big blind $3
*** HOLE CARDS ***
GameOvez: raises $3 to $6
RockKillerTY: raises $3 to $9
GameOvez: calls $3
*** FLOP *** [8c 5h Ah]
RockKillerTY: bets $3
GameOvez: folds
Uncalled bet ($3) returned to RockKillerTY
RockKillerTY collected $17.64 from pot
RockKillerTY: doesn't show hand
*** SUMMARY ***
Total pot $18 | Rake $0.36
Board [8c 5h Ah]
Seat 5: GameOvez (button) (small blind) folded on the Flop
Seat 6: RockKillerTY (big blind) collected ($17.64)


PokerStars Hand #157550354332:  Hold'em Limit ($3/$6 USD) - 2016/08/21 9:07:03 ET
Table 'Nauplius' 6-max Seat #6 is the button
Seat 5: GameOvez ($176 in chips)
Seat 6: RockKillerTY ($137.04 in chips)
RockKillerTY: posts small blind $1
GameOvez: posts big blind $3
*** HOLE CARDS ***
RockKillerTY: raises $3 to $6
GameOvez: raises $3 to $9
RockKillerTY: calls $3
*** FLOP *** [5c 7c Jh]
GameOvez: bets $3
RockKillerTY: calls $3
*** TURN *** [5c 7c Jh] [Tc]
GameOvez: checks
RockKillerTY: checks
*** RIVER *** [5c 7c Jh Tc] [Js]
GameOvez: bets $6
RockKillerTY: folds
Uncalled bet ($6) returned to GameOvez
GameOvez collected $23.52 from pot
GameOvez: doesn't show hand
*** SUMMARY ***
Total pot $24 | Rake $0.48
Board [5c 7c Jh Tc Js]
Seat 5: GameOvez (big blind) collected ($23.52)
Seat 6: RockKillerTY (button) (small blind) folded on the River


PokerStars Hand #157550380311:  Hold'em Limit ($3/$6 USD) - 2016/08/21 9:07:49 ET
Table 'Nauplius' 6-max Seat #6 is the button
Seat 5: GameOvez ($199.04 in chips)
Seat 6: RockKillerTY ($113.04 in chips)
RockKillerTY: posts small blind $1
GameOvez: posts big blind $3
*** HOLE CARDS ***
RockKillerTY: raises $3 to $6
GameOvez: calls $3
*** FLOP *** [4s Kd 7c]
GameOvez: checks
RockKillerTY: bets $3
GameOvez: folds
Uncalled bet ($3) returned to RockKillerTY
RockKillerTY collected $11.76 from pot
RockKillerTY: doesn't show hand
*** SUMMARY ***
Total pot $12 | Rake $0.24
Board [4s Kd 7c]
Seat 5: GameOvez (big blind) folded on the Flop
Seat 6: RockKillerTY (button) (small blind) collected ($11.76)


