PokerStars Hand #168124085144:  Hold'em Limit ($3/$6 USD) - 2017/03/26 4:17:03 ET
Table 'Nauplius' 6-max Seat #6 is the button
Seat 1: majekk ($120 in chips)
Seat 6: LifeisagameX ($84 in chips)
LifeisagameX: posts small blind $1
majekk: posts big blind $3
*** HOLE CARDS ***
LifeisagameX: raises $3 to $6
majekk: calls $3
*** FLOP *** [Ts 5s 6s]
majekk: checks
LifeisagameX: bets $3
majekk: raises $3 to $6
LifeisagameX: folds
Uncalled bet ($3) returned to majekk
majekk collected $17.64 from pot
majekk: doesn't show hand
*** SUMMARY ***
Total pot $18 | Rake $0.36
Board [Ts 5s 6s]
Seat 1: majekk (big blind) collected ($17.64)
Seat 6: LifeisagameX (button) (small blind) folded on the Flop


PokerStars Hand #168124118722:  Hold'em Limit ($3/$6 USD) - 2017/03/26 4:18:42 ET
Table 'Nauplius' 6-max Seat #6 is the button
Seat 1: majekk ($128.39 in chips)
Seat 6: LifeisagameX ($84 in chips)
LifeisagameX: posts small blind $1
majekk: posts big blind $3
*** HOLE CARDS ***
LifeisagameX: raises $3 to $6
majekk: calls $3
*** FLOP *** [2c 8d 3c]
majekk: checks
LifeisagameX: bets $3
majekk: calls $3
*** TURN *** [2c 8d 3c] [2h]
majekk: checks
LifeisagameX: checks
*** RIVER *** [2c 8d 3c 2h] [Kd]
majekk: bets $6
LifeisagameX: calls $6
*** SHOW DOWN ***
majekk: shows [4c 6d] (a pair of Deuces)
LifeisagameX: shows [Ks Tc] (two pair, Kings and Deuces)
LifeisagameX collected $29.50 from pot
*** SUMMARY ***
Total pot $30 | Rake $0.50
Board [2c 8d 3c 2h Kd]
Seat 1: majekk (big blind) showed [4c 6d] and lost with a pair of Deuces
Seat 6: LifeisagameX (button) (small blind) showed [Ks Tc] and won ($29.50) with two pair, Kings and Deuces


PokerStars Hand #168124094814:  Hold'em Limit ($3/$6 USD) - 2017/03/26 4:17:32 ET
Table 'Nauplius' 6-max Seat #1 is the button
Seat 1: majekk ($128.64 in chips)
Seat 6: LifeisagameX ($84 in chips)
majekk: posts small blind $1
LifeisagameX: posts big blind $3
*** HOLE CARDS ***
majekk: calls $2
LifeisagameX: raises $3 to $6
majekk: calls $3
*** FLOP *** [Js Qs 9h]
LifeisagameX: bets $3
majekk: calls $3
*** TURN *** [Js Qs 9h] [Ts]
LifeisagameX: bets $6
majekk: calls $6
*** RIVER *** [Js Qs 9h Ts] [Kd]
LifeisagameX: bets $6
majekk: calls $6
*** SHOW DOWN ***
LifeisagameX: shows [8s 8d] (a straight, Nine to King)
majekk: shows [Qd 2d] (a straight, Nine to King)
LifeisagameX collected $20.75 from pot
majekk collected $20.75 from pot
*** SUMMARY ***
Total pot $42 | Rake $0.50
Board [Js Qs 9h Ts Kd]
Seat 1: majekk (button) (small blind) showed [Qd 2d] and won ($20.75) with a straight, Nine to King
Seat 6: LifeisagameX (big blind) showed [8s 8d] and won ($20.75) with a straight, Nine to King


PokerStars Hand #168124130010:  Hold'em Limit ($3/$6 USD) - 2017/03/26 4:19:15 ET
Table 'Nauplius' 6-max Seat #1 is the button
Seat 1: majekk ($113.39 in chips)
Seat 6: LifeisagameX ($98.50 in chips)
majekk: posts small blind $1
LifeisagameX: posts big blind $3
*** HOLE CARDS ***
majekk: raises $3 to $6
LifeisagameX: raises $3 to $9
majekk: calls $3
*** FLOP *** [Ks Jc Jh]
LifeisagameX: bets $3
majekk: calls $3
*** TURN *** [Ks Jc Jh] [Jd]
LifeisagameX: bets $6
majekk: folds
Uncalled bet ($6) returned to LifeisagameX
LifeisagameX collected $23.52 from pot
LifeisagameX: doesn't show hand
*** SUMMARY ***
Total pot $24 | Rake $0.48
Board [Ks Jc Jh Jd]
Seat 1: majekk (button) (small blind) folded on the Turn
Seat 6: LifeisagameX (big blind) collected ($23.52)


PokerStars Hand #168124147219:  Hold'em Limit ($3/$6 USD) - 2017/03/26 4:20:06 ET
Table 'Nauplius' 6-max Seat #6 is the button
Seat 1: majekk ($101.39 in chips)
Seat 6: LifeisagameX ($110.02 in chips)
LifeisagameX: posts small blind $1
majekk: posts big blind $3
*** HOLE CARDS ***
LifeisagameX: raises $3 to $6
majekk: calls $3
*** FLOP *** [Ah Qs Tc]
majekk: bets $3
LifeisagameX: calls $3
*** TURN *** [Ah Qs Tc] [Qh]
majekk: checks
LifeisagameX: checks
*** RIVER *** [Ah Qs Tc Qh] [2c]
majekk: checks
LifeisagameX: checks
*** SHOW DOWN ***
majekk: shows [2s Jd] (two pair, Queens and Deuces)
LifeisagameX: mucks hand
majekk collected $17.64 from pot
*** SUMMARY ***
Total pot $18 | Rake $0.36
Board [Ah Qs Tc Qh 2c]
Seat 1: majekk (big blind) showed [2s Jd] and won ($17.64) with two pair, Queens and Deuces
Seat 6: LifeisagameX (button) (small blind) mucked


PokerStars Hand #168124177332:  Hold'em Limit ($3/$6 USD) - 2017/03/26 4:21:35 ET
Table 'Nauplius' 6-max Seat #6 is the button
Seat 1: majekk ($109.03 in chips)
Seat 6: LifeisagameX ($102.02 in chips)
LifeisagameX: posts small blind $1
majekk: posts big blind $3
*** HOLE CARDS ***
LifeisagameX: raises $3 to $6
majekk: calls $3
*** FLOP *** [7h 7d 6d]
majekk: checks
LifeisagameX: bets $3
majekk: raises $3 to $6
LifeisagameX: calls $3
*** TURN *** [7h 7d 6d] [6c]
majekk: checks
LifeisagameX: bets $6
majekk: calls $6
*** RIVER *** [7h 7d 6d 6c] [4s]
majekk: checks
LifeisagameX: bets $6
majekk: calls $6
*** SHOW DOWN ***
LifeisagameX: shows [9d 7s] (a full house, Sevens full of Sixes)
majekk: mucks hand
LifeisagameX collected $47.50 from pot
*** SUMMARY ***
Total pot $48 | Rake $0.50
Board [7h 7d 6d 6c 4s]
Seat 1: majekk (big blind) mucked
Seat 6: LifeisagameX (button) (small blind) showed [9d 7s] and won ($47.50) with a full house, Sevens full of Sixes


PokerStars Hand #168124166571:  Hold'em Limit ($3/$6 USD) - 2017/03/26 4:21:03 ET
Table 'Nauplius' 6-max Seat #1 is the button
Seat 1: majekk ($110.03 in chips)
Seat 6: LifeisagameX ($101.02 in chips)
majekk: posts small blind $1
LifeisagameX: posts big blind $3
*** HOLE CARDS ***
majekk: folds
Uncalled bet ($2) returned to LifeisagameX
LifeisagameX collected $2 from pot
LifeisagameX: doesn't show hand
*** SUMMARY ***
Total pot $2 | Rake $0
Seat 1: majekk (button) (small blind) folded before Flop
Seat 6: LifeisagameX (big blind) collected ($2)


PokerStars Hand #168124202341:  Hold'em Limit ($3/$6 USD) - 2017/03/26 4:22:48 ET
Table 'Nauplius' 6-max Seat #6 is the button
Seat 1: majekk ($58.03 in chips)
Seat 6: LifeisagameX ($152.02 in chips)
LifeisagameX: posts small blind $1
majekk: posts big blind $3
*** HOLE CARDS ***
LifeisagameX: raises $3 to $6
majekk: raises $3 to $9
LifeisagameX: calls $3
*** FLOP *** [5c Qh 6h]
majekk: bets $3
LifeisagameX: calls $3
*** TURN *** [5c Qh 6h] [Qc]
majekk: bets $6
LifeisagameX: folds
Uncalled bet ($6) returned to majekk
majekk collected $23.52 from pot
majekk: doesn't show hand
*** SUMMARY ***
Total pot $24 | Rake $0.48
Board [5c Qh 6h Qc]
Seat 1: majekk (big blind) collected ($23.52)
Seat 6: LifeisagameX (button) (small blind) folded on the Turn


PokerStars Hand #168124188956:  Hold'em Limit ($3/$6 USD) - 2017/03/26 4:22:08 ET
Table 'Nauplius' 6-max Seat #1 is the button
Seat 1: majekk ($85.03 in chips)
Seat 6: LifeisagameX ($125.52 in chips)
majekk: posts small blind $1
LifeisagameX: posts big blind $3
*** HOLE CARDS ***
majekk: raises $3 to $6
LifeisagameX: raises $3 to $9
majekk: raises $3 to $12
Betting is capped
LifeisagameX: calls $3
*** FLOP *** [6d 9s 6h]
LifeisagameX: bets $3
majekk: calls $3
*** TURN *** [6d 9s 6h] [7c]
LifeisagameX: bets $6
majekk: calls $6
*** RIVER *** [6d 9s 6h 7c] [7s]
LifeisagameX: bets $6
majekk: calls $6
*** SHOW DOWN ***
LifeisagameX: shows [Jc 9c] (two pair, Nines and Sevens)
majekk: mucks hand
LifeisagameX collected $53.50 from pot
*** SUMMARY ***
Total pot $54 | Rake $0.50
Board [6d 9s 6h 7c 7s]
Seat 1: majekk (button) (small blind) mucked
Seat 6: LifeisagameX (big blind) showed [Jc 9c] and won ($53.50) with two pair, Nines and Sevens


PokerStars Hand #168124218319:  Hold'em Limit ($3/$6 USD) - 2017/03/26 4:23:34 ET
Table 'Nauplius' 6-max Seat #6 is the button
Seat 1: majekk ($75.31 in chips)
Seat 6: LifeisagameX ($134.02 in chips)
LifeisagameX: posts small blind $1
majekk: posts big blind $3
*** HOLE CARDS ***
LifeisagameX: raises $3 to $6
majekk: calls $3
*** FLOP *** [Ah Th Jc]
majekk: checks
LifeisagameX: bets $3
majekk: folds
Uncalled bet ($3) returned to LifeisagameX
LifeisagameX collected $11.76 from pot
LifeisagameX: doesn't show hand
*** SUMMARY ***
Total pot $12 | Rake $0.24
Board [Ah Th Jc]
Seat 1: majekk (big blind) folded on the Flop
Seat 6: LifeisagameX (button) (small blind) collected ($11.76)


PokerStars Hand #168124223355:  Hold'em Limit ($3/$6 USD) - 2017/03/26 4:23:49 ET
Table 'Nauplius' 6-max Seat #1 is the button
Seat 1: majekk ($69.31 in chips)
Seat 6: LifeisagameX ($139.78 in chips)
majekk: posts small blind $1
LifeisagameX: posts big blind $3
*** HOLE CARDS ***
majekk: folds
Uncalled bet ($2) returned to LifeisagameX
LifeisagameX collected $2 from pot
LifeisagameX: doesn't show hand
*** SUMMARY ***
Total pot $2 | Rake $0
Seat 1: majekk (button) (small blind) folded before Flop
Seat 6: LifeisagameX (big blind) collected ($2)


PokerStars Hand #168124212098:  Hold'em Limit ($3/$6 USD) - 2017/03/26 4:23:16 ET
Table 'Nauplius' 6-max Seat #1 is the button
Seat 1: majekk ($69.55 in chips)
Seat 6: LifeisagameX ($140.02 in chips)
majekk: posts small blind $1
LifeisagameX: posts big blind $3
*** HOLE CARDS ***
majekk: raises $3 to $6
LifeisagameX: calls $3
*** FLOP *** [Jd 9h 7h]
LifeisagameX: checks
majekk: bets $3
LifeisagameX: folds
Uncalled bet ($3) returned to majekk
majekk collected $11.76 from pot
majekk: doesn't show hand
*** SUMMARY ***
Total pot $12 | Rake $0.24
Board [Jd 9h 7h]
Seat 1: majekk (button) (small blind) collected ($11.76)
Seat 6: LifeisagameX (big blind) folded on the Flop


PokerStars Hand #168124226263:  Hold'em Limit ($3/$6 USD) - 2017/03/26 4:23:58 ET
Table 'Nauplius' 6-max Seat #6 is the button
Seat 1: majekk ($68.31 in chips)
Seat 6: LifeisagameX ($140.78 in chips)
LifeisagameX: posts small blind $1
majekk: posts big blind $3
*** HOLE CARDS ***
LifeisagameX: raises $3 to $6
SilaSoNi joins the table at seat #5
SilaSoNi leaves the table
majekk has timed out
majekk: folds
Uncalled bet ($3) returned to LifeisagameX
LifeisagameX collected $6 from pot
LifeisagameX: doesn't show hand
*** SUMMARY ***
Total pot $6 | Rake $0
Seat 1: majekk (big blind) folded before Flop
Seat 6: LifeisagameX (button) (small blind) collected ($6)


PokerStars Hand #168124238186:  Hold'em Limit ($3/$6 USD) - 2017/03/26 4:24:33 ET
Table 'Nauplius' 6-max Seat #1 is the button
Seat 1: majekk ($65.31 in chips)
Seat 6: LifeisagameX ($143.78 in chips)
majekk: posts small blind $1
LifeisagameX: posts big blind $3
*** HOLE CARDS ***
majekk: raises $3 to $6
LifeisagameX: calls $3
*** FLOP *** [3d 4c 9d]
LifeisagameX: checks
majekk: checks
*** TURN *** [3d 4c 9d] [Tc]
LifeisagameX: bets $6
majekk: raises $6 to $12
LifeisagameX: calls $6
*** RIVER *** [3d 4c 9d Tc] [Js]
LifeisagameX: checks
majekk: bets $6
LifeisagameX: calls $6
*** SHOW DOWN ***
majekk: shows [9s 9h] (three of a kind, Nines)
LifeisagameX: mucks hand
majekk collected $47.50 from pot
*** SUMMARY ***
Total pot $48 | Rake $0.50
Board [3d 4c 9d Tc Js]
Seat 1: majekk (button) (small blind) showed [9s 9h] and won ($47.50) with three of a kind, Nines
Seat 6: LifeisagameX (big blind) mucked


PokerStars Hand #168124256732:  Hold'em Limit ($3/$6 USD) - 2017/03/26 4:25:27 ET
Table 'Nauplius' 6-max Seat #1 is the button
Seat 1: majekk ($82.81 in chips)
Seat 6: LifeisagameX ($125.54 in chips)
majekk: posts small blind $1
LifeisagameX: posts big blind $3
*** HOLE CARDS ***
majekk: raises $3 to $6
LifeisagameX: calls $3
*** FLOP *** [6d Jc Qd]
LifeisagameX: checks
majekk: bets $3
LifeisagameX: calls $3
*** TURN *** [6d Jc Qd] [Tc]
LifeisagameX: checks
majekk: bets $6
VolkovDmitri joins the table at seat #2
LifeisagameX: calls $6
*** RIVER *** [6d Jc Qd Tc] [Ks]
LifeisagameX: bets $6
majekk: calls $6
*** SHOW DOWN ***
LifeisagameX: shows [4d Ah] (a straight, Ten to Ace)
majekk: mucks hand
LifeisagameX collected $41.50 from pot
*** SUMMARY ***
Total pot $42 | Rake $0.50
Board [6d Jc Qd Tc Ks]
Seat 1: majekk (button) (small blind) mucked
Seat 6: LifeisagameX (big blind) showed [4d Ah] and won ($41.50) with a straight, Ten to Ace


PokerStars Hand #168124250352:  Hold'em Limit ($3/$6 USD) - 2017/03/26 4:25:08 ET
Table 'Nauplius' 6-max Seat #6 is the button
Seat 1: majekk ($88.81 in chips)
Seat 6: LifeisagameX ($119.78 in chips)
LifeisagameX: posts small blind $1
majekk: posts big blind $3
*** HOLE CARDS ***
LifeisagameX: raises $3 to $6
majekk: calls $3
*** FLOP *** [3d 5h Td]
majekk: checks
LifeisagameX: bets $3
majekk: folds
Uncalled bet ($3) returned to LifeisagameX
LifeisagameX collected $11.76 from pot
LifeisagameX: doesn't show hand
*** SUMMARY ***
Total pot $12 | Rake $0.24
Board [3d 5h Td]
Seat 1: majekk (big blind) folded on the Flop
Seat 6: LifeisagameX (button) (small blind) collected ($11.76)


PokerStars Hand #168124269667:  Hold'em Limit ($3/$6 USD) - 2017/03/26 4:26:05 ET
Table 'Nauplius' 6-max Seat #6 is the button
Seat 1: majekk ($61.81 in chips)
Seat 6: LifeisagameX ($146.04 in chips)
LifeisagameX: posts small blind $1
majekk: posts big blind $3
*** HOLE CARDS ***
LifeisagameX: raises $3 to $6
majekk: raises $3 to $9
LifeisagameX: calls $3
*** FLOP *** [Kh As Th]
majekk: bets $3
LifeisagameX: calls $3
*** TURN *** [Kh As Th] [5h]
majekk: bets $6
LifeisagameX: calls $6
*** RIVER *** [Kh As Th 5h] [Kd]
majekk: checks
LifeisagameX: bets $6
majekk: calls $6
*** SHOW DOWN ***
LifeisagameX: shows [Ks 2d] (three of a kind, Kings)
majekk: mucks hand
LifeisagameX collected $47.50 from pot
*** SUMMARY ***
Total pot $48 | Rake $0.50
Board [Kh As Th 5h Kd]
Seat 1: majekk (big blind) mucked
Seat 6: LifeisagameX (button) (small blind) showed [Ks 2d] and won ($47.50) with three of a kind, Kings


PokerStars Hand #168124304273:  Hold'em Limit ($3/$6 USD) - 2017/03/26 4:27:45 ET
Table 'Nauplius' 6-max Seat #2 is the button
Seat 1: majekk ($23.45 in chips)
Seat 2: VolkovDmitri ($140.50 in chips)
VolkovDmitri: posts small blind $1
majekk: posts big blind $3
*** HOLE CARDS ***
VolkovDmitri: folds
Uncalled bet ($2) returned to majekk
majekk collected $2 from pot
majekk: doesn't show hand
*** SUMMARY ***
Total pot $2 | Rake $0
Seat 1: majekk (big blind) collected ($2)
Seat 2: VolkovDmitri (button) (small blind) folded before Flop


PokerStars Hand #168124290315:  Hold'em Limit ($3/$6 USD) - 2017/03/26 4:27:05 ET
Table 'Nauplius' 6-max Seat #1 is the button
Seat 1: majekk ($44.45 in chips)
Seat 2: VolkovDmitri ($120 in chips)
majekk: posts small blind $1
VolkovDmitri: posts big blind $3
*** HOLE CARDS ***
majekk: raises $3 to $6
VolkovDmitri: calls $3
*** FLOP *** [3c 4d Jc]
VolkovDmitri: checks
majekk: bets $3
VolkovDmitri: calls $3
*** TURN *** [3c 4d Jc] [5h]
VolkovDmitri: checks
majekk: bets $6
VolkovDmitri: calls $6
*** RIVER *** [3c 4d Jc 5h] [7d]
VolkovDmitri: bets $6
majekk: calls $6
*** SHOW DOWN ***
VolkovDmitri: shows [Kc 6c] (a straight, Three to Seven)
majekk: mucks hand
VolkovDmitri collected $41.50 from pot
*** SUMMARY ***
Total pot $42 | Rake $0.50
Board [3c 4d Jc 5h 7d]
Seat 1: majekk (button) (small blind) mucked
Seat 2: VolkovDmitri (big blind) showed [Kc 6c] and won ($41.50) with a straight, Three to Seven


PokerStars Hand #168124320532:  Hold'em Limit ($3/$6 USD) - 2017/03/26 4:28:33 ET
Table 'Nauplius' 6-max Seat #2 is the button
Seat 1: majekk ($21.45 in chips)
Seat 2: VolkovDmitri ($142.38 in chips)
VolkovDmitri: posts small blind $1
majekk: posts big blind $3
*** HOLE CARDS ***
VolkovDmitri: raises $3 to $6
majekk: calls $3
*** FLOP *** [5s Jh 2s]
majekk: bets $3
VolkovDmitri: calls $3
*** TURN *** [5s Jh 2s] [Td]
majekk: checks
VolkovDmitri: bets $6
majekk: folds
Uncalled bet ($6) returned to VolkovDmitri
VolkovDmitri collected $17.64 from pot
VolkovDmitri: doesn't show hand
*** SUMMARY ***
Total pot $18 | Rake $0.36
Board [5s Jh 2s Td]
Seat 1: majekk (big blind) folded on the Turn
Seat 2: VolkovDmitri (button) (small blind) collected ($17.64)


PokerStars Hand #168124306251:  Hold'em Limit ($3/$6 USD) - 2017/03/26 4:27:51 ET
Table 'Nauplius' 6-max Seat #1 is the button
Seat 1: majekk ($24.45 in chips)
Seat 2: VolkovDmitri ($139.50 in chips)
majekk: posts small blind $1
VolkovDmitri: posts big blind $3
*** HOLE CARDS ***
majekk: calls $2
VolkovDmitri: checks
*** FLOP *** [8s 9d Qc]
VolkovDmitri: bets $3
majekk: folds
Uncalled bet ($3) returned to VolkovDmitri
VolkovDmitri collected $5.88 from pot
VolkovDmitri: doesn't show hand
*** SUMMARY ***
Total pot $6 | Rake $0.12
Board [8s 9d Qc]
Seat 1: majekk (button) (small blind) folded on the Flop
Seat 2: VolkovDmitri (big blind) collected ($5.88)


PokerStars Hand #168124331048:  Hold'em Limit ($3/$6 USD) - 2017/03/26 4:29:03 ET
Table 'Nauplius' 6-max Seat #1 is the button
Seat 1: majekk ($12.45 in chips)
Seat 2: VolkovDmitri ($151.02 in chips)
majekk: posts small blind $1
VolkovDmitri: posts big blind $3
*** HOLE CARDS ***
majekk: raises $3 to $6
VolkovDmitri: raises $3 to $9
majekk: raises $3 to $12
Betting is capped
VolkovDmitri: calls $3
*** FLOP *** [9h 5c Js]
VolkovDmitri: bets $3
majekk: calls $0.45 and is all-in
Uncalled bet ($2.55) returned to VolkovDmitri
*** TURN *** [9h 5c Js] [Jd]
*** RIVER *** [9h 5c Js Jd] [2c]
*** SHOW DOWN ***
VolkovDmitri: shows [9d 5d] (two pair, Jacks and Nines)
majekk: shows [Qh Tc] (a pair of Jacks)
VolkovDmitri collected $24.40 from pot
*** SUMMARY ***
Total pot $24.90 | Rake $0.50
Board [9h 5c Js Jd 2c]
Seat 1: majekk (button) (small blind) showed [Qh Tc] and lost with a pair of Jacks
Seat 2: VolkovDmitri (big blind) showed [9d 5d] and won ($24.40) with two pair, Jacks and Nines


PokerStars Hand #168124362890:  Hold'em Limit ($3/$6 USD) - 2017/03/26 4:30:33 ET
Table 'Nauplius' 6-max Seat #2 is the button
Seat 1: majekk ($153.21 in chips)
Seat 2: VolkovDmitri ($145.97 in chips)
VolkovDmitri: posts small blind $1
majekk: posts big blind $3
*** HOLE CARDS ***
VolkovDmitri: raises $3 to $6
majekk: raises $3 to $9
VolkovDmitri: calls $3
*** FLOP *** [9h 5c 4d]
majekk: checks
VolkovDmitri: bets $3
majekk: raises $3 to $6
VolkovDmitri: calls $3
*** TURN *** [9h 5c 4d] [Kc]
majekk: checks
VolkovDmitri: bets $6
majekk: raises $6 to $12
VolkovDmitri: calls $6
*** RIVER *** [9h 5c 4d Kc] [4c]
majekk: bets $6
VolkovDmitri: raises $6 to $12
majekk: calls $6
*** SHOW DOWN ***
VolkovDmitri: shows [7d 4s] (three of a kind, Fours)
majekk: mucks hand
VolkovDmitri collected $77.50 from pot
*** SUMMARY ***
Total pot $78 | Rake $0.50
Board [9h 5c 4d Kc 4c]
Seat 1: majekk (big blind) mucked
Seat 2: VolkovDmitri (button) (small blind) showed [7d 4s] and won ($77.50) with three of a kind, Fours


PokerStars Hand #168124361237:  Hold'em Limit ($3/$6 USD) - 2017/03/26 4:30:29 ET
Table 'Nauplius' 6-max Seat #1 is the button
Seat 1: majekk ($154.21 in chips)
Seat 2: VolkovDmitri ($144.97 in chips)
majekk: posts small blind $1
VolkovDmitri: posts big blind $3
*** HOLE CARDS ***
majekk: folds
Uncalled bet ($2) returned to VolkovDmitri
VolkovDmitri collected $2 from pot
VolkovDmitri: doesn't show hand
*** SUMMARY ***
Total pot $2 | Rake $0
Seat 1: majekk (button) (small blind) folded before Flop
Seat 2: VolkovDmitri (big blind) collected ($2)


PokerStars Hand #168124348475:  Hold'em Limit ($3/$6 USD) - 2017/03/26 4:29:52 ET
Table 'Nauplius' 6-max Seat #2 is the button
Seat 1: majekk ($136.71 in chips)
Seat 2: VolkovDmitri ($162.97 in chips)
VolkovDmitri: posts small blind $1
majekk: posts big blind $3
*** HOLE CARDS ***
VolkovDmitri: raises $3 to $6
majekk: raises $3 to $9
VolkovDmitri: calls $3
*** FLOP *** [9d 5h 4d]
majekk: bets $3
VolkovDmitri: calls $3
*** TURN *** [9d 5h 4d] [2c]
majekk: checks
VolkovDmitri: checks
*** RIVER *** [9d 5h 4d 2c] [Ts]
majekk: bets $6
VolkovDmitri: calls $6
*** SHOW DOWN ***
majekk: shows [Th Jh] (a pair of Tens)
VolkovDmitri: mucks hand
majekk collected $35.50 from pot
*** SUMMARY ***
Total pot $36 | Rake $0.50
Board [9d 5h 4d 2c Ts]
Seat 1: majekk (big blind) showed [Th Jh] and won ($35.50) with a pair of Tens
Seat 2: VolkovDmitri (button) (small blind) mucked


PokerStars Hand #168124381297:  Hold'em Limit ($3/$6 USD) - 2017/03/26 4:31:26 ET
Table 'Nauplius' 6-max Seat #1 is the button
Seat 1: majekk ($114.21 in chips)
Seat 2: VolkovDmitri ($184.47 in chips)
majekk: posts small blind $1
VolkovDmitri: posts big blind $3
*** HOLE CARDS ***
majekk: raises $3 to $6
VolkovDmitri: calls $3
*** FLOP *** [Jc Tc 5s]
VolkovDmitri: checks
majekk: checks
*** TURN *** [Jc Tc 5s] [2d]
VolkovDmitri: bets $6
majekk: folds
Uncalled bet ($6) returned to VolkovDmitri
VolkovDmitri collected $11.76 from pot
VolkovDmitri: doesn't show hand
*** SUMMARY ***
Total pot $12 | Rake $0.24
Board [Jc Tc 5s 2d]
Seat 1: majekk (button) (small blind) folded on the Turn
Seat 2: VolkovDmitri (big blind) collected ($11.76)


PokerStars Hand #168124394675:  Hold'em Limit ($3/$6 USD) - 2017/03/26 4:32:03 ET
Table 'Nauplius' 6-max Seat #2 is the button
Seat 1: majekk ($108.21 in chips)
Seat 2: VolkovDmitri ($190.23 in chips)
VolkovDmitri: posts small blind $1
majekk: posts big blind $3
*** HOLE CARDS ***
iwan.senator joins the table at seat #3
VolkovDmitri: raises $3 to $6
majekk: raises $3 to $9
VolkovDmitri: calls $3
*** FLOP *** [3c 6c 3d]
majekk: bets $3
VolkovDmitri: raises $3 to $6
majekk: calls $3
*** TURN *** [3c 6c 3d] [Th]
majekk: checks
VolkovDmitri: bets $6
majekk: calls $6
*** RIVER *** [3c 6c 3d Th] [2c]
habari786 joins the table at seat #4
majekk: checks
VolkovDmitri: checks
*** SHOW DOWN ***
majekk: shows [Ac Qs] (a pair of Threes)
VolkovDmitri: shows [6d 9d] (two pair, Sixes and Threes)
VolkovDmitri collected $41.50 from pot
*** SUMMARY ***
Total pot $42 | Rake $0.50
Board [3c 6c 3d Th 2c]
Seat 1: majekk (big blind) showed [Ac Qs] and lost with a pair of Threes
Seat 2: VolkovDmitri (button) (small blind) showed [6d 9d] and won ($41.50) with two pair, Sixes and Threes


PokerStars Hand #168124409424:  Hold'em Limit ($3/$6 USD) - 2017/03/26 4:32:45 ET
Table 'Nauplius' 6-max Seat #1 is the button
Seat 1: majekk ($87.21 in chips)
Seat 2: VolkovDmitri ($210.73 in chips)
majekk: posts small blind $1
VolkovDmitri: posts big blind $3
*** HOLE CARDS ***
majekk: raises $3 to $6
VolkovDmitri: folds
Uncalled bet ($3) returned to majekk
majekk collected $6 from pot
majekk: doesn't show hand
*** SUMMARY ***
Total pot $6 | Rake $0
Seat 1: majekk (button) (small blind) collected ($6)
Seat 2: VolkovDmitri (big blind) folded before Flop


PokerStars Hand #168127445766:  Hold'em Limit ($3/$6 USD) - 2017/03/26 6:37:07 ET
Table 'Nauplius' 6-max Seat #6 is the button
Seat 4: rascal_319 ($154.24 in chips)
Seat 6: Azrarn ($150 in chips)
Azrarn: posts small blind $1
rascal_319: posts big blind $3
*** HOLE CARDS ***
Azrarn: raises $3 to $6
rascal_319: folds
Uncalled bet ($3) returned to Azrarn
Azrarn collected $6 from pot
Azrarn: doesn't show hand
*** SUMMARY ***
Total pot $6 | Rake $0
Seat 4: rascal_319 (big blind) folded before Flop
Seat 6: Azrarn (button) (small blind) collected ($6)


PokerStars Hand #168127443825:  Hold'em Limit ($3/$6 USD) - 2017/03/26 6:37:02 ET
Table 'Nauplius' 6-max Seat #4 is the button
Seat 4: rascal_319 ($155.24 in chips)
Seat 6: Azrarn ($149 in chips)
rascal_319: posts small blind $1
Azrarn: posts big blind $3
*** HOLE CARDS ***
rascal_319: folds
Uncalled bet ($2) returned to Azrarn
Azrarn collected $2 from pot
*** SUMMARY ***
Total pot $2 | Rake $0
Seat 4: rascal_319 (button) (small blind) folded before Flop
Seat 6: Azrarn (big blind) collected ($2)


PokerStars Hand #168127454204:  Hold'em Limit ($3/$6 USD) - 2017/03/26 6:37:25 ET
Table 'Nauplius' 6-max Seat #6 is the button
Seat 4: rascal_319 ($150.24 in chips)
Seat 6: Azrarn ($154 in chips)
Azrarn: posts small blind $1
rascal_319: posts big blind $3
*** HOLE CARDS ***
Azrarn: raises $3 to $6
rascal_319: folds
Uncalled bet ($3) returned to Azrarn
Azrarn collected $6 from pot
Azrarn: doesn't show hand
*** SUMMARY ***
Total pot $6 | Rake $0
Seat 4: rascal_319 (big blind) folded before Flop
Seat 6: Azrarn (button) (small blind) collected ($6)


PokerStars Hand #168127437111:  Hold'em Limit ($3/$6 USD) - 2017/03/26 6:36:48 ET
Table 'Nauplius' 6-max Seat #6 is the button
Seat 4: rascal_319 ($158.24 in chips)
Seat 6: Azrarn ($146 in chips)
Azrarn: posts small blind $1
Mordnilap: is sitting out
rascal_319: posts big blind $3
*** HOLE CARDS ***
Mordnilap leaves the table
Azrarn: raises $3 to $6
rascal_319: folds
Uncalled bet ($3) returned to Azrarn
Azrarn collected $6 from pot
Azrarn: doesn't show hand
*** SUMMARY ***
Total pot $6 | Rake $0
Seat 4: rascal_319 (big blind) folded before Flop
Seat 6: Azrarn (button) (small blind) collected ($6)


PokerStars Hand #168127449249:  Hold'em Limit ($3/$6 USD) - 2017/03/26 6:37:14 ET
Table 'Nauplius' 6-max Seat #4 is the button
Seat 4: rascal_319 ($151.24 in chips)
Seat 6: Azrarn ($153 in chips)
rascal_319: posts small blind $1
Azrarn: posts big blind $3
*** HOLE CARDS ***
rascal_319: folds
Uncalled bet ($2) returned to Azrarn
Azrarn collected $2 from pot
Azrarn: doesn't show hand
*** SUMMARY ***
Total pot $2 | Rake $0
Seat 4: rascal_319 (button) (small blind) folded before Flop
Seat 6: Azrarn (big blind) collected ($2)


PokerStars Hand #168128200803:  Hold'em Limit ($3/$6 USD) - 2017/03/26 7:04:30 ET
Table 'Nauplius' 6-max Seat #3 is the button
Seat 2: marciano451 ($120.13 in chips)
Seat 3: FHstyles ($63.04 in chips)
FHstyles: posts small blind $1
Azrarn: is sitting out
marciano451: posts big blind $3
*** HOLE CARDS ***
Azrarn leaves the table
FHstyles: raises $3 to $6
marciano451: folds
Uncalled bet ($3) returned to FHstyles
FHstyles collected $6 from pot
FHstyles: doesn't show hand
*** SUMMARY ***
Total pot $6 | Rake $0
Seat 2: marciano451 (big blind) folded before Flop
Seat 3: FHstyles (button) (small blind) collected ($6)


