PokerStars Hand #145365389786:  Hold'em Limit ($3/$6 USD) - 2015/12/14 23:38:46 ET
Table 'Nauplius' 6-max Seat #2 is the button
Seat 2: ChrisTuff ($144.50 in chips)
Seat 4: zeelogic666 ($43.86 in chips)
ChrisTuff: posts small blind $1
zeelogic666: posts big blind $3
*** HOLE CARDS ***
ChrisTuff: raises $3 to $6
zeelogic666: calls $3
*** FLOP *** [2c 4c Qh]
zeelogic666: checks
ChrisTuff: bets $3
zeelogic666: folds
Uncalled bet ($3) returned to ChrisTuff
ChrisTuff collected $11.76 from pot
ChrisTuff: doesn't show hand
*** SUMMARY ***
Total pot $12 | Rake $0.24
Board [2c 4c Qh]
Seat 2: ChrisTuff (button) (small blind) collected ($11.76)
Seat 4: zeelogic666 (big blind) folded on the Flop


PokerStars Hand #145365388209:  Hold'em Limit ($3/$6 USD) - 2015/12/14 23:38:40 ET
Table 'Nauplius' 6-max Seat #4 is the button
Seat 2: ChrisTuff ($143.50 in chips)
Seat 4: zeelogic666 ($44.86 in chips)
zeelogic666: posts small blind $1
ChrisTuff: posts big blind $3
*** HOLE CARDS ***
zeelogic666: folds
Uncalled bet ($2) returned to ChrisTuff
ChrisTuff collected $2 from pot
ChrisTuff: doesn't show hand
*** SUMMARY ***
Total pot $2 | Rake $0
Seat 2: ChrisTuff (big blind) collected ($2)
Seat 4: zeelogic666 (button) (small blind) folded before Flop


PokerStars Hand #145365382819:  Hold'em Limit ($3/$6 USD) - 2015/12/14 23:38:22 ET
Table 'Nauplius' 6-max Seat #2 is the button
Seat 2: ChrisTuff ($152.50 in chips)
Seat 4: zeelogic666 ($36.22 in chips)
ChrisTuff: posts small blind $1
zeelogic666: posts big blind $3
*** HOLE CARDS ***
ChrisTuff: raises $3 to $6
zeelogic666: raises $3 to $9
ChrisTuff: calls $3
*** FLOP *** [8c Ah 4s]
zeelogic666: bets $3
ChrisTuff: folds
Uncalled bet ($3) returned to zeelogic666
zeelogic666 collected $17.64 from pot
zeelogic666: doesn't show hand
*** SUMMARY ***
Total pot $18 | Rake $0.36
Board [8c Ah 4s]
Seat 2: ChrisTuff (button) (small blind) folded on the Flop
Seat 4: zeelogic666 (big blind) collected ($17.64)


PokerStars Hand #145365374838:  Hold'em Limit ($3/$6 USD) - 2015/12/14 23:37:54 ET
Table 'Nauplius' 6-max Seat #4 is the button
Seat 2: ChrisTuff ($120 in chips)
Seat 4: zeelogic666 ($69.22 in chips)
zeelogic666: posts small blind $1
ChrisTuff: posts big blind $3
*** HOLE CARDS ***
zeelogic666: calls $2
ChrisTuff: raises $3 to $6
zeelogic666: calls $3
*** FLOP *** [Js 9s 7h]
ChrisTuff: bets $3
zeelogic666: calls $3
*** TURN *** [Js 9s 7h] [4d]
ChrisTuff: bets $6
zeelogic666: raises $6 to $12
ChrisTuff: calls $6
*** RIVER *** [Js 9s 7h 4d] [Ad]
ChrisTuff: bets $6
zeelogic666: raises $6 to $12
ChrisTuff: calls $6
*** SHOW DOWN ***
zeelogic666: shows [Jd 9c] (two pair, Jacks and Nines)
ChrisTuff: shows [7s As] (two pair, Aces and Sevens)
ChrisTuff collected $65.50 from pot
*** SUMMARY ***
Total pot $66 | Rake $0.50
Board [Js 9s 7h 4d Ad]
Seat 2: ChrisTuff (big blind) showed [7s As] and won ($65.50) with two pair, Aces and Sevens
Seat 4: zeelogic666 (button) (small blind) showed [Jd 9c] and lost with two pair, Jacks and Nines


PokerStars Hand #145365408999:  Hold'em Limit ($3/$6 USD) - 2015/12/14 23:39:52 ET
Table 'Nauplius' 6-max Seat #2 is the button
Seat 2: ChrisTuff ($176.40 in chips)
Seat 4: zeelogic666 ($10.62 in chips)
ChrisTuff: posts small blind $1
zeelogic666: posts big blind $3
*** HOLE CARDS ***
ChrisTuff: folds
Uncalled bet ($2) returned to zeelogic666
zeelogic666 collected $2 from pot
zeelogic666: doesn't show hand
*** SUMMARY ***
Total pot $2 | Rake $0
Seat 2: ChrisTuff (button) (small blind) folded before Flop
Seat 4: zeelogic666 (big blind) collected ($2)


PokerStars Hand #145365403170:  Hold'em Limit ($3/$6 USD) - 2015/12/14 23:39:32 ET
Table 'Nauplius' 6-max Seat #4 is the button
Seat 2: ChrisTuff ($167.76 in chips)
Seat 4: zeelogic666 ($19.62 in chips)
zeelogic666: posts small blind $1
ChrisTuff: posts big blind $3
*** HOLE CARDS ***
zeelogic666: raises $3 to $6
ChrisTuff: calls $3
*** FLOP *** [Qh Ac 4h]
ChrisTuff: checks
zeelogic666: bets $3
ChrisTuff: calls $3
*** TURN *** [Qh Ac 4h] [7s]
ChrisTuff: checks
zeelogic666: checks
*** RIVER *** [Qh Ac 4h 7s] [4c]
ChrisTuff: checks
zeelogic666: checks
*** SHOW DOWN ***
ChrisTuff: shows [Kc 3c] (a pair of Fours)
zeelogic666: mucks hand
ChrisTuff collected $17.64 from pot
*** SUMMARY ***
Total pot $18 | Rake $0.36
Board [Qh Ac 4h 7s 4c]
Seat 2: ChrisTuff (big blind) showed [Kc 3c] and won ($17.64) with a pair of Fours
Seat 4: zeelogic666 (button) (small blind) mucked


PokerStars Hand #145365392880:  Hold'em Limit ($3/$6 USD) - 2015/12/14 23:38:56 ET
Table 'Nauplius' 6-max Seat #4 is the button
Seat 2: ChrisTuff ($150.26 in chips)
Seat 4: zeelogic666 ($37.86 in chips)
zeelogic666: posts small blind $1
ChrisTuff: posts big blind $3
*** HOLE CARDS ***
zeelogic666: raises $3 to $6
ChrisTuff: calls $3
*** FLOP *** [Ad 4c Js]
ChrisTuff: checks
zeelogic666: bets $3
ChrisTuff: folds
Uncalled bet ($3) returned to zeelogic666
zeelogic666 collected $11.76 from pot
zeelogic666: doesn't show hand
*** SUMMARY ***
Total pot $12 | Rake $0.24
Board [Ad 4c Js]
Seat 2: ChrisTuff (big blind) folded on the Flop
Seat 4: zeelogic666 (button) (small blind) collected ($11.76)


PokerStars Hand #145365410368:  Hold'em Limit ($3/$6 USD) - 2015/12/14 23:39:56 ET
Table 'Nauplius' 6-max Seat #4 is the button
Seat 2: ChrisTuff ($175.40 in chips)
Seat 4: zeelogic666 ($11.62 in chips)
zeelogic666: posts small blind $1
ChrisTuff: posts big blind $3
*** HOLE CARDS ***
zeelogic666: raises $3 to $6
ChrisTuff: calls $3
*** FLOP *** [6s 9d 4s]
ChrisTuff: checks
zeelogic666: bets $3
ChrisTuff: raises $3 to $6
zeelogic666: calls $2.62 and is all-in
Uncalled bet ($0.38) returned to ChrisTuff
*** TURN *** [6s 9d 4s] [2d]
*** RIVER *** [6s 9d 4s 2d] [3s]
*** SHOW DOWN ***
ChrisTuff: shows [9h Ts] (a pair of Nines)
zeelogic666: shows [Jd 2s] (a pair of Deuces)
ChrisTuff collected $22.78 from pot
*** SUMMARY ***
Total pot $23.24 | Rake $0.46
Board [6s 9d 4s 2d 3s]
Seat 2: ChrisTuff (big blind) showed [9h Ts] and won ($22.78) with a pair of Nines
Seat 4: zeelogic666 (button) (small blind) showed [Jd 2s] and lost with a pair of Deuces


PokerStars Hand #145366082990:  Hold'em Limit ($3/$6 USD) - 2015/12/15 0:20:51 ET
Table 'Nauplius' 6-max Seat #5 is the button
Seat 2: ChrisTuff ($189.56 in chips)
Seat 5: manly70 ($127.61 in chips)
manly70: posts small blind $1
ChrisTuff: posts big blind $3
*** HOLE CARDS ***
manly70: folds
Uncalled bet ($2) returned to ChrisTuff
ChrisTuff collected $2 from pot
ChrisTuff: doesn't show hand
*** SUMMARY ***
Total pot $2 | Rake $0
Seat 2: ChrisTuff (big blind) collected ($2)
Seat 5: manly70 (button) (small blind) folded before Flop


PokerStars Hand #145366084581:  Hold'em Limit ($3/$6 USD) - 2015/12/15 0:20:56 ET
Table 'Nauplius' 6-max Seat #2 is the button
Seat 2: ChrisTuff ($190.56 in chips)
Seat 5: manly70 ($126.61 in chips)
ChrisTuff: posts small blind $1
manly70: posts big blind $3
*** HOLE CARDS ***
ChrisTuff: raises $3 to $6
manly70: folds
Uncalled bet ($3) returned to ChrisTuff
ChrisTuff collected $6 from pot
ChrisTuff: doesn't show hand
*** SUMMARY ***
Total pot $6 | Rake $0
Seat 2: ChrisTuff (button) (small blind) collected ($6)
Seat 5: manly70 (big blind) folded before Flop


PokerStars Hand #145366086443:  Hold'em Limit ($3/$6 USD) - 2015/12/15 0:21:04 ET
Table 'Nauplius' 6-max Seat #5 is the button
Seat 2: ChrisTuff ($193.56 in chips)
Seat 5: manly70 ($123.61 in chips)
manly70: posts small blind $1
ChrisTuff: posts big blind $3
*** HOLE CARDS ***
manly70: raises $3 to $6
ChrisTuff: calls $3
*** FLOP *** [7s 7h 2d]
ChrisTuff: checks
manly70: bets $3
ChrisTuff: calls $3
*** TURN *** [7s 7h 2d] [8s]
ChrisTuff: checks
manly70: checks
*** RIVER *** [7s 7h 2d 8s] [4s]
ChrisTuff: checks
manly70: bets $6
ChrisTuff: folds
Uncalled bet ($6) returned to manly70
manly70 collected $17.64 from pot
manly70: doesn't show hand
*** SUMMARY ***
Total pot $18 | Rake $0.36
Board [7s 7h 2d 8s 4s]
Seat 2: ChrisTuff (big blind) folded on the River
Seat 5: manly70 (button) (small blind) collected ($17.64)


PokerStars Hand #145366100106:  Hold'em Limit ($3/$6 USD) - 2015/12/15 0:21:54 ET
Table 'Nauplius' 6-max Seat #2 is the button
Seat 2: ChrisTuff ($170.56 in chips)
Seat 5: manly70 ($145.75 in chips)
ChrisTuff: posts small blind $1
manly70: posts big blind $3
*** HOLE CARDS ***
ChrisTuff: raises $3 to $6
manly70: calls $3
*** FLOP *** [2d Kd Qd]
manly70: checks
ChrisTuff: bets $3
manly70: calls $3
*** TURN *** [2d Kd Qd] [6d]
manly70: checks
ChrisTuff: bets $6
manly70: raises $6 to $12
ChrisTuff: raises $6 to $18
manly70: calls $6
*** RIVER *** [2d Kd Qd 6d] [5h]
MARIBORO8 joins the table at seat #6
manly70: checks
ChrisTuff: bets $6
manly70: calls $6
*** SHOW DOWN ***
ChrisTuff: shows [Ad Td] (a flush, Ace high)
manly70: mucks hand
ChrisTuff collected $65.50 from pot
*** SUMMARY ***
Total pot $66 | Rake $0.50
Board [2d Kd Qd 6d 5h]
Seat 2: ChrisTuff (button) (small blind) showed [Ad Td] and won ($65.50) with a flush, Ace high
Seat 5: manly70 (big blind) mucked


PokerStars Hand #145366321488:  Hold'em Limit ($3/$6 USD) - 2015/12/15 0:36:01 ET
Table 'Nauplius' 6-max Seat #1 is the button
Seat 1: scorpio04 ($103.93 in chips)
Seat 4: alpha2777 ($101.07 in chips)
scorpio04: posts small blind $1
lanford: is sitting out
alpha2777: posts big blind $3
*** HOLE CARDS ***
scorpio04: raises $3 to $6
lanford leaves the table
alpha2777: raises $3 to $9
scorpio04: calls $3
*** FLOP *** [Kh Ah 8h]
alpha2777: bets $3
scorpio04: folds
Uncalled bet ($3) returned to alpha2777
alpha2777 collected $17.64 from pot
alpha2777: doesn't show hand
*** SUMMARY ***
Total pot $18 | Rake $0.36
Board [Kh Ah 8h]
Seat 1: scorpio04 (button) (small blind) folded on the Flop
Seat 4: alpha2777 (big blind) collected ($17.64)


PokerStars Hand #145366326547:  Hold'em Limit ($3/$6 USD) - 2015/12/15 0:36:21 ET
Table 'Nauplius' 6-max Seat #4 is the button
Seat 1: scorpio04 ($94.93 in chips)
Seat 4: alpha2777 ($109.71 in chips)
alpha2777: posts small blind $1
scorpio04: posts big blind $3
*** HOLE CARDS ***
alpha2777: raises $3 to $6
scorpio04: calls $3
*** FLOP *** [2d Jc 3s]
scorpio04: checks
alpha2777: bets $3
scorpio04: folds
Uncalled bet ($3) returned to alpha2777
alpha2777 collected $11.76 from pot
alpha2777: doesn't show hand
*** SUMMARY ***
Total pot $12 | Rake $0.24
Board [2d Jc 3s]
Seat 1: scorpio04 (big blind) folded on the Flop
Seat 4: alpha2777 (button) (small blind) collected ($11.76)


PokerStars Hand #145366331635:  Hold'em Limit ($3/$6 USD) - 2015/12/15 0:36:40 ET
Table 'Nauplius' 6-max Seat #1 is the button
Seat 1: scorpio04 ($88.93 in chips)
Seat 4: alpha2777 ($115.47 in chips)
scorpio04: posts small blind $1
ChrisTuff was removed from the table for failing to post
alpha2777: posts big blind $3
*** HOLE CARDS ***
lanford joins the table at seat #3
scorpio04: raises $3 to $6
alpha2777: folds
Uncalled bet ($3) returned to scorpio04
scorpio04 collected $6 from pot
scorpio04: doesn't show hand
*** SUMMARY ***
Total pot $6 | Rake $0
Seat 1: scorpio04 (button) (small blind) collected ($6)
Seat 4: alpha2777 (big blind) folded before Flop


PokerStars Hand #145366698817:  Hold'em Limit ($3/$6 USD) - 2015/12/15 1:00:31 ET
Table 'Nauplius' 6-max Seat #2 is the button
Seat 1: scorpio04 ($253.51 in chips)
Seat 2: play4uron ($65.96 in chips)
play4uron: posts small blind $1
lanford: is sitting out
scorpio04: posts big blind $3
*** HOLE CARDS ***
play4uron: raises $3 to $6
scorpio04: calls $3
*** FLOP *** [4c Ts Ah]
scorpio04: checks
play4uron: bets $3
scorpio04: raises $3 to $6
lanford leaves the table
play4uron: calls $3
*** TURN *** [4c Ts Ah] [3c]
scorpio04: bets $6
play4uron: folds
Uncalled bet ($6) returned to scorpio04
scorpio04 collected $23.52 from pot
scorpio04: doesn't show hand
*** SUMMARY ***
Total pot $24 | Rake $0.48
Board [4c Ts Ah 3c]
Seat 1: scorpio04 (big blind) collected ($23.52)
Seat 2: play4uron (button) (small blind) folded on the Turn


