PokerStars Hand #158349372414:  Hold'em Limit ($3/$6 USD) - 2016/09/08 18:46:34 ET
Table 'Ndola' 6-max Seat #4 is the button
Seat 1: Kongdori ($81.03 in chips)
Seat 4: Actionni13 ($151 in chips)
Actionni13: posts small blind $1
Kongdori: posts big blind $3
*** HOLE CARDS ***
Actionni13: raises $3 to $6
Kongdori: calls $3
*** FLOP *** [Js 9c 3c]
Kongdori: checks
Actionni13: bets $3
Kongdori: calls $3
*** TURN *** [Js 9c 3c] [8c]
Kongdori: checks
Actionni13: bets $6
Kongdori: raises $6 to $12
Actionni13: raises $6 to $18
Kongdori: calls $6
*** RIVER *** [Js 9c 3c 8c] [8s]
Kongdori: checks
Actionni13: bets $6
Kongdori: calls $6
*** SHOW DOWN ***
Actionni13: shows [Ts 7d] (a straight, Seven to Jack)
Kongdori: mucks hand
Actionni13 collected $65.50 from pot
*** SUMMARY ***
Total pot $66 | Rake $0.50
Board [Js 9c 3c 8c 8s]
Seat 1: Kongdori (big blind) mucked
Seat 4: Actionni13 (button) (small blind) showed [Ts 7d] and won ($65.50) with a straight, Seven to Jack


PokerStars Hand #158349398566:  Hold'em Limit ($3/$6 USD) - 2016/09/08 18:47:13 ET
Table 'Ndola' 6-max Seat #1 is the button
Seat 1: Kongdori ($48.03 in chips)
Seat 4: Actionni13 ($183.50 in chips)
Kongdori: posts small blind $1
Actionni13: posts big blind $3
*** HOLE CARDS ***
Kongdori: raises $3 to $6
Actionni13: calls $3
*** FLOP *** [7c Ac Qs]
ToDaFelt joins the table at seat #2
Actionni13: checks
Kongdori: bets $3
Actionni13: calls $3
*** TURN *** [7c Ac Qs] [2s]
Actionni13: checks
Kongdori: bets $6
Actionni13: folds
Uncalled bet ($6) returned to Kongdori
Kongdori collected $17.64 from pot
*** SUMMARY ***
Total pot $18 | Rake $0.36
Board [7c Ac Qs 2s]
Seat 1: Kongdori (button) (small blind) collected ($17.64)
Seat 4: Actionni13 (big blind) folded on the Turn


PokerStars Hand #158349434081:  Hold'em Limit ($3/$6 USD) - 2016/09/08 18:48:06 ET
Table 'Ndola' 6-max Seat #4 is the button
Seat 1: Kongdori ($56.67 in chips)
Seat 4: Actionni13 ($174.50 in chips)
Actionni13: posts small blind $1
Kongdori: posts big blind $3
*** HOLE CARDS ***
Actionni13: raises $3 to $6
Kongdori: calls $3
*** FLOP *** [7d Kd 3d]
Kongdori: checks
Actionni13: bets $3
Kongdori: folds
Uncalled bet ($3) returned to Actionni13
Actionni13 collected $11.76 from pot
Actionni13: doesn't show hand
*** SUMMARY ***
Total pot $12 | Rake $0.24
Board [7d Kd 3d]
Seat 1: Kongdori (big blind) folded on the Flop
Seat 4: Actionni13 (button) (small blind) collected ($11.76)


