PokerStars Hand #171826966099:  Hold'em Limit ($3/$6 USD) - 2017/06/15 19:59:18 ET
Table 'Neckar' 6-max Seat #3 is the button
Seat 2: scorpio04 ($207.34 in chips)
Seat 3: chebob ($150.81 in chips)
chebob: posts small blind $1
scorpio04: posts big blind $3
*** HOLE CARDS ***
chebob: folds
Uncalled bet ($2) returned to scorpio04
scorpio04 collected $2 from pot
scorpio04: doesn't show hand
*** SUMMARY ***
Total pot $2 | Rake $0
Seat 2: scorpio04 (big blind) collected ($2)
Seat 3: chebob (button) (small blind) folded before Flop


PokerStars Hand #171826959869:  Hold'em Limit ($3/$6 USD) - 2017/06/15 19:59:03 ET
Table 'Neckar' 6-max Seat #2 is the button
Seat 2: scorpio04 ($201.58 in chips)
Seat 3: chebob ($156.81 in chips)
scorpio04: posts small blind $1
chebob: posts big blind $3
*** HOLE CARDS ***
scorpio04: raises $3 to $6
chebob: calls $3
*** FLOP *** [Ks Jh 6s]
chebob: checks
scorpio04: bets $3
chebob: folds
Uncalled bet ($3) returned to scorpio04
scorpio04 collected $11.76 from pot
scorpio04: doesn't show hand
*** SUMMARY ***
Total pot $12 | Rake $0.24
Board [Ks Jh 6s]
Seat 2: scorpio04 (button) (small blind) collected ($11.76)
Seat 3: chebob (big blind) folded on the Flop


PokerStars Hand #171826944095:  Hold'em Limit ($3/$6 USD) - 2017/06/15 19:58:26 ET
Table 'Neckar' 6-max Seat #3 is the button
Seat 2: scorpio04 ($172.08 in chips)
Seat 3: chebob ($186.81 in chips)
chebob: posts small blind $1
scorpio04: posts big blind $3
*** HOLE CARDS ***
chebob: raises $3 to $6
scorpio04: calls $3
*** FLOP *** [3d 3c 6s]
scorpio04: checks
chebob: checks
*** TURN *** [3d 3c 6s] [7s]
scorpio04: bets $6
chebob: calls $6
*** RIVER *** [3d 3c 6s 7s] [Ks]
scorpio04: bets $6
chebob: raises $6 to $12
scorpio04: raises $6 to $18
chebob: calls $6
*** SHOW DOWN ***
scorpio04: shows [3h Jd] (three of a kind, Threes)
chebob: mucks hand
scorpio04 collected $59.50 from pot
*** SUMMARY ***
Total pot $60 | Rake $0.50
Board [3d 3c 6s 7s Ks]
Seat 2: scorpio04 (big blind) showed [3h Jd] and won ($59.50) with three of a kind, Threes
Seat 3: chebob (button) (small blind) mucked


PokerStars Hand #171826968341:  Hold'em Limit ($3/$6 USD) - 2017/06/15 19:59:24 ET
Table 'Neckar' 6-max Seat #2 is the button
Seat 2: scorpio04 ($208.34 in chips)
Seat 3: chebob ($149.81 in chips)
scorpio04: posts small blind $1
chebob: posts big blind $3
*** HOLE CARDS ***
scorpio04: raises $3 to $6
chebob: calls $3
*** FLOP *** [8c 7s 7h]
chebob: checks
scorpio04: bets $3
chebob: calls $3
*** TURN *** [8c 7s 7h] [6s]
magonegro joins the table at seat #4
chebob: checks
scorpio04: checks
*** RIVER *** [8c 7s 7h 6s] [3h]
chebob: bets $6
scorpio04: calls $6
*** SHOW DOWN ***
chebob: shows [Jd 9c] (a pair of Sevens)
scorpio04: shows [6c 9d] (two pair, Sevens and Sixes)
scorpio04 collected $29.50 from pot
*** SUMMARY ***
Total pot $30 | Rake $0.50
Board [8c 7s 7h 6s 3h]
Seat 2: scorpio04 (button) (small blind) showed [6c 9d] and won ($29.50) with two pair, Sevens and Sixes
Seat 3: chebob (big blind) showed [Jd 9c] and lost with a pair of Sevens


PokerStars Hand #171832272165:  Hold'em Limit ($3/$6 USD) - 2017/06/16 0:05:47 ET
Table 'Neckar' 6-max Seat #1 is the button
Seat 1: Chessnok ($69.19 in chips)
Seat 6: belik555 ($673.17 in chips)
Chessnok: posts small blind $1
yoshi15: is sitting out
belik555: posts big blind $3
*** HOLE CARDS ***
yoshi15 leaves the table
Chessnok: raises $3 to $6
belik555: raises $3 to $9
Chessnok: calls $3
*** FLOP *** [8d 5h Kh]
belik555: bets $3
Chessnok: raises $3 to $6
belik555: calls $3
*** TURN *** [8d 5h Kh] [2c]
belik555: checks
Chessnok: bets $6
belik555: calls $6
*** RIVER *** [8d 5h Kh 2c] [7c]
belik555: checks
Chessnok: bets $6
belik555: folds
Uncalled bet ($6) returned to Chessnok
Chessnok collected $41.50 from pot
Chessnok: doesn't show hand
*** SUMMARY ***
Total pot $42 | Rake $0.50
Board [8d 5h Kh 2c 7c]
Seat 1: Chessnok (button) (small blind) collected ($41.50)
Seat 6: belik555 (big blind) folded on the River


