PokerStars Hand #171826001468:  Hold'em Limit ($3/$6 USD) - 2017/06/15 19:27:22 ET
Table 'Neckar' 6-max Seat #1 is the button
Seat 1: andyrr ($100 in chips)
Seat 4: Actionni13 ($150 in chips)
andyrr: posts small blind $1
Actionni13: posts big blind $3
*** HOLE CARDS ***
andyrr: raises $3 to $6
Actionni13: folds
Uncalled bet ($3) returned to andyrr
andyrr collected $6 from pot
*** SUMMARY ***
Total pot $6 | Rake $0
Seat 1: andyrr (button) (small blind) collected ($6)
Seat 4: Actionni13 (big blind) folded before Flop


PokerStars Hand #171826004623:  Hold'em Limit ($3/$6 USD) - 2017/06/15 19:27:28 ET
Table 'Neckar' 6-max Seat #4 is the button
Seat 1: andyrr ($103 in chips)
Seat 4: Actionni13 ($150 in chips)
Actionni13: posts small blind $1
andyrr: posts big blind $3
*** HOLE CARDS ***
Actionni13: folds
Uncalled bet ($2) returned to andyrr
andyrr collected $2 from pot
*** SUMMARY ***
Total pot $2 | Rake $0
Seat 1: andyrr (big blind) collected ($2)
Seat 4: Actionni13 (button) (small blind) folded before Flop


PokerStars Hand #171826009652:  Hold'em Limit ($3/$6 USD) - 2017/06/15 19:27:37 ET
Table 'Neckar' 6-max Seat #4 is the button
Seat 1: andyrr ($103 in chips)
Seat 4: Actionni13 ($151 in chips)
Actionni13: posts small blind $1
andyrr: posts big blind $3
*** HOLE CARDS ***
Actionni13: raises $3 to $6
andyrr: folds
Uncalled bet ($3) returned to Actionni13
Actionni13 collected $6 from pot
Actionni13: doesn't show hand
*** SUMMARY ***
Total pot $6 | Rake $0
Seat 1: andyrr (big blind) folded before Flop
Seat 4: Actionni13 (button) (small blind) collected ($6)


PokerStars Hand #171826031163:  Hold'em Limit ($3/$6 USD) - 2017/06/15 19:28:17 ET
Table 'Neckar' 6-max Seat #4 is the button
Seat 1: andyrr ($113.50 in chips)
Seat 4: Actionni13 ($156.76 in chips)
Actionni13: posts small blind $1
andyrr: posts big blind $3
*** HOLE CARDS ***
Actionni13: raises $3 to $6
andyrr: raises $3 to $9
Actionni13: calls $3
*** FLOP *** [7h 3h 8h]
andyrr: checks
Actionni13: bets $3
andyrr: folds
Uncalled bet ($3) returned to Actionni13
Actionni13 collected $17.64 from pot
Actionni13: doesn't show hand
*** SUMMARY ***
Total pot $18 | Rake $0.36
Board [7h 3h 8h]
Seat 1: andyrr (big blind) folded on the Flop
Seat 4: Actionni13 (button) (small blind) collected ($17.64)


PokerStars Hand #171826012711:  Hold'em Limit ($3/$6 USD) - 2017/06/15 19:27:43 ET
Table 'Neckar' 6-max Seat #1 is the button
Seat 1: andyrr ($100 in chips)
Seat 4: Actionni13 ($154 in chips)
andyrr: posts small blind $1
Actionni13: posts big blind $3
*** HOLE CARDS ***
andyrr: raises $3 to $6
Actionni13: calls $3
*** FLOP *** [3h 8c Kc]
Actionni13: checks
andyrr: bets $3
Actionni13: calls $3
*** TURN *** [3h 8c Kc] [Td]
Actionni13: checks
andyrr: bets $6
Actionni13: calls $6
*** RIVER *** [3h 8c Kc Td] [9h]
Actionni13: checks
andyrr: bets $6
Actionni13: calls $6
*** SHOW DOWN ***
andyrr: shows [Tc 3s] (two pair, Tens and Threes)
Actionni13: mucks hand
andyrr collected $41.50 from pot
*** SUMMARY ***
Total pot $42 | Rake $0.50
Board [3h 8c Kc Td 9h]
Seat 1: andyrr (button) (small blind) showed [Tc 3s] and won ($41.50) with two pair, Tens and Threes
Seat 4: Actionni13 (big blind) mucked


PokerStars Hand #171826038850:  Hold'em Limit ($3/$6 USD) - 2017/06/15 19:28:31 ET
Table 'Neckar' 6-max Seat #1 is the button
Seat 1: andyrr ($104.50 in chips)
Seat 4: Actionni13 ($165.40 in chips)
andyrr: posts small blind $1
Actionni13: posts big blind $3
*** HOLE CARDS ***
andyrr: raises $3 to $6
Actionni13: calls $3
*** FLOP *** [9s 4h Jc]
Actionni13: checks
andyrr: bets $3
Actionni13: calls $3
*** TURN *** [9s 4h Jc] [7c]
Actionni13: checks
andyrr: bets $6
Actionni13: folds
Uncalled bet ($6) returned to andyrr
andyrr collected $17.64 from pot
*** SUMMARY ***
Total pot $18 | Rake $0.36
Board [9s 4h Jc 7c]
Seat 1: andyrr (button) (small blind) collected ($17.64)
Seat 4: Actionni13 (big blind) folded on the Turn


PokerStars Hand #171826047514:  Hold'em Limit ($3/$6 USD) - 2017/06/15 19:28:47 ET
Table 'Neckar' 6-max Seat #4 is the button
Seat 1: andyrr ($113.14 in chips)
Seat 4: Actionni13 ($156.40 in chips)
Actionni13: posts small blind $1
andyrr: posts big blind $3
*** HOLE CARDS ***
Actionni13: raises $3 to $6
andyrr: raises $3 to $9
Actionni13: calls $3
*** FLOP *** [2d 8s 7c]
andyrr: bets $3
Actionni13: folds
Uncalled bet ($3) returned to andyrr
andyrr collected $17.64 from pot
*** SUMMARY ***
Total pot $18 | Rake $0.36
Board [2d 8s 7c]
Seat 1: andyrr (big blind) collected ($17.64)
Seat 4: Actionni13 (button) (small blind) folded on the Flop


PokerStars Hand #171826067916:  Hold'em Limit ($3/$6 USD) - 2017/06/15 19:29:25 ET
Table 'Neckar' 6-max Seat #1 is the button
Seat 1: andyrr ($148.28 in chips)
Seat 4: Actionni13 ($150 in chips)
andyrr: posts small blind $1
Actionni13: posts big blind $3
*** HOLE CARDS ***
andyrr: raises $3 to $6
Actionni13: folds
Uncalled bet ($3) returned to andyrr
andyrr collected $6 from pot
*** SUMMARY ***
Total pot $6 | Rake $0
Seat 1: andyrr (button) (small blind) collected ($6)
Seat 4: Actionni13 (big blind) folded before Flop


PokerStars Hand #171826058124:  Hold'em Limit ($3/$6 USD) - 2017/06/15 19:29:07 ET
Table 'Neckar' 6-max Seat #4 is the button
Seat 1: andyrr ($115.78 in chips)
Seat 4: Actionni13 ($155.76 in chips)
Actionni13: posts small blind $1
andyrr: posts big blind $3
*** HOLE CARDS ***
Actionni13: raises $3 to $6
andyrr: calls $3
*** FLOP *** [Ts 4h 4d]
andyrr: checks
Actionni13: bets $3
andyrr: calls $3
*** TURN *** [Ts 4h 4d] [Ah]
andyrr: checks
Actionni13: bets $6
andyrr: raises $6 to $12
Actionni13: raises $6 to $18
andyrr: raises $6 to $24
Betting is capped
Actionni13: calls $6
*** RIVER *** [Ts 4h 4d Ah] [Qd]
andyrr: bets $6
Actionni13: folds
Uncalled bet ($6) returned to andyrr
andyrr collected $65.50 from pot
*** SUMMARY ***
Total pot $66 | Rake $0.50
Board [Ts 4h 4d Ah Qd]
Seat 1: andyrr (big blind) collected ($65.50)
Seat 4: Actionni13 (button) (small blind) folded on the River


PokerStars Hand #171826053126:  Hold'em Limit ($3/$6 USD) - 2017/06/15 19:28:58 ET
Table 'Neckar' 6-max Seat #1 is the button
Seat 1: andyrr ($121.78 in chips)
Seat 4: Actionni13 ($150 in chips)
andyrr: posts small blind $1
Actionni13: posts big blind $3
*** HOLE CARDS ***
andyrr: raises $3 to $6
Actionni13: calls $3
*** FLOP *** [8s 9h 5c]
Actionni13: bets $3
andyrr: folds
Uncalled bet ($3) returned to Actionni13
Actionni13 collected $11.76 from pot
Actionni13: doesn't show hand
*** SUMMARY ***
Total pot $12 | Rake $0.24
Board [8s 9h 5c]
Seat 1: andyrr (button) (small blind) folded on the Flop
Seat 4: Actionni13 (big blind) collected ($11.76)


PokerStars Hand #171826070758:  Hold'em Limit ($3/$6 USD) - 2017/06/15 19:29:31 ET
Table 'Neckar' 6-max Seat #4 is the button
Seat 1: andyrr ($151.28 in chips)
Seat 4: Actionni13 ($150 in chips)
Actionni13: posts small blind $1
andyrr: posts big blind $3
*** HOLE CARDS ***
Actionni13: raises $3 to $6
andyrr: calls $3
*** FLOP *** [Qh 4d Kc]
andyrr: checks
Actionni13: bets $3
andyrr: raises $3 to $6
Actionni13: calls $3
*** TURN *** [Qh 4d Kc] [7h]
andyrr: bets $6
Actionni13: calls $6
*** RIVER *** [Qh 4d Kc 7h] [As]
andyrr: bets $6
Actionni13: calls $6
*** SHOW DOWN ***
andyrr: shows [3s Qd] (a pair of Queens)
Actionni13: mucks hand
andyrr collected $47.50 from pot
*** SUMMARY ***
Total pot $48 | Rake $0.50
Board [Qh 4d Kc 7h As]
Seat 1: andyrr (big blind) showed [3s Qd] and won ($47.50) with a pair of Queens
Seat 4: Actionni13 (button) (small blind) mucked


PokerStars Hand #171826093894:  Hold'em Limit ($3/$6 USD) - 2017/06/15 19:30:13 ET
Table 'Neckar' 6-max Seat #1 is the button
Seat 1: andyrr ($196.28 in chips)
Seat 4: Actionni13 ($150 in chips)
andyrr: posts small blind $1
Actionni13: posts big blind $3
*** HOLE CARDS ***
andyrr: raises $3 to $6
Actionni13: calls $3
*** FLOP *** [3c 2d 6c]
Actionni13: bets $3
andyrr: calls $3
*** TURN *** [3c 2d 6c] [Qd]
Actionni13: bets $6
andyrr: raises $6 to $12
Actionni13: calls $6
*** RIVER *** [3c 2d 6c Qd] [Qs]
Actionni13: checks
andyrr: bets $6
Actionni13: calls $6
*** SHOW DOWN ***
andyrr: shows [Qh 7s] (three of a kind, Queens)
Actionni13: mucks hand
andyrr collected $53.50 from pot
*** SUMMARY ***
Total pot $54 | Rake $0.50
Board [3c 2d 6c Qd Qs]
Seat 1: andyrr (button) (small blind) showed [Qh 7s] and won ($53.50) with three of a kind, Queens
Seat 4: Actionni13 (big blind) mucked


PokerStars Hand #171826090769:  Hold'em Limit ($3/$6 USD) - 2017/06/15 19:30:07 ET
Table 'Neckar' 6-max Seat #4 is the button
Seat 1: andyrr ($195.28 in chips)
Seat 4: Actionni13 ($150 in chips)
Actionni13: posts small blind $1
andyrr: posts big blind $3
*** HOLE CARDS ***
Actionni13: folds
Uncalled bet ($2) returned to andyrr
andyrr collected $2 from pot
*** SUMMARY ***
Total pot $2 | Rake $0
Seat 1: andyrr (big blind) collected ($2)
Seat 4: Actionni13 (button) (small blind) folded before Flop


PokerStars Hand #171826080698:  Hold'em Limit ($3/$6 USD) - 2017/06/15 19:29:49 ET
Table 'Neckar' 6-max Seat #1 is the button
Seat 1: andyrr ($174.78 in chips)
Seat 4: Actionni13 ($150 in chips)
andyrr: posts small blind $1
Actionni13: posts big blind $3
*** HOLE CARDS ***
andyrr: raises $3 to $6
Actionni13: calls $3
*** FLOP *** [6c Qh 3c]
Actionni13: checks
andyrr: bets $3
Actionni13: calls $3
*** TURN *** [6c Qh 3c] [8h]
Actionni13: checks
andyrr: checks
*** RIVER *** [6c Qh 3c 8h] [4c]
Actionni13: bets $6
andyrr: raises $6 to $12
Actionni13: calls $6
*** SHOW DOWN ***
andyrr: shows [4h 4s] (three of a kind, Fours)
Actionni13: mucks hand
andyrr collected $41.50 from pot
*** SUMMARY ***
Total pot $42 | Rake $0.50
Board [6c Qh 3c 8h 4c]
Seat 1: andyrr (button) (small blind) showed [4h 4s] and won ($41.50) with three of a kind, Fours
Seat 4: Actionni13 (big blind) mucked


PokerStars Hand #171826114899:  Hold'em Limit ($3/$6 USD) - 2017/06/15 19:30:52 ET
Table 'Neckar' 6-max Seat #4 is the button
Seat 1: andyrr ($222.54 in chips)
Seat 4: Actionni13 ($150 in chips)
Actionni13: posts small blind $1
andyrr: posts big blind $3
*** HOLE CARDS ***
Actionni13: raises $3 to $6
andyrr: raises $3 to $9
Actionni13: calls $3
*** FLOP *** [Qs Jd 4d]
andyrr: bets $3
Actionni13: folds
Uncalled bet ($3) returned to andyrr
andyrr collected $17.64 from pot
*** SUMMARY ***
Total pot $18 | Rake $0.36
Board [Qs Jd 4d]
Seat 1: andyrr (big blind) collected ($17.64)
Seat 4: Actionni13 (button) (small blind) folded on the Flop


PokerStars Hand #171826128343:  Hold'em Limit ($3/$6 USD) - 2017/06/15 19:31:17 ET
Table 'Neckar' 6-max Seat #1 is the button
Seat 1: andyrr ($226.18 in chips)
Seat 4: Actionni13 ($154.76 in chips)
andyrr: posts small blind $1
Actionni13: posts big blind $3
*** HOLE CARDS ***
andyrr: raises $3 to $6
Actionni13: raises $3 to $9
andyrr: calls $3
*** FLOP *** [4s 4h 3c]
Actionni13: bets $3
andyrr: calls $3
*** TURN *** [4s 4h 3c] [Kd]
Actionni13: bets $6
andyrr: folds
Uncalled bet ($6) returned to Actionni13
Actionni13 collected $23.52 from pot
Actionni13: doesn't show hand
*** SUMMARY ***
Total pot $24 | Rake $0.48
Board [4s 4h 3c Kd]
Seat 1: andyrr (button) (small blind) folded on the Turn
Seat 4: Actionni13 (big blind) collected ($23.52)


PokerStars Hand #171826125717:  Hold'em Limit ($3/$6 USD) - 2017/06/15 19:31:12 ET
Table 'Neckar' 6-max Seat #4 is the button
Seat 1: andyrr ($225.18 in chips)
Seat 4: Actionni13 ($155.76 in chips)
Actionni13: posts small blind $1
andyrr: posts big blind $3
*** HOLE CARDS ***
Actionni13: folds
Uncalled bet ($2) returned to andyrr
andyrr collected $2 from pot
*** SUMMARY ***
Total pot $2 | Rake $0
Seat 1: andyrr (big blind) collected ($2)
Seat 4: Actionni13 (button) (small blind) folded before Flop


PokerStars Hand #171826107947:  Hold'em Limit ($3/$6 USD) - 2017/06/15 19:30:39 ET
Table 'Neckar' 6-max Seat #1 is the button
Seat 1: andyrr ($216.78 in chips)
Seat 4: Actionni13 ($155.76 in chips)
andyrr: posts small blind $1
Actionni13: posts big blind $3
*** HOLE CARDS ***
andyrr: raises $3 to $6
Actionni13: calls $3
*** FLOP *** [Tc Ks 4s]
Actionni13: checks
andyrr: bets $3
Actionni13: folds
Uncalled bet ($3) returned to andyrr
andyrr collected $11.76 from pot
*** SUMMARY ***
Total pot $12 | Rake $0.24
Board [Tc Ks 4s]
Seat 1: andyrr (button) (small blind) collected ($11.76)
Seat 4: Actionni13 (big blind) folded on the Flop


PokerStars Hand #171826135395:  Hold'em Limit ($3/$6 USD) - 2017/06/15 19:31:30 ET
Table 'Neckar' 6-max Seat #4 is the button
Seat 1: andyrr ($214.18 in chips)
Seat 4: Actionni13 ($166.28 in chips)
Actionni13: posts small blind $1
andyrr: posts big blind $3
*** HOLE CARDS ***
Actionni13: raises $3 to $6
andyrr: raises $3 to $9
Actionni13: calls $3
*** FLOP *** [2c 7h 5c]
andyrr: bets $3
Actionni13: calls $3
*** TURN *** [2c 7h 5c] [Tc]
andyrr: bets $6
Actionni13: raises $6 to $12
andyrr: calls $6
*** RIVER *** [2c 7h 5c Tc] [Qc]
andyrr: checks
Actionni13: checks
*** SHOW DOWN ***
andyrr: shows [3c Ad] (a flush, Queen high)
Actionni13: mucks hand
andyrr collected $47.50 from pot
*** SUMMARY ***
Total pot $48 | Rake $0.50
Board [2c 7h 5c Tc Qc]
Seat 1: andyrr (big blind) showed [3c Ad] and won ($47.50) with a flush, Queen high
Seat 4: Actionni13 (button) (small blind) mucked


PokerStars Hand #171826156135:  Hold'em Limit ($3/$6 USD) - 2017/06/15 19:32:08 ET
Table 'Neckar' 6-max Seat #4 is the button
Seat 1: andyrr ($233.68 in chips)
Seat 4: Actionni13 ($153.76 in chips)
Actionni13: posts small blind $1
andyrr: posts big blind $3
*** HOLE CARDS ***
Actionni13: raises $3 to $6
andyrr: raises $3 to $9
Actionni13: calls $3
*** FLOP *** [Ts 2s Jd]
andyrr: bets $3
Actionni13: folds
Uncalled bet ($3) returned to andyrr
andyrr collected $17.64 from pot
*** SUMMARY ***
Total pot $18 | Rake $0.36
Board [Ts 2s Jd]
Seat 1: andyrr (big blind) collected ($17.64)
Seat 4: Actionni13 (button) (small blind) folded on the Flop


PokerStars Hand #171826151292:  Hold'em Limit ($3/$6 USD) - 2017/06/15 19:31:59 ET
Table 'Neckar' 6-max Seat #1 is the button
Seat 1: andyrr ($230.68 in chips)
Seat 4: Actionni13 ($156.76 in chips)
andyrr: posts small blind $1
Actionni13: posts big blind $3
*** HOLE CARDS ***
andyrr: raises $3 to $6
Actionni13: folds
Uncalled bet ($3) returned to andyrr
andyrr collected $6 from pot
*** SUMMARY ***
Total pot $6 | Rake $0
Seat 1: andyrr (button) (small blind) collected ($6)
Seat 4: Actionni13 (big blind) folded before Flop


PokerStars Hand #171826144339:  Hold'em Limit ($3/$6 USD) - 2017/06/15 19:31:46 ET
Table 'Neckar' 6-max Seat #1 is the button
Seat 1: andyrr ($237.68 in chips)
Seat 4: Actionni13 ($150 in chips)
andyrr: posts small blind $1
Actionni13: posts big blind $3
*** HOLE CARDS ***
andyrr: folds
Uncalled bet ($2) returned to Actionni13
Actionni13 collected $2 from pot
Actionni13: doesn't show hand
*** SUMMARY ***
Total pot $2 | Rake $0
Seat 1: andyrr (button) (small blind) folded before Flop
Seat 4: Actionni13 (big blind) collected ($2)


PokerStars Hand #171826161524:  Hold'em Limit ($3/$6 USD) - 2017/06/15 19:32:18 ET
Table 'Neckar' 6-max Seat #1 is the button
Seat 1: andyrr ($242.32 in chips)
Seat 4: Actionni13 ($150 in chips)
andyrr: posts small blind $1
Actionni13: posts big blind $3
*** HOLE CARDS ***
andyrr: raises $3 to $6
Actionni13: calls $3
*** FLOP *** [Ts Qd 7c]
Actionni13: checks
andyrr: bets $3
Actionni13: calls $3
*** TURN *** [Ts Qd 7c] [Kd]
Actionni13: checks
andyrr: bets $6
Actionni13: folds
Uncalled bet ($6) returned to andyrr
andyrr collected $17.64 from pot
*** SUMMARY ***
Total pot $18 | Rake $0.36
Board [Ts Qd 7c Kd]
Seat 1: andyrr (button) (small blind) collected ($17.64)
Seat 4: Actionni13 (big blind) folded on the Turn


PokerStars Hand #171826179011:  Hold'em Limit ($3/$6 USD) - 2017/06/15 19:32:51 ET
Table 'Neckar' 6-max Seat #1 is the button
Seat 1: andyrr ($232.96 in chips)
Seat 4: Actionni13 ($167.50 in chips)
andyrr: posts small blind $1
Actionni13: posts big blind $3
*** HOLE CARDS ***
andyrr: raises $3 to $6
Actionni13: calls $3
*** FLOP *** [As 4d Kh]
Actionni13: checks
andyrr: bets $3
Actionni13: calls $3
*** TURN *** [As 4d Kh] [2s]
Actionni13: checks
andyrr: bets $6
Actionni13: folds
Uncalled bet ($6) returned to andyrr
andyrr collected $17.64 from pot
*** SUMMARY ***
Total pot $18 | Rake $0.36
Board [As 4d Kh 2s]
Seat 1: andyrr (button) (small blind) collected ($17.64)
Seat 4: Actionni13 (big blind) folded on the Turn


PokerStars Hand #171826168744:  Hold'em Limit ($3/$6 USD) - 2017/06/15 19:32:32 ET
Table 'Neckar' 6-max Seat #4 is the button
Seat 1: andyrr ($250.96 in chips)
Seat 4: Actionni13 ($150 in chips)
Actionni13: posts small blind $1
andyrr: posts big blind $3
*** HOLE CARDS ***
Actionni13: raises $3 to $6
andyrr: raises $3 to $9
Actionni13: calls $3
*** FLOP *** [Jh 7h 6c]
andyrr: bets $3
Actionni13: calls $3
*** TURN *** [Jh 7h 6c] [Tc]
andyrr: checks
Actionni13: bets $6
andyrr: calls $6
*** RIVER *** [Jh 7h 6c Tc] [3d]
andyrr: checks
Actionni13: bets $6
andyrr: folds
Uncalled bet ($6) returned to Actionni13
Actionni13 collected $35.50 from pot
Actionni13: doesn't show hand
*** SUMMARY ***
Total pot $36 | Rake $0.50
Board [Jh 7h 6c Tc 3d]
Seat 1: andyrr (big blind) folded on the River
Seat 4: Actionni13 (button) (small blind) collected ($35.50)


PokerStars Hand #171826191956:  Hold'em Limit ($3/$6 USD) - 2017/06/15 19:33:16 ET
Table 'Neckar' 6-max Seat #1 is the button
Seat 1: andyrr ($235.60 in chips)
Seat 4: Actionni13 ($164.26 in chips)
andyrr: posts small blind $1
Actionni13: posts big blind $3
*** HOLE CARDS ***
andyrr: raises $3 to $6
Actionni13: folds
Uncalled bet ($3) returned to andyrr
andyrr collected $6 from pot
*** SUMMARY ***
Total pot $6 | Rake $0
Seat 1: andyrr (button) (small blind) collected ($6)
Seat 4: Actionni13 (big blind) folded before Flop


PokerStars Hand #171826197386:  Hold'em Limit ($3/$6 USD) - 2017/06/15 19:33:26 ET
Table 'Neckar' 6-max Seat #1 is the button
Seat 1: andyrr ($239.60 in chips)
Seat 4: Actionni13 ($160.26 in chips)
andyrr: posts small blind $1
Actionni13: posts big blind $3
*** HOLE CARDS ***
andyrr: calls $2
Actionni13: raises $3 to $6
andyrr: calls $3
*** FLOP *** [2c As 2h]
Actionni13: bets $3
andyrr: folds
Uncalled bet ($3) returned to Actionni13
Actionni13 collected $11.76 from pot
Actionni13: doesn't show hand
*** SUMMARY ***
Total pot $12 | Rake $0.24
Board [2c As 2h]
Seat 1: andyrr (button) (small blind) folded on the Flop
Seat 4: Actionni13 (big blind) collected ($11.76)


PokerStars Hand #171826209020:  Hold'em Limit ($3/$6 USD) - 2017/06/15 19:33:48 ET
Table 'Neckar' 6-max Seat #4 is the button
Seat 1: andyrr ($233.60 in chips)
Seat 4: Actionni13 ($166.02 in chips)
Actionni13: posts small blind $1
andyrr: posts big blind $3
*** HOLE CARDS ***
Actionni13: raises $3 to $6
andyrr: calls $3
*** FLOP *** [Qd 5s Ad]
andyrr: bets $3
Actionni13: calls $3
*** TURN *** [Qd 5s Ad] [8h]
andyrr: bets $6
Actionni13: calls $6
*** RIVER *** [Qd 5s Ad 8h] [3h]
andyrr: bets $6
Actionni13: folds
Uncalled bet ($6) returned to andyrr
andyrr collected $29.50 from pot
*** SUMMARY ***
Total pot $30 | Rake $0.50
Board [Qd 5s Ad 8h 3h]
Seat 1: andyrr (big blind) collected ($29.50)
Seat 4: Actionni13 (button) (small blind) folded on the River


PokerStars Hand #171826218831:  Hold'em Limit ($3/$6 USD) - 2017/06/15 19:34:06 ET
Table 'Neckar' 6-max Seat #1 is the button
Seat 1: andyrr ($248.10 in chips)
Seat 4: Actionni13 ($151.02 in chips)
andyrr: posts small blind $1
Actionni13: posts big blind $3
*** HOLE CARDS ***
andyrr: raises $3 to $6
Actionni13: raises $3 to $9
andyrr: calls $3
*** FLOP *** [Qs 3s 8s]
Actionni13: bets $3
andyrr: folds
Uncalled bet ($3) returned to Actionni13
Actionni13 collected $17.64 from pot
Actionni13: doesn't show hand
*** SUMMARY ***
Total pot $18 | Rake $0.36
Board [Qs 3s 8s]
Seat 1: andyrr (button) (small blind) folded on the Flop
Seat 4: Actionni13 (big blind) collected ($17.64)


PokerStars Hand #171826225490:  Hold'em Limit ($3/$6 USD) - 2017/06/15 19:34:19 ET
Table 'Neckar' 6-max Seat #4 is the button
Seat 1: andyrr ($239.10 in chips)
Seat 4: Actionni13 ($159.66 in chips)
Actionni13: posts small blind $1
andyrr: posts big blind $3
*** HOLE CARDS ***
Actionni13: raises $3 to $6
andyrr: calls $3
*** FLOP *** [4d Kh 5c]
andyrr: bets $3
Actionni13: calls $3
*** TURN *** [4d Kh 5c] [8c]
andyrr: bets $6
Actionni13: folds
Uncalled bet ($6) returned to andyrr
andyrr collected $17.64 from pot
*** SUMMARY ***
Total pot $18 | Rake $0.36
Board [4d Kh 5c 8c]
Seat 1: andyrr (big blind) collected ($17.64)
Seat 4: Actionni13 (button) (small blind) folded on the Turn


PokerStars Hand #171826233206:  Hold'em Limit ($3/$6 USD) - 2017/06/15 19:34:34 ET
Table 'Neckar' 6-max Seat #1 is the button
Seat 1: andyrr ($247.74 in chips)
Seat 4: Actionni13 ($150.66 in chips)
andyrr: posts small blind $1
Actionni13: posts big blind $3
*** HOLE CARDS ***
andyrr: raises $3 to $6
Actionni13: calls $3
*** FLOP *** [Jh 9s 4s]
Actionni13: checks
andyrr: bets $3
Actionni13: calls $3
*** TURN *** [Jh 9s 4s] [3c]
Actionni13: checks
andyrr: bets $6
Actionni13: folds
Uncalled bet ($6) returned to andyrr
andyrr collected $17.64 from pot
*** SUMMARY ***
Total pot $18 | Rake $0.36
Board [Jh 9s 4s 3c]
Seat 1: andyrr (button) (small blind) collected ($17.64)
Seat 4: Actionni13 (big blind) folded on the Turn


PokerStars Hand #171826242209:  Hold'em Limit ($3/$6 USD) - 2017/06/15 19:34:51 ET
Table 'Neckar' 6-max Seat #4 is the button
Seat 1: andyrr ($256.38 in chips)
Seat 4: Actionni13 ($150 in chips)
Actionni13: posts small blind $1
andyrr: posts big blind $3
*** HOLE CARDS ***
Actionni13: raises $3 to $6
andyrr: raises $3 to $9
Actionni13: calls $3
*** FLOP *** [4c 6d 4d]
andyrr: checks
Actionni13: bets $3
andyrr: calls $3
*** TURN *** [4c 6d 4d] [5s]
andyrr: checks
Actionni13: bets $6
andyrr: folds
Uncalled bet ($6) returned to Actionni13
Actionni13 collected $23.52 from pot
Actionni13: doesn't show hand
*** SUMMARY ***
Total pot $24 | Rake $0.48
Board [4c 6d 4d 5s]
Seat 1: andyrr (big blind) folded on the Turn
Seat 4: Actionni13 (button) (small blind) collected ($23.52)


PokerStars Hand #171826251994:  Hold'em Limit ($3/$6 USD) - 2017/06/15 19:35:10 ET
Table 'Neckar' 6-max Seat #1 is the button
Seat 1: andyrr ($244.38 in chips)
Seat 4: Actionni13 ($161.52 in chips)
andyrr: posts small blind $1
Actionni13: posts big blind $3
*** HOLE CARDS ***
andyrr: folds
Uncalled bet ($2) returned to Actionni13
Actionni13 collected $2 from pot
Actionni13: doesn't show hand
*** SUMMARY ***
Total pot $2 | Rake $0
Seat 1: andyrr (button) (small blind) folded before Flop
Seat 4: Actionni13 (big blind) collected ($2)


PokerStars Hand #171826254508:  Hold'em Limit ($3/$6 USD) - 2017/06/15 19:35:15 ET
Table 'Neckar' 6-max Seat #4 is the button
Seat 1: andyrr ($243.38 in chips)
Seat 4: Actionni13 ($162.52 in chips)
scorpio04 joins the table at seat #2
Actionni13: posts small blind $1
andyrr: posts big blind $3
*** HOLE CARDS ***
Actionni13: raises $3 to $6
andyrr: calls $3
*** FLOP *** [6d As 8h]
andyrr: checks
Actionni13: bets $3
andyrr: folds
Uncalled bet ($3) returned to Actionni13
Actionni13 collected $11.76 from pot
Actionni13: doesn't show hand
*** SUMMARY ***
Total pot $12 | Rake $0.24
Board [6d As 8h]
Seat 1: andyrr (big blind) folded on the Flop
Seat 4: Actionni13 (button) (small blind) collected ($11.76)


PokerStars Hand #171826564194:  Hold'em Limit ($3/$6 USD) - 2017/06/15 19:45:19 ET
Table 'Neckar' 6-max Seat #4 is the button
Seat 2: scorpio04 ($162.27 in chips)
Seat 4: Actionni13 ($202.03 in chips)
Actionni13: posts small blind $1
scorpio04: posts big blind $3
*** HOLE CARDS ***
Actionni13: raises $3 to $6
scorpio04: calls $3
*** FLOP *** [8d 8s 9s]
scorpio04: checks
Actionni13: bets $3
scorpio04: calls $3
*** TURN *** [8d 8s 9s] [4h]
scorpio04: checks
Actionni13: bets $6
scorpio04: folds
Uncalled bet ($6) returned to Actionni13
Actionni13 collected $17.64 from pot
Actionni13: doesn't show hand
*** SUMMARY ***
Total pot $18 | Rake $0.36
Board [8d 8s 9s 4h]
Seat 2: scorpio04 (big blind) folded on the Turn
Seat 4: Actionni13 (button) (small blind) collected ($17.64)


PokerStars Hand #171826572324:  Hold'em Limit ($3/$6 USD) - 2017/06/15 19:45:35 ET
Table 'Neckar' 6-max Seat #2 is the button
Seat 2: scorpio04 ($153.27 in chips)
Seat 4: Actionni13 ($210.67 in chips)
scorpio04: posts small blind $1
Actionni13: posts big blind $3
*** HOLE CARDS ***
scorpio04: raises $3 to $6
Actionni13: calls $3
*** FLOP *** [2s 8c Qs]
Actionni13: checks
scorpio04: bets $3
Actionni13: calls $3
*** TURN *** [2s 8c Qs] [5c]
Actionni13: checks
scorpio04: checks
*** RIVER *** [2s 8c Qs 5c] [9s]
Actionni13: checks
scorpio04: checks
*** SHOW DOWN ***
Actionni13: shows [Kc 7h] (high card King)
scorpio04: shows [5s Ah] (a pair of Fives)
scorpio04 collected $17.64 from pot
*** SUMMARY ***
Total pot $18 | Rake $0.36
Board [2s 8c Qs 5c 9s]
Seat 2: scorpio04 (button) (small blind) showed [5s Ah] and won ($17.64) with a pair of Fives
Seat 4: Actionni13 (big blind) showed [Kc 7h] and lost with high card King


PokerStars Hand #171826611668:  Hold'em Limit ($3/$6 USD) - 2017/06/15 19:46:53 ET
Table 'Neckar' 6-max Seat #4 is the button
Seat 2: scorpio04 ($161.91 in chips)
Seat 4: Actionni13 ($201.67 in chips)
Actionni13: posts small blind $1
scorpio04: posts big blind $3
*** HOLE CARDS ***
Actionni13: raises $3 to $6
scorpio04: calls $3
*** FLOP *** [Ad Qd Qh]
scorpio04: checks
Actionni13: bets $3
scorpio04: calls $3
*** TURN *** [Ad Qd Qh] [3s]
scorpio04: checks
Actionni13: checks
*** RIVER *** [Ad Qd Qh 3s] [Jd]
scorpio04: bets $6
Actionni13: folds
Uncalled bet ($6) returned to scorpio04
scorpio04 collected $17.64 from pot
scorpio04: doesn't show hand
*** SUMMARY ***
Total pot $18 | Rake $0.36
Board [Ad Qd Qh 3s Jd]
Seat 2: scorpio04 (big blind) collected ($17.64)
Seat 4: Actionni13 (button) (small blind) folded on the River


PokerStars Hand #171826625957:  Hold'em Limit ($3/$6 USD) - 2017/06/15 19:47:21 ET
Table 'Neckar' 6-max Seat #2 is the button
Seat 2: scorpio04 ($170.55 in chips)
Seat 4: Actionni13 ($192.67 in chips)
scorpio04: posts small blind $1
Actionni13: posts big blind $3
*** HOLE CARDS ***
scorpio04: raises $3 to $6
Actionni13: calls $3
*** FLOP *** [6s 2s Tc]
Actionni13: checks
scorpio04: bets $3
Actionni13: calls $3
*** TURN *** [6s 2s Tc] [5s]
Actionni13: bets $6
scorpio04: folds
Uncalled bet ($6) returned to Actionni13
Actionni13 collected $17.64 from pot
Actionni13: doesn't show hand
*** SUMMARY ***
Total pot $18 | Rake $0.36
Board [6s 2s Tc 5s]
Seat 2: scorpio04 (button) (small blind) folded on the Turn
Seat 4: Actionni13 (big blind) collected ($17.64)


PokerStars Hand #171826607760:  Hold'em Limit ($3/$6 USD) - 2017/06/15 19:46:45 ET
Table 'Neckar' 6-max Seat #2 is the button
Seat 2: scorpio04 ($158.91 in chips)
Seat 4: Actionni13 ($204.67 in chips)
scorpio04: posts small blind $1
Actionni13: posts big blind $3
*** HOLE CARDS ***
scorpio04: raises $3 to $6
Actionni13: folds
Uncalled bet ($3) returned to scorpio04
scorpio04 collected $6 from pot
scorpio04: doesn't show hand
*** SUMMARY ***
Total pot $6 | Rake $0
Seat 2: scorpio04 (button) (small blind) collected ($6)
Seat 4: Actionni13 (big blind) folded before Flop


PokerStars Hand #171826601522:  Hold'em Limit ($3/$6 USD) - 2017/06/15 19:46:33 ET
Table 'Neckar' 6-max Seat #4 is the button
Seat 2: scorpio04 ($161.91 in chips)
Seat 4: Actionni13 ($201.67 in chips)
Actionni13: posts small blind $1
scorpio04: posts big blind $3
*** HOLE CARDS ***
Actionni13: raises $3 to $6
scorpio04: folds
Uncalled bet ($3) returned to Actionni13
Actionni13 collected $6 from pot
Actionni13: doesn't show hand
*** SUMMARY ***
Total pot $6 | Rake $0
Seat 2: scorpio04 (big blind) folded before Flop
Seat 4: Actionni13 (button) (small blind) collected ($6)


PokerStars Hand #171826648413:  Hold'em Limit ($3/$6 USD) - 2017/06/15 19:48:06 ET
Table 'Neckar' 6-max Seat #2 is the button
Seat 2: scorpio04 ($150 in chips)
Seat 4: Actionni13 ($224.81 in chips)
scorpio04: posts small blind $1
Actionni13: posts big blind $3
*** HOLE CARDS ***
scorpio04: raises $3 to $6
Actionni13: raises $3 to $9
scorpio04: calls $3
*** FLOP *** [7c Ac Kd]
chebob joins the table at seat #3
Actionni13: bets $3
scorpio04: calls $3
*** TURN *** [7c Ac Kd] [4d]
Actionni13: bets $6
scorpio04: calls $6
*** RIVER *** [7c Ac Kd 4d] [Td]
Actionni13: bets $6
scorpio04: calls $6
*** SHOW DOWN ***
Actionni13: shows [As 9s] (a pair of Aces)
scorpio04: mucks hand
Actionni13 collected $47.50 from pot
*** SUMMARY ***
Total pot $48 | Rake $0.50
Board [7c Ac Kd 4d Td]
Seat 2: scorpio04 (button) (small blind) mucked
Seat 4: Actionni13 (big blind) showed [As 9s] and won ($47.50) with a pair of Aces


PokerStars Hand #171826636363:  Hold'em Limit ($3/$6 USD) - 2017/06/15 19:47:42 ET
Table 'Neckar' 6-max Seat #4 is the button
Seat 2: scorpio04 ($161.55 in chips)
Seat 4: Actionni13 ($201.31 in chips)
Actionni13: posts small blind $1
scorpio04: posts big blind $3
*** HOLE CARDS ***
Actionni13: raises $3 to $6
scorpio04: raises $3 to $9
Actionni13: calls $3
*** FLOP *** [3h Kc 9d]
scorpio04: bets $3
Actionni13: calls $3
*** TURN *** [3h Kc 9d] [Jc]
scorpio04: bets $6
Actionni13: calls $6
*** RIVER *** [3h Kc 9d Jc] [5c]
scorpio04: bets $6
Actionni13: calls $6
*** SHOW DOWN ***
scorpio04: shows [Qh 7h] (high card King)
Actionni13: shows [Qc Js] (a pair of Jacks)
Actionni13 collected $47.50 from pot
*** SUMMARY ***
Total pot $48 | Rake $0.50
Board [3h Kc 9d Jc 5c]
Seat 2: scorpio04 (big blind) showed [Qh 7h] and lost with high card King
Seat 4: Actionni13 (button) (small blind) showed [Qc Js] and won ($47.50) with a pair of Jacks


PokerStars Hand #171826667298:  Hold'em Limit ($3/$6 USD) - 2017/06/15 19:48:43 ET
Table 'Neckar' 6-max Seat #4 is the button
Seat 2: scorpio04 ($150 in chips)
Seat 4: Actionni13 ($248.31 in chips)
Actionni13: posts small blind $1
scorpio04: posts big blind $3
*** HOLE CARDS ***
Actionni13: raises $3 to $6
scorpio04: raises $3 to $9
Actionni13: calls $3
*** FLOP *** [Qc Ks Jc]
scorpio04: bets $3
Actionni13: calls $3
*** TURN *** [Qc Ks Jc] [8s]
scorpio04: bets $6
Actionni13: calls $6
*** RIVER *** [Qc Ks Jc 8s] [Jh]
scorpio04: bets $6
Actionni13: calls $6
*** SHOW DOWN ***
scorpio04: shows [Ad Td] (a straight, Ten to Ace)
Actionni13: mucks hand
scorpio04 collected $47.50 from pot
*** SUMMARY ***
Total pot $48 | Rake $0.50
Board [Qc Ks Jc 8s Jh]
Seat 2: scorpio04 (big blind) showed [Ad Td] and won ($47.50) with a straight, Ten to Ace
Seat 4: Actionni13 (button) (small blind) mucked


PokerStars Hand #171826767474:  Hold'em Limit ($3/$6 USD) - 2017/06/15 19:52:02 ET
Table 'Neckar' 6-max Seat #2 is the button
Seat 2: scorpio04 ($150 in chips)
Seat 3: chebob ($117.94 in chips)
scorpio04: posts small blind $1
chebob: posts big blind $3
*** HOLE CARDS ***
scorpio04: raises $3 to $6
chebob: folds
Uncalled bet ($3) returned to scorpio04
scorpio04 collected $6 from pot
scorpio04: doesn't show hand
*** SUMMARY ***
Total pot $6 | Rake $0
Seat 2: scorpio04 (button) (small blind) collected ($6)
Seat 3: chebob (big blind) folded before Flop


PokerStars Hand #171826753637:  Hold'em Limit ($3/$6 USD) - 2017/06/15 19:51:35 ET
Table 'Neckar' 6-max Seat #3 is the button
Seat 2: scorpio04 ($150 in chips)
Seat 3: chebob ($94.44 in chips)
chebob: posts small blind $1
Actionni13: is sitting out
scorpio04: posts big blind $3
*** HOLE CARDS ***
chebob: raises $3 to $6
scorpio04: calls $3
*** FLOP *** [3h Td 5d]
scorpio04: checks
chebob: bets $3
scorpio04: raises $3 to $6
chebob: calls $3
*** TURN *** [3h Td 5d] [Jc]
scorpio04: bets $6
chebob: raises $6 to $12
scorpio04: calls $6
*** RIVER *** [3h Td 5d Jc] [Qs]
scorpio04: checks
chebob: bets $6
scorpio04: folds
Uncalled bet ($6) returned to chebob
chebob collected $47.50 from pot
chebob: doesn't show hand
*** SUMMARY ***
Total pot $48 | Rake $0.50
Board [3h Td 5d Jc Qs]
Seat 2: scorpio04 (big blind) folded on the River
Seat 3: chebob (button) (small blind) collected ($47.50)


PokerStars Hand #171826941089:  Hold'em Limit ($3/$6 USD) - 2017/06/15 19:58:19 ET
Table 'Neckar' 6-max Seat #2 is the button
Seat 2: scorpio04 ($169.08 in chips)
Seat 3: chebob ($189.81 in chips)
scorpio04: posts small blind $1
chebob: posts big blind $3
*** HOLE CARDS ***
scorpio04: raises $3 to $6
chebob: folds
Uncalled bet ($3) returned to scorpio04
scorpio04 collected $6 from pot
scorpio04: doesn't show hand
*** SUMMARY ***
Total pot $6 | Rake $0
Seat 2: scorpio04 (button) (small blind) collected ($6)
Seat 3: chebob (big blind) folded before Flop


PokerStars Hand #171826924416:  Hold'em Limit ($3/$6 USD) - 2017/06/15 19:57:39 ET
Table 'Neckar' 6-max Seat #3 is the button
Seat 2: scorpio04 ($157.56 in chips)
Seat 3: chebob ($201.81 in chips)
chebob: posts small blind $1
scorpio04: posts big blind $3
*** HOLE CARDS ***
chebob: raises $3 to $6
scorpio04: raises $3 to $9
chebob: calls $3
*** FLOP *** [9c 8d 3c]
scorpio04: bets $3
chebob: calls $3
*** TURN *** [9c 8d 3c] [Ah]
scorpio04: bets $6
chebob: folds
Uncalled bet ($6) returned to scorpio04
scorpio04 collected $23.52 from pot
scorpio04: doesn't show hand
*** SUMMARY ***
Total pot $24 | Rake $0.48
Board [9c 8d 3c Ah]
Seat 2: scorpio04 (big blind) collected ($23.52)
Seat 3: chebob (button) (small blind) folded on the Turn


