PokerStars Hand #145917051593:  Hold'em Limit ($3/$6 USD) - 2015/12/25 17:47:24 ET
Table 'Neckar' 6-max Seat #3 is the button
Seat 3: heeeden ($79 in chips)
Seat 4: AzureCaper ($108.14 in chips)
heeeden: posts small blind $1
AzureCaper: posts big blind $3
*** HOLE CARDS ***
heeeden: raises $3 to $6
AzureCaper: raises $3 to $9
heeeden: calls $3
*** FLOP *** [Qh 6s 3c]
AzureCaper: bets $3
heeeden: calls $3
*** TURN *** [Qh 6s 3c] [4c]
AzureCaper: checks
heeeden: checks
*** RIVER *** [Qh 6s 3c 4c] [5c]
AzureCaper: checks
heeeden: bets $6
AzureCaper: calls $6
*** SHOW DOWN ***
heeeden: shows [2d 5d] (a straight, Deuce to Six)
AzureCaper: mucks hand
heeeden collected $35.50 from pot
*** SUMMARY ***
Total pot $36 | Rake $0.50
Board [Qh 6s 3c 4c 5c]
Seat 3: heeeden (button) (small blind) showed [2d 5d] and won ($35.50) with a straight, Deuce to Six
Seat 4: AzureCaper (big blind) mucked


PokerStars Hand #145917063514:  Hold'em Limit ($3/$6 USD) - 2015/12/25 17:47:38 ET
Table 'Neckar' 6-max Seat #4 is the button
Seat 3: heeeden ($96.50 in chips)
Seat 4: AzureCaper ($90.14 in chips)
AzureCaper: posts small blind $1
heeeden: posts big blind $3
*** HOLE CARDS ***
AzureCaper: raises $3 to $6
heeeden: raises $3 to $9
AzureCaper: raises $3 to $12
Betting is capped
heeeden: calls $3
*** FLOP *** [4h Ah 5s]
heeeden: checks
AzureCaper: bets $3
heeeden: raises $3 to $6
AzureCaper: raises $3 to $9
heeeden: raises $3 to $12
Betting is capped
AzureCaper: calls $3
*** TURN *** [4h Ah 5s] [Ts]
heeeden: bets $6
AzureCaper: calls $6
*** RIVER *** [4h Ah 5s Ts] [8s]
heeeden: bets $6
AzureCaper: calls $6
*** SHOW DOWN ***
heeeden: shows [As Qc] (a pair of Aces)
AzureCaper: mucks hand
heeeden collected $71.50 from pot
*** SUMMARY ***
Total pot $72 | Rake $0.50
Board [4h Ah 5s Ts 8s]
Seat 3: heeeden (big blind) showed [As Qc] and won ($71.50) with a pair of Aces
Seat 4: AzureCaper (button) (small blind) mucked


PokerStars Hand #145917047500:  Hold'em Limit ($3/$6 USD) - 2015/12/25 17:47:19 ET
Table 'Neckar' 6-max Seat #4 is the button
Seat 3: heeeden ($82 in chips)
Seat 4: AzureCaper ($105.14 in chips)
AzureCaper: posts small blind $1
heeeden: posts big blind $3
*** HOLE CARDS ***
AzureCaper: raises $3 to $6
heeeden: folds
Uncalled bet ($3) returned to AzureCaper
AzureCaper collected $6 from pot
AzureCaper: doesn't show hand
*** SUMMARY ***
Total pot $6 | Rake $0
Seat 3: heeeden (big blind) folded before Flop
Seat 4: AzureCaper (button) (small blind) collected ($6)


PokerStars Hand #145917041056:  Hold'em Limit ($3/$6 USD) - 2015/12/25 17:47:12 ET
Table 'Neckar' 6-max Seat #3 is the button
Seat 3: heeeden ($91 in chips)
Seat 4: AzureCaper ($96.50 in chips)
heeeden: posts small blind $1
AzureCaper: posts big blind $3
*** HOLE CARDS ***
heeeden: raises $3 to $6
AzureCaper: raises $3 to $9
heeeden: calls $3
*** FLOP *** [7s As 3h]
AzureCaper: bets $3
heeeden: folds
Uncalled bet ($3) returned to AzureCaper
AzureCaper collected $17.64 from pot
AzureCaper: doesn't show hand
*** SUMMARY ***
Total pot $18 | Rake $0.36
Board [7s As 3h]
Seat 3: heeeden (button) (small blind) folded on the Flop
Seat 4: AzureCaper (big blind) collected ($17.64)


PokerStars Hand #145917025245:  Hold'em Limit ($3/$6 USD) - 2015/12/25 17:46:53 ET
Table 'Neckar' 6-max Seat #4 is the button
Seat 3: heeeden ($112 in chips)
Seat 4: AzureCaper ($76 in chips)
AzureCaper: posts small blind $1
heeeden: posts big blind $3
*** HOLE CARDS ***
AzureCaper: raises $3 to $6
heeeden: raises $3 to $9
AzureCaper: raises $3 to $12
Betting is capped
heeeden: calls $3
*** FLOP *** [Jh 6d 7c]
heeeden: checks
AzureCaper: bets $3
heeeden: calls $3
*** TURN *** [Jh 6d 7c] [Tc]
heeeden: checks
AzureCaper: bets $6
heeeden: calls $6
*** RIVER *** [Jh 6d 7c Tc] [2s]
heeeden: checks
AzureCaper: bets $6
heeeden: folds
Uncalled bet ($6) returned to AzureCaper
vestimokrec joins the table at seat #5
AzureCaper collected $41.50 from pot
AzureCaper: doesn't show hand
*** SUMMARY ***
Total pot $42 | Rake $0.50
Board [Jh 6d 7c Tc 2s]
Seat 3: heeeden (big blind) folded on the River
Seat 4: AzureCaper (button) (small blind) collected ($41.50)


PokerStars Hand #145917094275:  Hold'em Limit ($3/$6 USD) - 2015/12/25 17:48:14 ET
Table 'Neckar' 6-max Seat #3 is the button
Seat 3: heeeden ($131.76 in chips)
Seat 4: AzureCaper ($77.76 in chips)
heeeden: posts small blind $1
AzureCaper: posts big blind $3
*** HOLE CARDS ***
heeeden: raises $3 to $6
AzureCaper: calls $3
*** FLOP *** [3d 4c 6d]
AzureCaper: checks
heeeden: checks
*** TURN *** [3d 4c 6d] [3s]
AzureCaper: bets $6
heeeden: folds
Uncalled bet ($6) returned to AzureCaper
AzureCaper collected $11.76 from pot
AzureCaper: doesn't show hand
*** SUMMARY ***
Total pot $12 | Rake $0.24
Board [3d 4c 6d 3s]
Seat 3: heeeden (button) (small blind) folded on the Turn
Seat 4: AzureCaper (big blind) collected ($11.76)


PokerStars Hand #145917088101:  Hold'em Limit ($3/$6 USD) - 2015/12/25 17:48:07 ET
Table 'Neckar' 6-max Seat #4 is the button
Seat 3: heeeden ($137.76 in chips)
Seat 4: AzureCaper ($72 in chips)
AzureCaper: posts small blind $1
heeeden: posts big blind $3
*** HOLE CARDS ***
AzureCaper: raises $3 to $6
heeeden: calls $3
*** FLOP *** [Ac 7s 7h]
heeeden: checks
AzureCaper: bets $3
heeeden: folds
Uncalled bet ($3) returned to AzureCaper
AzureCaper collected $11.76 from pot
AzureCaper: doesn't show hand
*** SUMMARY ***
Total pot $12 | Rake $0.24
Board [Ac 7s 7h]
Seat 3: heeeden (big blind) folded on the Flop
Seat 4: AzureCaper (button) (small blind) collected ($11.76)


PokerStars Hand #145917078983:  Hold'em Limit ($3/$6 USD) - 2015/12/25 17:47:57 ET
Table 'Neckar' 6-max Seat #3 is the button
Seat 3: heeeden ($132 in chips)
Seat 4: AzureCaper ($72 in chips)
heeeden: posts small blind $1
AzureCaper: posts big blind $3
*** HOLE CARDS ***
heeeden: raises $3 to $6
AzureCaper: calls $3
*** FLOP *** [9d 9c Ad]
AzureCaper: checks
heeeden: bets $3
AzureCaper: folds
Uncalled bet ($3) returned to heeeden
heeeden collected $11.76 from pot
heeeden: doesn't show hand
*** SUMMARY ***
Total pot $12 | Rake $0.24
Board [9d 9c Ad]
Seat 3: heeeden (button) (small blind) collected ($11.76)
Seat 4: AzureCaper (big blind) folded on the Flop


PokerStars Hand #145917626986:  Hold'em Limit ($3/$6 USD) - 2015/12/25 17:59:41 ET
Table 'Neckar' 6-max Seat #3 is the button
Seat 2: pupa0000 ($94.48 in chips)
Seat 3: LukaSteel ($133.83 in chips)
LukaSteel: posts small blind $1
vestimokrec: is sitting out
pupa0000: posts big blind $3
*** HOLE CARDS ***
LukaSteel: raises $3 to $6
pupa0000: calls $3
*** FLOP *** [Kc Td Js]
pupa0000: checks
vestimokrec leaves the table
LukaSteel: bets $3
pupa0000: calls $3
*** TURN *** [Kc Td Js] [9h]
pupa0000: checks
LukaSteel: bets $6
pupa0000: calls $6
*** RIVER *** [Kc Td Js 9h] [4d]
pupa0000: checks
LukaSteel: bets $6
pupa0000: calls $6
*** SHOW DOWN ***
LukaSteel: shows [Qs Ac] (a straight, Ten to Ace)
pupa0000: mucks hand
LukaSteel collected $41.50 from pot
*** SUMMARY ***
Total pot $42 | Rake $0.50
Board [Kc Td Js 9h 4d]
Seat 2: pupa0000 (big blind) mucked
Seat 3: LukaSteel (button) (small blind) showed [Qs Ac] and won ($41.50) with a straight, Ten to Ace


