PokerStars Hand #147749081964:  Hold'em Limit ($3/$6 USD) - 2016/01/27 1:51:24 ET
Table 'Neckar' 6-max Seat #2 is the button
Seat 2: fire852181 ($65 in chips)
Seat 4: Actionni13 ($150 in chips)
fire852181: posts small blind $1
Actionni13: posts big blind $3
*** HOLE CARDS ***
fire852181: calls $2
Actionni13: checks
*** FLOP *** [Kc 5s 9d]
Actionni13: bets $3
fire852181: calls $3
*** TURN *** [Kc 5s 9d] [2s]
Actionni13: checks
fire852181: bets $6
Actionni13: folds
Uncalled bet ($6) returned to fire852181
fire852181 collected $11.76 from pot
fire852181: doesn't show hand
*** SUMMARY ***
Total pot $12 | Rake $0.24
Board [Kc 5s 9d 2s]
Seat 2: fire852181 (button) (small blind) collected ($11.76)
Seat 4: Actionni13 (big blind) folded on the Turn


PokerStars Hand #147749089562:  Hold'em Limit ($3/$6 USD) - 2016/01/27 1:51:51 ET
Table 'Neckar' 6-max Seat #4 is the button
Seat 2: fire852181 ($70.76 in chips)
Seat 4: Actionni13 ($150 in chips)
Actionni13: posts small blind $1
fire852181: posts big blind $3
*** HOLE CARDS ***
Actionni13: folds
Uncalled bet ($2) returned to fire852181
fire852181 collected $2 from pot
fire852181: doesn't show hand
*** SUMMARY ***
Total pot $2 | Rake $0
Seat 2: fire852181 (big blind) collected ($2)
Seat 4: Actionni13 (button) (small blind) folded before Flop


PokerStars Hand #147749096522:  Hold'em Limit ($3/$6 USD) - 2016/01/27 1:52:14 ET
Table 'Neckar' 6-max Seat #2 is the button
Seat 2: fire852181 ($67.76 in chips)
Seat 4: Actionni13 ($154 in chips)
fire852181: posts small blind $1
Actionni13: posts big blind $3
*** HOLE CARDS ***
fire852181: raises $3 to $6
Actionni13: calls $3
*** FLOP *** [2d 6s 3s]
Actionni13: bets $3
fire852181: raises $3 to $6
Actionni13: calls $3
*** TURN *** [2d 6s 3s] [5h]
Actionni13: checks
fire852181: bets $6
Actionni13: calls $6
*** RIVER *** [2d 6s 3s 5h] [5c]
Actionni13: bets $6
fire852181: raises $6 to $12
Actionni13: calls $6
*** SHOW DOWN ***
fire852181: shows [Qd 4d] (a straight, Deuce to Six)
Actionni13: mucks hand
fire852181 collected $59.50 from pot
*** SUMMARY ***
Total pot $60 | Rake $0.50
Board [2d 6s 3s 5h 5c]
Seat 2: fire852181 (button) (small blind) showed [Qd 4d] and won ($59.50) with a straight, Deuce to Six
Seat 4: Actionni13 (big blind) mucked


PokerStars Hand #147749094911:  Hold'em Limit ($3/$6 USD) - 2016/01/27 1:52:09 ET
Table 'Neckar' 6-max Seat #4 is the button
Seat 2: fire852181 ($70.76 in chips)
Seat 4: Actionni13 ($151 in chips)
Actionni13: posts small blind $1
fire852181: posts big blind $3
*** HOLE CARDS ***
Actionni13: raises $3 to $6
fire852181: folds
Uncalled bet ($3) returned to Actionni13
Actionni13 collected $6 from pot
Actionni13: doesn't show hand
*** SUMMARY ***
Total pot $6 | Rake $0
Seat 2: fire852181 (big blind) folded before Flop
Seat 4: Actionni13 (button) (small blind) collected ($6)


PokerStars Hand #147749093389:  Hold'em Limit ($3/$6 USD) - 2016/01/27 1:52:03 ET
Table 'Neckar' 6-max Seat #2 is the button
Seat 2: fire852181 ($71.76 in chips)
Seat 4: Actionni13 ($150 in chips)
fire852181: posts small blind $1
Actionni13: posts big blind $3
*** HOLE CARDS ***
fire852181: folds
Uncalled bet ($2) returned to Actionni13
Actionni13 collected $2 from pot
Actionni13: doesn't show hand
*** SUMMARY ***
Total pot $2 | Rake $0
Seat 2: fire852181 (button) (small blind) folded before Flop
Seat 4: Actionni13 (big blind) collected ($2)


PokerStars Hand #147749106039:  Hold'em Limit ($3/$6 USD) - 2016/01/27 1:52:47 ET
Table 'Neckar' 6-max Seat #4 is the button
Seat 2: fire852181 ($97.26 in chips)
Seat 4: Actionni13 ($150 in chips)
Actionni13: posts small blind $1
fire852181: posts big blind $3
*** HOLE CARDS ***
Actionni13: raises $3 to $6
fire852181: calls $3
*** FLOP *** [3d Qc Kh]
fire852181: checks
Actionni13: bets $3
fire852181: calls $3
*** TURN *** [3d Qc Kh] [As]
fire852181: checks
Actionni13: checks
*** RIVER *** [3d Qc Kh As] [Kc]
fire852181: bets $6
Actionni13: folds
Uncalled bet ($6) returned to fire852181
fire852181 collected $17.64 from pot
fire852181: doesn't show hand
*** SUMMARY ***
Total pot $18 | Rake $0.36
Board [3d Qc Kh As Kc]
Seat 2: fire852181 (big blind) collected ($17.64)
Seat 4: Actionni13 (button) (small blind) folded on the River


PokerStars Hand #147749122731:  Hold'em Limit ($3/$6 USD) - 2016/01/27 1:53:45 ET
Table 'Neckar' 6-max Seat #4 is the button
Seat 2: fire852181 ($108.78 in chips)
Seat 4: Actionni13 ($150 in chips)
Actionni13: posts small blind $1
fire852181: posts big blind $3
*** HOLE CARDS ***
Actionni13: raises $3 to $6
fire852181: folds
Uncalled bet ($3) returned to Actionni13
Actionni13 collected $6 from pot
Actionni13: doesn't show hand
*** SUMMARY ***
Total pot $6 | Rake $0
Seat 2: fire852181 (big blind) folded before Flop
Seat 4: Actionni13 (button) (small blind) collected ($6)


PokerStars Hand #147749115603:  Hold'em Limit ($3/$6 USD) - 2016/01/27 1:53:20 ET
Table 'Neckar' 6-max Seat #2 is the button
Seat 2: fire852181 ($105.90 in chips)
Seat 4: Actionni13 ($150 in chips)
fire852181: posts small blind $1
Actionni13: posts big blind $3
*** HOLE CARDS ***
fire852181: calls $2
Actionni13: checks
*** FLOP *** [Ah 4c Qc]
Actionni13: checks
fire852181: checks
*** TURN *** [Ah 4c Qc] [Kd]
Actionni13: checks
fire852181: bets $6
Actionni13: folds
Uncalled bet ($6) returned to fire852181
fire852181 collected $5.88 from pot
fire852181: doesn't show hand
*** SUMMARY ***
Total pot $6 | Rake $0.12
Board [Ah 4c Qc Kd]
Seat 2: fire852181 (button) (small blind) collected ($5.88)
Seat 4: Actionni13 (big blind) folded on the Turn


PokerStars Hand #147749124394:  Hold'em Limit ($3/$6 USD) - 2016/01/27 1:53:51 ET
Table 'Neckar' 6-max Seat #2 is the button
Seat 2: fire852181 ($105.78 in chips)
Seat 4: Actionni13 ($153 in chips)
fire852181: posts small blind $1
Actionni13: posts big blind $3
*** HOLE CARDS ***
fire852181: raises $3 to $6
Actionni13: raises $3 to $9
fire852181: calls $3
*** FLOP *** [8d 9h Js]
Actionni13: bets $3
fire852181: calls $3
*** TURN *** [8d 9h Js] [Jc]
Actionni13: bets $6
fire852181: calls $6
*** RIVER *** [8d 9h Js Jc] [Qs]
Actionni13: checks
fire852181: bets $6
Actionni13: folds
Uncalled bet ($6) returned to fire852181
fire852181 collected $35.50 from pot
fire852181: doesn't show hand
*** SUMMARY ***
Total pot $36 | Rake $0.50
Board [8d 9h Js Jc Qs]
Seat 2: fire852181 (button) (small blind) collected ($35.50)
Seat 4: Actionni13 (big blind) folded on the River


PokerStars Hand #147749134148:  Hold'em Limit ($3/$6 USD) - 2016/01/27 1:54:25 ET
Table 'Neckar' 6-max Seat #2 is the button
Seat 2: fire852181 ($120.28 in chips)
Seat 4: Actionni13 ($153 in chips)
fire852181: posts small blind $1
Actionni13: posts big blind $3
*** HOLE CARDS ***
fire852181: folds
Uncalled bet ($2) returned to Actionni13
Actionni13 collected $2 from pot
Actionni13: doesn't show hand
*** SUMMARY ***
Total pot $2 | Rake $0
Seat 2: fire852181 (button) (small blind) folded before Flop
Seat 4: Actionni13 (big blind) collected ($2)


PokerStars Hand #147749131645:  Hold'em Limit ($3/$6 USD) - 2016/01/27 1:54:16 ET
Table 'Neckar' 6-max Seat #4 is the button
Seat 2: fire852181 ($123.28 in chips)
Seat 4: Actionni13 ($150 in chips)
Actionni13: posts small blind $1
fire852181: posts big blind $3
*** HOLE CARDS ***
Actionni13: raises $3 to $6
fire852181: folds
Uncalled bet ($3) returned to Actionni13
Actionni13 collected $6 from pot
Actionni13: doesn't show hand
*** SUMMARY ***
Total pot $6 | Rake $0
Seat 2: fire852181 (big blind) folded before Flop
Seat 4: Actionni13 (button) (small blind) collected ($6)


PokerStars Hand #147749137401:  Hold'em Limit ($3/$6 USD) - 2016/01/27 1:54:36 ET
Table 'Neckar' 6-max Seat #2 is the button
Seat 2: fire852181 ($116.28 in chips)
Seat 4: Actionni13 ($157 in chips)
fire852181: posts small blind $1
Actionni13: posts big blind $3
*** HOLE CARDS ***
fire852181: folds
Uncalled bet ($2) returned to Actionni13
Actionni13 collected $2 from pot
Actionni13: doesn't show hand
*** SUMMARY ***
Total pot $2 | Rake $0
Seat 2: fire852181 (button) (small blind) folded before Flop
Seat 4: Actionni13 (big blind) collected ($2)


PokerStars Hand #147749135614:  Hold'em Limit ($3/$6 USD) - 2016/01/27 1:54:30 ET
Table 'Neckar' 6-max Seat #4 is the button
Seat 2: fire852181 ($119.28 in chips)
Seat 4: Actionni13 ($154 in chips)
Actionni13: posts small blind $1
fire852181: posts big blind $3
*** HOLE CARDS ***
Actionni13: raises $3 to $6
fire852181: folds
Uncalled bet ($3) returned to Actionni13
Actionni13 collected $6 from pot
Actionni13: doesn't show hand
*** SUMMARY ***
Total pot $6 | Rake $0
Seat 2: fire852181 (big blind) folded before Flop
Seat 4: Actionni13 (button) (small blind) collected ($6)


PokerStars Hand #147749139258:  Hold'em Limit ($3/$6 USD) - 2016/01/27 1:54:43 ET
Table 'Neckar' 6-max Seat #4 is the button
Seat 2: fire852181 ($115.28 in chips)
Seat 4: Actionni13 ($158 in chips)
Actionni13: posts small blind $1
fire852181: posts big blind $3
*** HOLE CARDS ***
Actionni13: raises $3 to $6
fire852181: calls $3
*** FLOP *** [9d 5d 2c]
fire852181: checks
Actionni13: checks
*** TURN *** [9d 5d 2c] [6c]
fire852181: bets $6
Actionni13: folds
Uncalled bet ($6) returned to fire852181
fire852181 collected $11.76 from pot
fire852181: doesn't show hand
*** SUMMARY ***
Total pot $12 | Rake $0.24
Board [9d 5d 2c 6c]
Seat 2: fire852181 (big blind) collected ($11.76)
Seat 4: Actionni13 (button) (small blind) folded on the Turn


PokerStars Hand #147749145198:  Hold'em Limit ($3/$6 USD) - 2016/01/27 1:55:03 ET
Table 'Neckar' 6-max Seat #2 is the button
Seat 2: fire852181 ($121.04 in chips)
Seat 4: Actionni13 ($152 in chips)
fire852181: posts small blind $1
Actionni13: posts big blind $3
*** HOLE CARDS ***
fire852181: raises $3 to $6
Actionni13: calls $3
*** FLOP *** [4s 6c Ks]
Actionni13: checks
fire852181: checks
*** TURN *** [4s 6c Ks] [6d]
Actionni13: bets $6
fire852181: folds
Uncalled bet ($6) returned to Actionni13
Actionni13 collected $11.76 from pot
Actionni13: doesn't show hand
*** SUMMARY ***
Total pot $12 | Rake $0.24
Board [4s 6c Ks 6d]
Seat 2: fire852181 (button) (small blind) folded on the Turn
Seat 4: Actionni13 (big blind) collected ($11.76)


PokerStars Hand #147749149785:  Hold'em Limit ($3/$6 USD) - 2016/01/27 1:55:21 ET
Table 'Neckar' 6-max Seat #4 is the button
Seat 2: fire852181 ($115.04 in chips)
Seat 4: Actionni13 ($157.76 in chips)
Actionni13: posts small blind $1
fire852181: posts big blind $3
*** HOLE CARDS ***
Actionni13: raises $3 to $6
fire852181: calls $3
*** FLOP *** [Kd 2s Jh]
fire852181: checks
Actionni13: bets $3
fire852181: folds
Uncalled bet ($3) returned to Actionni13
Actionni13 collected $11.76 from pot
Actionni13: doesn't show hand
*** SUMMARY ***
Total pot $12 | Rake $0.24
Board [Kd 2s Jh]
Seat 2: fire852181 (big blind) folded on the Flop
Seat 4: Actionni13 (button) (small blind) collected ($11.76)


PokerStars Hand #147749156971:  Hold'em Limit ($3/$6 USD) - 2016/01/27 1:55:50 ET
Table 'Neckar' 6-max Seat #4 is the button
Seat 2: fire852181 ($112.04 in chips)
Seat 4: Actionni13 ($160.52 in chips)
Actionni13: posts small blind $1
fire852181: posts big blind $3
*** HOLE CARDS ***
Actionni13: raises $3 to $6
fire852181: calls $3
*** FLOP *** [9h 6s 5c]
fire852181: bets $3
Actionni13: calls $3
*** TURN *** [9h 6s 5c] [8h]
fire852181: checks
Actionni13: bets $6
fire852181: calls $6
*** RIVER *** [9h 6s 5c 8h] [8d]
fire852181: bets $6
Actionni13: calls $6
*** SHOW DOWN ***
fire852181: shows [8s Ts] (three of a kind, Eights)
Actionni13: mucks hand
fire852181 collected $41.50 from pot
*** SUMMARY ***
Total pot $42 | Rake $0.50
Board [9h 6s 5c 8h 8d]
Seat 2: fire852181 (big blind) showed [8s Ts] and won ($41.50) with three of a kind, Eights
Seat 4: Actionni13 (button) (small blind) mucked


PokerStars Hand #147749169430:  Hold'em Limit ($3/$6 USD) - 2016/01/27 1:56:39 ET
Table 'Neckar' 6-max Seat #4 is the button
Seat 2: fire852181 ($138.30 in chips)
Seat 4: Actionni13 ($150 in chips)
Actionni13: posts small blind $1
fire852181: posts big blind $3
*** HOLE CARDS ***
Actionni13: folds
Uncalled bet ($2) returned to fire852181
fire852181 collected $2 from pot
fire852181: doesn't show hand
*** SUMMARY ***
Total pot $2 | Rake $0
Seat 2: fire852181 (big blind) collected ($2)
Seat 4: Actionni13 (button) (small blind) folded before Flop


PokerStars Hand #147749165332:  Hold'em Limit ($3/$6 USD) - 2016/01/27 1:56:23 ET
Table 'Neckar' 6-max Seat #2 is the button
Seat 2: fire852181 ($132.54 in chips)
Seat 4: Actionni13 ($150 in chips)
fire852181: posts small blind $1
Actionni13: posts big blind $3
*** HOLE CARDS ***
fire852181: raises $3 to $6
Actionni13: calls $3
*** FLOP *** [6d 2h As]
Actionni13: checks
fire852181: bets $3
Actionni13: folds
Uncalled bet ($3) returned to fire852181
fire852181 collected $11.76 from pot
fire852181: doesn't show hand
*** SUMMARY ***
Total pot $12 | Rake $0.24
Board [6d 2h As]
Seat 2: fire852181 (button) (small blind) collected ($11.76)
Seat 4: Actionni13 (big blind) folded on the Flop


PokerStars Hand #147749155263:  Hold'em Limit ($3/$6 USD) - 2016/01/27 1:55:43 ET
Table 'Neckar' 6-max Seat #2 is the button
Seat 2: fire852181 ($109.04 in chips)
Seat 4: Actionni13 ($163.52 in chips)
fire852181: posts small blind $1
Actionni13: posts big blind $3
*** HOLE CARDS ***
fire852181: raises $3 to $6
Actionni13: folds
Uncalled bet ($3) returned to fire852181
fire852181 collected $6 from pot
fire852181: doesn't show hand
*** SUMMARY ***
Total pot $6 | Rake $0
Seat 2: fire852181 (button) (small blind) collected ($6)
Seat 4: Actionni13 (big blind) folded before Flop


PokerStars Hand #147749172719:  Hold'em Limit ($3/$6 USD) - 2016/01/27 1:56:52 ET
Table 'Neckar' 6-max Seat #4 is the button
Seat 2: fire852181 ($138.30 in chips)
Seat 4: Actionni13 ($151 in chips)
Actionni13: posts small blind $1
fire852181: posts big blind $3
*** HOLE CARDS ***
Actionni13: raises $3 to $6
fire852181: raises $3 to $9
Actionni13: calls $3
*** FLOP *** [5s Jc 2c]
fire852181: bets $3
Actionni13: calls $3
*** TURN *** [5s Jc 2c] [Ad]
fire852181: checks
Actionni13: bets $6
fire852181: calls $6
*** RIVER *** [5s Jc 2c Ad] [Ac]
fire852181: checks
Actionni13: bets $6
fire852181: calls $6
*** SHOW DOWN ***
Actionni13: shows [3c Ah] (three of a kind, Aces)
fire852181: mucks hand
Actionni13 collected $47.50 from pot
*** SUMMARY ***
Total pot $48 | Rake $0.50
Board [5s Jc 2c Ad Ac]
Seat 2: fire852181 (big blind) mucked
Seat 4: Actionni13 (button) (small blind) showed [3c Ah] and won ($47.50) with three of a kind, Aces


PokerStars Hand #147749170718:  Hold'em Limit ($3/$6 USD) - 2016/01/27 1:56:44 ET
Table 'Neckar' 6-max Seat #2 is the button
Seat 2: fire852181 ($139.30 in chips)
Seat 4: Actionni13 ($150 in chips)
fire852181: posts small blind $1
Actionni13: posts big blind $3
*** HOLE CARDS ***
fire852181: folds
Uncalled bet ($2) returned to Actionni13
Actionni13 collected $2 from pot
Actionni13: doesn't show hand
*** SUMMARY ***
Total pot $2 | Rake $0
Seat 2: fire852181 (button) (small blind) folded before Flop
Seat 4: Actionni13 (big blind) collected ($2)


PokerStars Hand #147749195321:  Hold'em Limit ($3/$6 USD) - 2016/01/27 1:58:06 ET
Table 'Neckar' 6-max Seat #4 is the button
Seat 2: fire852181 ($120.06 in chips)
Seat 4: Actionni13 ($168.50 in chips)
Actionni13: posts small blind $1
fire852181: posts big blind $3
*** HOLE CARDS ***
Actionni13: raises $3 to $6
fire852181: folds
Uncalled bet ($3) returned to Actionni13
Actionni13 collected $6 from pot
Actionni13: doesn't show hand
*** SUMMARY ***
Total pot $6 | Rake $0
Seat 2: fire852181 (big blind) folded before Flop
Seat 4: Actionni13 (button) (small blind) collected ($6)


PokerStars Hand #147749179260:  Hold'em Limit ($3/$6 USD) - 2016/01/27 1:57:18 ET
Table 'Neckar' 6-max Seat #2 is the button
Seat 2: fire852181 ($114.30 in chips)
Seat 4: Actionni13 ($174.50 in chips)
fire852181: posts small blind $1
Actionni13: posts big blind $3
*** HOLE CARDS ***
fire852181: calls $2
Actionni13: checks
*** FLOP *** [9s 3h 7s]
Actionni13: bets $3
fire852181: calls $3
*** TURN *** [9s 3h 7s] [Ad]
Actionni13: checks
fire852181: bets $6
Actionni13: folds
Uncalled bet ($6) returned to fire852181
fire852181 collected $11.76 from pot
fire852181: doesn't show hand
*** SUMMARY ***
Total pot $12 | Rake $0.24
Board [9s 3h 7s Ad]
Seat 2: fire852181 (button) (small blind) collected ($11.76)
Seat 4: Actionni13 (big blind) folded on the Turn


PokerStars Hand #147749197002:  Hold'em Limit ($3/$6 USD) - 2016/01/27 1:58:12 ET
Table 'Neckar' 6-max Seat #2 is the button
Seat 2: fire852181 ($117.06 in chips)
Seat 4: Actionni13 ($171.50 in chips)
fire852181: posts small blind $1
Actionni13: posts big blind $3
*** HOLE CARDS ***
fire852181: raises $3 to $6
Actionni13: folds
Uncalled bet ($3) returned to fire852181
fire852181 collected $6 from pot
fire852181: doesn't show hand
*** SUMMARY ***
Total pot $6 | Rake $0
Seat 2: fire852181 (button) (small blind) collected ($6)
Seat 4: Actionni13 (big blind) folded before Flop


PokerStars Hand #147749210022:  Hold'em Limit ($3/$6 USD) - 2016/01/27 1:58:48 ET
Table 'Neckar' 6-max Seat #2 is the button
Seat 2: fire852181 ($87.06 in chips)
Seat 4: Actionni13 ($201 in chips)
fire852181: posts small blind $1
Actionni13: posts big blind $3
*** HOLE CARDS ***
fire852181: raises $3 to $6
Actionni13: calls $3
*** FLOP *** [Kd 9c 5h]
Actionni13: checks
fire852181: bets $3
Actionni13: calls $3
*** TURN *** [Kd 9c 5h] [8h]
Actionni13: bets $6
fire852181: calls $6
*** RIVER *** [Kd 9c 5h 8h] [Qc]
Actionni13: bets $6
fire852181: calls $6
*** SHOW DOWN ***
Actionni13: shows [7c 6s] (a straight, Five to Nine)
fire852181: mucks hand
Actionni13 collected $41.50 from pot
*** SUMMARY ***
Total pot $42 | Rake $0.50
Board [Kd 9c 5h 8h Qc]
Seat 2: fire852181 (button) (small blind) mucked
Seat 4: Actionni13 (big blind) showed [7c 6s] and won ($41.50) with a straight, Five to Nine


PokerStars Hand #147749201044:  Hold'em Limit ($3/$6 USD) - 2016/01/27 1:58:20 ET
Table 'Neckar' 6-max Seat #4 is the button
Seat 2: fire852181 ($120.06 in chips)
Seat 4: Actionni13 ($168.50 in chips)
Actionni13: posts small blind $1
fire852181: posts big blind $3
*** HOLE CARDS ***
Actionni13: raises $3 to $6
fire852181: calls $3
*** FLOP *** [5h 6s Qh]
fire852181: bets $3
Actionni13: calls $3
*** TURN *** [5h 6s Qh] [9c]
fire852181: bets $6
Actionni13: raises $6 to $12
fire852181: calls $6
*** RIVER *** [5h 6s Qh 9c] [Ac]
fire852181: bets $6
Actionni13: raises $6 to $12
fire852181: calls $6
*** SHOW DOWN ***
Actionni13: shows [7c 8d] (a straight, Five to Nine)
fire852181: mucks hand
Actionni13 collected $65.50 from pot
*** SUMMARY ***
Total pot $66 | Rake $0.50
Board [5h 6s Qh 9c Ac]
Seat 2: fire852181 (big blind) mucked
Seat 4: Actionni13 (button) (small blind) showed [7c 8d] and won ($65.50) with a straight, Five to Nine


PokerStars Hand #147749221815:  Hold'em Limit ($3/$6 USD) - 2016/01/27 1:59:34 ET
Table 'Neckar' 6-max Seat #4 is the button
Seat 2: fire852181 ($66.06 in chips)
Seat 4: Actionni13 ($221.50 in chips)
Actionni13: posts small blind $1
fire852181: posts big blind $3
*** HOLE CARDS ***
Actionni13: raises $3 to $6
fire852181: calls $3
*** FLOP *** [4d 5d 2c]
fire852181: bets $3
Actionni13: calls $3
*** TURN *** [4d 5d 2c] [Kh]
fire852181: bets $6
Actionni13: calls $6
*** RIVER *** [4d 5d 2c Kh] [9d]
fire852181: checks
Actionni13: checks
*** SHOW DOWN ***
fire852181: shows [7d 8c] (high card King)
Actionni13: shows [Ac 8d] (high card Ace)
Actionni13 collected $29.50 from pot
*** SUMMARY ***
Total pot $30 | Rake $0.50
Board [4d 5d 2c Kh 9d]
Seat 2: fire852181 (big blind) showed [7d 8c] and lost with high card King
Seat 4: Actionni13 (button) (small blind) showed [Ac 8d] and won ($29.50) with high card Ace


PokerStars Hand #147749229929:  Hold'em Limit ($3/$6 USD) - 2016/01/27 2:00:05 ET
Table 'Neckar' 6-max Seat #2 is the button
Seat 2: fire852181 ($51.06 in chips)
Seat 4: Actionni13 ($236 in chips)
fire852181: posts small blind $1
Actionni13: posts big blind $3
*** HOLE CARDS ***
fire852181: raises $3 to $6
Actionni13: raises $3 to $9
fire852181: raises $3 to $12
Betting is capped
Actionni13: calls $3
*** FLOP *** [6s Qc 8h]
Actionni13: checks
fire852181: bets $3
Actionni13: calls $3
*** TURN *** [6s Qc 8h] [2h]
Actionni13: checks
fire852181: bets $6
Actionni13: calls $6
*** RIVER *** [6s Qc 8h 2h] [8s]
Actionni13: checks
fire852181: bets $6
Actionni13: calls $6
*** SHOW DOWN ***
fire852181: shows [Jc Js] (two pair, Jacks and Eights)
Actionni13: mucks hand
fire852181 collected $53.50 from pot
*** SUMMARY ***
Total pot $54 | Rake $0.50
Board [6s Qc 8h 2h 8s]
Seat 2: fire852181 (button) (small blind) showed [Jc Js] and won ($53.50) with two pair, Jacks and Eights
Seat 4: Actionni13 (big blind) mucked


PokerStars Hand #147749248645:  Hold'em Limit ($3/$6 USD) - 2016/01/27 2:01:14 ET
Table 'Neckar' 6-max Seat #2 is the button
Seat 2: fire852181 ($62.56 in chips)
Seat 4: Actionni13 ($223.50 in chips)
fire852181: posts small blind $1
Actionni13: posts big blind $3
*** HOLE CARDS ***
fire852181: raises $3 to $6
Actionni13: folds
Uncalled bet ($3) returned to fire852181
fire852181 collected $6 from pot
fire852181: doesn't show hand
*** SUMMARY ***
Total pot $6 | Rake $0
Seat 2: fire852181 (button) (small blind) collected ($6)
Seat 4: Actionni13 (big blind) folded before Flop


PokerStars Hand #147749251650:  Hold'em Limit ($3/$6 USD) - 2016/01/27 2:01:24 ET
Table 'Neckar' 6-max Seat #4 is the button
Seat 2: fire852181 ($65.56 in chips)
Seat 4: Actionni13 ($220.50 in chips)
Actionni13: posts small blind $1
fire852181: posts big blind $3
*** HOLE CARDS ***
Actionni13: raises $3 to $6
fire852181: folds
Uncalled bet ($3) returned to Actionni13
Actionni13 collected $6 from pot
Actionni13: doesn't show hand
*** SUMMARY ***
Total pot $6 | Rake $0
Seat 2: fire852181 (big blind) folded before Flop
Seat 4: Actionni13 (button) (small blind) collected ($6)


PokerStars Hand #147749265866:  Hold'em Limit ($3/$6 USD) - 2016/01/27 2:02:12 ET
Table 'Neckar' 6-max Seat #2 is the button
Seat 2: fire852181 ($58.56 in chips)
Seat 4: Actionni13 ($227.50 in chips)
fire852181: posts small blind $1
Actionni13: posts big blind $3
*** HOLE CARDS ***
fire852181: raises $3 to $6
Actionni13: calls $3
*** FLOP *** [2c 6s As]
Actionni13: bets $3
fire852181: folds
Uncalled bet ($3) returned to Actionni13
Actionni13 collected $11.76 from pot
Actionni13: doesn't show hand
*** SUMMARY ***
Total pot $12 | Rake $0.24
Board [2c 6s As]
Seat 2: fire852181 (button) (small blind) folded on the Flop
Seat 4: Actionni13 (big blind) collected ($11.76)


PokerStars Hand #147749255879:  Hold'em Limit ($3/$6 USD) - 2016/01/27 2:01:39 ET
Table 'Neckar' 6-max Seat #2 is the button
Seat 2: fire852181 ($62.56 in chips)
Seat 4: Actionni13 ($223.50 in chips)
fire852181: posts small blind $1
Actionni13: posts big blind $3
*** HOLE CARDS ***
fire852181: folds
Uncalled bet ($2) returned to Actionni13
Actionni13 collected $2 from pot
Actionni13: doesn't show hand
*** SUMMARY ***
Total pot $2 | Rake $0
Seat 2: fire852181 (button) (small blind) folded before Flop
Seat 4: Actionni13 (big blind) collected ($2)


PokerStars Hand #147749260138:  Hold'em Limit ($3/$6 USD) - 2016/01/27 2:01:54 ET
Table 'Neckar' 6-max Seat #4 is the button
Seat 2: fire852181 ($61.56 in chips)
Seat 4: Actionni13 ($224.50 in chips)
Actionni13: posts small blind $1
fire852181: posts big blind $3
*** HOLE CARDS ***
Actionni13: raises $3 to $6
fire852181: folds
Uncalled bet ($3) returned to Actionni13
Actionni13 collected $6 from pot
Actionni13: doesn't show hand
*** SUMMARY ***
Total pot $6 | Rake $0
Seat 2: fire852181 (big blind) folded before Flop
Seat 4: Actionni13 (button) (small blind) collected ($6)


PokerStars Hand #147749275959:  Hold'em Limit ($3/$6 USD) - 2016/01/27 2:02:47 ET
Table 'Neckar' 6-max Seat #2 is the button
Seat 2: fire852181 ($49.56 in chips)
Seat 4: Actionni13 ($236.26 in chips)
fire852181: posts small blind $1
Actionni13: posts big blind $3
*** HOLE CARDS ***
fire852181: raises $3 to $6
Actionni13: folds
Uncalled bet ($3) returned to fire852181
fire852181 collected $6 from pot
fire852181: doesn't show hand
*** SUMMARY ***
Total pot $6 | Rake $0
Seat 2: fire852181 (button) (small blind) collected ($6)
Seat 4: Actionni13 (big blind) folded before Flop


PokerStars Hand #147749273996:  Hold'em Limit ($3/$6 USD) - 2016/01/27 2:02:41 ET
Table 'Neckar' 6-max Seat #4 is the button
Seat 2: fire852181 ($52.56 in chips)
Seat 4: Actionni13 ($233.26 in chips)
Actionni13: posts small blind $1
fire852181: posts big blind $3
*** HOLE CARDS ***
Actionni13: raises $3 to $6
fire852181: folds
Uncalled bet ($3) returned to Actionni13
Actionni13 collected $6 from pot
Actionni13: doesn't show hand
*** SUMMARY ***
Total pot $6 | Rake $0
Seat 2: fire852181 (big blind) folded before Flop
Seat 4: Actionni13 (button) (small blind) collected ($6)


PokerStars Hand #147749278364:  Hold'em Limit ($3/$6 USD) - 2016/01/27 2:02:55 ET
Table 'Neckar' 6-max Seat #4 is the button
Seat 2: fire852181 ($52.56 in chips)
Seat 4: Actionni13 ($233.26 in chips)
Actionni13: posts small blind $1
fire852181: posts big blind $3
*** HOLE CARDS ***
Actionni13: raises $3 to $6
fire852181: raises $3 to $9
Actionni13: calls $3
*** FLOP *** [4d 5c 8c]
fire852181: bets $3
Actionni13: calls $3
*** TURN *** [4d 5c 8c] [Jd]
fire852181: checks
Actionni13: bets $6
fire852181: calls $6
*** RIVER *** [4d 5c 8c Jd] [Ah]
fire852181: bets $6
Actionni13: folds
Uncalled bet ($6) returned to fire852181
fire852181 collected $35.50 from pot
fire852181: doesn't show hand
*** SUMMARY ***
Total pot $36 | Rake $0.50
Board [4d 5c 8c Jd Ah]
Seat 2: fire852181 (big blind) collected ($35.50)
Seat 4: Actionni13 (button) (small blind) folded on the River


PokerStars Hand #147749289883:  Hold'em Limit ($3/$6 USD) - 2016/01/27 2:03:33 ET
Table 'Neckar' 6-max Seat #2 is the button
Seat 2: fire852181 ($70.06 in chips)
Seat 4: Actionni13 ($215.26 in chips)
fire852181: posts small blind $1
Actionni13: posts big blind $3
*** HOLE CARDS ***
fire852181: folds
Uncalled bet ($2) returned to Actionni13
Actionni13 collected $2 from pot
Actionni13: doesn't show hand
*** SUMMARY ***
Total pot $2 | Rake $0
Seat 2: fire852181 (button) (small blind) folded before Flop
Seat 4: Actionni13 (big blind) collected ($2)


PokerStars Hand #147749291412:  Hold'em Limit ($3/$6 USD) - 2016/01/27 2:03:38 ET
Table 'Neckar' 6-max Seat #4 is the button
Seat 2: fire852181 ($69.06 in chips)
Seat 4: Actionni13 ($216.26 in chips)
Actionni13: posts small blind $1
fire852181: posts big blind $3
*** HOLE CARDS ***
Actionni13: raises $3 to $6
fire852181: calls $3
*** FLOP *** [Qd 2h 9s]
fire852181: checks
Actionni13: bets $3
fire852181: folds
Uncalled bet ($3) returned to Actionni13
Actionni13 collected $11.76 from pot
Actionni13: doesn't show hand
*** SUMMARY ***
Total pot $12 | Rake $0.24
Board [Qd 2h 9s]
Seat 2: fire852181 (big blind) folded on the Flop
Seat 4: Actionni13 (button) (small blind) collected ($11.76)


PokerStars Hand #147749296726:  Hold'em Limit ($3/$6 USD) - 2016/01/27 2:03:56 ET
Table 'Neckar' 6-max Seat #2 is the button
Seat 2: fire852181 ($63.06 in chips)
Seat 4: Actionni13 ($222.02 in chips)
fire852181: posts small blind $1
Actionni13: posts big blind $3
*** HOLE CARDS ***
fire852181: raises $3 to $6
Actionni13: raises $3 to $9
fire852181: calls $3
*** FLOP *** [Kd 3d Td]
Actionni13: bets $3
fire852181: raises $3 to $6
Actionni13: calls $3
*** TURN *** [Kd 3d Td] [Jh]
Actionni13: checks
fire852181: checks
*** RIVER *** [Kd 3d Td Jh] [8c]
Actionni13: bets $6
fire852181: calls $6
*** SHOW DOWN ***
Actionni13: shows [Ah Jd] (a pair of Jacks)
fire852181: mucks hand
Actionni13 collected $41.50 from pot
*** SUMMARY ***
Total pot $42 | Rake $0.50
Board [Kd 3d Td Jh 8c]
Seat 2: fire852181 (button) (small blind) mucked
Seat 4: Actionni13 (big blind) showed [Ah Jd] and won ($41.50) with a pair of Jacks


PokerStars Hand #147749314164:  Hold'em Limit ($3/$6 USD) - 2016/01/27 2:04:54 ET
Table 'Neckar' 6-max Seat #4 is the button
Seat 2: fire852181 ($32.06 in chips)
Seat 4: Actionni13 ($252.16 in chips)
Actionni13: posts small blind $1
fire852181: posts big blind $3
*** HOLE CARDS ***
Actionni13: folds
Uncalled bet ($2) returned to fire852181
fire852181 collected $2 from pot
fire852181: doesn't show hand
*** SUMMARY ***
Total pot $2 | Rake $0
Seat 2: fire852181 (big blind) collected ($2)
Seat 4: Actionni13 (button) (small blind) folded before Flop


PokerStars Hand #147749315691:  Hold'em Limit ($3/$6 USD) - 2016/01/27 2:04:59 ET
Table 'Neckar' 6-max Seat #2 is the button
Seat 2: fire852181 ($33.06 in chips)
Seat 4: Actionni13 ($251.16 in chips)
fire852181: posts small blind $1
Actionni13: posts big blind $3
*** HOLE CARDS ***
fire852181: raises $3 to $6
Actionni13: folds
Uncalled bet ($3) returned to fire852181
fire852181 collected $6 from pot
fire852181: doesn't show hand
*** SUMMARY ***
Total pot $6 | Rake $0
Seat 2: fire852181 (button) (small blind) collected ($6)
Seat 4: Actionni13 (big blind) folded before Flop


PokerStars Hand #147749318120:  Hold'em Limit ($3/$6 USD) - 2016/01/27 2:05:07 ET
Table 'Neckar' 6-max Seat #4 is the button
Seat 2: fire852181 ($36.06 in chips)
Seat 4: Actionni13 ($248.16 in chips)
Actionni13: posts small blind $1
fire852181: posts big blind $3
*** HOLE CARDS ***
Actionni13: raises $3 to $6
fire852181: calls $3
*** FLOP *** [2h Kd 4h]
fire852181: bets $3
Actionni13: raises $3 to $6
fire852181: calls $3
*** TURN *** [2h Kd 4h] [Jc]
fire852181: checks
Actionni13: bets $6
fire852181: calls $6
*** RIVER *** [2h Kd 4h Jc] [Js]
fire852181: checks
Actionni13: bets $6
fire852181: folds
Uncalled bet ($6) returned to Actionni13
Actionni13 collected $35.50 from pot
Actionni13: doesn't show hand
*** SUMMARY ***
Total pot $36 | Rake $0.50
Board [2h Kd 4h Jc Js]
Seat 2: fire852181 (big blind) folded on the River
Seat 4: Actionni13 (button) (small blind) collected ($35.50)


PokerStars Hand #147749312614:  Hold'em Limit ($3/$6 USD) - 2016/01/27 2:04:48 ET
Table 'Neckar' 6-max Seat #2 is the button
Seat 2: fire852181 ($33.06 in chips)
Seat 4: Actionni13 ($251.16 in chips)
fire852181: posts small blind $1
Actionni13: posts big blind $3
*** HOLE CARDS ***
fire852181: folds
Uncalled bet ($2) returned to Actionni13
Actionni13 collected $2 from pot
Actionni13: doesn't show hand
*** SUMMARY ***
Total pot $2 | Rake $0
Seat 2: fire852181 (button) (small blind) folded before Flop
Seat 4: Actionni13 (big blind) collected ($2)


PokerStars Hand #147749304945:  Hold'em Limit ($3/$6 USD) - 2016/01/27 2:04:23 ET
Table 'Neckar' 6-max Seat #4 is the button
Seat 2: fire852181 ($42.06 in chips)
Seat 4: Actionni13 ($242.52 in chips)
Actionni13: posts small blind $1
fire852181: posts big blind $3
*** HOLE CARDS ***
Actionni13: raises $3 to $6
fire852181: calls $3
*** FLOP *** [2c 7h 3s]
fire852181: checks
Actionni13: bets $3
fire852181: calls $3
*** TURN *** [2c 7h 3s] [Kd]
fire852181: checks
Actionni13: bets $6
fire852181: folds
Uncalled bet ($6) returned to Actionni13
Actionni13 collected $17.64 from pot
Actionni13: doesn't show hand
*** SUMMARY ***
Total pot $18 | Rake $0.36
Board [2c 7h 3s Kd]
Seat 2: fire852181 (big blind) folded on the Turn
Seat 4: Actionni13 (button) (small blind) collected ($17.64)


PokerStars Hand #147749326106:  Hold'em Limit ($3/$6 USD) - 2016/01/27 2:05:34 ET
Table 'Neckar' 6-max Seat #2 is the button
Seat 2: fire852181 ($78.06 in chips)
Seat 4: Actionni13 ($265.66 in chips)
fire852181: posts small blind $1
Actionni13: posts big blind $3
*** HOLE CARDS ***
fire852181: raises $3 to $6
Actionni13: folds
Uncalled bet ($3) returned to fire852181
fire852181 collected $6 from pot
fire852181: doesn't show hand
*** SUMMARY ***
Total pot $6 | Rake $0
Seat 2: fire852181 (button) (small blind) collected ($6)
Seat 4: Actionni13 (big blind) folded before Flop


PokerStars Hand #147749334172:  Hold'em Limit ($3/$6 USD) - 2016/01/27 2:06:01 ET
Table 'Neckar' 6-max Seat #2 is the button
Seat 2: fire852181 ($72.06 in chips)
Seat 4: Actionni13 ($271.30 in chips)
fire852181: posts small blind $1
Actionni13: posts big blind $3
*** HOLE CARDS ***
fire852181: raises $3 to $6
Actionni13: calls $3
*** FLOP *** [2s 6s 5c]
Actionni13: bets $3
fire852181: calls $3
*** TURN *** [2s 6s 5c] [Ah]
Actionni13: bets $6
fire852181: calls $6
*** RIVER *** [2s 6s 5c Ah] [9s]
Actionni13: checks
fire852181: checks
*** SHOW DOWN ***
Actionni13: shows [6h 7s] (a pair of Sixes)
fire852181: mucks hand
Actionni13 collected $29.50 from pot
*** SUMMARY ***
Total pot $30 | Rake $0.50
Board [2s 6s 5c Ah 9s]
Seat 2: fire852181 (button) (small blind) mucked
Seat 4: Actionni13 (big blind) showed [6h 7s] and won ($29.50) with a pair of Sixes


PokerStars Hand #147749328264:  Hold'em Limit ($3/$6 USD) - 2016/01/27 2:05:41 ET
Table 'Neckar' 6-max Seat #4 is the button
Seat 2: fire852181 ($81.06 in chips)
Seat 4: Actionni13 ($262.66 in chips)
Actionni13: posts small blind $1
fire852181: posts big blind $3
*** HOLE CARDS ***
Actionni13: raises $3 to $6
fire852181: calls $3
*** FLOP *** [7d 4s 4h]
fire852181: checks
Actionni13: bets $3
fire852181: calls $3
*** TURN *** [7d 4s 4h] [Jd]
fire852181: checks
Actionni13: bets $6
fire852181: folds
Uncalled bet ($6) returned to Actionni13
Actionni13 collected $17.64 from pot
Actionni13: doesn't show hand
*** SUMMARY ***
Total pot $18 | Rake $0.36
Board [7d 4s 4h Jd]
Seat 2: fire852181 (big blind) folded on the Turn
Seat 4: Actionni13 (button) (small blind) collected ($17.64)


PokerStars Hand #147749362022:  Hold'em Limit ($3/$6 USD) - 2016/01/27 2:07:33 ET
Table 'Neckar' 6-max Seat #2 is the button
Seat 2: fire852181 ($69.70 in chips)
Seat 4: Actionni13 ($272.80 in chips)
fire852181: posts small blind $1
Actionni13: posts big blind $3
*** HOLE CARDS ***
fire852181: raises $3 to $6
Actionni13: folds
Uncalled bet ($3) returned to fire852181
fire852181 collected $6 from pot
fire852181: doesn't show hand
*** SUMMARY ***
Total pot $6 | Rake $0
Seat 2: fire852181 (button) (small blind) collected ($6)
Seat 4: Actionni13 (big blind) folded before Flop


PokerStars Hand #147749351019:  Hold'em Limit ($3/$6 USD) - 2016/01/27 2:06:57 ET
Table 'Neckar' 6-max Seat #2 is the button
Seat 2: fire852181 ($65.70 in chips)
Seat 4: Actionni13 ($276.80 in chips)
fire852181: posts small blind $1
Actionni13: posts big blind $3
*** HOLE CARDS ***
fire852181: raises $3 to $6
Actionni13: folds
Uncalled bet ($3) returned to fire852181
fire852181 collected $6 from pot
fire852181: doesn't show hand
*** SUMMARY ***
Total pot $6 | Rake $0
Seat 2: fire852181 (button) (small blind) collected ($6)
Seat 4: Actionni13 (big blind) folded before Flop


PokerStars Hand #147749345720:  Hold'em Limit ($3/$6 USD) - 2016/01/27 2:06:39 ET
Table 'Neckar' 6-max Seat #4 is the button
Seat 2: fire852181 ($57.06 in chips)
Seat 4: Actionni13 ($285.80 in chips)
Actionni13: posts small blind $1
fire852181: posts big blind $3
*** HOLE CARDS ***
Actionni13: raises $3 to $6
fire852181: calls $3
*** FLOP *** [3s Qc Ad]
fire852181: checks
Actionni13: bets $3
fire852181: raises $3 to $6
Actionni13: folds
Uncalled bet ($3) returned to fire852181
fire852181 collected $17.64 from pot
fire852181: doesn't show hand
*** SUMMARY ***
Total pot $18 | Rake $0.36
Board [3s Qc Ad]
Seat 2: fire852181 (big blind) collected ($17.64)
Seat 4: Actionni13 (button) (small blind) folded on the Flop


PokerStars Hand #147749355753:  Hold'em Limit ($3/$6 USD) - 2016/01/27 2:07:13 ET
Table 'Neckar' 6-max Seat #2 is the button
Seat 2: fire852181 ($69.70 in chips)
Seat 4: Actionni13 ($272.80 in chips)
fire852181: posts small blind $1
Actionni13: posts big blind $3
*** HOLE CARDS ***
fire852181: raises $3 to $6
Actionni13: folds
Uncalled bet ($3) returned to fire852181
fire852181 collected $6 from pot
fire852181: doesn't show hand
*** SUMMARY ***
Total pot $6 | Rake $0
Seat 2: fire852181 (button) (small blind) collected ($6)
Seat 4: Actionni13 (big blind) folded before Flop


PokerStars Hand #147749353932:  Hold'em Limit ($3/$6 USD) - 2016/01/27 2:07:07 ET
Table 'Neckar' 6-max Seat #4 is the button
Seat 2: fire852181 ($68.70 in chips)
Seat 4: Actionni13 ($273.80 in chips)
Actionni13: posts small blind $1
fire852181: posts big blind $3
*** HOLE CARDS ***
Actionni13: folds
Uncalled bet ($2) returned to fire852181
fire852181 collected $2 from pot
fire852181: doesn't show hand
*** SUMMARY ***
Total pot $2 | Rake $0
Seat 2: fire852181 (big blind) collected ($2)
Seat 4: Actionni13 (button) (small blind) folded before Flop


PokerStars Hand #147749365547:  Hold'em Limit ($3/$6 USD) - 2016/01/27 2:07:45 ET
Table 'Neckar' 6-max Seat #4 is the button
Seat 2: fire852181 ($72.70 in chips)
Seat 4: Actionni13 ($269.80 in chips)
Actionni13: posts small blind $1
fire852181: posts big blind $3
*** HOLE CARDS ***
Actionni13: raises $3 to $6
fire852181: calls $3
*** FLOP *** [Jd 7h Jh]
fire852181: checks
Actionni13: bets $3
fire852181: calls $3
*** TURN *** [Jd 7h Jh] [5h]
fire852181: bets $6
Actionni13: raises $6 to $12
fire852181: calls $6
*** RIVER *** [Jd 7h Jh 5h] [Ks]
fire852181: checks
Actionni13: checks
*** SHOW DOWN ***
fire852181: shows [Qh 8s] (a pair of Jacks)
Actionni13: shows [7s 6c] (two pair, Jacks and Sevens)
Actionni13 collected $41.50 from pot
*** SUMMARY ***
Total pot $42 | Rake $0.50
Board [Jd 7h Jh 5h Ks]
Seat 2: fire852181 (big blind) showed [Qh 8s] and lost with a pair of Jacks
Seat 4: Actionni13 (button) (small blind) showed [7s 6c] and won ($41.50) with two pair, Jacks and Sevens


PokerStars Hand #147749393673:  Hold'em Limit ($3/$6 USD) - 2016/01/27 2:09:19 ET
Table 'Neckar' 6-max Seat #2 is the button
Seat 2: fire852181 ($69.20 in chips)
Seat 4: Actionni13 ($272.30 in chips)
fire852181: posts small blind $1
Actionni13: posts big blind $3
*** HOLE CARDS ***
fire852181: folds
Uncalled bet ($2) returned to Actionni13
Actionni13 collected $2 from pot
Actionni13: doesn't show hand
*** SUMMARY ***
Total pot $2 | Rake $0
Seat 2: fire852181 (button) (small blind) folded before Flop
Seat 4: Actionni13 (big blind) collected ($2)


PokerStars Hand #147749384951:  Hold'em Limit ($3/$6 USD) - 2016/01/27 2:08:50 ET
Table 'Neckar' 6-max Seat #4 is the button
Seat 2: fire852181 ($54.70 in chips)
Seat 4: Actionni13 ($287.30 in chips)
Actionni13: posts small blind $1
fire852181: posts big blind $3
*** HOLE CARDS ***
Actionni13: raises $3 to $6
fire852181: calls $3
*** FLOP *** [Qc 7c 7s]
fire852181: bets $3
Actionni13: calls $3
*** TURN *** [Qc 7c 7s] [Qh]
fire852181: checks
Actionni13: bets $6
fire852181: calls $6
*** RIVER *** [Qc 7c 7s Qh] [4c]
fire852181: checks
Actionni13: checks
*** SHOW DOWN ***
fire852181: shows [5c 6c] (a flush, Queen high)
Actionni13: mucks hand
fire852181 collected $29.50 from pot
*** SUMMARY ***
Total pot $30 | Rake $0.50
Board [Qc 7c 7s Qh 4c]
Seat 2: fire852181 (big blind) showed [5c 6c] and won ($29.50) with a flush, Queen high
Seat 4: Actionni13 (button) (small blind) mucked


PokerStars Hand #147749381094:  Hold'em Limit ($3/$6 USD) - 2016/01/27 2:08:37 ET
Table 'Neckar' 6-max Seat #2 is the button
Seat 2: fire852181 ($51.70 in chips)
Seat 4: Actionni13 ($290.30 in chips)
fire852181: posts small blind $1
Actionni13: posts big blind $3
*** HOLE CARDS ***
fire852181: raises $3 to $6
Actionni13: folds
Uncalled bet ($3) returned to fire852181
fire852181 collected $6 from pot
fire852181: doesn't show hand
*** SUMMARY ***
Total pot $6 | Rake $0
Seat 2: fire852181 (button) (small blind) collected ($6)
Seat 4: Actionni13 (big blind) folded before Flop


PokerStars Hand #147749406344:  Hold'em Limit ($3/$6 USD) - 2016/01/27 2:10:01 ET
Table 'Neckar' 6-max Seat #4 is the button
Seat 2: fire852181 ($66.95 in chips)
Seat 4: Actionni13 ($274.05 in chips)
Actionni13: posts small blind $1
fire852181: posts big blind $3
*** HOLE CARDS ***
Actionni13: raises $3 to $6
fire852181: calls $3
*** FLOP *** [8c 3s 4c]
fire852181: checks
Actionni13: bets $3
fire852181: calls $3
*** TURN *** [8c 3s 4c] [Qc]
fire852181: bets $6
Actionni13: raises $6 to $12
fire852181: calls $6
*** RIVER *** [8c 3s 4c Qc] [7c]
fire852181: bets $6
Actionni13: folds
Uncalled bet ($6) returned to fire852181
fire852181 collected $41.50 from pot
fire852181: doesn't show hand
*** SUMMARY ***
Total pot $42 | Rake $0.50
Board [8c 3s 4c Qc 7c]
Seat 2: fire852181 (big blind) collected ($41.50)
Seat 4: Actionni13 (button) (small blind) folded on the River


PokerStars Hand #147749404279:  Hold'em Limit ($3/$6 USD) - 2016/01/27 2:09:54 ET
Table 'Neckar' 6-max Seat #2 is the button
Seat 2: fire852181 ($67.95 in chips)
Seat 4: Actionni13 ($273.05 in chips)
fire852181: posts small blind $1
Actionni13: posts big blind $3
*** HOLE CARDS ***
fire852181: folds
Uncalled bet ($2) returned to Actionni13
Actionni13 collected $2 from pot
*** SUMMARY ***
Total pot $2 | Rake $0
Seat 2: fire852181 (button) (small blind) folded before Flop
Seat 4: Actionni13 (big blind) collected ($2)


PokerStars Hand #147749395912:  Hold'em Limit ($3/$6 USD) - 2016/01/27 2:09:27 ET
Table 'Neckar' 6-max Seat #4 is the button
Seat 2: fire852181 ($68.20 in chips)
Seat 4: Actionni13 ($273.30 in chips)
Actionni13: posts small blind $1
fire852181: posts big blind $3
*** HOLE CARDS ***
Actionni13: raises $3 to $6
fire852181: calls $3
*** FLOP *** [As 6c 8s]
fire852181: bets $3
Actionni13: calls $3
*** TURN *** [As 6c 8s] [Js]
fire852181: bets $6
Actionni13: calls $6
*** RIVER *** [As 6c 8s Js] [7c]
fire852181: checks
Actionni13: checks
*** SHOW DOWN ***
fire852181: shows [Qh 9c] (high card Ace)
Actionni13: shows [Qd 9s] (high card Ace)
fire852181 collected $14.75 from pot
Actionni13 collected $14.75 from pot
*** SUMMARY ***
Total pot $30 | Rake $0.50
Board [As 6c 8s Js 7c]
Seat 2: fire852181 (big blind) showed [Qh 9c] and won ($14.75) with high card Ace
Seat 4: Actionni13 (button) (small blind) showed [Qd 9s] and won ($14.75) with high card Ace


PokerStars Hand #147749452296:  Hold'em Limit ($3/$6 USD) - 2016/01/27 2:12:33 ET
Table 'Neckar' 6-max Seat #2 is the button
Seat 2: fire852181 ($107.47 in chips)
Seat 4: Actionni13 ($231.33 in chips)
fire852181: posts small blind $1
Actionni13: posts big blind $3
*** HOLE CARDS ***
fire852181: raises $3 to $6
Actionni13: folds
Uncalled bet ($3) returned to fire852181
fire852181 collected $6 from pot
fire852181: doesn't show hand
*** SUMMARY ***
Total pot $6 | Rake $0
Seat 2: fire852181 (button) (small blind) collected ($6)
Seat 4: Actionni13 (big blind) folded before Flop


PokerStars Hand #147749443154:  Hold'em Limit ($3/$6 USD) - 2016/01/27 2:12:03 ET
Table 'Neckar' 6-max Seat #4 is the button
Seat 2: fire852181 ($80.97 in chips)
Seat 4: Actionni13 ($258.33 in chips)
Actionni13: posts small blind $1
fire852181: posts big blind $3
*** HOLE CARDS ***
Actionni13: raises $3 to $6
fire852181: calls $3
*** FLOP *** [7d Kd Th]
fire852181: checks
Actionni13: bets $3
fire852181: calls $3
*** TURN *** [7d Kd Th] [5s]
fire852181: checks
Actionni13: bets $6
fire852181: raises $6 to $12
Actionni13: calls $6
*** RIVER *** [7d Kd Th 5s] [8s]
fire852181: bets $6
Actionni13: calls $6
*** SHOW DOWN ***
fire852181: shows [7c Tc] (two pair, Tens and Sevens)
Actionni13: mucks hand
fire852181 collected $53.50 from pot
*** SUMMARY ***
Total pot $54 | Rake $0.50
Board [7d Kd Th 5s 8s]
Seat 2: fire852181 (big blind) showed [7c Tc] and won ($53.50) with two pair, Tens and Sevens
Seat 4: Actionni13 (button) (small blind) mucked


PokerStars Hand #147749440952:  Hold'em Limit ($3/$6 USD) - 2016/01/27 2:11:56 ET
Table 'Neckar' 6-max Seat #2 is the button
Seat 2: fire852181 ($77.97 in chips)
Seat 4: Actionni13 ($261.33 in chips)
fire852181: posts small blind $1
Actionni13: posts big blind $3
*** HOLE CARDS ***
fire852181: raises $3 to $6
Actionni13: folds
Uncalled bet ($3) returned to fire852181
fire852181 collected $6 from pot
fire852181: doesn't show hand
*** SUMMARY ***
Total pot $6 | Rake $0
Seat 2: fire852181 (button) (small blind) collected ($6)
Seat 4: Actionni13 (big blind) folded before Flop


PokerStars Hand #147749438906:  Hold'em Limit ($3/$6 USD) - 2016/01/27 2:11:49 ET
Table 'Neckar' 6-max Seat #4 is the button
Seat 2: fire852181 ($80.97 in chips)
Seat 4: Actionni13 ($258.33 in chips)
Actionni13: posts small blind $1
fire852181: posts big blind $3
*** HOLE CARDS ***
Actionni13: raises $3 to $6
fire852181: folds
Uncalled bet ($3) returned to Actionni13
Actionni13 collected $6 from pot
Actionni13: doesn't show hand
*** SUMMARY ***
Total pot $6 | Rake $0
Seat 2: fire852181 (big blind) folded before Flop
Seat 4: Actionni13 (button) (small blind) collected ($6)


PokerStars Hand #147749427960:  Hold'em Limit ($3/$6 USD) - 2016/01/27 2:11:13 ET
Table 'Neckar' 6-max Seat #2 is the button
Seat 2: fire852181 ($92.97 in chips)
Seat 4: Actionni13 ($246.81 in chips)
fire852181: posts small blind $1
Actionni13: posts big blind $3
*** HOLE CARDS ***
fire852181: raises $3 to $6
Actionni13: calls $3
*** FLOP *** [8c Td 4s]
Actionni13: checks
fire852181: checks
*** TURN *** [8c Td 4s] [5s]
Actionni13: bets $6
fire852181: calls $6
*** RIVER *** [8c Td 4s 5s] [8d]
Actionni13: bets $6
fire852181: folds
Uncalled bet ($6) returned to Actionni13
Actionni13 collected $23.52 from pot
Actionni13: doesn't show hand
*** SUMMARY ***
Total pot $24 | Rake $0.48
Board [8c Td 4s 5s 8d]
Seat 2: fire852181 (button) (small blind) folded on the River
Seat 4: Actionni13 (big blind) collected ($23.52)


PokerStars Hand #147749464730:  Hold'em Limit ($3/$6 USD) - 2016/01/27 2:13:13 ET
Table 'Neckar' 6-max Seat #2 is the button
Seat 2: fire852181 ($119.11 in chips)
Seat 4: Actionni13 ($219.33 in chips)
fire852181: posts small blind $1
Actionni13: posts big blind $3
*** HOLE CARDS ***
fire852181: raises $3 to $6
Actionni13: folds
Uncalled bet ($3) returned to fire852181
fire852181 collected $6 from pot
fire852181: doesn't show hand
*** SUMMARY ***
Total pot $6 | Rake $0
Seat 2: fire852181 (button) (small blind) collected ($6)
Seat 4: Actionni13 (big blind) folded before Flop


PokerStars Hand #147749455347:  Hold'em Limit ($3/$6 USD) - 2016/01/27 2:12:43 ET
Table 'Neckar' 6-max Seat #4 is the button
Seat 2: fire852181 ($110.47 in chips)
Seat 4: Actionni13 ($228.33 in chips)
Actionni13: posts small blind $1
fire852181: posts big blind $3
*** HOLE CARDS ***
Actionni13: raises $3 to $6
fire852181: calls $3
*** FLOP *** [Qc 3d 4d]
fire852181: checks
Actionni13: bets $3
fire852181: calls $3
*** TURN *** [Qc 3d 4d] [6c]
fire852181: checks
Actionni13: checks
*** RIVER *** [Qc 3d 4d 6c] [8c]
fire852181: checks
Actionni13: checks
*** SHOW DOWN ***
fire852181: shows [Ac 5s] (high card Ace)
Actionni13: mucks hand
fire852181 collected $17.64 from pot
*** SUMMARY ***
Total pot $18 | Rake $0.36
Board [Qc 3d 4d 6c 8c]
Seat 2: fire852181 (big blind) showed [Ac 5s] and won ($17.64) with high card Ace
Seat 4: Actionni13 (button) (small blind) mucked


PokerStars Hand #147749482687:  Hold'em Limit ($3/$6 USD) - 2016/01/27 2:14:12 ET
Table 'Neckar' 6-max Seat #2 is the button
Seat 2: fire852181 ($128.61 in chips)
Seat 4: Actionni13 ($209.33 in chips)
fire852181: posts small blind $1
Actionni13: posts big blind $3
*** HOLE CARDS ***
fire852181: folds
Uncalled bet ($2) returned to Actionni13
Actionni13 collected $2 from pot
Actionni13: doesn't show hand
*** SUMMARY ***
Total pot $2 | Rake $0
Seat 2: fire852181 (button) (small blind) folded before Flop
Seat 4: Actionni13 (big blind) collected ($2)


PokerStars Hand #147749480792:  Hold'em Limit ($3/$6 USD) - 2016/01/27 2:14:06 ET
Table 'Neckar' 6-max Seat #4 is the button
Seat 2: fire852181 ($131.61 in chips)
Seat 4: Actionni13 ($206.33 in chips)
Actionni13: posts small blind $1
fire852181: posts big blind $3
*** HOLE CARDS ***
Actionni13: raises $3 to $6
fire852181: folds
Uncalled bet ($3) returned to Actionni13
Actionni13 collected $6 from pot
Actionni13: doesn't show hand
*** SUMMARY ***
Total pot $6 | Rake $0
Seat 2: fire852181 (big blind) folded before Flop
Seat 4: Actionni13 (button) (small blind) collected ($6)


PokerStars Hand #147749479257:  Hold'em Limit ($3/$6 USD) - 2016/01/27 2:14:01 ET
Table 'Neckar' 6-max Seat #2 is the button
Seat 2: fire852181 ($132.61 in chips)
Seat 4: Actionni13 ($205.33 in chips)
fire852181: posts small blind $1
Actionni13: posts big blind $3
*** HOLE CARDS ***
fire852181: folds
Uncalled bet ($2) returned to Actionni13
Actionni13 collected $2 from pot
Actionni13: doesn't show hand
*** SUMMARY ***
Total pot $2 | Rake $0
Seat 2: fire852181 (button) (small blind) folded before Flop
Seat 4: Actionni13 (big blind) collected ($2)


PokerStars Hand #147749477385:  Hold'em Limit ($3/$6 USD) - 2016/01/27 2:13:54 ET
Table 'Neckar' 6-max Seat #4 is the button
Seat 2: fire852181 ($135.61 in chips)
Seat 4: Actionni13 ($202.33 in chips)
Actionni13: posts small blind $1
fire852181: posts big blind $3
*** HOLE CARDS ***
Actionni13: raises $3 to $6
fire852181: folds
Uncalled bet ($3) returned to Actionni13
Actionni13 collected $6 from pot
Actionni13: doesn't show hand
*** SUMMARY ***
Total pot $6 | Rake $0
Seat 2: fire852181 (big blind) folded before Flop
Seat 4: Actionni13 (button) (small blind) collected ($6)


PokerStars Hand #147749475485:  Hold'em Limit ($3/$6 USD) - 2016/01/27 2:13:48 ET
Table 'Neckar' 6-max Seat #2 is the button
Seat 2: fire852181 ($136.61 in chips)
Seat 4: Actionni13 ($201.33 in chips)
fire852181: posts small blind $1
Actionni13: posts big blind $3
*** HOLE CARDS ***
fire852181: folds
Uncalled bet ($2) returned to Actionni13
Actionni13 collected $2 from pot
Actionni13: doesn't show hand
*** SUMMARY ***
Total pot $2 | Rake $0
Seat 2: fire852181 (button) (small blind) folded before Flop
Seat 4: Actionni13 (big blind) collected ($2)


PokerStars Hand #147749494723:  Hold'em Limit ($3/$6 USD) - 2016/01/27 2:14:52 ET
Table 'Neckar' 6-max Seat #4 is the button
Seat 2: fire852181 ($139.11 in chips)
Seat 4: Actionni13 ($198.33 in chips)
Actionni13: posts small blind $1
fire852181: posts big blind $3
*** HOLE CARDS ***
Actionni13: raises $3 to $6
fire852181: folds
Uncalled bet ($3) returned to Actionni13
Actionni13 collected $6 from pot
Actionni13: doesn't show hand
*** SUMMARY ***
Total pot $6 | Rake $0
Seat 2: fire852181 (big blind) folded before Flop
Seat 4: Actionni13 (button) (small blind) collected ($6)


PokerStars Hand #147749487079:  Hold'em Limit ($3/$6 USD) - 2016/01/27 2:14:27 ET
Table 'Neckar' 6-max Seat #2 is the button
Seat 2: fire852181 ($124.61 in chips)
Seat 4: Actionni13 ($213.33 in chips)
fire852181: posts small blind $1
Actionni13: posts big blind $3
*** HOLE CARDS ***
fire852181: raises $3 to $6
Actionni13: calls $3
*** FLOP *** [6d Qc 7h]
Actionni13: checks
fire852181: bets $3
Actionni13: calls $3
*** TURN *** [6d Qc 7h] [7d]
Actionni13: checks
fire852181: checks
*** RIVER *** [6d Qc 7h 7d] [8s]
Actionni13: bets $6
fire852181: calls $6
*** SHOW DOWN ***
Actionni13: shows [6c 4h] (two pair, Sevens and Sixes)
fire852181: shows [6h Ad] (two pair, Sevens and Sixes - Ace kicker)
fire852181 collected $29.50 from pot
*** SUMMARY ***
Total pot $30 | Rake $0.50
Board [6d Qc 7h 7d 8s]
Seat 2: fire852181 (button) (small blind) showed [6h Ad] and won ($29.50) with two pair, Sevens and Sixes
Seat 4: Actionni13 (big blind) showed [6c 4h] and lost with two pair, Sevens and Sixes


PokerStars Hand #147749496789:  Hold'em Limit ($3/$6 USD) - 2016/01/27 2:14:58 ET
Table 'Neckar' 6-max Seat #2 is the button
Seat 2: fire852181 ($136.11 in chips)
Seat 4: Actionni13 ($201.33 in chips)
fire852181: posts small blind $1
Actionni13: posts big blind $3
*** HOLE CARDS ***
fire852181: folds
Uncalled bet ($2) returned to Actionni13
Actionni13 collected $2 from pot
Actionni13: doesn't show hand
*** SUMMARY ***
Total pot $2 | Rake $0
Seat 2: fire852181 (button) (small blind) folded before Flop
Seat 4: Actionni13 (big blind) collected ($2)


PokerStars Hand #147749508603:  Hold'em Limit ($3/$6 USD) - 2016/01/27 2:15:37 ET
Table 'Neckar' 6-max Seat #4 is the button
Seat 2: fire852181 ($127.11 in chips)
Seat 4: Actionni13 ($209.97 in chips)
Actionni13: posts small blind $1
fire852181: posts big blind $3
*** HOLE CARDS ***
Actionni13: raises $3 to $6
fire852181: folds
Uncalled bet ($3) returned to Actionni13
Actionni13 collected $6 from pot
Actionni13: doesn't show hand
*** SUMMARY ***
Total pot $6 | Rake $0
Seat 2: fire852181 (big blind) folded before Flop
Seat 4: Actionni13 (button) (small blind) collected ($6)


PokerStars Hand #147749506489:  Hold'em Limit ($3/$6 USD) - 2016/01/27 2:15:30 ET
Table 'Neckar' 6-max Seat #2 is the button
Seat 2: fire852181 ($124.11 in chips)
Seat 4: Actionni13 ($212.97 in chips)
fire852181: posts small blind $1
Actionni13: posts big blind $3
*** HOLE CARDS ***
fire852181: raises $3 to $6
Actionni13: folds
Uncalled bet ($3) returned to fire852181
fire852181 collected $6 from pot
fire852181: doesn't show hand
*** SUMMARY ***
Total pot $6 | Rake $0
Seat 2: fire852181 (button) (small blind) collected ($6)
Seat 4: Actionni13 (big blind) folded before Flop


PokerStars Hand #147749504675:  Hold'em Limit ($3/$6 USD) - 2016/01/27 2:15:24 ET
Table 'Neckar' 6-max Seat #4 is the button
Seat 2: fire852181 ($127.11 in chips)
Seat 4: Actionni13 ($209.97 in chips)
Actionni13: posts small blind $1
fire852181: posts big blind $3
*** HOLE CARDS ***
Actionni13: raises $3 to $6
fire852181: folds
Uncalled bet ($3) returned to Actionni13
Actionni13 collected $6 from pot
*** SUMMARY ***
Total pot $6 | Rake $0
Seat 2: fire852181 (big blind) folded before Flop
Seat 4: Actionni13 (button) (small blind) collected ($6)


PokerStars Hand #147749500921:  Hold'em Limit ($3/$6 USD) - 2016/01/27 2:15:12 ET
Table 'Neckar' 6-max Seat #2 is the button
Seat 2: fire852181 ($136.11 in chips)
Seat 4: Actionni13 ($201.33 in chips)
fire852181: posts small blind $1
Actionni13: posts big blind $3
*** HOLE CARDS ***
fire852181: raises $3 to $6
Actionni13: raises $3 to $9
fire852181: calls $3
*** FLOP *** [4d 9s 4c]
Actionni13: bets $3
fire852181: folds
Uncalled bet ($3) returned to Actionni13
Actionni13 collected $17.64 from pot
Actionni13: doesn't show hand
*** SUMMARY ***
Total pot $18 | Rake $0.36
Board [4d 9s 4c]
Seat 2: fire852181 (button) (small blind) folded on the Flop
Seat 4: Actionni13 (big blind) collected ($17.64)


PokerStars Hand #147749498562:  Hold'em Limit ($3/$6 USD) - 2016/01/27 2:15:04 ET
Table 'Neckar' 6-max Seat #4 is the button
Seat 2: fire852181 ($135.11 in chips)
Seat 4: Actionni13 ($202.33 in chips)
Actionni13: posts small blind $1
fire852181: posts big blind $3
*** HOLE CARDS ***
Actionni13: folds
Uncalled bet ($2) returned to fire852181
fire852181 collected $2 from pot
fire852181: doesn't show hand
*** SUMMARY ***
Total pot $2 | Rake $0
Seat 2: fire852181 (big blind) collected ($2)
Seat 4: Actionni13 (button) (small blind) folded before Flop


PokerStars Hand #147749521345:  Hold'em Limit ($3/$6 USD) - 2016/01/27 2:16:19 ET
Table 'Neckar' 6-max Seat #2 is the button
Seat 2: fire852181 ($124.11 in chips)
Seat 4: Actionni13 ($212.97 in chips)
fire852181: posts small blind $1
Actionni13: posts big blind $3
*** HOLE CARDS ***
fire852181: raises $3 to $6
Actionni13: calls $3
*** FLOP *** [2c 9h Qc]
Actionni13: checks
fire852181: bets $3
Actionni13: folds
Uncalled bet ($3) returned to fire852181
fire852181 collected $11.76 from pot
fire852181: doesn't show hand
*** SUMMARY ***
Total pot $12 | Rake $0.24
Board [2c 9h Qc]
Seat 2: fire852181 (button) (small blind) collected ($11.76)
Seat 4: Actionni13 (big blind) folded on the Flop


PokerStars Hand #147749519741:  Hold'em Limit ($3/$6 USD) - 2016/01/27 2:16:13 ET
Table 'Neckar' 6-max Seat #4 is the button
Seat 2: fire852181 ($123.11 in chips)
Seat 4: Actionni13 ($213.97 in chips)
Actionni13: posts small blind $1
fire852181: posts big blind $3
*** HOLE CARDS ***
Actionni13: folds
Uncalled bet ($2) returned to fire852181
fire852181 collected $2 from pot
*** SUMMARY ***
Total pot $2 | Rake $0
Seat 2: fire852181 (big blind) collected ($2)
Seat 4: Actionni13 (button) (small blind) folded before Flop


PokerStars Hand #147749515739:  Hold'em Limit ($3/$6 USD) - 2016/01/27 2:16:00 ET
Table 'Neckar' 6-max Seat #2 is the button
Seat 2: fire852181 ($120.11 in chips)
Seat 4: Actionni13 ($216.97 in chips)
fire852181: posts small blind $1
Actionni13: posts big blind $3
*** HOLE CARDS ***
fire852181: raises $3 to $6
Actionni13: folds
Uncalled bet ($3) returned to fire852181
fire852181 collected $6 from pot
fire852181: doesn't show hand
*** SUMMARY ***
Total pot $6 | Rake $0
Seat 2: fire852181 (button) (small blind) collected ($6)
Seat 4: Actionni13 (big blind) folded before Flop


PokerStars Hand #147749513063:  Hold'em Limit ($3/$6 USD) - 2016/01/27 2:15:52 ET
Table 'Neckar' 6-max Seat #4 is the button
Seat 2: fire852181 ($123.11 in chips)
Seat 4: Actionni13 ($213.97 in chips)
Actionni13: posts small blind $1
fire852181: posts big blind $3
*** HOLE CARDS ***
Actionni13: raises $3 to $6
fire852181: folds
Uncalled bet ($3) returned to Actionni13
Actionni13 collected $6 from pot
Actionni13: doesn't show hand
*** SUMMARY ***
Total pot $6 | Rake $0
Seat 2: fire852181 (big blind) folded before Flop
Seat 4: Actionni13 (button) (small blind) collected ($6)


PokerStars Hand #147749511262:  Hold'em Limit ($3/$6 USD) - 2016/01/27 2:15:46 ET
Table 'Neckar' 6-max Seat #2 is the button
Seat 2: fire852181 ($124.11 in chips)
Seat 4: Actionni13 ($212.97 in chips)
fire852181: posts small blind $1
Actionni13: posts big blind $3
*** HOLE CARDS ***
fire852181: folds
Uncalled bet ($2) returned to Actionni13
Actionni13 collected $2 from pot
Actionni13: doesn't show hand
*** SUMMARY ***
Total pot $2 | Rake $0
Seat 2: fire852181 (button) (small blind) folded before Flop
Seat 4: Actionni13 (big blind) collected ($2)


PokerStars Hand #147749540045:  Hold'em Limit ($3/$6 USD) - 2016/01/27 2:17:20 ET
Table 'Neckar' 6-max Seat #4 is the button
Seat 2: fire852181 ($149.37 in chips)
Seat 4: Actionni13 ($186.97 in chips)
Actionni13: posts small blind $1
fire852181: posts big blind $3
*** HOLE CARDS ***
Actionni13: raises $3 to $6
fire852181: calls $3
*** FLOP *** [7d Td 5h]
fire852181: checks
Actionni13: bets $3
fire852181: calls $3
*** TURN *** [7d Td 5h] [4h]
fire852181: checks
Actionni13: bets $6
fire852181: calls $6
*** RIVER *** [7d Td 5h 4h] [Kh]
fire852181: checks
Actionni13: bets $6
fire852181: calls $6
*** SHOW DOWN ***
Actionni13: shows [3h Th] (a flush, King high)
fire852181: mucks hand
Actionni13 collected $41.50 from pot
*** SUMMARY ***
Total pot $42 | Rake $0.50
Board [7d Td 5h 4h Kh]
Seat 2: fire852181 (big blind) mucked
Seat 4: Actionni13 (button) (small blind) showed [3h Th] and won ($41.50) with a flush, King high


PokerStars Hand #147749538333:  Hold'em Limit ($3/$6 USD) - 2016/01/27 2:17:15 ET
Table 'Neckar' 6-max Seat #2 is the button
Seat 2: fire852181 ($150.37 in chips)
Seat 4: Actionni13 ($185.97 in chips)
fire852181: posts small blind $1
Actionni13: posts big blind $3
*** HOLE CARDS ***
fire852181: folds
Uncalled bet ($2) returned to Actionni13
Actionni13 collected $2 from pot
Actionni13: doesn't show hand
*** SUMMARY ***
Total pot $2 | Rake $0
Seat 2: fire852181 (button) (small blind) folded before Flop
Seat 4: Actionni13 (big blind) collected ($2)


PokerStars Hand #147749528437:  Hold'em Limit ($3/$6 USD) - 2016/01/27 2:16:42 ET
Table 'Neckar' 6-max Seat #4 is the button
Seat 2: fire852181 ($129.87 in chips)
Seat 4: Actionni13 ($206.97 in chips)
Actionni13: posts small blind $1
fire852181: posts big blind $3
*** HOLE CARDS ***
Actionni13: raises $3 to $6
fire852181: calls $3
*** FLOP *** [8s 9c Qs]
fire852181: checks
Actionni13: bets $3
fire852181: calls $3
*** TURN *** [8s 9c Qs] [7s]
fire852181: bets $6
Actionni13: raises $6 to $12
fire852181: calls $6
*** RIVER *** [8s 9c Qs 7s] [Qc]
fire852181: checks
Actionni13: checks
*** SHOW DOWN ***
fire852181: shows [9s Jh] (two pair, Queens and Nines)
Actionni13: mucks hand
fire852181 collected $41.50 from pot
*** SUMMARY ***
Total pot $42 | Rake $0.50
Board [8s 9c Qs 7s Qc]
Seat 2: fire852181 (big blind) showed [9s Jh] and won ($41.50) with two pair, Queens and Nines
Seat 4: Actionni13 (button) (small blind) mucked


PokerStars Hand #147749549026:  Hold'em Limit ($3/$6 USD) - 2016/01/27 2:17:50 ET
Table 'Neckar' 6-max Seat #4 is the button
Seat 2: fire852181 ($127.37 in chips)
Seat 4: Actionni13 ($208.47 in chips)
Actionni13: posts small blind $1
fire852181: posts big blind $3
*** HOLE CARDS ***
Actionni13: raises $3 to $6
fire852181: calls $3
*** FLOP *** [2s Ad Qs]
fire852181: checks
Actionni13: bets $3
fire852181: raises $3 to $6
Actionni13: calls $3
*** TURN *** [2s Ad Qs] [9s]
fire852181: bets $6
Actionni13: calls $6
*** RIVER *** [2s Ad Qs 9s] [4d]
fire852181: bets $6
Actionni13: calls $6
*** SHOW DOWN ***
fire852181: shows [Ks 4s] (a flush, King high)
Actionni13: mucks hand
fire852181 collected $47.50 from pot
*** SUMMARY ***
Total pot $48 | Rake $0.50
Board [2s Ad Qs 9s 4d]
Seat 2: fire852181 (big blind) showed [Ks 4s] and won ($47.50) with a flush, King high
Seat 4: Actionni13 (button) (small blind) mucked


PokerStars Hand #147749547466:  Hold'em Limit ($3/$6 USD) - 2016/01/27 2:17:45 ET
Table 'Neckar' 6-max Seat #2 is the button
Seat 2: fire852181 ($128.37 in chips)
Seat 4: Actionni13 ($207.47 in chips)
fire852181: posts small blind $1
Actionni13: posts big blind $3
*** HOLE CARDS ***
fire852181: folds
Uncalled bet ($2) returned to Actionni13
Actionni13 collected $2 from pot
*** SUMMARY ***
Total pot $2 | Rake $0
Seat 2: fire852181 (button) (small blind) folded before Flop
Seat 4: Actionni13 (big blind) collected ($2)


PokerStars Hand #147749567761:  Hold'em Limit ($3/$6 USD) - 2016/01/27 2:18:52 ET
Table 'Neckar' 6-max Seat #4 is the button
Seat 2: fire852181 ($159.51 in chips)
Seat 4: Actionni13 ($175.47 in chips)
Actionni13: posts small blind $1
fire852181: posts big blind $3
*** HOLE CARDS ***
Actionni13: raises $3 to $6
fire852181: folds
Uncalled bet ($3) returned to Actionni13
Actionni13 collected $6 from pot
Actionni13: doesn't show hand
*** SUMMARY ***
Total pot $6 | Rake $0
Seat 2: fire852181 (big blind) folded before Flop
Seat 4: Actionni13 (button) (small blind) collected ($6)


PokerStars Hand #147749559351:  Hold'em Limit ($3/$6 USD) - 2016/01/27 2:18:24 ET
Table 'Neckar' 6-max Seat #2 is the button
Seat 2: fire852181 ($150.87 in chips)
Seat 4: Actionni13 ($184.47 in chips)
fire852181: posts small blind $1
Actionni13: posts big blind $3
*** HOLE CARDS ***
fire852181: raises $3 to $6
Actionni13: calls $3
*** FLOP *** [9s 2h 6d]
Actionni13: checks
fire852181: bets $3
Actionni13: calls $3
*** TURN *** [9s 2h 6d] [3c]
Actionni13: checks
fire852181: bets $6
Actionni13: folds
Uncalled bet ($6) returned to fire852181
fire852181 collected $17.64 from pot
fire852181: doesn't show hand
*** SUMMARY ***
Total pot $18 | Rake $0.36
Board [9s 2h 6d 3c]
Seat 2: fire852181 (button) (small blind) collected ($17.64)
Seat 4: Actionni13 (big blind) folded on the Turn


PokerStars Hand #147749578795:  Hold'em Limit ($3/$6 USD) - 2016/01/27 2:19:28 ET
Table 'Neckar' 6-max Seat #4 is the button
Seat 2: fire852181 ($155.51 in chips)
Seat 4: Actionni13 ($179.47 in chips)
Actionni13: posts small blind $1
fire852181: posts big blind $3
*** HOLE CARDS ***
Actionni13: raises $3 to $6
fire852181: folds
Uncalled bet ($3) returned to Actionni13
Actionni13 collected $6 from pot
Actionni13: doesn't show hand
*** SUMMARY ***
Total pot $6 | Rake $0
Seat 2: fire852181 (big blind) folded before Flop
Seat 4: Actionni13 (button) (small blind) collected ($6)


PokerStars Hand #147749581821:  Hold'em Limit ($3/$6 USD) - 2016/01/27 2:19:38 ET
Table 'Neckar' 6-max Seat #2 is the button
Seat 2: fire852181 ($152.51 in chips)
Seat 4: Actionni13 ($182.47 in chips)
fire852181: posts small blind $1
Actionni13: posts big blind $3
*** HOLE CARDS ***
fire852181: raises $3 to $6
Actionni13: folds
Uncalled bet ($3) returned to fire852181
fire852181 collected $6 from pot
fire852181: doesn't show hand
*** SUMMARY ***
Total pot $6 | Rake $0
Seat 2: fire852181 (button) (small blind) collected ($6)
Seat 4: Actionni13 (big blind) folded before Flop


PokerStars Hand #147749576418:  Hold'em Limit ($3/$6 USD) - 2016/01/27 2:19:20 ET
Table 'Neckar' 6-max Seat #2 is the button
Seat 2: fire852181 ($156.51 in chips)
Seat 4: Actionni13 ($178.47 in chips)
fire852181: posts small blind $1
Actionni13: posts big blind $3
*** HOLE CARDS ***
fire852181: folds
Uncalled bet ($2) returned to Actionni13
Actionni13 collected $2 from pot
Actionni13: doesn't show hand
*** SUMMARY ***
Total pot $2 | Rake $0
Seat 2: fire852181 (button) (small blind) folded before Flop
Seat 4: Actionni13 (big blind) collected ($2)


PokerStars Hand #147749570967:  Hold'em Limit ($3/$6 USD) - 2016/01/27 2:19:02 ET
Table 'Neckar' 6-max Seat #2 is the button
Seat 2: fire852181 ($156.51 in chips)
Seat 4: Actionni13 ($178.47 in chips)
fire852181: posts small blind $1
Actionni13: posts big blind $3
*** HOLE CARDS ***
fire852181: raises $3 to $6
Actionni13: folds
Uncalled bet ($3) returned to fire852181
fire852181 collected $6 from pot
fire852181: doesn't show hand
*** SUMMARY ***
Total pot $6 | Rake $0
Seat 2: fire852181 (button) (small blind) collected ($6)
Seat 4: Actionni13 (big blind) folded before Flop


PokerStars Hand #147749595028:  Hold'em Limit ($3/$6 USD) - 2016/01/27 2:20:21 ET
Table 'Neckar' 6-max Seat #4 is the button
Seat 2: fire852181 ($167.01 in chips)
Seat 4: Actionni13 ($167.23 in chips)
Actionni13: posts small blind $1
fire852181: posts big blind $3
*** HOLE CARDS ***
Actionni13: raises $3 to $6
fire852181: folds
Uncalled bet ($3) returned to Actionni13
Actionni13 collected $6 from pot
Actionni13: doesn't show hand
*** SUMMARY ***
Total pot $6 | Rake $0
Seat 2: fire852181 (big blind) folded before Flop
Seat 4: Actionni13 (button) (small blind) collected ($6)


PokerStars Hand #147749588686:  Hold'em Limit ($3/$6 USD) - 2016/01/27 2:20:00 ET
Table 'Neckar' 6-max Seat #2 is the button
Seat 2: fire852181 ($149.51 in chips)
Seat 4: Actionni13 ($185.23 in chips)
fire852181: posts small blind $1
Actionni13: posts big blind $3
*** HOLE CARDS ***
fire852181: raises $3 to $6
Actionni13: calls $3
*** FLOP *** [4s 9c Ks]
Actionni13: checks
fire852181: checks
*** TURN *** [4s 9c Ks] [8d]
Actionni13: bets $6
fire852181: calls $6
*** RIVER *** [4s 9c Ks 8d] [2d]
Actionni13: bets $6
fire852181: calls $6
*** SHOW DOWN ***
Actionni13: shows [3h Th] (high card King)
fire852181: shows [8c Jc] (a pair of Eights)
fire852181 collected $35.50 from pot
*** SUMMARY ***
Total pot $36 | Rake $0.50
Board [4s 9c Ks 8d 2d]
Seat 2: fire852181 (button) (small blind) showed [8c Jc] and won ($35.50) with a pair of Eights
Seat 4: Actionni13 (big blind) showed [3h Th] and lost with high card King


PokerStars Hand #147749584198:  Hold'em Limit ($3/$6 USD) - 2016/01/27 2:19:45 ET
Table 'Neckar' 6-max Seat #4 is the button
Seat 2: fire852181 ($155.51 in chips)
Seat 4: Actionni13 ($179.47 in chips)
Actionni13: posts small blind $1
fire852181: posts big blind $3
*** HOLE CARDS ***
Actionni13: raises $3 to $6
fire852181: calls $3
*** FLOP *** [7h 2h As]
fire852181: checks
Actionni13: bets $3
fire852181: folds
Uncalled bet ($3) returned to Actionni13
Actionni13 collected $11.76 from pot
Actionni13: doesn't show hand
*** SUMMARY ***
Total pot $12 | Rake $0.24
Board [7h 2h As]
Seat 2: fire852181 (big blind) folded on the Flop
Seat 4: Actionni13 (button) (small blind) collected ($11.76)


PokerStars Hand #147749823225:  Hold'em Limit ($3/$6 USD) - 2016/01/27 2:32:39 ET
Table 'Neckar' 6-max Seat #4 is the button
Seat 1: PostaPete ($30 in chips)
Seat 4: Actionni13 ($167.23 in chips)
Actionni13: posts small blind $1
PostaPete: posts big blind $3
*** HOLE CARDS ***
belik555 joins the table at seat #2
Actionni13 has timed out
Actionni13: folds
Uncalled bet ($2) returned to PostaPete
PostaPete collected $2 from pot
PostaPete: doesn't show hand
*** SUMMARY ***
Total pot $2 | Rake $0
Seat 1: PostaPete (big blind) collected ($2)
Seat 4: Actionni13 (button) (small blind) folded before Flop


PokerStars Hand #147749844909:  Hold'em Limit ($3/$6 USD) - 2016/01/27 2:33:49 ET
Table 'Neckar' 6-max Seat #1 is the button
Seat 1: PostaPete ($31 in chips)
Seat 2: belik555 ($72 in chips)
PostaPete: posts small blind $1
belik555: posts big blind $3
*** HOLE CARDS ***
PostaPete: folds
Uncalled bet ($2) returned to belik555
belik555 collected $2 from pot
belik555: doesn't show hand
*** SUMMARY ***
Total pot $2 | Rake $0
Seat 1: PostaPete (button) (small blind) folded before Flop
Seat 2: belik555 (big blind) collected ($2)


PokerStars Hand #147749854091:  Hold'em Limit ($3/$6 USD) - 2016/01/27 2:34:19 ET
Table 'Neckar' 6-max Seat #1 is the button
Seat 1: PostaPete ($24 in chips)
Seat 2: belik555 ($78.76 in chips)
PostaPete: posts small blind $1
belik555: posts big blind $3
*** HOLE CARDS ***
PostaPete: folds
Uncalled bet ($2) returned to belik555
belik555 collected $2 from pot
belik555: doesn't show hand
*** SUMMARY ***
Total pot $2 | Rake $0
Seat 1: PostaPete (button) (small blind) folded before Flop
Seat 2: belik555 (big blind) collected ($2)


PokerStars Hand #147749846479:  Hold'em Limit ($3/$6 USD) - 2016/01/27 2:33:54 ET
Table 'Neckar' 6-max Seat #2 is the button
Seat 1: PostaPete ($30 in chips)
Seat 2: belik555 ($73 in chips)
belik555: posts small blind $1
PostaPete: posts big blind $3
*** HOLE CARDS ***
belik555: raises $3 to $6
PostaPete: calls $3
*** FLOP *** [6s Qs 7d]
PostaPete: checks
belik555: bets $3
PostaPete: folds
Uncalled bet ($3) returned to belik555
belik555 collected $11.76 from pot
belik555: doesn't show hand
*** SUMMARY ***
Total pot $12 | Rake $0.24
Board [6s Qs 7d]
Seat 1: PostaPete (big blind) folded on the Flop
Seat 2: belik555 (button) (small blind) collected ($11.76)


PokerStars Hand #147749855615:  Hold'em Limit ($3/$6 USD) - 2016/01/27 2:34:23 ET
Table 'Neckar' 6-max Seat #2 is the button
Seat 1: PostaPete ($23 in chips)
Seat 2: belik555 ($79.76 in chips)
belik555: posts small blind $1
PostaPete: posts big blind $3
*** HOLE CARDS ***
belik555: raises $3 to $6
PostaPete: folds
Uncalled bet ($3) returned to belik555
belik555 collected $6 from pot
belik555: doesn't show hand
*** SUMMARY ***
Total pot $6 | Rake $0
Seat 1: PostaPete (big blind) folded before Flop
Seat 2: belik555 (button) (small blind) collected ($6)


PokerStars Hand #147749857661:  Hold'em Limit ($3/$6 USD) - 2016/01/27 2:34:30 ET
Table 'Neckar' 6-max Seat #1 is the button
Seat 1: PostaPete ($20 in chips)
Seat 2: belik555 ($82.76 in chips)
PostaPete: posts small blind $1
belik555: posts big blind $3
*** HOLE CARDS ***
PostaPete: raises $3 to $6
belik555: calls $3
*** FLOP *** [Ac 7c 4d]
belik555: checks
PostaPete: bets $3
belik555: calls $3
*** TURN *** [Ac 7c 4d] [2h]
belik555: checks
PostaPete: bets $6
belik555: calls $6
*** RIVER *** [Ac 7c 4d 2h] [Kc]
belik555: checks
PostaPete: bets $5 and is all-in
belik555: calls $5
*** SHOW DOWN ***
PostaPete: shows [Qd Jd] (high card Ace)
belik555: shows [Kh Ts] (a pair of Kings)
belik555 collected $39.50 from pot
*** SUMMARY ***
Total pot $40 | Rake $0.50
Board [Ac 7c 4d 2h Kc]
Seat 1: PostaPete (button) (small blind) showed [Qd Jd] and lost with high card Ace
Seat 2: belik555 (big blind) showed [Kh Ts] and won ($39.50) with a pair of Kings


PokerStars Hand #147749881402:  Hold'em Limit ($3/$6 USD) - 2016/01/27 2:35:46 ET
Table 'Neckar' 6-max Seat #3 is the button
Seat 2: belik555 ($81.26 in chips)
Seat 3: PostaPete ($50.50 in chips)
PostaPete: posts small blind $1
belik555: posts big blind $3
*** HOLE CARDS ***
PostaPete: folds
Uncalled bet ($2) returned to belik555
belik555 collected $2 from pot
belik555: doesn't show hand
*** SUMMARY ***
Total pot $2 | Rake $0
Seat 2: belik555 (big blind) collected ($2)
Seat 3: PostaPete (button) (small blind) folded before Flop


PokerStars Hand #147749874385:  Hold'em Limit ($3/$6 USD) - 2016/01/27 2:35:23 ET
Table 'Neckar' 6-max Seat #2 is the button
Seat 2: belik555 ($102.26 in chips)
Seat 3: PostaPete ($30 in chips)
belik555: posts small blind $1
PostaPete: posts big blind $3
*** HOLE CARDS ***
belik555: raises $3 to $6
PostaPete: calls $3
*** FLOP *** [Jc Qs 8s]
PostaPete: checks
belik555: bets $3
PostaPete: calls $3
*** TURN *** [Jc Qs 8s] [6d]
PostaPete: checks
belik555: bets $6
PostaPete: calls $6
*** RIVER *** [Jc Qs 8s 6d] [8d]
PostaPete: bets $6
belik555: calls $6
*** SHOW DOWN ***
PostaPete: shows [Ac 8h] (three of a kind, Eights)
belik555: mucks hand
PostaPete collected $41.50 from pot
*** SUMMARY ***
Total pot $42 | Rake $0.50
Board [Jc Qs 8s 6d 8d]
Seat 2: belik555 (button) (small blind) mucked
Seat 3: PostaPete (big blind) showed [Ac 8h] and won ($41.50) with three of a kind, Eights


PokerStars Hand #147749889953:  Hold'em Limit ($3/$6 USD) - 2016/01/27 2:36:13 ET
Table 'Neckar' 6-max Seat #3 is the button
Seat 2: belik555 ($111.76 in chips)
Seat 3: PostaPete ($19.50 in chips)
PostaPete: posts small blind $1
belik555: posts big blind $3
*** HOLE CARDS ***
PostaPete: raises $3 to $6
belik555: calls $3
*** FLOP *** [2s 4d 3d]
belik555: checks
PostaPete: checks
*** TURN *** [2s 4d 3d] [Ts]
belik555: bets $6
PostaPete: raises $6 to $12
belik555: calls $6
*** RIVER *** [2s 4d 3d Ts] [7d]
belik555: bets $6
PostaPete: calls $1.50 and is all-in
Uncalled bet ($4.50) returned to belik555
*** SHOW DOWN ***
belik555: shows [6d Qd] (a flush, Queen high)
PostaPete: shows [Ad 5s] (a straight, Ace to Five)
belik555 collected $38.50 from pot
*** SUMMARY ***
Total pot $39 | Rake $0.50
Board [2s 4d 3d Ts 7d]
Seat 2: belik555 (big blind) showed [6d Qd] and won ($38.50) with a flush, Queen high
Seat 3: PostaPete (button) (small blind) showed [Ad 5s] and lost with a straight, Ace to Five


PokerStars Hand #147749882873:  Hold'em Limit ($3/$6 USD) - 2016/01/27 2:35:51 ET
Table 'Neckar' 6-max Seat #2 is the button
Seat 2: belik555 ($82.26 in chips)
Seat 3: PostaPete ($49.50 in chips)
belik555: posts small blind $1
PostaPete: posts big blind $3
*** HOLE CARDS ***
belik555: raises $3 to $6
PostaPete: raises $3 to $9
belik555: calls $3
*** FLOP *** [9h As Jd]
PostaPete: bets $3
belik555: calls $3
*** TURN *** [9h As Jd] [7c]
PostaPete: bets $6
belik555: calls $6
*** RIVER *** [9h As Jd 7c] [Ah]
PostaPete: bets $6
belik555: raises $6 to $12
PostaPete: calls $6
*** SHOW DOWN ***
belik555: shows [3h Ac] (three of a kind, Aces)
PostaPete: mucks hand
belik555 collected $59.50 from pot
*** SUMMARY ***
Total pot $60 | Rake $0.50
Board [9h As Jd 7c Ah]
Seat 2: belik555 (button) (small blind) showed [3h Ac] and won ($59.50) with three of a kind, Aces
Seat 3: PostaPete (big blind) mucked


PokerStars Hand #147749988607:  Hold'em Limit ($3/$6 USD) - 2016/01/27 2:41:28 ET
Table 'Neckar' 6-max Seat #4 is the button
Seat 4: Actionni13 ($166.23 in chips)
Seat 6: KJJWKetchup ($120 in chips)
Actionni13: posts small blind $1
KJJWKetchup: posts big blind $3
*** HOLE CARDS ***
Actionni13: raises $3 to $6
KJJWKetchup: calls $3
*** FLOP *** [4c 9d 6s]
KJJWKetchup: checks
Actionni13: bets $3
KJJWKetchup: calls $3
*** TURN *** [4c 9d 6s] [8c]
KJJWKetchup: checks
Actionni13: bets $6
KJJWKetchup: calls $6
*** RIVER *** [4c 9d 6s 8c] [Qc]
KJJWKetchup: checks
Actionni13: bets $6
KJJWKetchup: calls $6
*** SHOW DOWN ***
Actionni13: shows [8s 9h] (two pair, Nines and Eights)
KJJWKetchup: mucks hand
Actionni13 collected $41.50 from pot
*** SUMMARY ***
Total pot $42 | Rake $0.50
Board [4c 9d 6s 8c Qc]
Seat 4: Actionni13 (button) (small blind) showed [8s 9h] and won ($41.50) with two pair, Nines and Eights
Seat 6: KJJWKetchup (big blind) mucked


PokerStars Hand #147750002523:  Hold'em Limit ($3/$6 USD) - 2016/01/27 2:42:10 ET
Table 'Neckar' 6-max Seat #6 is the button
Seat 4: Actionni13 ($186.73 in chips)
Seat 6: KJJWKetchup ($99 in chips)
KJJWKetchup: posts small blind $1
Actionni13: posts big blind $3
*** HOLE CARDS ***
KJJWKetchup: folds
Uncalled bet ($2) returned to Actionni13
Actionni13 collected $2 from pot
Actionni13: doesn't show hand
*** SUMMARY ***
Total pot $2 | Rake $0
Seat 4: Actionni13 (big blind) collected ($2)
Seat 6: KJJWKetchup (button) (small blind) folded before Flop


PokerStars Hand #147750029983:  Hold'em Limit ($3/$6 USD) - 2016/01/27 2:43:36 ET
Table 'Neckar' 6-max Seat #6 is the button
Seat 4: Actionni13 ($214.99 in chips)
Seat 6: KJJWKetchup ($70 in chips)
KJJWKetchup: posts small blind $1
Actionni13: posts big blind $3
*** HOLE CARDS ***
KJJWKetchup: folds
Uncalled bet ($2) returned to Actionni13
Actionni13 collected $2 from pot
Actionni13: doesn't show hand
*** SUMMARY ***
Total pot $2 | Rake $0
Seat 4: Actionni13 (big blind) collected ($2)
Seat 6: KJJWKetchup (button) (small blind) folded before Flop


PokerStars Hand #147750021845:  Hold'em Limit ($3/$6 USD) - 2016/01/27 2:43:10 ET
Table 'Neckar' 6-max Seat #4 is the button
Seat 4: Actionni13 ($194.49 in chips)
Seat 6: KJJWKetchup ($91 in chips)
Actionni13: posts small blind $1
KJJWKetchup: posts big blind $3
*** HOLE CARDS ***
Actionni13: raises $3 to $6
KJJWKetchup: calls $3
*** FLOP *** [5d 3h Qc]
KJJWKetchup: bets $3
Actionni13: calls $3
*** TURN *** [5d 3h Qc] [8s]
KJJWKetchup: bets $6
Actionni13: calls $6
*** RIVER *** [5d 3h Qc 8s] [Ac]
KJJWKetchup: bets $6
Actionni13: calls $6
*** SHOW DOWN ***
KJJWKetchup: shows [7s 6h] (high card Ace)
Actionni13: shows [3c Tc] (a pair of Threes)
Actionni13 collected $41.50 from pot
*** SUMMARY ***
Total pot $42 | Rake $0.50
Board [5d 3h Qc 8s Ac]
Seat 4: Actionni13 (button) (small blind) showed [3c Tc] and won ($41.50) with a pair of Threes
Seat 6: KJJWKetchup (big blind) showed [7s 6h] and lost with high card Ace


PokerStars Hand #147750031845:  Hold'em Limit ($3/$6 USD) - 2016/01/27 2:43:41 ET
Table 'Neckar' 6-max Seat #4 is the button
Seat 4: Actionni13 ($215.99 in chips)
Seat 6: KJJWKetchup ($69 in chips)
Actionni13: posts small blind $1
KJJWKetchup: posts big blind $3
*** HOLE CARDS ***
Actionni13: raises $3 to $6
KJJWKetchup: folds
Uncalled bet ($3) returned to Actionni13
KJJWKetchup leaves the table
Actionni13 collected $6 from pot
Actionni13: doesn't show hand
*** SUMMARY ***
Total pot $6 | Rake $0
Seat 4: Actionni13 (button) (small blind) collected ($6)
Seat 6: KJJWKetchup (big blind) folded before Flop


PokerStars Hand #147750020131:  Hold'em Limit ($3/$6 USD) - 2016/01/27 2:43:05 ET
Table 'Neckar' 6-max Seat #6 is the button
Seat 4: Actionni13 ($193.49 in chips)
Seat 6: KJJWKetchup ($92 in chips)
KJJWKetchup: posts small blind $1
Actionni13: posts big blind $3
*** HOLE CARDS ***
KJJWKetchup: folds
Uncalled bet ($2) returned to Actionni13
Actionni13 collected $2 from pot
Actionni13: doesn't show hand
*** SUMMARY ***
Total pot $2 | Rake $0
Seat 4: Actionni13 (big blind) collected ($2)
Seat 6: KJJWKetchup (button) (small blind) folded before Flop


PokerStars Hand #147750004151:  Hold'em Limit ($3/$6 USD) - 2016/01/27 2:42:16 ET
Table 'Neckar' 6-max Seat #4 is the button
Seat 4: Actionni13 ($187.73 in chips)
Seat 6: KJJWKetchup ($98 in chips)
Actionni13: posts small blind $1
KJJWKetchup: posts big blind $3
*** HOLE CARDS ***
Actionni13: raises $3 to $6
KJJWKetchup: calls $3
*** FLOP *** [5h 5d Ts]
KJJWKetchup: checks
Actionni13: bets $3
KJJWKetchup: folds
Uncalled bet ($3) returned to Actionni13
Actionni13 collected $11.76 from pot
Actionni13: doesn't show hand
*** SUMMARY ***
Total pot $12 | Rake $0.24
Board [5h 5d Ts]
Seat 4: Actionni13 (button) (small blind) collected ($11.76)
Seat 6: KJJWKetchup (big blind) folded on the Flop


PokerStars Hand #147751544340:  Hold'em Limit ($3/$6 USD) - 2016/01/27 3:56:46 ET
Table 'Neckar' 6-max Seat #1 is the button
Seat 1: Agrotait ($62 in chips)
Seat 2: ex-cali999 ($220.81 in chips)
Agrotait: posts small blind $1
ex-cali999: posts big blind $3
*** HOLE CARDS ***
Agrotait: folds
Uncalled bet ($2) returned to ex-cali999
ex-cali999 collected $2 from pot
ex-cali999: doesn't show hand
*** SUMMARY ***
Total pot $2 | Rake $0
Seat 1: Agrotait (button) (small blind) folded before Flop
Seat 2: ex-cali999 (big blind) collected ($2)


PokerStars Hand #147751529902:  Hold'em Limit ($3/$6 USD) - 2016/01/27 3:56:02 ET
Table 'Neckar' 6-max Seat #2 is the button
Seat 1: Agrotait ($71 in chips)
Seat 2: ex-cali999 ($212.17 in chips)
ex-cali999: posts small blind $1
Actionni13: is sitting out
Agrotait: posts big blind $3
*** HOLE CARDS ***
ex-cali999: raises $3 to $6
Agrotait: calls $3
*** FLOP *** [2h Qd 9h]
Agrotait: checks
ex-cali999: bets $3
Agrotait: calls $3
*** TURN *** [2h Qd 9h] [8s]
Agrotait: checks
ex-cali999: bets $6
Agrotait: folds
Uncalled bet ($6) returned to ex-cali999
fire852181 is disconnected
ex-cali999 collected $17.64 from pot
ex-cali999: doesn't show hand
*** SUMMARY ***
Total pot $18 | Rake $0.36
Board [2h Qd 9h 8s]
Seat 1: Agrotait (big blind) folded on the Turn
Seat 2: ex-cali999 (button) (small blind) collected ($17.64)


PokerStars Hand #147751546105:  Hold'em Limit ($3/$6 USD) - 2016/01/27 3:56:52 ET
Table 'Neckar' 6-max Seat #2 is the button
Seat 1: Agrotait ($61 in chips)
Seat 2: ex-cali999 ($221.81 in chips)
ex-cali999: posts small blind $1
Agrotait: posts big blind $3
*** HOLE CARDS ***
ex-cali999: raises $3 to $6
Agrotait: calls $3
*** FLOP *** [3c 5d 3s]
Agrotait: checks
ex-cali999: bets $3
Agrotait: calls $3
*** TURN *** [3c 5d 3s] [3d]
Agrotait: checks
ex-cali999: bets $6
Agrotait: folds
Uncalled bet ($6) returned to ex-cali999
ex-cali999 collected $17.64 from pot
ex-cali999: doesn't show hand
*** SUMMARY ***
Total pot $18 | Rake $0.36
Board [3c 5d 3s 3d]
Seat 1: Agrotait (big blind) folded on the Turn
Seat 2: ex-cali999 (button) (small blind) collected ($17.64)


PokerStars Hand #147751559641:  Hold'em Limit ($3/$6 USD) - 2016/01/27 3:57:32 ET
Table 'Neckar' 6-max Seat #1 is the button
Seat 1: Agrotait ($72 in chips)
Seat 2: ex-cali999 ($230.45 in chips)
Agrotait: posts small blind $1
ex-cali999: posts big blind $3
*** HOLE CARDS ***
Agrotait: raises $3 to $6
ex-cali999: raises $3 to $9
skaluah joins the table at seat #6
Agrotait: calls $3
*** FLOP *** [3d Qs 7s]
ex-cali999: bets $3
Agrotait: calls $3
*** TURN *** [3d Qs 7s] [Jc]
ex-cali999: bets $6
skaluah leaves the table
Agrotait: folds
Uncalled bet ($6) returned to ex-cali999
ex-cali999 collected $23.52 from pot
ex-cali999: doesn't show hand
*** SUMMARY ***
Total pot $24 | Rake $0.48
Board [3d Qs 7s Jc]
Seat 1: Agrotait (button) (small blind) folded on the Turn
Seat 2: ex-cali999 (big blind) collected ($23.52)


PokerStars Hand #147751594926:  Hold'em Limit ($3/$6 USD) - 2016/01/27 3:58:47 ET
Table 'Neckar' 6-max Seat #1 is the button
Seat 1: Agrotait ($68.64 in chips)
Seat 2: ex-cali999 ($232.97 in chips)
Agrotait: posts small blind $1
ex-cali999: posts big blind $3
*** HOLE CARDS ***
Agrotait: folds
Uncalled bet ($2) returned to ex-cali999
ex-cali999 collected $2 from pot
ex-cali999: doesn't show hand
*** SUMMARY ***
Total pot $2 | Rake $0
Seat 1: Agrotait (button) (small blind) folded before Flop
Seat 2: ex-cali999 (big blind) collected ($2)


PokerStars Hand #147751570165:  Hold'em Limit ($3/$6 USD) - 2016/01/27 3:58:02 ET
Table 'Neckar' 6-max Seat #2 is the button
Seat 1: Agrotait ($60 in chips)
Seat 2: ex-cali999 ($241.97 in chips)
ex-cali999: posts small blind $1
Agrotait: posts big blind $3
*** HOLE CARDS ***
ex-cali999: raises $3 to $6
Agrotait: calls $3
*** FLOP *** [7s 9s Jd]
Agrotait: checks
ex-cali999: bets $3
Agrotait: calls $3
*** TURN *** [7s 9s Jd] [Js]
Agrotait: checks
Actionni13 leaves the table
ex-cali999: checks
*** RIVER *** [7s 9s Jd Js] [Qs]
Agrotait: checks
ex-cali999: checks
*** SHOW DOWN ***
Agrotait: shows [Th 9h] (two pair, Jacks and Nines)
ex-cali999: mucks hand
Agrotait collected $17.64 from pot
*** SUMMARY ***
Total pot $18 | Rake $0.36
Board [7s 9s Jd Js Qs]
Seat 1: Agrotait (big blind) showed [Th 9h] and won ($17.64) with two pair, Jacks and Nines
Seat 2: ex-cali999 (button) (small blind) mucked


PokerStars Hand #147751596655:  Hold'em Limit ($3/$6 USD) - 2016/01/27 3:58:52 ET
Table 'Neckar' 6-max Seat #2 is the button
Seat 1: Agrotait ($67.64 in chips)
Seat 2: ex-cali999 ($233.97 in chips)
ex-cali999: posts small blind $1
fire852181 was removed from the table for failing to post
Agrotait: posts big blind $3
*** HOLE CARDS ***
ex-cali999: raises $3 to $6
Agrotait: calls $3
*** FLOP *** [9h Kc 9s]
Agrotait: checks
ex-cali999: bets $3
Agrotait: raises $3 to $6
ex-cali999: folds
Uncalled bet ($3) returned to Agrotait
Agrotait collected $17.64 from pot
Agrotait: doesn't show hand
*** SUMMARY ***
Total pot $18 | Rake $0.36
Board [9h Kc 9s]
Seat 1: Agrotait (big blind) collected ($17.64)
Seat 2: ex-cali999 (button) (small blind) folded on the Flop


PokerStars Hand #147751636921:  Hold'em Limit ($3/$6 USD) - 2016/01/27 4:00:48 ET
Table 'Neckar' 6-max Seat #2 is the button
Seat 1: Agrotait ($88.26 in chips)
Seat 2: ex-cali999 ($231.23 in chips)
ex-cali999: posts small blind $1
Agrotait: posts big blind $3
*** HOLE CARDS ***
ex-cali999: raises $3 to $6
Agrotait: calls $3
*** FLOP *** [6c 4c 9d]
Agrotait: checks
ex-cali999: bets $3
Agrotait: raises $3 to $6
ex-cali999: calls $3
*** TURN *** [6c 4c 9d] [Td]
Agrotait: bets $6
ex-cali999: raises $6 to $12
Agrotait: raises $6 to $18
ex-cali999: calls $6
*** RIVER *** [6c 4c 9d Td] [5d]
Agrotait: bets $6
ex-cali999: calls $6
*** SHOW DOWN ***
Agrotait: shows [9h 4h] (two pair, Nines and Fours)
ex-cali999: mucks hand
Agrotait collected $71.50 from pot
*** SUMMARY ***
Total pot $72 | Rake $0.50
Board [6c 4c 9d Td 5d]
Seat 1: Agrotait (big blind) showed [9h 4h] and won ($71.50) with two pair, Nines and Fours
Seat 2: ex-cali999 (button) (small blind) mucked


PokerStars Hand #147751649296:  Hold'em Limit ($3/$6 USD) - 2016/01/27 4:01:21 ET
Table 'Neckar' 6-max Seat #1 is the button
Seat 1: Agrotait ($123.76 in chips)
Seat 2: ex-cali999 ($195.23 in chips)
Agrotait: posts small blind $1
ex-cali999: posts big blind $3
*** HOLE CARDS ***
Agrotait: raises $3 to $6
ex-cali999: raises $3 to $9
Agrotait: calls $3
*** FLOP *** [Qs 8d 7d]
ex-cali999: bets $3
Agrotait: raises $3 to $6
ex-cali999: raises $3 to $9
Agrotait: calls $3
*** TURN *** [Qs 8d 7d] [Ah]
ex-cali999: bets $6
Agrotait: calls $6
*** RIVER *** [Qs 8d 7d Ah] [Js]
ex-cali999: bets $6
Agrotait: calls $6
*** SHOW DOWN ***
ex-cali999: shows [8h 8s] (three of a kind, Eights)
Agrotait: mucks hand
ex-cali999 collected $59.50 from pot
*** SUMMARY ***
Total pot $60 | Rake $0.50
Board [Qs 8d 7d Ah Js]
Seat 1: Agrotait (button) (small blind) mucked
Seat 2: ex-cali999 (big blind) showed [8h 8s] and won ($59.50) with three of a kind, Eights


PokerStars Hand #147751675184:  Hold'em Limit ($3/$6 USD) - 2016/01/27 4:02:28 ET
Table 'Neckar' 6-max Seat #1 is the button
Seat 1: Agrotait ($99.52 in chips)
Seat 2: ex-cali999 ($218.73 in chips)
Agrotait: posts small blind $1
ex-cali999: posts big blind $3
*** HOLE CARDS ***
Agrotait: raises $3 to $6
ex-cali999: calls $3
*** FLOP *** [8h Jh 2s]
ex-cali999: checks
Agrotait: bets $3
ex-cali999: calls $3
*** TURN *** [8h Jh 2s] [Qc]
ex-cali999: checks
Agrotait: checks
*** RIVER *** [8h Jh 2s Qc] [3d]
ex-cali999: checks
Agrotait: bets $6
ex-cali999: calls $6
*** SHOW DOWN ***
Agrotait: shows [5c 8d] (a pair of Eights)
ex-cali999: mucks hand
Agrotait collected $29.50 from pot
*** SUMMARY ***
Total pot $30 | Rake $0.50
Board [8h Jh 2s Qc 3d]
Seat 1: Agrotait (button) (small blind) showed [5c 8d] and won ($29.50) with a pair of Eights
Seat 2: ex-cali999 (big blind) mucked


PokerStars Hand #147751662030:  Hold'em Limit ($3/$6 USD) - 2016/01/27 4:01:55 ET
Table 'Neckar' 6-max Seat #2 is the button
Seat 1: Agrotait ($93.76 in chips)
Seat 2: ex-cali999 ($224.73 in chips)
ex-cali999: posts small blind $1
Agrotait: posts big blind $3
*** HOLE CARDS ***
ex-cali999: raises $3 to $6
Agrotait: calls $3
*** FLOP *** [9d 3c Jh]
Agrotait: checks
ex-cali999: checks
*** TURN *** [9d 3c Jh] [3s]
Agrotait: bets $6
ex-cali999: folds
Uncalled bet ($6) returned to Agrotait
Agrotait collected $11.76 from pot
Agrotait: doesn't show hand
*** SUMMARY ***
Total pot $12 | Rake $0.24
Board [9d 3c Jh 3s]
Seat 1: Agrotait (big blind) collected ($11.76)
Seat 2: ex-cali999 (button) (small blind) folded on the Turn


PokerStars Hand #147751685639:  Hold'em Limit ($3/$6 USD) - 2016/01/27 4:02:56 ET
Table 'Neckar' 6-max Seat #2 is the button
Seat 1: Agrotait ($114.02 in chips)
Seat 2: ex-cali999 ($203.73 in chips)
ex-cali999: posts small blind $1
Agrotait: posts big blind $3
*** HOLE CARDS ***
ex-cali999: raises $3 to $6
Agrotait: calls $3
*** FLOP *** [Jh 9c As]
Agrotait: checks
ex-cali999: bets $3
Agrotait: calls $3
*** TURN *** [Jh 9c As] [2h]
Agrotait: checks
ex-cali999: checks
*** RIVER *** [Jh 9c As 2h] [Ad]
Agrotait: bets $6
ex-cali999: folds
Uncalled bet ($6) returned to Agrotait
Agrotait collected $17.64 from pot
Agrotait: doesn't show hand
*** SUMMARY ***
Total pot $18 | Rake $0.36
Board [Jh 9c As 2h Ad]
Seat 1: Agrotait (big blind) collected ($17.64)
Seat 2: ex-cali999 (button) (small blind) folded on the River


PokerStars Hand #147751720722:  Hold'em Limit ($3/$6 USD) - 2016/01/27 4:04:26 ET
Table 'Neckar' 6-max Seat #1 is the button
Seat 1: Agrotait ($111.66 in chips)
Seat 2: ex-cali999 ($205.25 in chips)
Agrotait: posts small blind $1
ex-cali999: posts big blind $3
*** HOLE CARDS ***
Agrotait: raises $3 to $6
ex-cali999: calls $3
*** FLOP *** [Tc 4h 9s]
ex-cali999: checks
Agrotait: bets $3
ex-cali999: folds
Uncalled bet ($3) returned to Agrotait
Agrotait collected $11.76 from pot
Agrotait: doesn't show hand
*** SUMMARY ***
Total pot $12 | Rake $0.24
Board [Tc 4h 9s]
Seat 1: Agrotait (button) (small blind) collected ($11.76)
Seat 2: ex-cali999 (big blind) folded on the Flop


PokerStars Hand #147751718004:  Hold'em Limit ($3/$6 USD) - 2016/01/27 4:04:19 ET
Table 'Neckar' 6-max Seat #2 is the button
Seat 1: Agrotait ($110.66 in chips)
Seat 2: ex-cali999 ($206.25 in chips)
ex-cali999: posts small blind $1
Agrotait: posts big blind $3
*** HOLE CARDS ***
ex-cali999: folds
Uncalled bet ($2) returned to Agrotait
Agrotait collected $2 from pot
Agrotait: doesn't show hand
*** SUMMARY ***
Total pot $2 | Rake $0
Seat 1: Agrotait (big blind) collected ($2)
Seat 2: ex-cali999 (button) (small blind) folded before Flop


PokerStars Hand #147751706453:  Hold'em Limit ($3/$6 USD) - 2016/01/27 4:03:49 ET
Table 'Neckar' 6-max Seat #1 is the button
Seat 1: Agrotait ($122.66 in chips)
Seat 2: ex-cali999 ($194.73 in chips)
Agrotait: posts small blind $1
ex-cali999: posts big blind $3
*** HOLE CARDS ***
Agrotait: raises $3 to $6
ex-cali999: calls $3
*** FLOP *** [7c 8d 5c]
ex-cali999: checks
Agrotait: bets $3
ex-cali999: raises $3 to $6
Agrotait: calls $3
*** TURN *** [7c 8d 5c] [4c]
ex-cali999: bets $6
Agrotait: folds
Uncalled bet ($6) returned to ex-cali999
ex-cali999 collected $23.52 from pot
ex-cali999: doesn't show hand
*** SUMMARY ***
Total pot $24 | Rake $0.48
Board [7c 8d 5c 4c]
Seat 1: Agrotait (button) (small blind) folded on the Turn
Seat 2: ex-cali999 (big blind) collected ($23.52)


PokerStars Hand #147751740223:  Hold'em Limit ($3/$6 USD) - 2016/01/27 4:05:16 ET
Table 'Neckar' 6-max Seat #1 is the button
Seat 1: Agrotait ($111.42 in chips)
Seat 2: ex-cali999 ($205.01 in chips)
Agrotait: posts small blind $1
ex-cali999: posts big blind $3
*** HOLE CARDS ***
Agrotait: raises $3 to $6
ex-cali999: folds
Uncalled bet ($3) returned to Agrotait
Agrotait collected $6 from pot
Agrotait: doesn't show hand
*** SUMMARY ***
Total pot $6 | Rake $0
Seat 1: Agrotait (button) (small blind) collected ($6)
Seat 2: ex-cali999 (big blind) folded before Flop


PokerStars Hand #147751756335:  Hold'em Limit ($3/$6 USD) - 2016/01/27 4:05:56 ET
Table 'Neckar' 6-max Seat #1 is the button
Seat 1: Agrotait ($125.94 in chips)
Seat 2: ex-cali999 ($190.01 in chips)
Agrotait: posts small blind $1
ex-cali999: posts big blind $3
*** HOLE CARDS ***
Agrotait: raises $3 to $6
ex-cali999: calls $3
*** FLOP *** [3d Ks 8d]
ex-cali999: checks
Agrotait: bets $3
ex-cali999: calls $3
*** TURN *** [3d Ks 8d] [As]
ex-cali999: checks
Agrotait: checks
*** RIVER *** [3d Ks 8d As] [3s]
ex-cali999: bets $6
Agrotait: folds
Uncalled bet ($6) returned to ex-cali999
ex-cali999 collected $17.64 from pot
ex-cali999: doesn't show hand
*** SUMMARY ***
Total pot $18 | Rake $0.36
Board [3d Ks 8d As 3s]
Seat 1: Agrotait (button) (small blind) folded on the River
Seat 2: ex-cali999 (big blind) collected ($17.64)


PokerStars Hand #147751774770:  Hold'em Limit ($3/$6 USD) - 2016/01/27 4:06:43 ET
Table 'Neckar' 6-max Seat #2 is the button
Seat 1: Agrotait ($116.94 in chips)
Seat 2: ex-cali999 ($198.65 in chips)
ex-cali999: posts small blind $1
Agrotait: posts big blind $3
*** HOLE CARDS ***
ex-cali999: raises $3 to $6
Agrotait: raises $3 to $9
ex-cali999: calls $3
*** FLOP *** [2h 4h 2d]
Agrotait: bets $3
ex-cali999: calls $3
*** TURN *** [2h 4h 2d] [9h]
Agrotait: bets $6
ex-cali999: raises $6 to $12
Agrotait: calls $6
*** RIVER *** [2h 4h 2d 9h] [Ac]
Agrotait: checks
ex-cali999: checks
*** SHOW DOWN ***
Agrotait: shows [Qs 9s] (two pair, Nines and Deuces)
ex-cali999: shows [9d Ks] (two pair, Nines and Deuces)
Agrotait collected $23.75 from pot
ex-cali999 collected $23.75 from pot
*** SUMMARY ***
Total pot $48 | Rake $0.50
Board [2h 4h 2d 9h Ac]
Seat 1: Agrotait (big blind) showed [Qs 9s] and won ($23.75) with two pair, Nines and Deuces
Seat 2: ex-cali999 (button) (small blind) showed [9d Ks] and won ($23.75) with two pair, Nines and Deuces


