PokerStars Hand #169880481886:  Hold'em Limit ($3/$6 USD) - 2017/05/02 21:37:26 ET
Table 'Neith' 6-max Seat #1 is the button
Seat 1: Willijabo ($63.73 in chips)
Seat 3: rascal_319 ($412.99 in chips)
Willijabo: posts small blind $1
TinaTurner72: is sitting out
rascal_319: posts big blind $3
*** HOLE CARDS ***
TinaTurner72 leaves the table
Willijabo: folds
Uncalled bet ($2) returned to rascal_319
rascal_319 collected $2 from pot
rascal_319: doesn't show hand
*** SUMMARY ***
Total pot $2 | Rake $0
Seat 1: Willijabo (button) (small blind) folded before Flop
Seat 3: rascal_319 (big blind) collected ($2)


PokerStars Hand #169880484574:  Hold'em Limit ($3/$6 USD) - 2017/05/02 21:37:33 ET
Table 'Neith' 6-max Seat #3 is the button
Seat 1: Willijabo ($62.73 in chips)
Seat 3: rascal_319 ($413.99 in chips)
rascal_319: posts small blind $1
Willijabo: posts big blind $3
*** HOLE CARDS ***
rascal_319: raises $3 to $6
Willijabo: calls $3
*** FLOP *** [Ah 3h Kd]
Willijabo: checks
rascal_319: checks
*** TURN *** [Ah 3h Kd] [3d]
Willijabo: checks
rascal_319: bets $6
Willijabo: folds
Uncalled bet ($6) returned to rascal_319
rascal_319 collected $11.76 from pot
rascal_319: doesn't show hand
*** SUMMARY ***
Total pot $12 | Rake $0.24
Board [Ah 3h Kd 3d]
Seat 1: Willijabo (big blind) folded on the Turn
Seat 3: rascal_319 (button) (small blind) collected ($11.76)


