PokerStars Hand #148582541616:  Hold'em Limit ($3/$6 USD) - 2016/02/10 16:36:11 ET
Table 'Nekkar II' 2-max Seat #2 is the button
Seat 1: spritpok ($54.38 in chips)
Seat 2: elifnur2008 ($104.52 in chips)
elifnur2008: posts small blind $1
spritpok: posts big blind $3
*** HOLE CARDS ***
elifnur2008: raises $3 to $6
spritpok: raises $3 to $9
elifnur2008: calls $3
*** FLOP *** [7c 3c 7d]
spritpok: bets $3
elifnur2008: calls $3
*** TURN *** [7c 3c 7d] [3s]
spritpok: bets $6
elifnur2008: calls $6
*** RIVER *** [7c 3c 7d 3s] [Kc]
spritpok: bets $6
elifnur2008: raises $6 to $12
spritpok: folds
Uncalled bet ($6) returned to elifnur2008
elifnur2008 collected $47.50 from pot
elifnur2008: doesn't show hand
*** SUMMARY ***
Total pot $48 | Rake $0.50
Board [7c 3c 7d 3s Kc]
Seat 1: spritpok (big blind) folded on the River
Seat 2: elifnur2008 (button) (small blind) collected ($47.50)


PokerStars Hand #148582606649:  Hold'em Limit ($3/$6 USD) - 2016/02/10 16:37:11 ET
Table 'Nekkar II' 2-max Seat #1 is the button
Seat 1: spritpok ($23.88 in chips)
Seat 2: elifnur2008 ($133.52 in chips)
spritpok: posts small blind $1
elifnur2008: posts big blind $3
*** HOLE CARDS ***
spritpok: raises $3 to $6
elifnur2008: calls $3
*** FLOP *** [Jc 2c 7s]
elifnur2008: checks
spritpok: bets $3
elifnur2008: calls $3
*** TURN *** [Jc 2c 7s] [4d]
elifnur2008: checks
spritpok: bets $6
elifnur2008: raises $6 to $12
spritpok: raises $2.88 to $14.88 and is all-in
elifnur2008: calls $2.88
*** RIVER *** [Jc 2c 7s 4d] [8c]
*** SHOW DOWN ***
elifnur2008: shows [5s 3d] (high card Jack)
spritpok: shows [Jh 2d] (two pair, Jacks and Deuces)
spritpok collected $47.26 from pot
*** SUMMARY ***
Total pot $47.76 | Rake $0.50
Board [Jc 2c 7s 4d 8c]
Seat 1: spritpok (button) (small blind) showed [Jh 2d] and won ($47.26) with two pair, Jacks and Deuces
Seat 2: elifnur2008 (big blind) showed [5s 3d] and lost with high card Jack


PokerStars Hand #148582582936:  Hold'em Limit ($3/$6 USD) - 2016/02/10 16:36:49 ET
Table 'Nekkar II' 2-max Seat #2 is the button
Seat 1: spritpok ($47.88 in chips)
Seat 2: elifnur2008 ($110.02 in chips)
elifnur2008: posts small blind $1
spritpok: posts big blind $3
*** HOLE CARDS ***
elifnur2008: raises $3 to $6
spritpok: raises $3 to $9
elifnur2008: calls $3
*** FLOP *** [6d 2s Ks]
spritpok: bets $3
elifnur2008: calls $3
*** TURN *** [6d 2s Ks] [Jd]
spritpok: bets $6
elifnur2008: calls $6
*** RIVER *** [6d 2s Ks Jd] [6c]
spritpok: bets $6
elifnur2008: raises $6 to $12
spritpok: folds
Uncalled bet ($6) returned to elifnur2008
elifnur2008 collected $47.50 from pot
elifnur2008: doesn't show hand
*** SUMMARY ***
Total pot $48 | Rake $0.50
Board [6d 2s Ks Jd 6c]
Seat 1: spritpok (big blind) folded on the River
Seat 2: elifnur2008 (button) (small blind) collected ($47.50)


PokerStars Hand #148582564496:  Hold'em Limit ($3/$6 USD) - 2016/02/10 16:36:32 ET
Table 'Nekkar II' 2-max Seat #1 is the button
Seat 1: spritpok ($30.38 in chips)
Seat 2: elifnur2008 ($128.02 in chips)
spritpok: posts small blind $1
elifnur2008: posts big blind $3
*** HOLE CARDS ***
spritpok: raises $3 to $6
elifnur2008: raises $3 to $9
spritpok: calls $3
*** FLOP *** [2c 3d 7s]
elifnur2008: bets $3
spritpok: calls $3
*** TURN *** [2c 3d 7s] [Qd]
elifnur2008: bets $6
spritpok: raises $6 to $12
elifnur2008: folds
Uncalled bet ($6) returned to spritpok
spritpok collected $35.50 from pot
spritpok: doesn't show hand
*** SUMMARY ***
Total pot $36 | Rake $0.50
Board [2c 3d 7s Qd]
Seat 1: spritpok (button) (small blind) collected ($35.50)
Seat 2: elifnur2008 (big blind) folded on the Turn


PokerStars Hand #148582662886:  Hold'em Limit ($3/$6 USD) - 2016/02/10 16:38:03 ET
Table 'Nekkar II' 2-max Seat #2 is the button
Seat 1: spritpok ($79.40 in chips)
Seat 2: elifnur2008 ($76.64 in chips)
elifnur2008: posts small blind $1
spritpok: posts big blind $3
*** HOLE CARDS ***
elifnur2008: raises $3 to $6
spritpok: raises $3 to $9
elifnur2008: calls $3
*** FLOP *** [Qh Ah Ac]
spritpok: bets $3
elifnur2008: calls $3
*** TURN *** [Qh Ah Ac] [Jh]
spritpok: bets $6
elifnur2008: raises $6 to $12
spritpok: calls $6
*** RIVER *** [Qh Ah Ac Jh] [7h]
spritpok: checks
elifnur2008: bets $6
spritpok: raises $6 to $12
elifnur2008: folds
Uncalled bet ($6) returned to spritpok
spritpok collected $59.50 from pot
spritpok: doesn't show hand
*** SUMMARY ***
Total pot $60 | Rake $0.50
Board [Qh Ah Ac Jh 7h]
Seat 1: spritpok (big blind) collected ($59.50)
Seat 2: elifnur2008 (button) (small blind) folded on the River


PokerStars Hand #148582640879:  Hold'em Limit ($3/$6 USD) - 2016/02/10 16:37:43 ET
Table 'Nekkar II' 2-max Seat #1 is the button
Seat 1: spritpok ($55.90 in chips)
Seat 2: elifnur2008 ($100.64 in chips)
spritpok: posts small blind $1
elifnur2008: posts big blind $3
*** HOLE CARDS ***
spritpok: raises $3 to $6
elifnur2008: raises $3 to $9
spritpok: calls $3
*** FLOP *** [7h 8s 7s]
elifnur2008: bets $3
spritpok: calls $3
*** TURN *** [7h 8s 7s] [Jd]
elifnur2008: bets $6
spritpok: raises $6 to $12
elifnur2008: calls $6
*** RIVER *** [7h 8s 7s Jd] [3h]
elifnur2008: checks
spritpok: bets $6
elifnur2008: folds
Uncalled bet ($6) returned to spritpok
spritpok collected $47.50 from pot
spritpok: doesn't show hand
*** SUMMARY ***
Total pot $48 | Rake $0.50
Board [7h 8s 7s Jd 3h]
Seat 1: spritpok (button) (small blind) collected ($47.50)
Seat 2: elifnur2008 (big blind) folded on the River


PokerStars Hand #148582629762:  Hold'em Limit ($3/$6 USD) - 2016/02/10 16:37:33 ET
Table 'Nekkar II' 2-max Seat #2 is the button
Seat 1: spritpok ($47.26 in chips)
Seat 2: elifnur2008 ($109.64 in chips)
elifnur2008: posts small blind $1
spritpok: posts big blind $3
*** HOLE CARDS ***
elifnur2008: raises $3 to $6
spritpok: raises $3 to $9
elifnur2008: calls $3
*** FLOP *** [Kh 2d 5s]
spritpok: bets $3
elifnur2008: folds
Uncalled bet ($3) returned to spritpok
spritpok collected $17.64 from pot
spritpok: doesn't show hand
*** SUMMARY ***
Total pot $18 | Rake $0.36
Board [Kh 2d 5s]
Seat 1: spritpok (big blind) collected ($17.64)
Seat 2: elifnur2008 (button) (small blind) folded on the Flop


PokerStars Hand #148582735064:  Hold'em Limit ($3/$6 USD) - 2016/02/10 16:39:11 ET
Table 'Nekkar II' 2-max Seat #1 is the button
Seat 1: spritpok ($51.90 in chips)
Seat 2: elifnur2008 ($102.64 in chips)
spritpok: posts small blind $1
elifnur2008: posts big blind $3
*** HOLE CARDS ***
spritpok: raises $3 to $6
elifnur2008: calls $3
*** FLOP *** [7h 2s 8d]
elifnur2008: checks
spritpok: bets $3
elifnur2008: calls $3
*** TURN *** [7h 2s 8d] [7d]
elifnur2008: bets $6
spritpok: calls $6
*** RIVER *** [7h 2s 8d 7d] [Qh]
elifnur2008: bets $6
spritpok: folds
Uncalled bet ($6) returned to elifnur2008
elifnur2008 collected $29.50 from pot
elifnur2008: doesn't show hand
*** SUMMARY ***
Total pot $30 | Rake $0.50
Board [7h 2s 8d 7d Qh]
Seat 1: spritpok (button) (small blind) folded on the River
Seat 2: elifnur2008 (big blind) collected ($29.50)


PokerStars Hand #148582713060:  Hold'em Limit ($3/$6 USD) - 2016/02/10 16:38:50 ET
Table 'Nekkar II' 2-max Seat #2 is the button
Seat 1: spritpok ($72.90 in chips)
Seat 2: elifnur2008 ($82.14 in chips)
elifnur2008: posts small blind $1
spritpok: posts big blind $3
*** HOLE CARDS ***
elifnur2008: raises $3 to $6
spritpok: calls $3
*** FLOP *** [7s 7c 4h]
spritpok: bets $3
elifnur2008: calls $3
*** TURN *** [7s 7c 4h] [9d]
spritpok: bets $6
elifnur2008: calls $6
*** RIVER *** [7s 7c 4h 9d] [2d]
spritpok: bets $6
elifnur2008: raises $6 to $12
spritpok: folds
Uncalled bet ($6) returned to elifnur2008
elifnur2008 collected $41.50 from pot
elifnur2008: doesn't show hand
*** SUMMARY ***
Total pot $42 | Rake $0.50
Board [7s 7c 4h 9d 2d]
Seat 1: spritpok (big blind) folded on the River
Seat 2: elifnur2008 (button) (small blind) collected ($41.50)


PokerStars Hand #148582689037:  Hold'em Limit ($3/$6 USD) - 2016/02/10 16:38:28 ET
Table 'Nekkar II' 2-max Seat #1 is the button
Seat 1: spritpok ($108.90 in chips)
Seat 2: elifnur2008 ($46.64 in chips)
spritpok: posts small blind $1
elifnur2008: posts big blind $3
*** HOLE CARDS ***
spritpok: raises $3 to $6
elifnur2008: raises $3 to $9
spritpok: raises $3 to $12
Betting is capped
elifnur2008: calls $3
*** FLOP *** [4d Kd 2s]
elifnur2008: bets $3
spritpok: raises $3 to $6
elifnur2008: calls $3
*** TURN *** [4d Kd 2s] [2h]
elifnur2008: checks
spritpok: bets $6
elifnur2008: calls $6
*** RIVER *** [4d Kd 2s 2h] [7d]
elifnur2008: checks
spritpok: bets $6
elifnur2008: raises $6 to $12
spritpok: calls $6
*** SHOW DOWN ***
elifnur2008: shows [Td 8d] (a flush, King high)
spritpok: mucks hand
elifnur2008 collected $71.50 from pot
*** SUMMARY ***
Total pot $72 | Rake $0.50
Board [4d Kd 2s 2h 7d]
Seat 1: spritpok (button) (small blind) mucked
Seat 2: elifnur2008 (big blind) showed [Td 8d] and won ($71.50) with a flush, King high


PokerStars Hand #148582811302:  Hold'em Limit ($3/$6 USD) - 2016/02/10 16:40:22 ET
Table 'Nekkar II' 2-max Seat #1 is the button
Seat 1: spritpok ($19.30 in chips)
Seat 2: elifnur2008 ($133.24 in chips)
spritpok: posts small blind $1
elifnur2008: posts big blind $3
*** HOLE CARDS ***
spritpok: raises $3 to $6
elifnur2008: calls $3
*** FLOP *** [Qh 6c Ah]
elifnur2008: checks
spritpok: bets $3
elifnur2008: folds
Uncalled bet ($3) returned to spritpok
spritpok collected $11.76 from pot
spritpok: doesn't show hand
*** SUMMARY ***
Total pot $12 | Rake $0.24
Board [Qh 6c Ah]
Seat 1: spritpok (button) (small blind) collected ($11.76)
Seat 2: elifnur2008 (big blind) folded on the Flop


PokerStars Hand #148582793638:  Hold'em Limit ($3/$6 USD) - 2016/02/10 16:40:06 ET
Table 'Nekkar II' 2-max Seat #2 is the button
Seat 1: spritpok ($37.30 in chips)
Seat 2: elifnur2008 ($115.74 in chips)
elifnur2008: posts small blind $1
spritpok: posts big blind $3
*** HOLE CARDS ***
elifnur2008: raises $3 to $6
spritpok: raises $3 to $9
elifnur2008: calls $3
*** FLOP *** [Jh 3s 9s]
spritpok: bets $3
elifnur2008: calls $3
*** TURN *** [Jh 3s 9s] [9c]
spritpok: bets $6
elifnur2008: raises $6 to $12
spritpok: folds
Uncalled bet ($6) returned to elifnur2008
elifnur2008 collected $35.50 from pot
elifnur2008: doesn't show hand
*** SUMMARY ***
Total pot $36 | Rake $0.50
Board [Jh 3s 9s 9c]
Seat 1: spritpok (big blind) folded on the Turn
Seat 2: elifnur2008 (button) (small blind) collected ($35.50)


PokerStars Hand #148582756832:  Hold'em Limit ($3/$6 USD) - 2016/02/10 16:39:31 ET
Table 'Nekkar II' 2-max Seat #2 is the button
Seat 1: spritpok ($36.90 in chips)
Seat 2: elifnur2008 ($117.14 in chips)
elifnur2008: posts small blind $1
spritpok: posts big blind $3
*** HOLE CARDS ***
elifnur2008: raises $3 to $6
spritpok: raises $3 to $9
elifnur2008: calls $3
*** FLOP *** [Jc As 4d]
spritpok: bets $3
elifnur2008: calls $3
*** TURN *** [Jc As 4d] [5d]
spritpok: bets $6
elifnur2008: raises $6 to $12
spritpok: folds
Uncalled bet ($6) returned to elifnur2008
elifnur2008 collected $35.50 from pot
elifnur2008: doesn't show hand
*** SUMMARY ***
Total pot $36 | Rake $0.50
Board [Jc As 4d 5d]
Seat 1: spritpok (big blind) folded on the Turn
Seat 2: elifnur2008 (button) (small blind) collected ($35.50)


PokerStars Hand #148582839404:  Hold'em Limit ($3/$6 USD) - 2016/02/10 16:40:49 ET
Table 'Nekkar II' 2-max Seat #1 is the button
Seat 1: spritpok ($13.06 in chips)
Seat 2: elifnur2008 ($138.76 in chips)
spritpok: posts small blind $1
elifnur2008: posts big blind $3
*** HOLE CARDS ***
spritpok: raises $3 to $6
elifnur2008: calls $3
*** FLOP *** [Jd 5s 2s]
elifnur2008: checks
spritpok: bets $3
elifnur2008: calls $3
*** TURN *** [Jd 5s 2s] [3d]
elifnur2008: checks
spritpok: bets $4.06 and is all-in
elifnur2008: calls $4.06
*** RIVER *** [Jd 5s 2s 3d] [Jh]
*** SHOW DOWN ***
elifnur2008: shows [Qd 2h] (two pair, Jacks and Deuces)
spritpok: shows [6d Qc] (a pair of Jacks)
elifnur2008 collected $25.62 from pot
*** SUMMARY ***
Total pot $26.12 | Rake $0.50
Board [Jd 5s 2s 3d Jh]
Seat 1: spritpok (button) (small blind) showed [6d Qc] and lost with a pair of Jacks
Seat 2: elifnur2008 (big blind) showed [Qd 2h] and won ($25.62) with two pair, Jacks and Deuces


PokerStars Hand #148582821485:  Hold'em Limit ($3/$6 USD) - 2016/02/10 16:40:32 ET
Table 'Nekkar II' 2-max Seat #2 is the button
Seat 1: spritpok ($25.06 in chips)
Seat 2: elifnur2008 ($127.24 in chips)
elifnur2008: posts small blind $1
spritpok: posts big blind $3
*** HOLE CARDS ***
elifnur2008: raises $3 to $6
spritpok: raises $3 to $9
elifnur2008: calls $3
*** FLOP *** [Kd Kh 6s]
spritpok: bets $3
elifnur2008: calls $3
*** TURN *** [Kd Kh 6s] [Ts]
spritpok: checks
elifnur2008: bets $6
spritpok: folds
Uncalled bet ($6) returned to elifnur2008
elifnur2008 collected $23.52 from pot
elifnur2008: doesn't show hand
*** SUMMARY ***
Total pot $24 | Rake $0.48
Board [Kd Kh 6s Ts]
Seat 1: spritpok (big blind) folded on the Turn
Seat 2: elifnur2008 (button) (small blind) collected ($23.52)


