PokerStars Hand #146598107720:  Hold'em Limit ($3/$6 USD) - 2016/01/06 19:28:14 ET
Table 'Nekkar' 2-max Seat #2 is the button
Seat 1: kaputnikoff ($66.76 in chips)
Seat 2: pakin6969 ($55.12 in chips)
pakin6969: posts small blind $1
kaputnikoff: posts big blind $3
*** HOLE CARDS ***
pakin6969: raises $3 to $6
kaputnikoff: calls $3
*** FLOP *** [7c 4d 7h]
kaputnikoff: checks
pakin6969: bets $3
kaputnikoff: calls $3
*** TURN *** [7c 4d 7h] [8c]
kaputnikoff: checks
pakin6969: bets $6
kaputnikoff: folds
Uncalled bet ($6) returned to pakin6969
pakin6969 collected $17.64 from pot
pakin6969: doesn't show hand
*** SUMMARY ***
Total pot $18 | Rake $0.36
Board [7c 4d 7h 8c]
Seat 1: kaputnikoff (big blind) folded on the Turn
Seat 2: pakin6969 (button) (small blind) collected ($17.64)


PokerStars Hand #146598162365:  Hold'em Limit ($3/$6 USD) - 2016/01/06 19:29:30 ET
Table 'Nekkar' 2-max Seat #1 is the button
Seat 1: kaputnikoff ($61 in chips)
Seat 2: pakin6969 ($95.78 in chips)
kaputnikoff: posts small blind $1
pakin6969: posts big blind $3
*** HOLE CARDS ***
kaputnikoff: folds
Uncalled bet ($2) returned to pakin6969
pakin6969 collected $2 from pot
pakin6969: doesn't show hand
*** SUMMARY ***
Total pot $2 | Rake $0
Seat 1: kaputnikoff (button) (small blind) folded before Flop
Seat 2: pakin6969 (big blind) collected ($2)


PokerStars Hand #146598159029:  Hold'em Limit ($3/$6 USD) - 2016/01/06 19:29:25 ET
Table 'Nekkar' 2-max Seat #2 is the button
Seat 1: kaputnikoff ($60 in chips)
Seat 2: pakin6969 ($96.78 in chips)
pakin6969: posts small blind $1
kaputnikoff: posts big blind $3
*** HOLE CARDS ***
pakin6969: folds
Uncalled bet ($2) returned to kaputnikoff
kaputnikoff collected $2 from pot
kaputnikoff: doesn't show hand
*** SUMMARY ***
Total pot $2 | Rake $0
Seat 1: kaputnikoff (big blind) collected ($2)
Seat 2: pakin6969 (button) (small blind) folded before Flop


PokerStars Hand #146598152586:  Hold'em Limit ($3/$6 USD) - 2016/01/06 19:29:16 ET
Table 'Nekkar' 2-max Seat #1 is the button
Seat 1: kaputnikoff ($60 in chips)
Seat 2: pakin6969 ($95.78 in chips)
kaputnikoff: posts small blind $1
pakin6969: posts big blind $3
*** HOLE CARDS ***
kaputnikoff: folds
Uncalled bet ($2) returned to pakin6969
pakin6969 collected $2 from pot
pakin6969: doesn't show hand
*** SUMMARY ***
Total pot $2 | Rake $0
Seat 1: kaputnikoff (button) (small blind) folded before Flop
Seat 2: pakin6969 (big blind) collected ($2)


PokerStars Hand #146598136026:  Hold'em Limit ($3/$6 USD) - 2016/01/06 19:28:53 ET
Table 'Nekkar' 2-max Seat #2 is the button
Seat 1: kaputnikoff ($60 in chips)
Seat 2: pakin6969 ($84.26 in chips)
pakin6969: posts small blind $1
kaputnikoff: posts big blind $3
*** HOLE CARDS ***
pakin6969: raises $3 to $6
kaputnikoff: calls $3
*** FLOP *** [4c Td Kd]
kaputnikoff: checks
pakin6969: checks
*** TURN *** [4c Td Kd] [6s]
kaputnikoff: checks
pakin6969: checks
*** RIVER *** [4c Td Kd 6s] [Ts]
kaputnikoff: bets $6
pakin6969: calls $6
*** SHOW DOWN ***
kaputnikoff: shows [5c 8d] (a pair of Tens)
pakin6969: shows [Ad 2s] (a pair of Tens - Ace kicker)
pakin6969 collected $23.52 from pot
*** SUMMARY ***
Total pot $24 | Rake $0.48
Board [4c Td Kd 6s Ts]
Seat 1: kaputnikoff (big blind) showed [5c 8d] and lost with a pair of Tens
Seat 2: pakin6969 (button) (small blind) showed [Ad 2s] and won ($23.52) with a pair of Tens


PokerStars Hand #146598119417:  Hold'em Limit ($3/$6 USD) - 2016/01/06 19:28:30 ET
Table 'Nekkar' 2-max Seat #1 is the button
Seat 1: kaputnikoff ($60 in chips)
Seat 2: pakin6969 ($63.76 in chips)
kaputnikoff: posts small blind $1
pakin6969: posts big blind $3
*** HOLE CARDS ***
kaputnikoff: raises $3 to $6
pakin6969: calls $3
*** FLOP *** [Jc Qs 7c]
pakin6969: checks
kaputnikoff: bets $3
pakin6969: calls $3
*** TURN *** [Jc Qs 7c] [3c]
pakin6969: checks
kaputnikoff: checks
*** RIVER *** [Jc Qs 7c 3c] [Kd]
pakin6969: bets $6
kaputnikoff: raises $6 to $12
pakin6969: raises $6 to $18
kaputnikoff: folds
Uncalled bet ($6) returned to pakin6969
pakin6969 collected $41.50 from pot
pakin6969: doesn't show hand
*** SUMMARY ***
Total pot $42 | Rake $0.50
Board [Jc Qs 7c 3c Kd]
Seat 1: kaputnikoff (button) (small blind) folded on the River
Seat 2: pakin6969 (big blind) collected ($41.50)


PokerStars Hand #146598204686:  Hold'em Limit ($3/$6 USD) - 2016/01/06 19:30:28 ET
Table 'Nekkar' 2-max Seat #2 is the button
Seat 1: kaputnikoff ($60 in chips)
Seat 2: pakin6969 ($99.28 in chips)
pakin6969: posts small blind $1
kaputnikoff: posts big blind $3
*** HOLE CARDS ***
pakin6969: raises $3 to $6
kaputnikoff: raises $3 to $9
pakin6969: calls $3
*** FLOP *** [3h 9h Qh]
kaputnikoff: bets $3
pakin6969: calls $3
*** TURN *** [3h 9h Qh] [Ac]
kaputnikoff: checks
pakin6969: checks
*** RIVER *** [3h 9h Qh Ac] [Th]
kaputnikoff: checks
pakin6969: bets $6
kaputnikoff: calls $6
*** SHOW DOWN ***
pakin6969: shows [Qd Tc] (two pair, Queens and Tens)
kaputnikoff: mucks hand
pakin6969 collected $35.50 from pot
*** SUMMARY ***
Total pot $36 | Rake $0.50
Board [3h 9h Qh Ac Th]
Seat 1: kaputnikoff (big blind) mucked
Seat 2: pakin6969 (button) (small blind) showed [Qd Tc] and won ($35.50) with two pair, Queens and Tens


PokerStars Hand #146598180080:  Hold'em Limit ($3/$6 USD) - 2016/01/06 19:29:54 ET
Table 'Nekkar' 2-max Seat #1 is the button
Seat 1: kaputnikoff ($71.52 in chips)
Seat 2: pakin6969 ($84.78 in chips)
kaputnikoff: posts small blind $1
pakin6969: posts big blind $3
*** HOLE CARDS ***
kaputnikoff: raises $3 to $6
pakin6969: calls $3
*** FLOP *** [8d 9d 8c]
pakin6969: checks
kaputnikoff: bets $3
pakin6969: calls $3
*** TURN *** [8d 9d 8c] [7d]
pakin6969: checks
kaputnikoff: checks
*** RIVER *** [8d 9d 8c 7d] [3d]
pakin6969: checks
kaputnikoff: bets $6
pakin6969: raises $6 to $12
kaputnikoff: folds
Uncalled bet ($6) returned to pakin6969
pakin6969 collected $29.50 from pot
pakin6969: doesn't show hand
*** SUMMARY ***
Total pot $30 | Rake $0.50
Board [8d 9d 8c 7d 3d]
Seat 1: kaputnikoff (button) (small blind) folded on the River
Seat 2: pakin6969 (big blind) collected ($29.50)


PokerStars Hand #146598166777:  Hold'em Limit ($3/$6 USD) - 2016/01/06 19:29:36 ET
Table 'Nekkar' 2-max Seat #2 is the button
Seat 1: kaputnikoff ($60 in chips)
Seat 2: pakin6969 ($96.78 in chips)
pakin6969: posts small blind $1
kaputnikoff: posts big blind $3
*** HOLE CARDS ***
pakin6969: raises $3 to $6
kaputnikoff: calls $3
*** FLOP *** [2d Kc 2s]
kaputnikoff: checks
pakin6969: checks
*** TURN *** [2d Kc 2s] [3d]
kaputnikoff: bets $6
pakin6969: calls $6
*** RIVER *** [2d Kc 2s 3d] [4d]
kaputnikoff: checks
pakin6969: checks
*** SHOW DOWN ***
kaputnikoff: shows [3s 8h] (two pair, Threes and Deuces)
pakin6969: mucks hand
kaputnikoff collected $23.52 from pot
*** SUMMARY ***
Total pot $24 | Rake $0.48
Board [2d Kc 2s 3d 4d]
Seat 1: kaputnikoff (big blind) showed [3s 8h] and won ($23.52) with two pair, Threes and Deuces
Seat 2: pakin6969 (button) (small blind) mucked


PokerStars Hand #146598253812:  Hold'em Limit ($3/$6 USD) - 2016/01/06 19:31:36 ET
Table 'Nekkar' 2-max Seat #1 is the button
Seat 1: kaputnikoff ($91.26 in chips)
Seat 2: pakin6969 ($84.78 in chips)
kaputnikoff: posts small blind $1
pakin6969: posts big blind $3
*** HOLE CARDS ***
kaputnikoff: raises $3 to $6
pakin6969: calls $3
*** FLOP *** [8c 7s 7c]
pakin6969: checks
kaputnikoff: bets $3
pakin6969: folds
Uncalled bet ($3) returned to kaputnikoff
kaputnikoff collected $11.76 from pot
kaputnikoff: doesn't show hand
*** SUMMARY ***
Total pot $12 | Rake $0.24
Board [8c 7s 7c]
Seat 1: kaputnikoff (button) (small blind) collected ($11.76)
Seat 2: pakin6969 (big blind) folded on the Flop


PokerStars Hand #146598250320:  Hold'em Limit ($3/$6 USD) - 2016/01/06 19:31:32 ET
Table 'Nekkar' 2-max Seat #2 is the button
Seat 1: kaputnikoff ($90.26 in chips)
Seat 2: pakin6969 ($85.78 in chips)
pakin6969: posts small blind $1
kaputnikoff: posts big blind $3
*** HOLE CARDS ***
pakin6969: folds
Uncalled bet ($2) returned to kaputnikoff
kaputnikoff collected $2 from pot
kaputnikoff: doesn't show hand
*** SUMMARY ***
Total pot $2 | Rake $0
Seat 1: kaputnikoff (big blind) collected ($2)
Seat 2: pakin6969 (button) (small blind) folded before Flop


PokerStars Hand #146598237162:  Hold'em Limit ($3/$6 USD) - 2016/01/06 19:31:13 ET
Table 'Nekkar' 2-max Seat #1 is the button
Seat 1: kaputnikoff ($84.50 in chips)
Seat 2: pakin6969 ($91.78 in chips)
kaputnikoff: posts small blind $1
pakin6969: posts big blind $3
*** HOLE CARDS ***
kaputnikoff: raises $3 to $6
pakin6969: calls $3
*** FLOP *** [Ah 7d Qs]
pakin6969: checks
kaputnikoff: checks
*** TURN *** [Ah 7d Qs] [Ad]
pakin6969: checks
kaputnikoff: checks
*** RIVER *** [Ah 7d Qs Ad] [2s]
pakin6969: checks
kaputnikoff: bets $6
pakin6969: folds
Uncalled bet ($6) returned to kaputnikoff
kaputnikoff collected $11.76 from pot
kaputnikoff: doesn't show hand
*** SUMMARY ***
Total pot $12 | Rake $0.24
Board [Ah 7d Qs Ad 2s]
Seat 1: kaputnikoff (button) (small blind) collected ($11.76)
Seat 2: pakin6969 (big blind) folded on the River


PokerStars Hand #146598233898:  Hold'em Limit ($3/$6 USD) - 2016/01/06 19:31:09 ET
Table 'Nekkar' 2-max Seat #2 is the button
Seat 1: kaputnikoff ($83.50 in chips)
Seat 2: pakin6969 ($92.78 in chips)
pakin6969: posts small blind $1
kaputnikoff: posts big blind $3
*** HOLE CARDS ***
pakin6969: folds
Uncalled bet ($2) returned to kaputnikoff
kaputnikoff collected $2 from pot
kaputnikoff: doesn't show hand
*** SUMMARY ***
Total pot $2 | Rake $0
Seat 1: kaputnikoff (big blind) collected ($2)
Seat 2: pakin6969 (button) (small blind) folded before Flop


PokerStars Hand #146598219894:  Hold'em Limit ($3/$6 USD) - 2016/01/06 19:30:49 ET
Table 'Nekkar' 2-max Seat #1 is the button
Seat 1: kaputnikoff ($60 in chips)
Seat 2: pakin6969 ($116.78 in chips)
kaputnikoff: posts small blind $1
pakin6969: posts big blind $3
*** HOLE CARDS ***
kaputnikoff: raises $3 to $6
pakin6969: calls $3
*** FLOP *** [Qd 3s Td]
pakin6969: checks
kaputnikoff: checks
*** TURN *** [Qd 3s Td] [6h]
pakin6969: bets $6
kaputnikoff: raises $6 to $12
pakin6969: calls $6
*** RIVER *** [Qd 3s Td 6h] [5s]
pakin6969: checks
kaputnikoff: bets $6
pakin6969: calls $6
*** SHOW DOWN ***
kaputnikoff: shows [Qs 5h] (two pair, Queens and Fives)
pakin6969: mucks hand
kaputnikoff collected $47.50 from pot
*** SUMMARY ***
Total pot $48 | Rake $0.50
Board [Qd 3s Td 6h 5s]
Seat 1: kaputnikoff (button) (small blind) showed [Qs 5h] and won ($47.50) with two pair, Queens and Fives
Seat 2: pakin6969 (big blind) mucked


PokerStars Hand #146598285392:  Hold'em Limit ($3/$6 USD) - 2016/01/06 19:32:21 ET
Table 'Nekkar' 2-max Seat #2 is the button
Seat 1: kaputnikoff ($70.02 in chips)
Seat 2: pakin6969 ($105.04 in chips)
pakin6969: posts small blind $1
kaputnikoff: posts big blind $3
*** HOLE CARDS ***
pakin6969: raises $3 to $6
kaputnikoff: raises $3 to $9
pakin6969: calls $3
*** FLOP *** [5d Js 2c]
kaputnikoff: bets $3
pakin6969: calls $3
*** TURN *** [5d Js 2c] [9h]
kaputnikoff: bets $6
pakin6969: calls $6
*** RIVER *** [5d Js 2c 9h] [As]
kaputnikoff: bets $6
pakin6969: calls $6
*** SHOW DOWN ***
kaputnikoff: shows [Ac Kd] (a pair of Aces)
pakin6969: mucks hand
kaputnikoff collected $47.50 from pot
*** SUMMARY ***
Total pot $48 | Rake $0.50
Board [5d Js 2c 9h As]
Seat 1: kaputnikoff (big blind) showed [Ac Kd] and won ($47.50) with a pair of Aces
Seat 2: pakin6969 (button) (small blind) mucked


PokerStars Hand #146598270217:  Hold'em Limit ($3/$6 USD) - 2016/01/06 19:32:00 ET
Table 'Nekkar' 2-max Seat #1 is the button
Seat 1: kaputnikoff ($91.02 in chips)
Seat 2: pakin6969 ($84.54 in chips)
kaputnikoff: posts small blind $1
pakin6969: posts big blind $3
*** HOLE CARDS ***
kaputnikoff: raises $3 to $6
pakin6969: calls $3
*** FLOP *** [9c Th 6s]
pakin6969: checks
kaputnikoff: bets $3
pakin6969: calls $3
*** TURN *** [9c Th 6s] [Kd]
pakin6969: checks
kaputnikoff: bets $6
pakin6969: raises $6 to $12
kaputnikoff: calls $6
*** RIVER *** [9c Th 6s Kd] [4s]
pakin6969: bets $6
kaputnikoff: folds
Uncalled bet ($6) returned to pakin6969
pakin6969 collected $41.50 from pot
pakin6969: doesn't show hand
*** SUMMARY ***
Total pot $42 | Rake $0.50
Board [9c Th 6s Kd 4s]
Seat 1: kaputnikoff (button) (small blind) folded on the River
Seat 2: pakin6969 (big blind) collected ($41.50)


PokerStars Hand #146598261264:  Hold'em Limit ($3/$6 USD) - 2016/01/06 19:31:47 ET
Table 'Nekkar' 2-max Seat #2 is the button
Seat 1: kaputnikoff ($97.02 in chips)
Seat 2: pakin6969 ($78.78 in chips)
pakin6969: posts small blind $1
kaputnikoff: posts big blind $3
*** HOLE CARDS ***
pakin6969: raises $3 to $6
kaputnikoff: calls $3
*** FLOP *** [Th 3d 2s]
kaputnikoff: checks
pakin6969: bets $3
kaputnikoff: folds
Uncalled bet ($3) returned to pakin6969
pakin6969 collected $11.76 from pot
pakin6969: doesn't show hand
*** SUMMARY ***
Total pot $12 | Rake $0.24
Board [Th 3d 2s]
Seat 1: kaputnikoff (big blind) folded on the Flop
Seat 2: pakin6969 (button) (small blind) collected ($11.76)


PokerStars Hand #146598337726:  Hold'em Limit ($3/$6 USD) - 2016/01/06 19:33:34 ET
Table 'Nekkar' 2-max Seat #2 is the button
Seat 1: kaputnikoff ($70.52 in chips)
Seat 2: pakin6969 ($103.18 in chips)
pakin6969: posts small blind $1
kaputnikoff: posts big blind $3
*** HOLE CARDS ***
pakin6969: raises $3 to $6
kaputnikoff: raises $3 to $9
pakin6969: calls $3
*** FLOP *** [5c 3h 3s]
kaputnikoff: bets $3
pakin6969: calls $3
*** TURN *** [5c 3h 3s] [Kc]
kaputnikoff: bets $6
pakin6969: calls $6
*** RIVER *** [5c 3h 3s Kc] [7d]
kaputnikoff: checks
pakin6969: checks
*** SHOW DOWN ***
kaputnikoff: shows [Th As] (a pair of Threes)
pakin6969: mucks hand
kaputnikoff collected $35.50 from pot
*** SUMMARY ***
Total pot $36 | Rake $0.50
Board [5c 3h 3s Kc 7d]
Seat 1: kaputnikoff (big blind) showed [Th As] and won ($35.50) with a pair of Threes
Seat 2: pakin6969 (button) (small blind) mucked


PokerStars Hand #146598311412:  Hold'em Limit ($3/$6 USD) - 2016/01/06 19:32:57 ET
Table 'Nekkar' 2-max Seat #2 is the button
Seat 1: kaputnikoff ($84.52 in chips)
Seat 2: pakin6969 ($89.68 in chips)
pakin6969: posts small blind $1
kaputnikoff: posts big blind $3
*** HOLE CARDS ***
pakin6969: folds
Uncalled bet ($2) returned to kaputnikoff
kaputnikoff collected $2 from pot
kaputnikoff: doesn't show hand
*** SUMMARY ***
Total pot $2 | Rake $0
Seat 1: kaputnikoff (big blind) collected ($2)
Seat 2: pakin6969 (button) (small blind) folded before Flop


PokerStars Hand #146598298195:  Hold'em Limit ($3/$6 USD) - 2016/01/06 19:32:39 ET
Table 'Nekkar' 2-max Seat #1 is the button
Seat 1: kaputnikoff ($93.52 in chips)
Seat 2: pakin6969 ($81.04 in chips)
kaputnikoff: posts small blind $1
pakin6969: posts big blind $3
*** HOLE CARDS ***
kaputnikoff: raises $3 to $6
pakin6969: calls $3
*** FLOP *** [8c 8h Ts]
pakin6969: checks
kaputnikoff: bets $3
pakin6969: calls $3
*** TURN *** [8c 8h Ts] [Jh]
pakin6969: checks
kaputnikoff: checks
*** RIVER *** [8c 8h Ts Jh] [4h]
pakin6969: checks
kaputnikoff: checks
*** SHOW DOWN ***
pakin6969: shows [Ks Qc] (a pair of Eights)
kaputnikoff: mucks hand
pakin6969 collected $17.64 from pot
*** SUMMARY ***
Total pot $18 | Rake $0.36
Board [8c 8h Ts Jh 4h]
Seat 1: kaputnikoff (button) (small blind) mucked
Seat 2: pakin6969 (big blind) showed [Ks Qc] and won ($17.64) with a pair of Eights


PokerStars Hand #146598314907:  Hold'em Limit ($3/$6 USD) - 2016/01/06 19:33:02 ET
Table 'Nekkar' 2-max Seat #1 is the button
Seat 1: kaputnikoff ($85.52 in chips)
Seat 2: pakin6969 ($88.68 in chips)
kaputnikoff: posts small blind $1
pakin6969: posts big blind $3
*** HOLE CARDS ***
kaputnikoff: raises $3 to $6
pakin6969: calls $3
*** FLOP *** [Qh Jc Ac]
pakin6969: checks
kaputnikoff: bets $3
pakin6969: calls $3
*** TURN *** [Qh Jc Ac] [8c]
pakin6969: checks
kaputnikoff: checks
*** RIVER *** [Qh Jc Ac 8c] [Ks]
pakin6969: bets $6
kaputnikoff: calls $6
*** SHOW DOWN ***
pakin6969: shows [5c Th] (a straight, Ten to Ace)
kaputnikoff: mucks hand
pakin6969 collected $29.50 from pot
*** SUMMARY ***
Total pot $30 | Rake $0.50
Board [Qh Jc Ac 8c Ks]
Seat 1: kaputnikoff (button) (small blind) mucked
Seat 2: pakin6969 (big blind) showed [5c Th] and won ($29.50) with a straight, Ten to Ace


PokerStars Hand #146598333063:  Hold'em Limit ($3/$6 USD) - 2016/01/06 19:33:27 ET
Table 'Nekkar' 2-max Seat #1 is the button
Seat 1: kaputnikoff ($71.52 in chips)
Seat 2: pakin6969 ($102.18 in chips)
kaputnikoff: posts small blind $1
pakin6969: posts big blind $3
*** HOLE CARDS ***
kaputnikoff: folds
Uncalled bet ($2) returned to pakin6969
pakin6969 collected $2 from pot
pakin6969: doesn't show hand
*** SUMMARY ***
Total pot $2 | Rake $0
Seat 1: kaputnikoff (button) (small blind) folded before Flop
Seat 2: pakin6969 (big blind) collected ($2)


PokerStars Hand #146598329380:  Hold'em Limit ($3/$6 USD) - 2016/01/06 19:33:22 ET
Table 'Nekkar' 2-max Seat #2 is the button
Seat 1: kaputnikoff ($70.52 in chips)
Seat 2: pakin6969 ($103.18 in chips)
pakin6969: posts small blind $1
kaputnikoff: posts big blind $3
*** HOLE CARDS ***
pakin6969: folds
Uncalled bet ($2) returned to kaputnikoff
kaputnikoff collected $2 from pot
kaputnikoff: doesn't show hand
*** SUMMARY ***
Total pot $2 | Rake $0
Seat 1: kaputnikoff (big blind) collected ($2)
Seat 2: pakin6969 (button) (small blind) folded before Flop


PokerStars Hand #146598351559:  Hold'em Limit ($3/$6 USD) - 2016/01/06 19:33:53 ET
Table 'Nekkar' 2-max Seat #1 is the button
Seat 1: kaputnikoff ($88.02 in chips)
Seat 2: pakin6969 ($85.18 in chips)
kaputnikoff: posts small blind $1
pakin6969: posts big blind $3
*** HOLE CARDS ***
kaputnikoff: raises $3 to $6
pakin6969: calls $3
*** FLOP *** [Js Jc As]
pakin6969: checks
kaputnikoff: bets $3
pakin6969: calls $3
*** TURN *** [Js Jc As] [Ah]
pakin6969: checks
kaputnikoff: checks
*** RIVER *** [Js Jc As Ah] [Jd]
pakin6969: bets $6
kaputnikoff: calls $6
*** SHOW DOWN ***
pakin6969: shows [Jh 4h] (four of a kind, Jacks)
kaputnikoff: mucks hand
pakin6969 collected $29.50 from pot
*** SUMMARY ***
Total pot $30 | Rake $0.50
Board [Js Jc As Ah Jd]
Seat 1: kaputnikoff (button) (small blind) mucked
Seat 2: pakin6969 (big blind) showed [Jh 4h] and won ($29.50) with four of a kind, Jacks


PokerStars Hand #146598366337:  Hold'em Limit ($3/$6 USD) - 2016/01/06 19:34:14 ET
Table 'Nekkar' 2-max Seat #2 is the button
Seat 1: kaputnikoff ($73.02 in chips)
Seat 2: pakin6969 ($99.68 in chips)
pakin6969: posts small blind $1
kaputnikoff: posts big blind $3
*** HOLE CARDS ***
pakin6969: folds
Uncalled bet ($2) returned to kaputnikoff
kaputnikoff collected $2 from pot
kaputnikoff: doesn't show hand
*** SUMMARY ***
Total pot $2 | Rake $0
Seat 1: kaputnikoff (big blind) collected ($2)
Seat 2: pakin6969 (button) (small blind) folded before Flop


PokerStars Hand #146598369611:  Hold'em Limit ($3/$6 USD) - 2016/01/06 19:34:19 ET
Table 'Nekkar' 2-max Seat #1 is the button
Seat 1: kaputnikoff ($74.02 in chips)
Seat 2: pakin6969 ($98.68 in chips)
kaputnikoff: posts small blind $1
pakin6969: posts big blind $3
*** HOLE CARDS ***
kaputnikoff: folds
Uncalled bet ($2) returned to pakin6969
pakin6969 collected $2 from pot
pakin6969: doesn't show hand
*** SUMMARY ***
Total pot $2 | Rake $0
Seat 1: kaputnikoff (button) (small blind) folded before Flop
Seat 2: pakin6969 (big blind) collected ($2)


PokerStars Hand #146598373618:  Hold'em Limit ($3/$6 USD) - 2016/01/06 19:34:25 ET
Table 'Nekkar' 2-max Seat #2 is the button
Seat 1: kaputnikoff ($73.02 in chips)
Seat 2: pakin6969 ($99.68 in chips)
pakin6969: posts small blind $1
kaputnikoff: posts big blind $3
*** HOLE CARDS ***
pakin6969: raises $3 to $6
kaputnikoff: calls $3
*** FLOP *** [2s 5s 3d]
kaputnikoff: checks
pakin6969: checks
*** TURN *** [2s 5s 3d] [Jc]
kaputnikoff: checks
pakin6969: bets $6
kaputnikoff: calls $6
*** RIVER *** [2s 5s 3d Jc] [7h]
kaputnikoff: checks
pakin6969: checks
*** SHOW DOWN ***
kaputnikoff: shows [Kc 6d] (high card King)
pakin6969: mucks hand
kaputnikoff collected $23.52 from pot
*** SUMMARY ***
Total pot $24 | Rake $0.48
Board [2s 5s 3d Jc 7h]
Seat 1: kaputnikoff (big blind) showed [Kc 6d] and won ($23.52) with high card King
Seat 2: pakin6969 (button) (small blind) mucked


PokerStars Hand #146598385173:  Hold'em Limit ($3/$6 USD) - 2016/01/06 19:34:41 ET
Table 'Nekkar' 2-max Seat #1 is the button
Seat 1: kaputnikoff ($84.54 in chips)
Seat 2: pakin6969 ($87.68 in chips)
kaputnikoff: posts small blind $1
pakin6969: posts big blind $3
*** HOLE CARDS ***
kaputnikoff: folds
Uncalled bet ($2) returned to pakin6969
pakin6969 collected $2 from pot
pakin6969: doesn't show hand
*** SUMMARY ***
Total pot $2 | Rake $0
Seat 1: kaputnikoff (button) (small blind) folded before Flop
Seat 2: pakin6969 (big blind) collected ($2)


PokerStars Hand #146598389231:  Hold'em Limit ($3/$6 USD) - 2016/01/06 19:34:47 ET
Table 'Nekkar' 2-max Seat #2 is the button
Seat 1: kaputnikoff ($83.54 in chips)
Seat 2: pakin6969 ($88.68 in chips)
pakin6969: posts small blind $1
kaputnikoff: posts big blind $3
*** HOLE CARDS ***
pakin6969: raises $3 to $6
kaputnikoff: calls $3
*** FLOP *** [2s Qs 9c]
kaputnikoff: checks
pakin6969: checks
*** TURN *** [2s Qs 9c] [4s]
kaputnikoff: checks
pakin6969: checks
*** RIVER *** [2s Qs 9c 4s] [Ts]
kaputnikoff: checks
pakin6969: bets $6
kaputnikoff: folds
Uncalled bet ($6) returned to pakin6969
pakin6969 collected $11.76 from pot
pakin6969: doesn't show hand
*** SUMMARY ***
Total pot $12 | Rake $0.24
Board [2s Qs 9c 4s Ts]
Seat 1: kaputnikoff (big blind) folded on the River
Seat 2: pakin6969 (button) (small blind) collected ($11.76)


PokerStars Hand #146598408496:  Hold'em Limit ($3/$6 USD) - 2016/01/06 19:35:14 ET
Table 'Nekkar' 2-max Seat #1 is the button
Seat 1: kaputnikoff ($77.54 in chips)
Seat 2: pakin6969 ($94.44 in chips)
kaputnikoff: posts small blind $1
pakin6969: posts big blind $3
*** HOLE CARDS ***
kaputnikoff: raises $3 to $6
pakin6969: folds
Uncalled bet ($3) returned to kaputnikoff
kaputnikoff collected $6 from pot
kaputnikoff: doesn't show hand
*** SUMMARY ***
Total pot $6 | Rake $0
Seat 1: kaputnikoff (button) (small blind) collected ($6)
Seat 2: pakin6969 (big blind) folded before Flop


PokerStars Hand #146598412179:  Hold'em Limit ($3/$6 USD) - 2016/01/06 19:35:19 ET
Table 'Nekkar' 2-max Seat #2 is the button
Seat 1: kaputnikoff ($80.54 in chips)
Seat 2: pakin6969 ($91.44 in chips)
pakin6969: posts small blind $1
kaputnikoff: posts big blind $3
*** HOLE CARDS ***
pakin6969: raises $3 to $6
kaputnikoff: calls $3
*** FLOP *** [As 9h 4s]
kaputnikoff: checks
pakin6969: bets $3
kaputnikoff: calls $3
*** TURN *** [As 9h 4s] [8s]
kaputnikoff: checks
pakin6969: bets $6
kaputnikoff: calls $6
*** RIVER *** [As 9h 4s 8s] [4c]
kaputnikoff: checks
pakin6969: bets $6
kaputnikoff: raises $6 to $12
pakin6969: calls $6
*** SHOW DOWN ***
kaputnikoff: shows [5c 4h] (three of a kind, Fours)
pakin6969: mucks hand
kaputnikoff collected $53.50 from pot
*** SUMMARY ***
Total pot $54 | Rake $0.50
Board [As 9h 4s 8s 4c]
Seat 1: kaputnikoff (big blind) showed [5c 4h] and won ($53.50) with three of a kind, Fours
Seat 2: pakin6969 (button) (small blind) mucked


PokerStars Hand #146598445042:  Hold'em Limit ($3/$6 USD) - 2016/01/06 19:36:06 ET
Table 'Nekkar' 2-max Seat #2 is the button
Seat 1: kaputnikoff ($112.80 in chips)
Seat 2: pakin6969 ($58.44 in chips)
pakin6969: posts small blind $1
kaputnikoff: posts big blind $3
*** HOLE CARDS ***
pakin6969: folds
Uncalled bet ($2) returned to kaputnikoff
kaputnikoff collected $2 from pot
kaputnikoff: doesn't show hand
*** SUMMARY ***
Total pot $2 | Rake $0
Seat 1: kaputnikoff (big blind) collected ($2)
Seat 2: pakin6969 (button) (small blind) folded before Flop


PokerStars Hand #146598434735:  Hold'em Limit ($3/$6 USD) - 2016/01/06 19:35:51 ET
Table 'Nekkar' 2-max Seat #1 is the button
Seat 1: kaputnikoff ($107.04 in chips)
Seat 2: pakin6969 ($64.44 in chips)
kaputnikoff: posts small blind $1
pakin6969: posts big blind $3
*** HOLE CARDS ***
kaputnikoff: raises $3 to $6
pakin6969: calls $3
*** FLOP *** [7s 9h Ts]
pakin6969: checks
kaputnikoff: checks
*** TURN *** [7s 9h Ts] [4h]
pakin6969: checks
kaputnikoff: bets $6
pakin6969: folds
Uncalled bet ($6) returned to kaputnikoff
kaputnikoff collected $11.76 from pot
kaputnikoff: doesn't show hand
*** SUMMARY ***
Total pot $12 | Rake $0.24
Board [7s 9h Ts 4h]
Seat 1: kaputnikoff (button) (small blind) collected ($11.76)
Seat 2: pakin6969 (big blind) folded on the Turn


PokerStars Hand #146598448475:  Hold'em Limit ($3/$6 USD) - 2016/01/06 19:36:11 ET
Table 'Nekkar' 2-max Seat #1 is the button
Seat 1: kaputnikoff ($113.80 in chips)
Seat 2: pakin6969 ($57.44 in chips)
kaputnikoff: posts small blind $1
pakin6969: posts big blind $3
*** HOLE CARDS ***
kaputnikoff: folds
Uncalled bet ($2) returned to pakin6969
pakin6969 collected $2 from pot
pakin6969: doesn't show hand
*** SUMMARY ***
Total pot $2 | Rake $0
Seat 1: kaputnikoff (button) (small blind) folded before Flop
Seat 2: pakin6969 (big blind) collected ($2)


PokerStars Hand #146598452852:  Hold'em Limit ($3/$6 USD) - 2016/01/06 19:36:17 ET
Table 'Nekkar' 2-max Seat #2 is the button
Seat 1: kaputnikoff ($112.80 in chips)
Seat 2: pakin6969 ($58.44 in chips)
pakin6969: posts small blind $1
kaputnikoff: posts big blind $3
*** HOLE CARDS ***
pakin6969: raises $3 to $6
kaputnikoff: calls $3
*** FLOP *** [Jc 9s 8d]
kaputnikoff: checks
pakin6969: bets $3
kaputnikoff: folds
Uncalled bet ($3) returned to pakin6969
pakin6969 collected $11.76 from pot
pakin6969: doesn't show hand
*** SUMMARY ***
Total pot $12 | Rake $0.24
Board [Jc 9s 8d]
Seat 1: kaputnikoff (big blind) folded on the Flop
Seat 2: pakin6969 (button) (small blind) collected ($11.76)


PokerStars Hand #146598464176:  Hold'em Limit ($3/$6 USD) - 2016/01/06 19:36:33 ET
Table 'Nekkar' 2-max Seat #1 is the button
Seat 1: kaputnikoff ($106.80 in chips)
Seat 2: pakin6969 ($64.20 in chips)
kaputnikoff: posts small blind $1
pakin6969: posts big blind $3
*** HOLE CARDS ***
kaputnikoff: raises $3 to $6
pakin6969: calls $3
*** FLOP *** [Jh Qs Qd]
pakin6969: checks
kaputnikoff: bets $3
pakin6969: folds
Uncalled bet ($3) returned to kaputnikoff
kaputnikoff collected $11.76 from pot
kaputnikoff: doesn't show hand
*** SUMMARY ***
Total pot $12 | Rake $0.24
Board [Jh Qs Qd]
Seat 1: kaputnikoff (button) (small blind) collected ($11.76)
Seat 2: pakin6969 (big blind) folded on the Flop


PokerStars Hand #146598471861:  Hold'em Limit ($3/$6 USD) - 2016/01/06 19:36:44 ET
Table 'Nekkar' 2-max Seat #2 is the button
Seat 1: kaputnikoff ($112.56 in chips)
Seat 2: pakin6969 ($58.20 in chips)
pakin6969: posts small blind $1
kaputnikoff: posts big blind $3
*** HOLE CARDS ***
pakin6969: raises $3 to $6
kaputnikoff: raises $3 to $9
pakin6969: calls $3
*** FLOP *** [Kd 6h 6c]
kaputnikoff: bets $3
pakin6969: calls $3
*** TURN *** [Kd 6h 6c] [Js]
kaputnikoff: checks
pakin6969: checks
*** RIVER *** [Kd 6h 6c Js] [5d]
kaputnikoff: checks
pakin6969: checks
*** SHOW DOWN ***
kaputnikoff: shows [8h Ad] (a pair of Sixes)
pakin6969: shows [Ac 9s] (a pair of Sixes)
kaputnikoff collected $11.76 from pot
pakin6969 collected $11.76 from pot
*** SUMMARY ***
Total pot $24 | Rake $0.48
Board [Kd 6h 6c Js 5d]
Seat 1: kaputnikoff (big blind) showed [8h Ad] and won ($11.76) with a pair of Sixes
Seat 2: pakin6969 (button) (small blind) showed [Ac 9s] and won ($11.76) with a pair of Sixes


PokerStars Hand #146598491691:  Hold'em Limit ($3/$6 USD) - 2016/01/06 19:37:13 ET
Table 'Nekkar' 2-max Seat #1 is the button
Seat 1: kaputnikoff ($112.32 in chips)
Seat 2: pakin6969 ($57.96 in chips)
kaputnikoff: posts small blind $1
pakin6969: posts big blind $3
*** HOLE CARDS ***
kaputnikoff: raises $3 to $6
pakin6969: calls $3
*** FLOP *** [3s Qh Jd]
pakin6969: checks
kaputnikoff: bets $3
pakin6969: folds
Uncalled bet ($3) returned to kaputnikoff
kaputnikoff collected $11.76 from pot
kaputnikoff: doesn't show hand
*** SUMMARY ***
Total pot $12 | Rake $0.24
Board [3s Qh Jd]
Seat 1: kaputnikoff (button) (small blind) collected ($11.76)
Seat 2: pakin6969 (big blind) folded on the Flop


PokerStars Hand #146598508600:  Hold'em Limit ($3/$6 USD) - 2016/01/06 19:37:37 ET
Table 'Nekkar' 2-max Seat #1 is the button
Seat 1: kaputnikoff ($112.08 in chips)
Seat 2: pakin6969 ($57.72 in chips)
kaputnikoff: posts small blind $1
pakin6969: posts big blind $3
*** HOLE CARDS ***
kaputnikoff: raises $3 to $6
pakin6969: folds
Uncalled bet ($3) returned to kaputnikoff
kaputnikoff collected $6 from pot
kaputnikoff: doesn't show hand
*** SUMMARY ***
Total pot $6 | Rake $0
Seat 1: kaputnikoff (button) (small blind) collected ($6)
Seat 2: pakin6969 (big blind) folded before Flop


PokerStars Hand #146598499702:  Hold'em Limit ($3/$6 USD) - 2016/01/06 19:37:24 ET
Table 'Nekkar' 2-max Seat #2 is the button
Seat 1: kaputnikoff ($118.08 in chips)
Seat 2: pakin6969 ($51.96 in chips)
pakin6969: posts small blind $1
kaputnikoff: posts big blind $3
*** HOLE CARDS ***
pakin6969: raises $3 to $6
kaputnikoff: calls $3
*** FLOP *** [7s Ts As]
kaputnikoff: checks
pakin6969: bets $3
kaputnikoff: folds
Uncalled bet ($3) returned to pakin6969
pakin6969 collected $11.76 from pot
pakin6969: doesn't show hand
*** SUMMARY ***
Total pot $12 | Rake $0.24
Board [7s Ts As]
Seat 1: kaputnikoff (big blind) folded on the Flop
Seat 2: pakin6969 (button) (small blind) collected ($11.76)


PokerStars Hand #146598514303:  Hold'em Limit ($3/$6 USD) - 2016/01/06 19:37:45 ET
Table 'Nekkar' 2-max Seat #2 is the button
Seat 1: kaputnikoff ($115.08 in chips)
Seat 2: pakin6969 ($54.72 in chips)
pakin6969: posts small blind $1
kaputnikoff: posts big blind $3
*** HOLE CARDS ***
pakin6969: folds
Uncalled bet ($2) returned to kaputnikoff
kaputnikoff collected $2 from pot
kaputnikoff: doesn't show hand
*** SUMMARY ***
Total pot $2 | Rake $0
Seat 1: kaputnikoff (big blind) collected ($2)
Seat 2: pakin6969 (button) (small blind) folded before Flop


PokerStars Hand #146598518081:  Hold'em Limit ($3/$6 USD) - 2016/01/06 19:37:51 ET
Table 'Nekkar' 2-max Seat #1 is the button
Seat 1: kaputnikoff ($116.08 in chips)
Seat 2: pakin6969 ($53.72 in chips)
kaputnikoff: posts small blind $1
pakin6969: posts big blind $3
*** HOLE CARDS ***
kaputnikoff: raises $3 to $6
pakin6969: calls $3
*** FLOP *** [Ah 8s Ad]
pakin6969: checks
kaputnikoff: bets $3
pakin6969: calls $3
*** TURN *** [Ah 8s Ad] [4d]
pakin6969: checks
kaputnikoff: bets $6
pakin6969: calls $6
*** RIVER *** [Ah 8s Ad 4d] [6s]
pakin6969: checks
kaputnikoff: checks
*** SHOW DOWN ***
pakin6969: shows [Td Jd] (a pair of Aces)
kaputnikoff: shows [Ks Qd] (a pair of Aces - King kicker)
kaputnikoff collected $29.50 from pot
*** SUMMARY ***
Total pot $30 | Rake $0.50
Board [Ah 8s Ad 4d 6s]
Seat 1: kaputnikoff (button) (small blind) showed [Ks Qd] and won ($29.50) with a pair of Aces
Seat 2: pakin6969 (big blind) showed [Td Jd] and lost with a pair of Aces


PokerStars Hand #146598534320:  Hold'em Limit ($3/$6 USD) - 2016/01/06 19:38:14 ET
Table 'Nekkar' 2-max Seat #2 is the button
Seat 1: kaputnikoff ($130.58 in chips)
Seat 2: pakin6969 ($38.72 in chips)
pakin6969: posts small blind $1
kaputnikoff: posts big blind $3
*** HOLE CARDS ***
pakin6969: folds
Uncalled bet ($2) returned to kaputnikoff
kaputnikoff collected $2 from pot
kaputnikoff: doesn't show hand
*** SUMMARY ***
Total pot $2 | Rake $0
Seat 1: kaputnikoff (big blind) collected ($2)
Seat 2: pakin6969 (button) (small blind) folded before Flop


PokerStars Hand #146598550304:  Hold'em Limit ($3/$6 USD) - 2016/01/06 19:38:37 ET
Table 'Nekkar' 2-max Seat #2 is the button
Seat 1: kaputnikoff ($137.34 in chips)
Seat 2: pakin6969 ($31.72 in chips)
pakin6969: posts small blind $1
kaputnikoff: posts big blind $3
*** HOLE CARDS ***
pakin6969: folds
Uncalled bet ($2) returned to kaputnikoff
kaputnikoff collected $2 from pot
kaputnikoff: doesn't show hand
*** SUMMARY ***
Total pot $2 | Rake $0
Seat 1: kaputnikoff (big blind) collected ($2)
Seat 2: pakin6969 (button) (small blind) folded before Flop


PokerStars Hand #146598537736:  Hold'em Limit ($3/$6 USD) - 2016/01/06 19:38:19 ET
Table 'Nekkar' 2-max Seat #1 is the button
Seat 1: kaputnikoff ($131.58 in chips)
Seat 2: pakin6969 ($37.72 in chips)
kaputnikoff: posts small blind $1
pakin6969: posts big blind $3
*** HOLE CARDS ***
kaputnikoff: raises $3 to $6
pakin6969: calls $3
*** FLOP *** [Kd 5h 5s]
pakin6969: checks
kaputnikoff: checks
*** TURN *** [Kd 5h 5s] [6c]
pakin6969: checks
kaputnikoff: checks
*** RIVER *** [Kd 5h 5s 6c] [Td]
pakin6969: checks
kaputnikoff: bets $6
pakin6969: folds
Uncalled bet ($6) returned to kaputnikoff
kaputnikoff collected $11.76 from pot
kaputnikoff: doesn't show hand
*** SUMMARY ***
Total pot $12 | Rake $0.24
Board [Kd 5h 5s 6c Td]
Seat 1: kaputnikoff (button) (small blind) collected ($11.76)
Seat 2: pakin6969 (big blind) folded on the River


PokerStars Hand #146598565595:  Hold'em Limit ($3/$6 USD) - 2016/01/06 19:38:59 ET
Table 'Nekkar' 2-max Seat #2 is the button
Seat 1: kaputnikoff ($135.34 in chips)
Seat 2: pakin6969 ($33.60 in chips)
pakin6969: posts small blind $1
kaputnikoff: posts big blind $3
*** HOLE CARDS ***
pakin6969: folds
Uncalled bet ($2) returned to kaputnikoff
kaputnikoff collected $2 from pot
kaputnikoff: doesn't show hand
*** SUMMARY ***
Total pot $2 | Rake $0
Seat 1: kaputnikoff (big blind) collected ($2)
Seat 2: pakin6969 (button) (small blind) folded before Flop


PokerStars Hand #146598553777:  Hold'em Limit ($3/$6 USD) - 2016/01/06 19:38:42 ET
Table 'Nekkar' 2-max Seat #1 is the button
Seat 1: kaputnikoff ($138.34 in chips)
Seat 2: pakin6969 ($30.72 in chips)
kaputnikoff: posts small blind $1
pakin6969: posts big blind $3
*** HOLE CARDS ***
kaputnikoff: calls $2
pakin6969: checks
*** FLOP *** [3h 3s 3d]
pakin6969: checks
kaputnikoff: checks
*** TURN *** [3h 3s 3d] [Qc]
pakin6969: bets $6
kaputnikoff: folds
Uncalled bet ($6) returned to pakin6969
pakin6969 collected $5.88 from pot
pakin6969: doesn't show hand
*** SUMMARY ***
Total pot $6 | Rake $0.12
Board [3h 3s 3d Qc]
Seat 1: kaputnikoff (button) (small blind) folded on the Turn
Seat 2: pakin6969 (big blind) collected ($5.88)


PokerStars Hand #146598569225:  Hold'em Limit ($3/$6 USD) - 2016/01/06 19:39:04 ET
Table 'Nekkar' 2-max Seat #1 is the button
Seat 1: kaputnikoff ($136.34 in chips)
Seat 2: pakin6969 ($32.60 in chips)
kaputnikoff: posts small blind $1
pakin6969: posts big blind $3
*** HOLE CARDS ***
kaputnikoff: raises $3 to $6
pakin6969: calls $3
*** FLOP *** [7h Qd Js]
pakin6969: checks
kaputnikoff: checks
*** TURN *** [7h Qd Js] [3h]
pakin6969: bets $6
kaputnikoff: calls $6
*** RIVER *** [7h Qd Js 3h] [7c]
pakin6969: bets $6
kaputnikoff: calls $6
*** SHOW DOWN ***
pakin6969: shows [4h 3s] (two pair, Sevens and Threes)
kaputnikoff: shows [Jd 8h] (two pair, Jacks and Sevens)
kaputnikoff collected $35.50 from pot
*** SUMMARY ***
Total pot $36 | Rake $0.50
Board [7h Qd Js 3h 7c]
Seat 1: kaputnikoff (button) (small blind) showed [Jd 8h] and won ($35.50) with two pair, Jacks and Sevens
Seat 2: pakin6969 (big blind) showed [4h 3s] and lost with two pair, Sevens and Threes


PokerStars Hand #146598581550:  Hold'em Limit ($3/$6 USD) - 2016/01/06 19:39:22 ET
Table 'Nekkar' 2-max Seat #2 is the button
Seat 1: kaputnikoff ($153.84 in chips)
Seat 2: pakin6969 ($14.60 in chips)
pakin6969: posts small blind $1
kaputnikoff: posts big blind $3
*** HOLE CARDS ***
pakin6969: raises $3 to $6
kaputnikoff: raises $3 to $9
pakin6969: raises $3 to $12
Betting is capped
kaputnikoff: calls $3
*** FLOP *** [9s Td 2s]
kaputnikoff: bets $3
pakin6969: calls $2.60 and is all-in
Uncalled bet ($0.40) returned to kaputnikoff
*** TURN *** [9s Td 2s] [Qh]
*** RIVER *** [9s Td 2s Qh] [8c]
*** SHOW DOWN ***
kaputnikoff: shows [Ad 6h] (high card Ace)
pakin6969: shows [Kd 7h] (high card King)
kaputnikoff collected $28.70 from pot
*** SUMMARY ***
Total pot $29.20 | Rake $0.50
Board [9s Td 2s Qh 8c]
Seat 1: kaputnikoff (big blind) showed [Ad 6h] and won ($28.70) with high card Ace
Seat 2: pakin6969 (button) (small blind) showed [Kd 7h] and lost with high card King


