PokerStars Hand #165816317472:  Hold'em Limit ($3/$6 USD) - 2017/02/07 2:53:16 ET
Table 'Nekkar' 6-max Seat #3 is the button
Seat 3: ragz2riche5 ($155.45 in chips)
Seat 4: Agrotait ($72 in chips)
ragz2riche5: posts small blind $1
Agrotait: posts big blind $3
*** HOLE CARDS ***
ragz2riche5: calls $2
vitamin168 joins the table at seat #5
Agrotait: raises $3 to $6
ragz2riche5: calls $3
*** FLOP *** [6h 3d 5d]
Agrotait: checks
ragz2riche5: bets $3
Agrotait: calls $3
*** TURN *** [6h 3d 5d] [Ad]
Agrotait: checks
ragz2riche5: checks
*** RIVER *** [6h 3d 5d Ad] [6d]
Agrotait: checks
ragz2riche5: bets $6
Agrotait: folds
Uncalled bet ($6) returned to ragz2riche5
ragz2riche5 collected $17.64 from pot
*** SUMMARY ***
Total pot $18 | Rake $0.36
Board [6h 3d 5d Ad 6d]
Seat 3: ragz2riche5 (button) (small blind) collected ($17.64)
Seat 4: Agrotait (big blind) folded on the River


PokerStars Hand #165816448684:  Hold'em Limit ($3/$6 USD) - 2017/02/07 3:00:47 ET
Table 'Nekkar' 6-max Seat #3 is the button
Seat 3: ragz2riche5 ($219.34 in chips)
Seat 5: vitamin168 ($45.63 in chips)
HAL9QQQ will be allowed to play after the button
ragz2riche5: posts small blind $1
Agrotait leaves the table
vitamin168: posts big blind $3
*** HOLE CARDS ***
ragz2riche5: calls $2
vitamin168: checks
*** FLOP *** [8c Ah Qd]
vitamin168: bets $3
ragz2riche5: calls $3
*** TURN *** [8c Ah Qd] [6s]
vitamin168: checks
ragz2riche5: bets $6
vitamin168: folds
Uncalled bet ($6) returned to ragz2riche5
ragz2riche5 collected $11.76 from pot
*** SUMMARY ***
Total pot $12 | Rake $0.24
Board [8c Ah Qd 6s]
Seat 3: ragz2riche5 (button) (small blind) collected ($11.76)
Seat 5: vitamin168 (big blind) folded on the Turn


