PokerStars Hand #168425265063:  Hold'em Limit ($3/$6 USD) - 2017/04/01 13:06:01 ET
Table 'Nele' 6-max Seat #4 is the button
Seat 1: bomond2016-k ($427.07 in chips)
Seat 4: AzureCaper ($73 in chips)
AzureCaper: posts small blind $1
bomond2016-k: posts big blind $3
*** HOLE CARDS ***
AzureCaper: raises $3 to $6
bomond2016-k: calls $3
*** FLOP *** [Qh 2d Jh]
bomond2016-k: bets $3
AzureCaper: calls $3
*** TURN *** [Qh 2d Jh] [Ah]
bomond2016-k: bets $6
AzureCaper: calls $6
*** RIVER *** [Qh 2d Jh Ah] [6h]
bomond2016-k: bets $6
AzureCaper: folds
Uncalled bet ($6) returned to bomond2016-k
bomond2016-k collected $29.50 from pot
*** SUMMARY ***
Total pot $30 | Rake $0.50
Board [Qh 2d Jh Ah 6h]
Seat 1: bomond2016-k (big blind) collected ($29.50)
Seat 4: AzureCaper (button) (small blind) folded on the River


PokerStars Hand #168427668667:  Hold'em Limit ($3/$6 USD) - 2017/04/01 13:52:43 ET
Table 'Nele' 6-max Seat #3 is the button
Seat 3: habari786 ($60 in chips)
Seat 4: MTails ($120 in chips)
habari786: posts small blind $1
MTails: posts big blind $3
*** HOLE CARDS ***
habari786: folds
Uncalled bet ($2) returned to MTails
MTails collected $2 from pot
MTails: doesn't show hand
*** SUMMARY ***
Total pot $2 | Rake $0
Seat 3: habari786 (button) (small blind) folded before Flop
Seat 4: MTails (big blind) collected ($2)


PokerStars Hand #168427680482:  Hold'em Limit ($3/$6 USD) - 2017/04/01 13:52:56 ET
Table 'Nele' 6-max Seat #4 is the button
Seat 3: habari786 ($59 in chips)
Seat 4: MTails ($121 in chips)
MTails: posts small blind $1
habari786: posts big blind $3
*** HOLE CARDS ***
MTails: raises $3 to $6
habari786: folds
Uncalled bet ($3) returned to MTails
MTails collected $6 from pot
*** SUMMARY ***
Total pot $6 | Rake $0
Seat 3: habari786 (big blind) folded before Flop
Seat 4: MTails (button) (small blind) collected ($6)


PokerStars Hand #168427694425:  Hold'em Limit ($3/$6 USD) - 2017/04/01 13:53:11 ET
Table 'Nele' 6-max Seat #3 is the button
Seat 3: habari786 ($56 in chips)
Seat 4: MTails ($124 in chips)
habari786: posts small blind $1
MTails: posts big blind $3
*** HOLE CARDS ***
habari786: raises $3 to $6
MTails: calls $3
*** FLOP *** [2d 2s 7c]
MTails: checks
habari786: bets $3
MTails: folds
Uncalled bet ($3) returned to habari786
habari786 collected $11.76 from pot
*** SUMMARY ***
Total pot $12 | Rake $0.24
Board [2d 2s 7c]
Seat 3: habari786 (button) (small blind) collected ($11.76)
Seat 4: MTails (big blind) folded on the Flop


PokerStars Hand #168427726528:  Hold'em Limit ($3/$6 USD) - 2017/04/01 13:53:46 ET
Table 'Nele' 6-max Seat #4 is the button
Seat 3: habari786 ($61.76 in chips)
Seat 4: MTails ($118 in chips)
MTails: posts small blind $1
habari786: posts big blind $3
*** HOLE CARDS ***
MTails: raises $3 to $6
habari786: calls $3
*** FLOP *** [7d 9s Kh]
habari786: checks
MTails: bets $3
habari786: calls $3
*** TURN *** [7d 9s Kh] [6s]
habari786: checks
MTails: bets $6
habari786: folds
Uncalled bet ($6) returned to MTails
MTails collected $17.64 from pot
*** SUMMARY ***
Total pot $18 | Rake $0.36
Board [7d 9s Kh 6s]
Seat 3: habari786 (big blind) folded on the Turn
Seat 4: MTails (button) (small blind) collected ($17.64)


PokerStars Hand #168427743989:  Hold'em Limit ($3/$6 USD) - 2017/04/01 13:54:05 ET
Table 'Nele' 6-max Seat #3 is the button
Seat 3: habari786 ($52.76 in chips)
Seat 4: MTails ($126.64 in chips)
habari786: posts small blind $1
MTails: posts big blind $3
*** HOLE CARDS ***
habari786: raises $3 to $6
MTails: calls $3
*** FLOP *** [6h Kd 5s]
MTails: checks
habari786: bets $3
MTails: calls $3
*** TURN *** [6h Kd 5s] [2c]
MTails: checks
habari786: checks
*** RIVER *** [6h Kd 5s 2c] [Ah]
MTails: bets $6
habari786: raises $6 to $12
MTails: folds
Uncalled bet ($6) returned to habari786
habari786 collected $29.50 from pot
habari786: doesn't show hand
*** SUMMARY ***
Total pot $30 | Rake $0.50
Board [6h Kd 5s 2c Ah]
Seat 3: habari786 (button) (small blind) collected ($29.50)
Seat 4: MTails (big blind) folded on the River


PokerStars Hand #168427762138:  Hold'em Limit ($3/$6 USD) - 2017/04/01 13:54:25 ET
Table 'Nele' 6-max Seat #4 is the button
Seat 3: habari786 ($67.26 in chips)
Seat 4: MTails ($111.64 in chips)
MTails: posts small blind $1
habari786: posts big blind $3
*** HOLE CARDS ***
MTails: raises $3 to $6
habari786: calls $3
*** FLOP *** [Ks Jd 2s]
habari786: checks
MTails: bets $3
habari786: calls $3
*** TURN *** [Ks Jd 2s] [9c]
habari786: checks
MTails: bets $6
habari786: calls $6
*** RIVER *** [Ks Jd 2s 9c] [7h]
habari786: checks
MTails: checks
*** SHOW DOWN ***
habari786: shows [Qd 9d] (a pair of Nines)
MTails: mucks hand
habari786 collected $29.50 from pot
*** SUMMARY ***
Total pot $30 | Rake $0.50
Board [Ks Jd 2s 9c 7h]
Seat 3: habari786 (big blind) showed [Qd 9d] and won ($29.50) with a pair of Nines
Seat 4: MTails (button) (small blind) mucked


PokerStars Hand #168427834459:  Hold'em Limit ($3/$6 USD) - 2017/04/01 13:56:00 ET
Table 'Nele' 6-max Seat #3 is the button
Seat 3: habari786 ($71.51 in chips)
Seat 4: MTails ($106.15 in chips)
habari786: posts small blind $1
MTails: posts big blind $3
*** HOLE CARDS ***
habari786: folds
Uncalled bet ($2) returned to MTails
MTails collected $2 from pot
*** SUMMARY ***
Total pot $2 | Rake $0
Seat 3: habari786 (button) (small blind) folded before Flop
Seat 4: MTails (big blind) collected ($2)


PokerStars Hand #168427809899:  Hold'em Limit ($3/$6 USD) - 2017/04/01 13:55:22 ET
Table 'Nele' 6-max Seat #3 is the button
Seat 3: habari786 ($78.51 in chips)
Seat 4: MTails ($99.39 in chips)
habari786: posts small blind $1
MTails: posts big blind $3
*** HOLE CARDS ***
habari786: folds
Uncalled bet ($2) returned to MTails
MTails collected $2 from pot
*** SUMMARY ***
Total pot $2 | Rake $0
Seat 3: habari786 (button) (small blind) folded before Flop
Seat 4: MTails (big blind) collected ($2)


PokerStars Hand #168427806474:  Hold'em Limit ($3/$6 USD) - 2017/04/01 13:55:16 ET
Table 'Nele' 6-max Seat #4 is the button
Seat 3: habari786 ($81.51 in chips)
Seat 4: MTails ($96.39 in chips)
MTails: posts small blind $1
habari786: posts big blind $3
*** HOLE CARDS ***
MTails: raises $3 to $6
habari786: folds
Uncalled bet ($3) returned to MTails
MTails collected $6 from pot
*** SUMMARY ***
Total pot $6 | Rake $0
Seat 3: habari786 (big blind) folded before Flop
Seat 4: MTails (button) (small blind) collected ($6)


PokerStars Hand #168427814776:  Hold'em Limit ($3/$6 USD) - 2017/04/01 13:55:29 ET
Table 'Nele' 6-max Seat #4 is the button
Seat 3: habari786 ($77.51 in chips)
Seat 4: MTails ($100.39 in chips)
MTails: posts small blind $1
habari786: posts big blind $3
*** HOLE CARDS ***
MTails: raises $3 to $6
habari786: calls $3
*** FLOP *** [Qs As 8h]
habari786: checks
MTails: bets $3
habari786: folds
Uncalled bet ($3) returned to MTails
MTails collected $11.76 from pot
*** SUMMARY ***
Total pot $12 | Rake $0.24
Board [Qs As 8h]
Seat 3: habari786 (big blind) folded on the Flop
Seat 4: MTails (button) (small blind) collected ($11.76)


PokerStars Hand #168427831187:  Hold'em Limit ($3/$6 USD) - 2017/04/01 13:55:55 ET
Table 'Nele' 6-max Seat #4 is the button
Seat 3: habari786 ($70.51 in chips)
Seat 4: MTails ($107.15 in chips)
MTails: posts small blind $1
habari786: posts big blind $3
*** HOLE CARDS ***
MTails: folds
Uncalled bet ($2) returned to habari786
habari786 collected $2 from pot
habari786: doesn't show hand
*** SUMMARY ***
Total pot $2 | Rake $0
Seat 3: habari786 (big blind) collected ($2)
Seat 4: MTails (button) (small blind) folded before Flop


PokerStars Hand #168427827882:  Hold'em Limit ($3/$6 USD) - 2017/04/01 13:55:50 ET
Table 'Nele' 6-max Seat #3 is the button
Seat 3: habari786 ($71.51 in chips)
Seat 4: MTails ($106.15 in chips)
habari786: posts small blind $1
MTails: posts big blind $3
*** HOLE CARDS ***
habari786: folds
Uncalled bet ($2) returned to MTails
MTails collected $2 from pot
*** SUMMARY ***
Total pot $2 | Rake $0
Seat 3: habari786 (button) (small blind) folded before Flop
Seat 4: MTails (big blind) collected ($2)


PokerStars Hand #168427851815:  Hold'em Limit ($3/$6 USD) - 2017/04/01 13:56:28 ET
Table 'Nele' 6-max Seat #3 is the button
Seat 3: habari786 ($46.51 in chips)
Seat 4: MTails ($130.65 in chips)
habari786: posts small blind $1
MTails: posts big blind $3
*** HOLE CARDS ***
habari786: raises $3 to $6
MTails: raises $3 to $9
habari786: raises $3 to $12
Betting is capped
MTails: calls $3
*** FLOP *** [9c 5d Th]
MTails: checks
habari786: bets $3
MTails: calls $3
*** TURN *** [9c 5d Th] [6s]
MTails: checks
habari786: bets $6
MTails: calls $6
*** RIVER *** [9c 5d Th 6s] [Jc]
MTails: bets $6
habari786: folds
Uncalled bet ($6) returned to MTails
MTails collected $41.50 from pot
*** SUMMARY ***
Total pot $42 | Rake $0.50
Board [9c 5d Th 6s Jc]
Seat 3: habari786 (button) (small blind) folded on the River
Seat 4: MTails (big blind) collected ($41.50)


PokerStars Hand #168427872253:  Hold'em Limit ($3/$6 USD) - 2017/04/01 13:57:00 ET
Table 'Nele' 6-max Seat #4 is the button
Seat 3: habari786 ($21.51 in chips)
Seat 4: MTails ($155.15 in chips)
MTails: posts small blind $1
habari786: posts big blind $3
*** HOLE CARDS ***
MTails: raises $3 to $6
habari786: calls $3
*** FLOP *** [Ks Td 2s]
habari786: checks
MTails: bets $3
habari786: folds
Uncalled bet ($3) returned to MTails
MTails collected $11.76 from pot
*** SUMMARY ***
Total pot $12 | Rake $0.24
Board [Ks Td 2s]
Seat 3: habari786 (big blind) folded on the Flop
Seat 4: MTails (button) (small blind) collected ($11.76)


PokerStars Hand #168427837598:  Hold'em Limit ($3/$6 USD) - 2017/04/01 13:56:05 ET
Table 'Nele' 6-max Seat #4 is the button
Seat 3: habari786 ($70.51 in chips)
Seat 4: MTails ($107.15 in chips)
MTails: posts small blind $1
habari786: posts big blind $3
*** HOLE CARDS ***
MTails: raises $3 to $6
habari786: raises $3 to $9
MTails: calls $3
*** FLOP *** [5c 2h 4d]
habari786: bets $3
MTails: calls $3
*** TURN *** [5c 2h 4d] [As]
habari786: checks
MTails: bets $6
habari786: calls $6
*** RIVER *** [5c 2h 4d As] [4c]
habari786: checks
MTails: bets $6
habari786: calls $6
*** SHOW DOWN ***
MTails: shows [3d 8d] (a straight, Ace to Five)
habari786: mucks hand
MTails collected $47.50 from pot
*** SUMMARY ***
Total pot $48 | Rake $0.50
Board [5c 2h 4d As 4c]
Seat 3: habari786 (big blind) mucked
Seat 4: MTails (button) (small blind) showed [3d 8d] and won ($47.50) with a straight, Ace to Five


PokerStars Hand #168427868580:  Hold'em Limit ($3/$6 USD) - 2017/04/01 13:56:54 ET
Table 'Nele' 6-max Seat #3 is the button
Seat 3: habari786 ($22.51 in chips)
Seat 4: MTails ($154.15 in chips)
habari786: posts small blind $1
MTails: posts big blind $3
*** HOLE CARDS ***
habari786: folds
Uncalled bet ($2) returned to MTails
MTails collected $2 from pot
*** SUMMARY ***
Total pot $2 | Rake $0
Seat 3: habari786 (button) (small blind) folded before Flop
Seat 4: MTails (big blind) collected ($2)


PokerStars Hand #168427865497:  Hold'em Limit ($3/$6 USD) - 2017/04/01 13:56:49 ET
Table 'Nele' 6-max Seat #4 is the button
Seat 3: habari786 ($25.51 in chips)
Seat 4: MTails ($151.15 in chips)
MTails: posts small blind $1
habari786: posts big blind $3
*** HOLE CARDS ***
MTails: raises $3 to $6
habari786: folds
Uncalled bet ($3) returned to MTails
MTails collected $6 from pot
*** SUMMARY ***
Total pot $6 | Rake $0
Seat 3: habari786 (big blind) folded before Flop
Seat 4: MTails (button) (small blind) collected ($6)


PokerStars Hand #168427895102:  Hold'em Limit ($3/$6 USD) - 2017/04/01 13:57:35 ET
Table 'Nele' 6-max Seat #4 is the button
Seat 4: MTails ($175.92 in chips)
Seat 5: YseRussia ($60 in chips)
MTails: posts small blind $1
YseRussia: posts big blind $3
*** HOLE CARDS ***
MTails: folds
Uncalled bet ($2) returned to YseRussia
YseRussia collected $2 from pot
YseRussia: doesn't show hand
*** SUMMARY ***
Total pot $2 | Rake $0
Seat 4: MTails (button) (small blind) folded before Flop
Seat 5: YseRussia (big blind) collected ($2)


PokerStars Hand #168427878889:  Hold'em Limit ($3/$6 USD) - 2017/04/01 13:57:10 ET
Table 'Nele' 6-max Seat #3 is the button
Seat 3: habari786 ($15.51 in chips)
Seat 4: MTails ($160.91 in chips)
habari786: posts small blind $1
MTails: posts big blind $3
*** HOLE CARDS ***
habari786: raises $3 to $6
MTails: calls $3
*** FLOP *** [8d 7s 7h]
MTails: checks
habari786: bets $3
YseRussia joins the table at seat #5
MTails: raises $3 to $6
habari786: raises $3 to $9
MTails: raises $3 to $12
Betting is capped
habari786: calls $0.51 and is all-in
Uncalled bet ($2.49) returned to MTails
*** TURN *** [8d 7s 7h] [Qh]
*** RIVER *** [8d 7s 7h Qh] [4d]
*** SHOW DOWN ***
MTails: shows [Qc 7d] (a full house, Sevens full of Queens)
habari786: shows [4s Ah] (two pair, Sevens and Fours)
habari786 leaves the table
MTails collected $30.52 from pot
*** SUMMARY ***
Total pot $31.02 | Rake $0.50
Board [8d 7s 7h Qh 4d]
Seat 3: habari786 (button) (small blind) showed [4s Ah] and lost with two pair, Sevens and Fours
Seat 4: MTails (big blind) showed [Qc 7d] and won ($30.52) with a full house, Sevens full of Queens


