PokerStars Hand #176700730410:  Hold'em Limit ($3/$6 USD) - 2017/10/09 13:32:36 ET
Table 'Nemausa' 6-max Seat #1 is the button
Seat 1: zimin10 ($72 in chips)
Seat 3: fugu82 ($75.21 in chips)
zimin10: posts small blind $1
fugu82: posts big blind $3
*** HOLE CARDS ***
zimin10: raises $3 to $6
fugu82: calls $3
*** FLOP *** [9d 5c Ts]
B_loJkl joins the table at seat #4
fugu82: checks
zimin10: bets $3
fugu82: raises $3 to $6
zimin10: folds
Uncalled bet ($3) returned to fugu82
fugu82 collected $17.64 from pot
fugu82: doesn't show hand
*** SUMMARY ***
Total pot $18 | Rake $0.36
Board [9d 5c Ts]
Seat 1: zimin10 (button) (small blind) folded on the Flop
Seat 3: fugu82 (big blind) collected ($17.64)


PokerStars Hand #176701062594:  Hold'em Limit ($3/$6 USD) - 2017/10/09 13:39:35 ET
Table 'Nemausa' 6-max Seat #2 is the button
Seat 2: gigouli55 ($77.73 in chips)
Seat 4: B_loJkl ($146.24 in chips)
gigouli55: posts small blind $1
B_loJkl: posts big blind $3
*** HOLE CARDS ***
gigouli55: calls $2
B_loJkl: raises $3 to $6
gigouli55: calls $3
*** FLOP *** [2c 3d Qc]
B_loJkl: bets $3
gigouli55: folds
Uncalled bet ($3) returned to B_loJkl
B_loJkl collected $11.76 from pot
B_loJkl: doesn't show hand
*** SUMMARY ***
Total pot $12 | Rake $0.24
Board [2c 3d Qc]
Seat 2: gigouli55 (button) (small blind) folded on the Flop
Seat 4: B_loJkl (big blind) collected ($11.76)


PokerStars Hand #176701051909:  Hold'em Limit ($3/$6 USD) - 2017/10/09 13:39:22 ET
Table 'Nemausa' 6-max Seat #4 is the button
Seat 2: gigouli55 ($80.73 in chips)
Seat 4: B_loJkl ($143.24 in chips)
B_loJkl: posts small blind $1
zimin10: is sitting out
gigouli55: posts big blind $3
*** HOLE CARDS ***
zimin10 leaves the table
fugu82 is disconnected
zimin10 joins the table at seat #5
B_loJkl: raises $3 to $6
gigouli55: folds
Uncalled bet ($3) returned to B_loJkl
B_loJkl collected $6 from pot
B_loJkl: doesn't show hand
*** SUMMARY ***
Total pot $6 | Rake $0
Seat 2: gigouli55 (big blind) folded before Flop
Seat 4: B_loJkl (button) (small blind) collected ($6)


