PokerStars Hand #149568237650:  Hold'em Limit ($3/$6 USD) - 2016/02/28 13:20:59 ET
Table 'Nemausa' 6-max Seat #3 is the button
Seat 3: Mudager ($120 in chips)
Seat 4: anetkaapro ($72 in chips)
Mudager: posts small blind $1
anetkaapro: posts big blind $3
*** HOLE CARDS ***
Mudager: raises $3 to $6
anetkaapro: calls $3
*** FLOP *** [Kc 7h 9s]
anetkaapro: checks
Mudager: bets $3
anetkaapro: calls $3
*** TURN *** [Kc 7h 9s] [6s]
anetkaapro: checks
Mudager: bets $6
anetkaapro: calls $6
*** RIVER *** [Kc 7h 9s 6s] [6c]
anetkaapro: checks
Mudager: bets $6
anetkaapro: calls $6
*** SHOW DOWN ***
Mudager: shows [Ks Tc] (two pair, Kings and Sixes)
anetkaapro: mucks hand
Mudager collected $41.50 from pot
*** SUMMARY ***
Total pot $42 | Rake $0.50
Board [Kc 7h 9s 6s 6c]
Seat 3: Mudager (button) (small blind) showed [Ks Tc] and won ($41.50) with two pair, Kings and Sixes
Seat 4: anetkaapro (big blind) mucked


PokerStars Hand #149568314034:  Hold'em Limit ($3/$6 USD) - 2016/02/28 13:22:08 ET
Table 'Nemausa' 6-max Seat #4 is the button
Seat 3: Mudager ($140.50 in chips)
Seat 4: anetkaapro ($72 in chips)
anetkaapro: posts small blind $1
Mudager: posts big blind $3
*** HOLE CARDS ***
anetkaapro: folds
Uncalled bet ($2) returned to Mudager
Mudager collected $2 from pot
Mudager: doesn't show hand
*** SUMMARY ***
Total pot $2 | Rake $0
Seat 3: Mudager (big blind) collected ($2)
Seat 4: anetkaapro (button) (small blind) folded before Flop


PokerStars Hand #149568318663:  Hold'em Limit ($3/$6 USD) - 2016/02/28 13:22:13 ET
Table 'Nemausa' 6-max Seat #3 is the button
Seat 3: Mudager ($141.50 in chips)
Seat 4: anetkaapro ($72 in chips)
Mudager: posts small blind $1
anetkaapro: posts big blind $3
*** HOLE CARDS ***
Mudager: raises $3 to $6
anetkaapro: calls $3
*** FLOP *** [3s 5s 4s]
Eklund_1891 joins the table at seat #2
anetkaapro: checks
Mudager: bets $3
anetkaapro: folds
Uncalled bet ($3) returned to Mudager
Mudager collected $11.76 from pot
Mudager: doesn't show hand
*** SUMMARY ***
Total pot $12 | Rake $0.24
Board [3s 5s 4s]
Seat 3: Mudager (button) (small blind) collected ($11.76)
Seat 4: anetkaapro (big blind) folded on the Flop


