PokerStars Hand #158759695284:  Hold'em Limit ($3/$6 USD) - 2016/09/18 7:50:22 ET
Table 'Nemausa' 10-max Seat #1 is the button
Seat 1: sismos404 ($133.68 in chips)
Seat 7: VolkovDmitri ($146.50 in chips)
sismos404: posts small blind $1
VolkovDmitri: posts big blind $3
*** HOLE CARDS ***
sismos404: raises $3 to $6
VolkovDmitri: calls $3
*** FLOP *** [Kh Ac 4s]
VolkovDmitri: checks
sismos404: checks
*** TURN *** [Kh Ac 4s] [2d]
VolkovDmitri: checks
sismos404: bets $6
VolkovDmitri: calls $6
*** RIVER *** [Kh Ac 4s 2d] [Th]
VolkovDmitri: checks
sismos404: bets $6
VolkovDmitri: calls $6
*** SHOW DOWN ***
sismos404: shows [Ks 2h] (two pair, Kings and Deuces)
VolkovDmitri: mucks hand
sismos404 collected $35.50 from pot
*** SUMMARY ***
Total pot $36 | Rake $0.50
Board [Kh Ac 4s 2d Th]
Seat 1: sismos404 (button) (small blind) showed [Ks 2h] and won ($35.50) with two pair, Kings and Deuces
Seat 7: VolkovDmitri (big blind) mucked


PokerStars Hand #158759710282:  Hold'em Limit ($3/$6 USD) - 2016/09/18 7:50:52 ET
Table 'Nemausa' 10-max Seat #7 is the button
Seat 1: sismos404 ($151.18 in chips)
Seat 7: VolkovDmitri ($128.50 in chips)
VolkovDmitri: posts small blind $1
sismos404: posts big blind $3
*** HOLE CARDS ***
VolkovDmitri: raises $3 to $6
sismos404: calls $3
*** FLOP *** [3c 5h 4c]
sismos404: checks
VolkovDmitri: checks
*** TURN *** [3c 5h 4c] [4d]
sismos404: bets $6
VolkovDmitri: calls $6
*** RIVER *** [3c 5h 4c 4d] [8c]
sismos404: bets $6
VolkovDmitri: folds
Uncalled bet ($6) returned to sismos404
sismos404 collected $23.52 from pot
*** SUMMARY ***
Total pot $24 | Rake $0.48
Board [3c 5h 4c 4d 8c]
Seat 1: sismos404 (big blind) collected ($23.52)
Seat 7: VolkovDmitri (button) (small blind) folded on the River


PokerStars Hand #158759732880:  Hold'em Limit ($3/$6 USD) - 2016/09/18 7:51:37 ET
Table 'Nemausa' 10-max Seat #7 is the button
Seat 1: sismos404 ($168.46 in chips)
Seat 7: VolkovDmitri ($120 in chips)
VolkovDmitri: posts small blind $1
sismos404: posts big blind $3
*** HOLE CARDS ***
VolkovDmitri: folds
Uncalled bet ($2) returned to sismos404
sismos404 collected $2 from pot
*** SUMMARY ***
Total pot $2 | Rake $0
Seat 1: sismos404 (big blind) collected ($2)
Seat 7: VolkovDmitri (button) (small blind) folded before Flop


PokerStars Hand #158759723209:  Hold'em Limit ($3/$6 USD) - 2016/09/18 7:51:17 ET
Table 'Nemausa' 10-max Seat #1 is the button
Seat 1: sismos404 ($162.70 in chips)
Seat 7: VolkovDmitri ($120 in chips)
sismos404: posts small blind $1
VolkovDmitri: posts big blind $3
*** HOLE CARDS ***
sismos404: raises $3 to $6
VolkovDmitri: calls $3
*** FLOP *** [4c Kd Ad]
VolkovDmitri: checks
sismos404: bets $3
VolkovDmitri: folds
Uncalled bet ($3) returned to sismos404
sismos404 collected $11.76 from pot
*** SUMMARY ***
Total pot $12 | Rake $0.24
Board [4c Kd Ad]
Seat 1: sismos404 (button) (small blind) collected ($11.76)
Seat 7: VolkovDmitri (big blind) folded on the Flop


PokerStars Hand #158759737732:  Hold'em Limit ($3/$6 USD) - 2016/09/18 7:51:46 ET
Table 'Nemausa' 10-max Seat #1 is the button
Seat 1: sismos404 ($169.46 in chips)
Seat 7: VolkovDmitri ($120 in chips)
sismos404: posts small blind $1
VolkovDmitri: posts big blind $3
*** HOLE CARDS ***
sismos404: raises $3 to $6
VolkovDmitri: calls $3
*** FLOP *** [3h Kd 8c]
VolkovDmitri: checks
sismos404: bets $3
VolkovDmitri: folds
Uncalled bet ($3) returned to sismos404
sismos404 collected $11.76 from pot
*** SUMMARY ***
Total pot $12 | Rake $0.24
Board [3h Kd 8c]
Seat 1: sismos404 (button) (small blind) collected ($11.76)
Seat 7: VolkovDmitri (big blind) folded on the Flop


PokerStars Hand #158759750747:  Hold'em Limit ($3/$6 USD) - 2016/09/18 7:52:13 ET
Table 'Nemausa' 10-max Seat #7 is the button
Seat 1: sismos404 ($175.22 in chips)
Seat 7: VolkovDmitri ($120 in chips)
VolkovDmitri: posts small blind $1
sismos404: posts big blind $3
*** HOLE CARDS ***
VolkovDmitri: raises $3 to $6
sismos404: calls $3
*** FLOP *** [Qh Ts 7c]
sismos404: checks
VolkovDmitri: bets $3
sismos404: folds
Uncalled bet ($3) returned to VolkovDmitri
VolkovDmitri collected $11.76 from pot
VolkovDmitri: doesn't show hand
*** SUMMARY ***
Total pot $12 | Rake $0.24
Board [Qh Ts 7c]
Seat 1: sismos404 (big blind) folded on the Flop
Seat 7: VolkovDmitri (button) (small blind) collected ($11.76)


PokerStars Hand #158759766687:  Hold'em Limit ($3/$6 USD) - 2016/09/18 7:52:44 ET
Table 'Nemausa' 10-max Seat #1 is the button
Seat 1: sismos404 ($169.22 in chips)
Seat 7: VolkovDmitri ($125.76 in chips)
sismos404: posts small blind $1
VolkovDmitri: posts big blind $3
*** HOLE CARDS ***
sismos404: raises $3 to $6
VolkovDmitri: calls $3
*** FLOP *** [Kd 6d 4h]
VolkovDmitri: checks
sismos404: bets $3
VolkovDmitri: calls $3
*** TURN *** [Kd 6d 4h] [8s]
VolkovDmitri: bets $6
sismos404: folds
Uncalled bet ($6) returned to VolkovDmitri
VolkovDmitri collected $17.64 from pot
VolkovDmitri: doesn't show hand
*** SUMMARY ***
Total pot $18 | Rake $0.36
Board [Kd 6d 4h 8s]
Seat 1: sismos404 (button) (small blind) folded on the Turn
Seat 7: VolkovDmitri (big blind) collected ($17.64)


PokerStars Hand #158759775113:  Hold'em Limit ($3/$6 USD) - 2016/09/18 7:53:01 ET
Table 'Nemausa' 10-max Seat #7 is the button
Seat 1: sismos404 ($160.22 in chips)
Seat 7: VolkovDmitri ($134.40 in chips)
VolkovDmitri: posts small blind $1
sismos404: posts big blind $3
*** HOLE CARDS ***
VolkovDmitri: raises $3 to $6
sismos404: calls $3
*** FLOP *** [6d Jc 7d]
sismos404: checks
VolkovDmitri: bets $3
sismos404: raises $3 to $6
VolkovDmitri: calls $3
*** TURN *** [6d Jc 7d] [Th]
sismos404: bets $6
VolkovDmitri: folds
Uncalled bet ($6) returned to sismos404
sismos404 collected $23.52 from pot
*** SUMMARY ***
Total pot $24 | Rake $0.48
Board [6d Jc 7d Th]
Seat 1: sismos404 (big blind) collected ($23.52)
Seat 7: VolkovDmitri (button) (small blind) folded on the Turn


PokerStars Hand #158759785428:  Hold'em Limit ($3/$6 USD) - 2016/09/18 7:53:21 ET
Table 'Nemausa' 10-max Seat #1 is the button
Seat 1: sismos404 ($171.74 in chips)
Seat 7: VolkovDmitri ($122.40 in chips)
sismos404: posts small blind $1
VolkovDmitri: posts big blind $3
*** HOLE CARDS ***
sismos404: raises $3 to $6
VolkovDmitri: calls $3
*** FLOP *** [4s 2h 4c]
VolkovDmitri: checks
sismos404: bets $3
VolkovDmitri: raises $3 to $6
sismos404: calls $3
*** TURN *** [4s 2h 4c] [Td]
VolkovDmitri: bets $6
sismos404: raises $6 to $12
VolkovDmitri: raises $6 to $18
sismos404: calls $6
*** RIVER *** [4s 2h 4c Td] [5s]
VolkovDmitri: bets $6
sismos404: calls $6
*** SHOW DOWN ***
VolkovDmitri: shows [8c 4d] (three of a kind, Fours)
sismos404: mucks hand
VolkovDmitri collected $71.50 from pot
*** SUMMARY ***
Total pot $72 | Rake $0.50
Board [4s 2h 4c Td 5s]
Seat 1: sismos404 (button) (small blind) mucked
Seat 7: VolkovDmitri (big blind) showed [8c 4d] and won ($71.50) with three of a kind, Fours


PokerStars Hand #158759799026:  Hold'em Limit ($3/$6 USD) - 2016/09/18 7:53:48 ET
Table 'Nemausa' 10-max Seat #7 is the button
Seat 1: sismos404 ($135.74 in chips)
Seat 7: VolkovDmitri ($157.90 in chips)
VolkovDmitri: posts small blind $1
sismos404: posts big blind $3
*** HOLE CARDS ***
VolkovDmitri: raises $3 to $6
sismos404: raises $3 to $9
VolkovDmitri: calls $3
*** FLOP *** [5c Ac Tc]
sismos404: bets $3
VolkovDmitri: calls $3
*** TURN *** [5c Ac Tc] [4h]
sismos404: bets $6
VolkovDmitri: calls $6
*** RIVER *** [5c Ac Tc 4h] [3d]
sismos404: checks
VolkovDmitri: bets $6
sismos404: calls $6
*** SHOW DOWN ***
VolkovDmitri: shows [Kd 2c] (a straight, Ace to Five)
sismos404: mucks hand
VolkovDmitri collected $47.50 from pot
*** SUMMARY ***
Total pot $48 | Rake $0.50
Board [5c Ac Tc 4h 3d]
Seat 1: sismos404 (big blind) mucked
Seat 7: VolkovDmitri (button) (small blind) showed [Kd 2c] and won ($47.50) with a straight, Ace to Five


PokerStars Hand #158759811691:  Hold'em Limit ($3/$6 USD) - 2016/09/18 7:54:14 ET
Table 'Nemausa' 10-max Seat #1 is the button
Seat 1: sismos404 ($111.74 in chips)
Seat 7: VolkovDmitri ($181.40 in chips)
sismos404: posts small blind $1
VolkovDmitri: posts big blind $3
*** HOLE CARDS ***
sismos404: raises $3 to $6
VolkovDmitri: calls $3
*** FLOP *** [Td 2d 8d]
VolkovDmitri: checks
sismos404: bets $3
VolkovDmitri: raises $3 to $6
sismos404: calls $3
*** TURN *** [Td 2d 8d] [5s]
VolkovDmitri: bets $6
sismos404: calls $6
*** RIVER *** [Td 2d 8d 5s] [2c]
VolkovDmitri: bets $6
sismos404: calls $6
*** SHOW DOWN ***
VolkovDmitri: shows [Js 9h] (a pair of Deuces)
sismos404: shows [7h 7d] (two pair, Sevens and Deuces)
sismos404 collected $47.50 from pot
*** SUMMARY ***
Total pot $48 | Rake $0.50
Board [Td 2d 8d 5s 2c]
Seat 1: sismos404 (button) (small blind) showed [7h 7d] and won ($47.50) with two pair, Sevens and Deuces
Seat 7: VolkovDmitri (big blind) showed [Js 9h] and lost with a pair of Deuces


PokerStars Hand #158759825871:  Hold'em Limit ($3/$6 USD) - 2016/09/18 7:54:42 ET
Table 'Nemausa' 10-max Seat #7 is the button
Seat 1: sismos404 ($135.24 in chips)
Seat 7: VolkovDmitri ($157.40 in chips)
VolkovDmitri: posts small blind $1
sismos404: posts big blind $3
*** HOLE CARDS ***
VolkovDmitri: raises $3 to $6
sismos404: calls $3
*** FLOP *** [4c 3s Td]
sismos404: checks
VolkovDmitri: bets $3
sismos404: raises $3 to $6
VolkovDmitri: calls $3
*** TURN *** [4c 3s Td] [Qs]
sismos404: bets $6
VolkovDmitri: calls $6
*** RIVER *** [4c 3s Td Qs] [Ts]
sismos404: bets $6
VolkovDmitri: calls $6
*** SHOW DOWN ***
sismos404: shows [Th 8h] (three of a kind, Tens)
VolkovDmitri: mucks hand
sismos404 collected $47.50 from pot
*** SUMMARY ***
Total pot $48 | Rake $0.50
Board [4c 3s Td Qs Ts]
Seat 1: sismos404 (big blind) showed [Th 8h] and won ($47.50) with three of a kind, Tens
Seat 7: VolkovDmitri (button) (small blind) mucked


PokerStars Hand #158759838254:  Hold'em Limit ($3/$6 USD) - 2016/09/18 7:55:07 ET
Table 'Nemausa' 10-max Seat #1 is the button
Seat 1: sismos404 ($158.74 in chips)
Seat 7: VolkovDmitri ($133.40 in chips)
sismos404: posts small blind $1
VolkovDmitri: posts big blind $3
*** HOLE CARDS ***
sismos404: raises $3 to $6
VolkovDmitri: calls $3
*** FLOP *** [5s Jc 5h]
VolkovDmitri: checks
sismos404: bets $3
VolkovDmitri: raises $3 to $6
sismos404: calls $3
*** TURN *** [5s Jc 5h] [9h]
VolkovDmitri: bets $6
sismos404: folds
Uncalled bet ($6) returned to VolkovDmitri
VolkovDmitri collected $23.52 from pot
VolkovDmitri: doesn't show hand
*** SUMMARY ***
Total pot $24 | Rake $0.48
Board [5s Jc 5h 9h]
Seat 1: sismos404 (button) (small blind) folded on the Turn
Seat 7: VolkovDmitri (big blind) collected ($23.52)


PokerStars Hand #158759853822:  Hold'em Limit ($3/$6 USD) - 2016/09/18 7:55:43 ET
Table 'Nemausa' 10-max Seat #7 is the button
Seat 1: sismos404 ($146.74 in chips)
Seat 7: VolkovDmitri ($144.92 in chips)
VolkovDmitri: posts small blind $1
sismos404: posts big blind $3
*** HOLE CARDS ***
VolkovDmitri: folds
Uncalled bet ($2) returned to sismos404
sismos404 collected $2 from pot
*** SUMMARY ***
Total pot $2 | Rake $0
Seat 1: sismos404 (big blind) collected ($2)
Seat 7: VolkovDmitri (button) (small blind) folded before Flop


PokerStars Hand #158759857862:  Hold'em Limit ($3/$6 USD) - 2016/09/18 7:55:52 ET
Table 'Nemausa' 10-max Seat #1 is the button
Seat 1: sismos404 ($147.74 in chips)
Seat 7: VolkovDmitri ($143.92 in chips)
sismos404: posts small blind $1
VolkovDmitri: posts big blind $3
*** HOLE CARDS ***
sismos404: raises $3 to $6
VolkovDmitri: calls $3
*** FLOP *** [4c Ks Th]
VolkovDmitri: checks
sismos404: bets $3
VolkovDmitri: calls $3
*** TURN *** [4c Ks Th] [4h]
VolkovDmitri: checks
sismos404: bets $6
VolkovDmitri: calls $6
*** RIVER *** [4c Ks Th 4h] [3h]
VolkovDmitri: checks
sismos404: bets $6
VolkovDmitri: calls $6
*** SHOW DOWN ***
sismos404: shows [2s Js] (a pair of Fours)
VolkovDmitri: shows [3d Td] (two pair, Tens and Fours)
VolkovDmitri collected $41.50 from pot
*** SUMMARY ***
Total pot $42 | Rake $0.50
Board [4c Ks Th 4h 3h]
Seat 1: sismos404 (button) (small blind) showed [2s Js] and lost with a pair of Fours
Seat 7: VolkovDmitri (big blind) showed [3d Td] and won ($41.50) with two pair, Tens and Fours


PokerStars Hand #158759874169:  Hold'em Limit ($3/$6 USD) - 2016/09/18 7:56:30 ET
Table 'Nemausa' 10-max Seat #7 is the button
Seat 1: sismos404 ($126.74 in chips)
Seat 7: VolkovDmitri ($164.42 in chips)
VolkovDmitri: posts small blind $1
sismos404: posts big blind $3
*** HOLE CARDS ***
VolkovDmitri: raises $3 to $6
sismos404: raises $3 to $9
VolkovDmitri: calls $3
*** FLOP *** [3d Qs 4s]
sismos404: bets $3
VolkovDmitri: folds
Uncalled bet ($3) returned to sismos404
sismos404 collected $17.64 from pot
*** SUMMARY ***
Total pot $18 | Rake $0.36
Board [3d Qs 4s]
Seat 1: sismos404 (big blind) collected ($17.64)
Seat 7: VolkovDmitri (button) (small blind) folded on the Flop


PokerStars Hand #158759881361:  Hold'em Limit ($3/$6 USD) - 2016/09/18 7:56:46 ET
Table 'Nemausa' 10-max Seat #1 is the button
Seat 1: sismos404 ($135.38 in chips)
Seat 7: VolkovDmitri ($155.42 in chips)
sismos404: posts small blind $1
VolkovDmitri: posts big blind $3
*** HOLE CARDS ***
sismos404: raises $3 to $6
VolkovDmitri: calls $3
*** FLOP *** [3s Ts 8d]
VolkovDmitri: checks
sismos404: checks
*** TURN *** [3s Ts 8d] [2c]
VolkovDmitri: bets $6
sismos404: calls $6
*** RIVER *** [3s Ts 8d 2c] [7s]
VolkovDmitri: bets $6
sismos404: calls $6
*** SHOW DOWN ***
VolkovDmitri: shows [7d Jd] (a pair of Sevens)
sismos404: mucks hand
VolkovDmitri collected $35.50 from pot
*** SUMMARY ***
Total pot $36 | Rake $0.50
Board [3s Ts 8d 2c 7s]
Seat 1: sismos404 (button) (small blind) mucked
Seat 7: VolkovDmitri (big blind) showed [7d Jd] and won ($35.50) with a pair of Sevens


