PokerStars Hand #150051182347:  Hold'em Limit ($3/$6 USD) - 2016/03/08 16:20:43 ET
Table 'Nemausa' 6-max Seat #3 is the button
Seat 3: Mudager ($120 in chips)
Seat 5: winyku4eto ($72.76 in chips)
Psynto joins the table at seat #4
Mudager: posts small blind $1
winyku4eto: posts big blind $3
*** HOLE CARDS ***
Mudager: raises $3 to $6
winyku4eto: raises $3 to $9
Mudager: calls $3
*** FLOP *** [2s 5c 9d]
winyku4eto: bets $3
R6rider06 joins the table at seat #2
Mudager: raises $3 to $6
winyku4eto: calls $3
*** TURN *** [2s 5c 9d] [6c]
winyku4eto: checks
Mudager: bets $6
winyku4eto: folds
Uncalled bet ($6) returned to Mudager
Mudager collected $29.50 from pot
Mudager: doesn't show hand
*** SUMMARY ***
Total pot $30 | Rake $0.50
Board [2s 5c 9d 6c]
Seat 3: Mudager (button) (small blind) collected ($29.50)
Seat 5: winyku4eto (big blind) folded on the Turn


PokerStars Hand #150053560286:  Hold'em Limit ($3/$6 USD) - 2016/03/08 17:04:54 ET
Table 'Nemausa' 6-max Seat #5 is the button
Seat 3: GRAILKO ($292.72 in chips)
Seat 5: winyku4eto ($67.81 in chips)
winyku4eto: posts small blind $1
win888day was removed from the table for failing to post
GRAILKO: posts big blind $3
*** HOLE CARDS ***
winyku4eto: raises $3 to $6
pompier40 leaves the table
GRAILKO: folds
Uncalled bet ($3) returned to winyku4eto
winyku4eto collected $6 from pot
winyku4eto: doesn't show hand
*** SUMMARY ***
Total pot $6 | Rake $0
Seat 3: GRAILKO (big blind) folded before Flop
Seat 5: winyku4eto (button) (small blind) collected ($6)


PokerStars Hand #150053551593:  Hold'em Limit ($3/$6 USD) - 2016/03/08 17:04:45 ET
Table 'Nemausa' 6-max Seat #3 is the button
Seat 3: GRAILKO ($286.96 in chips)
Seat 5: winyku4eto ($73.81 in chips)
GRAILKO: posts small blind $1
winyku4eto: posts big blind $3
*** HOLE CARDS ***
GRAILKO: raises $3 to $6
winyku4eto: calls $3
*** FLOP *** [3s 6s As]
winyku4eto: checks
GRAILKO: bets $3
winyku4eto: folds
Uncalled bet ($3) returned to GRAILKO
GRAILKO collected $11.76 from pot
GRAILKO: doesn't show hand
*** SUMMARY ***
Total pot $12 | Rake $0.24
Board [3s 6s As]
Seat 3: GRAILKO (button) (small blind) collected ($11.76)
Seat 5: winyku4eto (big blind) folded on the Flop


PokerStars Hand #150053565904:  Hold'em Limit ($3/$6 USD) - 2016/03/08 17:05:00 ET
Table 'Nemausa' 6-max Seat #3 is the button
Seat 3: GRAILKO ($289.72 in chips)
Seat 5: winyku4eto ($70.81 in chips)
GRAILKO: posts small blind $1
winyku4eto: posts big blind $3
*** HOLE CARDS ***
GRAILKO: raises $3 to $6
winyku4eto: calls $3
*** FLOP *** [6h Qs Js]
winyku4eto: checks
GRAILKO: bets $3
winyku4eto: calls $3
*** TURN *** [6h Qs Js] [7s]
winyku4eto: checks
GRAILKO: bets $6
winyku4eto: calls $6
*** RIVER *** [6h Qs Js 7s] [3s]
winyku4eto: checks
GRAILKO: checks
*** SHOW DOWN ***
winyku4eto: shows [4h Jh] (a pair of Jacks)
GRAILKO: shows [Jc 8h] (a pair of Jacks - Queen+Eight kicker)
GRAILKO collected $29.50 from pot
*** SUMMARY ***
Total pot $30 | Rake $0.50
Board [6h Qs Js 7s 3s]
Seat 3: GRAILKO (button) (small blind) showed [Jc 8h] and won ($29.50) with a pair of Jacks
Seat 5: winyku4eto (big blind) showed [4h Jh] and lost with a pair of Jacks


PokerStars Hand #150053542726:  Hold'em Limit ($3/$6 USD) - 2016/03/08 17:04:35 ET
Table 'Nemausa' 6-max Seat #3 is the button
Seat 3: GRAILKO ($286.96 in chips)
Seat 5: winyku4eto ($73.81 in chips)
GRAILKO: posts small blind $1
winyku4eto: posts big blind $3
*** HOLE CARDS ***
GRAILKO: folds
Uncalled bet ($2) returned to winyku4eto
winyku4eto collected $2 from pot
winyku4eto: doesn't show hand
*** SUMMARY ***
Total pot $2 | Rake $0
Seat 3: GRAILKO (button) (small blind) folded before Flop
Seat 5: winyku4eto (big blind) collected ($2)


PokerStars Hand #150053534527:  Hold'em Limit ($3/$6 USD) - 2016/03/08 17:04:26 ET
Table 'Nemausa' 6-max Seat #5 is the button
Seat 3: GRAILKO ($285.96 in chips)
Seat 5: winyku4eto ($74.81 in chips)
winyku4eto: posts small blind $1
pompier40: is sitting out
GRAILKO: posts big blind $3
*** HOLE CARDS ***
winyku4eto: folds
Uncalled bet ($2) returned to GRAILKO
GRAILKO collected $2 from pot
GRAILKO: doesn't show hand
*** SUMMARY ***
Total pot $2 | Rake $0
Seat 3: GRAILKO (big blind) collected ($2)
Seat 5: winyku4eto (button) (small blind) folded before Flop


PokerStars Hand #150053582409:  Hold'em Limit ($3/$6 USD) - 2016/03/08 17:05:18 ET
Table 'Nemausa' 6-max Seat #5 is the button
Seat 3: GRAILKO ($304.22 in chips)
Seat 5: winyku4eto ($55.81 in chips)
winyku4eto: posts small blind $1
GRAILKO: posts big blind $3
*** HOLE CARDS ***
winyku4eto: raises $3 to $6
GRAILKO: calls $3
*** FLOP *** [6d Jd 7h]
GRAILKO: checks
winyku4eto: bets $3
GRAILKO: folds
Uncalled bet ($3) returned to winyku4eto
winyku4eto collected $11.76 from pot
winyku4eto: doesn't show hand
*** SUMMARY ***
Total pot $12 | Rake $0.24
Board [6d Jd 7h]
Seat 3: GRAILKO (big blind) folded on the Flop
Seat 5: winyku4eto (button) (small blind) collected ($11.76)


PokerStars Hand #150053547237:  Hold'em Limit ($3/$6 USD) - 2016/03/08 17:04:40 ET
Table 'Nemausa' 6-max Seat #5 is the button
Seat 3: GRAILKO ($285.96 in chips)
Seat 5: winyku4eto ($74.81 in chips)
winyku4eto: posts small blind $1
GRAILKO: posts big blind $3
*** HOLE CARDS ***
winyku4eto: folds
Uncalled bet ($2) returned to GRAILKO
GRAILKO collected $2 from pot
GRAILKO: doesn't show hand
*** SUMMARY ***
Total pot $2 | Rake $0
Seat 3: GRAILKO (big blind) collected ($2)
Seat 5: winyku4eto (button) (small blind) folded before Flop


PokerStars Hand #150053591415:  Hold'em Limit ($3/$6 USD) - 2016/03/08 17:05:27 ET
Table 'Nemausa' 6-max Seat #3 is the button
Seat 3: GRAILKO ($298.22 in chips)
Seat 5: winyku4eto ($61.57 in chips)
GRAILKO: posts small blind $1
winyku4eto: posts big blind $3
*** HOLE CARDS ***
GRAILKO: raises $3 to $6
winyku4eto: raises $3 to $9
GRAILKO: calls $3
*** FLOP *** [Qh 8d Ah]
winyku4eto: bets $3
GRAILKO: calls $3
*** TURN *** [Qh 8d Ah] [Jh]
winyku4eto: checks
GRAILKO: checks
*** RIVER *** [Qh 8d Ah Jh] [5h]
winyku4eto: checks
GRAILKO: bets $6
winyku4eto: calls $6
*** SHOW DOWN ***
GRAILKO: shows [8h 9d] (a flush, Ace high)
winyku4eto: mucks hand
GRAILKO collected $35.50 from pot
*** SUMMARY ***
Total pot $36 | Rake $0.50
Board [Qh 8d Ah Jh 5h]
Seat 3: GRAILKO (button) (small blind) showed [8h 9d] and won ($35.50) with a flush, Ace high
Seat 5: winyku4eto (big blind) mucked


PokerStars Hand #150053605995:  Hold'em Limit ($3/$6 USD) - 2016/03/08 17:05:43 ET
Table 'Nemausa' 6-max Seat #5 is the button
Seat 3: GRAILKO ($315.72 in chips)
Seat 5: winyku4eto ($43.57 in chips)
winyku4eto: posts small blind $1
GRAILKO: posts big blind $3
*** HOLE CARDS ***
winyku4eto: raises $3 to $6
GRAILKO: calls $3
*** FLOP *** [9c 8s 2d]
GRAILKO: checks
winyku4eto: checks
*** TURN *** [9c 8s 2d] [3d]
GRAILKO: bets $6
winyku4eto: raises $6 to $12
GRAILKO: calls $6
*** RIVER *** [9c 8s 2d 3d] [Td]
GRAILKO: checks
winyku4eto: checks
*** SHOW DOWN ***
GRAILKO: shows [2c Tc] (two pair, Tens and Deuces)
winyku4eto: mucks hand
GRAILKO collected $35.50 from pot
*** SUMMARY ***
Total pot $36 | Rake $0.50
Board [9c 8s 2d 3d Td]
Seat 3: GRAILKO (big blind) showed [2c Tc] and won ($35.50) with two pair, Tens and Deuces
Seat 5: winyku4eto (button) (small blind) mucked


PokerStars Hand #150053626232:  Hold'em Limit ($3/$6 USD) - 2016/03/08 17:06:05 ET
Table 'Nemausa' 6-max Seat #5 is the button
Seat 3: GRAILKO ($332.22 in chips)
Seat 5: winyku4eto ($26.57 in chips)
winyku4eto: posts small blind $1
GRAILKO: posts big blind $3
*** HOLE CARDS ***
winyku4eto: folds
Uncalled bet ($2) returned to GRAILKO
GRAILKO collected $2 from pot
GRAILKO: doesn't show hand
*** SUMMARY ***
Total pot $2 | Rake $0
Seat 3: GRAILKO (big blind) collected ($2)
Seat 5: winyku4eto (button) (small blind) folded before Flop


PokerStars Hand #150053621707:  Hold'em Limit ($3/$6 USD) - 2016/03/08 17:06:00 ET
Table 'Nemausa' 6-max Seat #3 is the button
Seat 3: GRAILKO ($333.22 in chips)
Seat 5: winyku4eto ($25.57 in chips)
GRAILKO: posts small blind $1
winyku4eto: posts big blind $3
*** HOLE CARDS ***
GRAILKO: folds
Uncalled bet ($2) returned to winyku4eto
winyku4eto collected $2 from pot
winyku4eto: doesn't show hand
*** SUMMARY ***
Total pot $2 | Rake $0
Seat 3: GRAILKO (button) (small blind) folded before Flop
Seat 5: winyku4eto (big blind) collected ($2)


PokerStars Hand #150053630651:  Hold'em Limit ($3/$6 USD) - 2016/03/08 17:06:10 ET
Table 'Nemausa' 6-max Seat #3 is the button
Seat 3: GRAILKO ($333.22 in chips)
Seat 5: winyku4eto ($25.57 in chips)
GRAILKO: posts small blind $1
winyku4eto: posts big blind $3
*** HOLE CARDS ***
GRAILKO: raises $3 to $6
winyku4eto: calls $3
*** FLOP *** [7d Qs 6h]
winyku4eto: checks
GRAILKO: bets $3
winyku4eto: calls $3
*** TURN *** [7d Qs 6h] [Td]
winyku4eto: checks
GRAILKO: checks
*** RIVER *** [7d Qs 6h Td] [Kh]
winyku4eto: bets $6
GRAILKO: calls $6
*** SHOW DOWN ***
winyku4eto: shows [6d Qc] (two pair, Queens and Sixes)
GRAILKO: mucks hand
winyku4eto collected $29.50 from pot
*** SUMMARY ***
Total pot $30 | Rake $0.50
Board [7d Qs 6h Td Kh]
Seat 3: GRAILKO (button) (small blind) mucked
Seat 5: winyku4eto (big blind) showed [6d Qc] and won ($29.50) with two pair, Queens and Sixes


PokerStars Hand #150053677179:  Hold'em Limit ($3/$6 USD) - 2016/03/08 17:07:01 ET
Table 'Nemausa' 6-max Seat #3 is the button
Seat 3: GRAILKO ($305.86 in chips)
Seat 5: winyku4eto ($51.57 in chips)
GRAILKO: posts small blind $1
winyku4eto: posts big blind $3
*** HOLE CARDS ***
GRAILKO: raises $3 to $6
winyku4eto: calls $3
*** FLOP *** [3s Ah 9h]
winyku4eto: checks
GRAILKO: bets $3
winyku4eto: folds
Uncalled bet ($3) returned to GRAILKO
GRAILKO collected $11.76 from pot
GRAILKO: doesn't show hand
*** SUMMARY ***
Total pot $12 | Rake $0.24
Board [3s Ah 9h]
Seat 3: GRAILKO (button) (small blind) collected ($11.76)
Seat 5: winyku4eto (big blind) folded on the Flop


PokerStars Hand #150053686134:  Hold'em Limit ($3/$6 USD) - 2016/03/08 17:07:11 ET
Table 'Nemausa' 6-max Seat #5 is the button
Seat 3: GRAILKO ($311.62 in chips)
Seat 5: winyku4eto ($45.57 in chips)
winyku4eto: posts small blind $1
GRAILKO: posts big blind $3
*** HOLE CARDS ***
winyku4eto: raises $3 to $6
GRAILKO: folds
Uncalled bet ($3) returned to winyku4eto
winyku4eto collected $6 from pot
winyku4eto: doesn't show hand
*** SUMMARY ***
Total pot $6 | Rake $0
Seat 3: GRAILKO (big blind) folded before Flop
Seat 5: winyku4eto (button) (small blind) collected ($6)


PokerStars Hand #150053663953:  Hold'em Limit ($3/$6 USD) - 2016/03/08 17:06:47 ET
Table 'Nemausa' 6-max Seat #5 is the button
Seat 3: GRAILKO ($329.86 in chips)
Seat 5: winyku4eto ($28.07 in chips)
winyku4eto: posts small blind $1
GRAILKO: posts big blind $3
*** HOLE CARDS ***
winyku4eto: raises $3 to $6
GRAILKO: calls $3
*** FLOP *** [Kh 7c 9s]
GRAILKO: checks
winyku4eto: checks
*** TURN *** [Kh 7c 9s] [8c]
GRAILKO: bets $6
winyku4eto: raises $6 to $12
GRAILKO: calls $6
*** RIVER *** [Kh 7c 9s 8c] [7s]
GRAILKO: checks
winyku4eto: bets $6
GRAILKO: calls $6
*** SHOW DOWN ***
winyku4eto: shows [Ad As] (two pair, Aces and Sevens)
GRAILKO: mucks hand
winyku4eto collected $47.50 from pot
*** SUMMARY ***
Total pot $48 | Rake $0.50
Board [Kh 7c 9s 8c 7s]
Seat 3: GRAILKO (big blind) mucked
Seat 5: winyku4eto (button) (small blind) showed [Ad As] and won ($47.50) with two pair, Aces and Sevens


PokerStars Hand #150053645917:  Hold'em Limit ($3/$6 USD) - 2016/03/08 17:06:27 ET
Table 'Nemausa' 6-max Seat #5 is the button
Seat 3: GRAILKO ($318.22 in chips)
Seat 5: winyku4eto ($40.07 in chips)
winyku4eto: posts small blind $1
GRAILKO: posts big blind $3
*** HOLE CARDS ***
winyku4eto: calls $2
GRAILKO: raises $3 to $6
winyku4eto: calls $3
*** FLOP *** [Ad 9d 5s]
GRAILKO: bets $3
winyku4eto: calls $3
*** TURN *** [Ad 9d 5s] [8s]
GRAILKO: bets $6
winyku4eto: folds
Uncalled bet ($6) returned to GRAILKO
GRAILKO collected $17.64 from pot
GRAILKO: doesn't show hand
*** SUMMARY ***
Total pot $18 | Rake $0.36
Board [Ad 9d 5s 8s]
Seat 3: GRAILKO (big blind) collected ($17.64)
Seat 5: winyku4eto (button) (small blind) folded on the Turn


PokerStars Hand #150053658334:  Hold'em Limit ($3/$6 USD) - 2016/03/08 17:06:40 ET
Table 'Nemausa' 6-max Seat #3 is the button
Seat 3: GRAILKO ($326.86 in chips)
Seat 5: winyku4eto ($31.07 in chips)
GRAILKO: posts small blind $1
winyku4eto: posts big blind $3
*** HOLE CARDS ***
GRAILKO: raises $3 to $6
winyku4eto: folds
Uncalled bet ($3) returned to GRAILKO
GRAILKO collected $6 from pot
GRAILKO: doesn't show hand
*** SUMMARY ***
Total pot $6 | Rake $0
Seat 3: GRAILKO (button) (small blind) collected ($6)
Seat 5: winyku4eto (big blind) folded before Flop


PokerStars Hand #150053690784:  Hold'em Limit ($3/$6 USD) - 2016/03/08 17:07:16 ET
Table 'Nemausa' 6-max Seat #3 is the button
Seat 3: GRAILKO ($308.62 in chips)
Seat 5: winyku4eto ($48.57 in chips)
GRAILKO: posts small blind $1
winyku4eto: posts big blind $3
*** HOLE CARDS ***
GRAILKO: raises $3 to $6
winyku4eto: calls $3
*** FLOP *** [Qs 5s 5c]
winyku4eto: checks
GRAILKO: bets $3
winyku4eto: raises $3 to $6
GRAILKO: folds
Uncalled bet ($3) returned to winyku4eto
winyku4eto collected $17.64 from pot
winyku4eto: doesn't show hand
*** SUMMARY ***
Total pot $18 | Rake $0.36
Board [Qs 5s 5c]
Seat 3: GRAILKO (button) (small blind) folded on the Flop
Seat 5: winyku4eto (big blind) collected ($17.64)


PokerStars Hand #150053738763:  Hold'em Limit ($3/$6 USD) - 2016/03/08 17:08:09 ET
Table 'Nemausa' 6-max Seat #5 is the button
Seat 3: GRAILKO ($304.14 in chips)
Seat 5: winyku4eto ($51.97 in chips)
winyku4eto: posts small blind $1
GRAILKO: posts big blind $3
*** HOLE CARDS ***
winyku4eto: folds
Uncalled bet ($2) returned to GRAILKO
GRAILKO collected $2 from pot
GRAILKO: doesn't show hand
*** SUMMARY ***
Total pot $2 | Rake $0
Seat 3: GRAILKO (big blind) collected ($2)
Seat 5: winyku4eto (button) (small blind) folded before Flop


PokerStars Hand #150053725962:  Hold'em Limit ($3/$6 USD) - 2016/03/08 17:07:55 ET
Table 'Nemausa' 6-max Seat #3 is the button
Seat 3: GRAILKO ($298.38 in chips)
Seat 5: winyku4eto ($57.97 in chips)
GRAILKO: posts small blind $1
winyku4eto: posts big blind $3
*** HOLE CARDS ***
GRAILKO: raises $3 to $6
winyku4eto: calls $3
*** FLOP *** [Ah Kh 6c]
winyku4eto: checks
GRAILKO: bets $3
winyku4eto: folds
Uncalled bet ($3) returned to GRAILKO
GRAILKO collected $11.76 from pot
GRAILKO: doesn't show hand
*** SUMMARY ***
Total pot $12 | Rake $0.24
Board [Ah Kh 6c]
Seat 3: GRAILKO (button) (small blind) collected ($11.76)
Seat 5: winyku4eto (big blind) folded on the Flop


PokerStars Hand #150053715257:  Hold'em Limit ($3/$6 USD) - 2016/03/08 17:07:43 ET
Table 'Nemausa' 6-max Seat #5 is the button
Seat 3: GRAILKO ($304.38 in chips)
Seat 5: winyku4eto ($52.21 in chips)
winyku4eto: posts small blind $1
GRAILKO: posts big blind $3
*** HOLE CARDS ***
winyku4eto: raises $3 to $6
GRAILKO: calls $3
*** FLOP *** [As 2h 8d]
GRAILKO: checks
winyku4eto: bets $3
GRAILKO: folds
Uncalled bet ($3) returned to winyku4eto
winyku4eto collected $11.76 from pot
winyku4eto: doesn't show hand
*** SUMMARY ***
Total pot $12 | Rake $0.24
Board [As 2h 8d]
Seat 3: GRAILKO (big blind) folded on the Flop
Seat 5: winyku4eto (button) (small blind) collected ($11.76)


PokerStars Hand #150053711142:  Hold'em Limit ($3/$6 USD) - 2016/03/08 17:07:38 ET
Table 'Nemausa' 6-max Seat #3 is the button
Seat 3: GRAILKO ($305.38 in chips)
Seat 5: winyku4eto ($51.21 in chips)
GRAILKO: posts small blind $1
winyku4eto: posts big blind $3
*** HOLE CARDS ***
GRAILKO: folds
Uncalled bet ($2) returned to winyku4eto
winyku4eto collected $2 from pot
winyku4eto: doesn't show hand
*** SUMMARY ***
Total pot $2 | Rake $0
Seat 3: GRAILKO (button) (small blind) folded before Flop
Seat 5: winyku4eto (big blind) collected ($2)


PokerStars Hand #150053700482:  Hold'em Limit ($3/$6 USD) - 2016/03/08 17:07:27 ET
Table 'Nemausa' 6-max Seat #5 is the button
Seat 3: GRAILKO ($299.62 in chips)
Seat 5: winyku4eto ($57.21 in chips)
winyku4eto: posts small blind $1
GRAILKO: posts big blind $3
*** HOLE CARDS ***
winyku4eto: raises $3 to $6
GRAILKO: calls $3
*** FLOP *** [Kh 3s 2h]
GRAILKO: checks
winyku4eto: checks
*** TURN *** [Kh 3s 2h] [3c]
GRAILKO: bets $6
winyku4eto: folds
Uncalled bet ($6) returned to GRAILKO
GRAILKO collected $11.76 from pot
GRAILKO: doesn't show hand
*** SUMMARY ***
Total pot $12 | Rake $0.24
Board [Kh 3s 2h 3c]
Seat 3: GRAILKO (big blind) collected ($11.76)
Seat 5: winyku4eto (button) (small blind) folded on the Turn


PokerStars Hand #150053791428:  Hold'em Limit ($3/$6 USD) - 2016/03/08 17:09:07 ET
Table 'Nemausa' 6-max Seat #5 is the button
Seat 3: GRAILKO ($271.89 in chips)
Seat 5: winyku4eto ($82.74 in chips)
winyku4eto: posts small blind $1
GRAILKO: posts big blind $3
*** HOLE CARDS ***
winyku4eto: raises $3 to $6
GRAILKO: calls $3
*** FLOP *** [Td 6s Jh]
GRAILKO: checks
winyku4eto: checks
*** TURN *** [Td 6s Jh] [Kd]
GRAILKO: checks
winyku4eto: bets $6
GRAILKO: folds
Uncalled bet ($6) returned to winyku4eto
winyku4eto collected $11.76 from pot
winyku4eto: doesn't show hand
*** SUMMARY ***
Total pot $12 | Rake $0.24
Board [Td 6s Jh Kd]
Seat 3: GRAILKO (big blind) folded on the Turn
Seat 5: winyku4eto (button) (small blind) collected ($11.76)


PokerStars Hand #150053778082:  Hold'em Limit ($3/$6 USD) - 2016/03/08 17:08:52 ET
Table 'Nemausa' 6-max Seat #3 is the button
Seat 3: GRAILKO ($283.89 in chips)
Seat 5: winyku4eto ($71.22 in chips)
GRAILKO: posts small blind $1
winyku4eto: posts big blind $3
*** HOLE CARDS ***
GRAILKO: raises $3 to $6
winyku4eto: calls $3
*** FLOP *** [5c 7d 3c]
winyku4eto: checks
GRAILKO: bets $3
winyku4eto: raises $3 to $6
GRAILKO: calls $3
*** TURN *** [5c 7d 3c] [2s]
winyku4eto: bets $6
GRAILKO: folds
Uncalled bet ($6) returned to winyku4eto
winyku4eto collected $23.52 from pot
winyku4eto: doesn't show hand
*** SUMMARY ***
Total pot $24 | Rake $0.48
Board [5c 7d 3c 2s]
Seat 3: GRAILKO (button) (small blind) folded on the Turn
Seat 5: winyku4eto (big blind) collected ($23.52)


PokerStars Hand #150053760430:  Hold'em Limit ($3/$6 USD) - 2016/03/08 17:08:33 ET
Table 'Nemausa' 6-max Seat #5 is the button
Seat 3: GRAILKO ($304.89 in chips)
Seat 5: winyku4eto ($50.72 in chips)
winyku4eto: posts small blind $1
GRAILKO: posts big blind $3
*** HOLE CARDS ***
winyku4eto: raises $3 to $6
GRAILKO: calls $3
*** FLOP *** [5d Qd 5c]
GRAILKO: checks
winyku4eto: bets $3
GRAILKO: calls $3
*** TURN *** [5d Qd 5c] [4h]
GRAILKO: checks
winyku4eto: bets $6
GRAILKO: calls $6
*** RIVER *** [5d Qd 5c 4h] [4d]
GRAILKO: checks
winyku4eto: bets $6
GRAILKO: calls $6
*** SHOW DOWN ***
winyku4eto: shows [7h Qs] (two pair, Queens and Fives)
GRAILKO: mucks hand
winyku4eto collected $41.50 from pot
*** SUMMARY ***
Total pot $42 | Rake $0.50
Board [5d Qd 5c 4h 4d]
Seat 3: GRAILKO (big blind) mucked
Seat 5: winyku4eto (button) (small blind) showed [7h Qs] and won ($41.50) with two pair, Queens and Fives


PokerStars Hand #150053743044:  Hold'em Limit ($3/$6 USD) - 2016/03/08 17:08:14 ET
Table 'Nemausa' 6-max Seat #3 is the button
Seat 3: GRAILKO ($305.14 in chips)
Seat 5: winyku4eto ($50.97 in chips)
GRAILKO: posts small blind $1
winyku4eto: posts big blind $3
*** HOLE CARDS ***
GRAILKO: raises $3 to $6
winyku4eto: calls $3
*** FLOP *** [3s 2s 8h]
winyku4eto: checks
GRAILKO: bets $3
winyku4eto: raises $3 to $6
GRAILKO: calls $3
*** TURN *** [3s 2s 8h] [7d]
winyku4eto: bets $6
GRAILKO: calls $6
*** RIVER *** [3s 2s 8h 7d] [4h]
winyku4eto: checks
GRAILKO: checks
*** SHOW DOWN ***
winyku4eto: shows [Js 3c] (a pair of Threes)
GRAILKO: shows [3h Jd] (a pair of Threes)
winyku4eto collected $17.75 from pot
GRAILKO collected $17.75 from pot
*** SUMMARY ***
Total pot $36 | Rake $0.50
Board [3s 2s 8h 7d 4h]
Seat 3: GRAILKO (button) (small blind) showed [3h Jd] and won ($17.75) with a pair of Threes
Seat 5: winyku4eto (big blind) showed [Js 3c] and won ($17.75) with a pair of Threes


PokerStars Hand #150053801996:  Hold'em Limit ($3/$6 USD) - 2016/03/08 17:09:19 ET
Table 'Nemausa' 6-max Seat #3 is the button
Seat 3: GRAILKO ($265.89 in chips)
Seat 5: winyku4eto ($88.50 in chips)
GRAILKO: posts small blind $1
winyku4eto: posts big blind $3
*** HOLE CARDS ***
GRAILKO: raises $3 to $6
winyku4eto: calls $3
*** FLOP *** [Ac 4d Jc]
winyku4eto: checks
GRAILKO: bets $3
winyku4eto: folds
Uncalled bet ($3) returned to GRAILKO
GRAILKO collected $11.76 from pot
GRAILKO: doesn't show hand
*** SUMMARY ***
Total pot $12 | Rake $0.24
Board [Ac 4d Jc]
Seat 3: GRAILKO (button) (small blind) collected ($11.76)
Seat 5: winyku4eto (big blind) folded on the Flop


PokerStars Hand #150053812162:  Hold'em Limit ($3/$6 USD) - 2016/03/08 17:09:30 ET
Table 'Nemausa' 6-max Seat #5 is the button
Seat 3: GRAILKO ($271.65 in chips)
Seat 5: winyku4eto ($82.50 in chips)
winyku4eto: posts small blind $1
GRAILKO: posts big blind $3
*** HOLE CARDS ***
winyku4eto: raises $3 to $6
GRAILKO: calls $3
*** FLOP *** [Jh 4c Qc]
GRAILKO: checks
winyku4eto: bets $3
GRAILKO: calls $3
*** TURN *** [Jh 4c Qc] [4h]
GRAILKO: checks
winyku4eto: checks
*** RIVER *** [Jh 4c Qc 4h] [9d]
GRAILKO: bets $6
winyku4eto: folds
Uncalled bet ($6) returned to GRAILKO
GRAILKO collected $17.64 from pot
GRAILKO: doesn't show hand
*** SUMMARY ***
Total pot $18 | Rake $0.36
Board [Jh 4c Qc 4h 9d]
Seat 3: GRAILKO (big blind) collected ($17.64)
Seat 5: winyku4eto (button) (small blind) folded on the River


PokerStars Hand #150055178780:  Hold'em Limit ($3/$6 USD) - 2016/03/08 17:33:22 ET
Table 'Nemausa' 6-max Seat #3 is the button
Seat 3: Mudager ($120 in chips)
Seat 4: Mazylis83 ($30 in chips)
Mudager: posts small blind $1
Mazylis83: posts big blind $3
*** HOLE CARDS ***
Mudager: raises $3 to $6
Mazylis83: calls $3
*** FLOP *** [6c 3d 7d]
Mazylis83: checks
Mudager: bets $3
GoliafUa joins the table at seat #5
Mazylis83: calls $3
*** TURN *** [6c 3d 7d] [Ac]
Mazylis83: checks
Mudager: bets $6
Mazylis83: calls $6
*** RIVER *** [6c 3d 7d Ac] [8s]
Mazylis83: bets $6
Mudager: calls $6
*** SHOW DOWN ***
Mazylis83: shows [7c 8c] (two pair, Eights and Sevens)
Mudager: mucks hand
Mazylis83 collected $41.50 from pot
*** SUMMARY ***
Total pot $42 | Rake $0.50
Board [6c 3d 7d Ac 8s]
Seat 3: Mudager (button) (small blind) mucked
Seat 4: Mazylis83 (big blind) showed [7c 8c] and won ($41.50) with two pair, Eights and Sevens


PokerStars Hand #150055916467:  Hold'em Limit ($3/$6 USD) - 2016/03/08 17:47:40 ET
Table 'Nemausa' 6-max Seat #4 is the button
Seat 3: Mudager ($144.50 in chips)
Seat 4: Glizerin ($95 in chips)
Glizerin: posts small blind $1
Mudager: posts big blind $3
*** HOLE CARDS ***
Glizerin said, "nice"
Glizerin: folds
Uncalled bet ($2) returned to Mudager
Mudager collected $2 from pot
Mudager: doesn't show hand
*** SUMMARY ***
Total pot $2 | Rake $0
Seat 3: Mudager (big blind) collected ($2)
Seat 4: Glizerin (button) (small blind) folded before Flop


PokerStars Hand #150055889627:  Hold'em Limit ($3/$6 USD) - 2016/03/08 17:47:08 ET
Table 'Nemausa' 6-max Seat #3 is the button
Seat 3: Mudager ($121 in chips)
Seat 4: Glizerin ($119 in chips)
Mudager: posts small blind $1
Glizerin: posts big blind $3
*** HOLE CARDS ***
Mudager: raises $3 to $6
Glizerin: raises $3 to $9
Mudager: calls $3
*** FLOP *** [Qh 4s 5d]
Glizerin: bets $3
Mudager: calls $3
*** TURN *** [Qh 4s 5d] [9d]
Glizerin: bets $6
Mudager: calls $6
*** RIVER *** [Qh 4s 5d 9d] [As]
Glizerin: bets $6
Mudager: calls $6
*** SHOW DOWN ***
Glizerin: shows [Jh 8s] (high card Ace)
Mudager: shows [2c 5c] (a pair of Fives)
Mudager collected $47.50 from pot
*** SUMMARY ***
Total pot $48 | Rake $0.50
Board [Qh 4s 5d 9d As]
Seat 3: Mudager (button) (small blind) showed [2c 5c] and won ($47.50) with a pair of Fives
Seat 4: Glizerin (big blind) showed [Jh 8s] and lost with high card Ace


PokerStars Hand #150055941273:  Hold'em Limit ($3/$6 USD) - 2016/03/08 17:48:10 ET
Table 'Nemausa' 6-max Seat #3 is the button
Seat 3: Mudager ($133.50 in chips)
Seat 4: Glizerin ($105.52 in chips)
Mudager: posts small blind $1
Glizerin: posts big blind $3
*** HOLE CARDS ***
Mudager: raises $3 to $6
Glizerin: calls $3
*** FLOP *** [6c As 2h]
Glizerin: checks
Mudager: bets $3
Glizerin: folds
Uncalled bet ($3) returned to Mudager
Rmk1500 joins the table at seat #6
Mudager collected $11.76 from pot
Mudager: doesn't show hand
*** SUMMARY ***
Total pot $12 | Rake $0.24
Board [6c As 2h]
Seat 3: Mudager (button) (small blind) collected ($11.76)
Seat 4: Glizerin (big blind) folded on the Flop


PokerStars Hand #150055921581:  Hold'em Limit ($3/$6 USD) - 2016/03/08 17:47:46 ET
Table 'Nemausa' 6-max Seat #3 is the button
Seat 3: Mudager ($145.50 in chips)
Seat 4: Glizerin ($94 in chips)
Mudager: posts small blind $1
Glizerin: posts big blind $3
*** HOLE CARDS ***
Mudager: raises $3 to $6
Glizerin: calls $3
*** FLOP *** [4d 5c 8s]
Glizerin: bets $3
Mudager: folds
Uncalled bet ($3) returned to Glizerin
Glizerin collected $11.76 from pot
Glizerin: doesn't show hand
*** SUMMARY ***
Total pot $12 | Rake $0.24
Board [4d 5c 8s]
Seat 3: Mudager (button) (small blind) folded on the Flop
Seat 4: Glizerin (big blind) collected ($11.76)


PokerStars Hand #150055932281:  Hold'em Limit ($3/$6 USD) - 2016/03/08 17:47:59 ET
Table 'Nemausa' 6-max Seat #4 is the button
Seat 3: Mudager ($139.50 in chips)
Seat 4: Glizerin ($99.76 in chips)
Glizerin: posts small blind $1
Mudager: posts big blind $3
*** HOLE CARDS ***
Glizerin: raises $3 to $6
Mudager: calls $3
*** FLOP *** [3c 8d Kd]
Mudager: checks
Glizerin: bets $3
Mudager: folds
Uncalled bet ($3) returned to Glizerin
Glizerin collected $11.76 from pot
Glizerin: doesn't show hand
*** SUMMARY ***
Total pot $12 | Rake $0.24
Board [3c 8d Kd]
Seat 3: Mudager (big blind) folded on the Flop
Seat 4: Glizerin (button) (small blind) collected ($11.76)


PokerStars Hand #150055985269:  Hold'em Limit ($3/$6 USD) - 2016/03/08 17:49:03 ET
Table 'Nemausa' 6-max Seat #4 is the button
Seat 4: Glizerin ($100.99 in chips)
Seat 6: Rmk1500 ($60.50 in chips)
Glizerin: posts small blind $1
Rmk1500: posts big blind $3
*** HOLE CARDS ***
Glizerin: raises $3 to $6
Rmk1500: folds
Uncalled bet ($3) returned to Glizerin
Glizerin collected $6 from pot
Glizerin: doesn't show hand
*** SUMMARY ***
Total pot $6 | Rake $0
Seat 4: Glizerin (button) (small blind) collected ($6)
Seat 6: Rmk1500 (big blind) folded before Flop


PokerStars Hand #150055967548:  Hold'em Limit ($3/$6 USD) - 2016/03/08 17:48:42 ET
Table 'Nemausa' 6-max Seat #6 is the button
Seat 4: Glizerin ($124.99 in chips)
Seat 6: Rmk1500 ($37 in chips)
Rmk1500: posts small blind $1
Mudager: is sitting out
Glizerin: posts big blind $3
*** HOLE CARDS ***
Rmk1500: raises $3 to $6
Glizerin: raises $3 to $9
Mudager leaves the table
Rmk1500: calls $3
*** FLOP *** [Qc 7d 9s]
Glizerin: bets $3
Rmk1500: calls $3
*** TURN *** [Qc 7d 9s] [Kh]
Glizerin: bets $6
Rmk1500: calls $6
*** RIVER *** [Qc 7d 9s Kh] [5c]
Glizerin: checks
Rmk1500: bets $6
Glizerin: calls $6
*** SHOW DOWN ***
Rmk1500: shows [Kd Ts] (a pair of Kings)
Glizerin: mucks hand
Rmk1500 collected $47.50 from pot
*** SUMMARY ***
Total pot $48 | Rake $0.50
Board [Qc 7d 9s Kh 5c]
Seat 4: Glizerin (big blind) mucked
Seat 6: Rmk1500 (button) (small blind) showed [Kd Ts] and won ($47.50) with a pair of Kings


PokerStars Hand #150055990846:  Hold'em Limit ($3/$6 USD) - 2016/03/08 17:49:10 ET
Table 'Nemausa' 6-max Seat #6 is the button
Seat 4: Glizerin ($103.99 in chips)
Seat 6: Rmk1500 ($57.50 in chips)
Rmk1500: posts small blind $1
Glizerin: posts big blind $3
*** HOLE CARDS ***
Rmk1500: raises $3 to $6
Glizerin: raises $3 to $9
Rmk1500: calls $3
*** FLOP *** [6s 8c Th]
Glizerin: bets $3
Rmk1500: calls $3
*** TURN *** [6s 8c Th] [Ah]
Glizerin: bets $6
Rmk1500: calls $6
*** RIVER *** [6s 8c Th Ah] [Qd]
Glizerin: checks
Rmk1500: bets $6
Glizerin: calls $6
*** SHOW DOWN ***
Rmk1500: shows [Jh 3h] (high card Ace)
Glizerin: shows [Kh 6d] (a pair of Sixes)
Glizerin collected $47.50 from pot
*** SUMMARY ***
Total pot $48 | Rake $0.50
Board [6s 8c Th Ah Qd]
Seat 4: Glizerin (big blind) showed [Kh 6d] and won ($47.50) with a pair of Sixes
Seat 6: Rmk1500 (button) (small blind) showed [Jh 3h] and lost with high card Ace


PokerStars Hand #150056004246:  Hold'em Limit ($3/$6 USD) - 2016/03/08 17:49:26 ET
Table 'Nemausa' 6-max Seat #4 is the button
Seat 4: Glizerin ($127.49 in chips)
Seat 6: Rmk1500 ($33.50 in chips)
Glizerin: posts small blind $1
Rmk1500: posts big blind $3
*** HOLE CARDS ***
Glizerin: raises $3 to $6
Rmk1500: folds
Uncalled bet ($3) returned to Glizerin
Glizerin collected $6 from pot
Glizerin: doesn't show hand
*** SUMMARY ***
Total pot $6 | Rake $0
Seat 4: Glizerin (button) (small blind) collected ($6)
Seat 6: Rmk1500 (big blind) folded before Flop


PokerStars Hand #150056009026:  Hold'em Limit ($3/$6 USD) - 2016/03/08 17:49:32 ET
Table 'Nemausa' 6-max Seat #6 is the button
Seat 4: Glizerin ($130.49 in chips)
Seat 6: Rmk1500 ($30.50 in chips)
Rmk1500: posts small blind $1
Glizerin: posts big blind $3
*** HOLE CARDS ***
Rmk1500: raises $3 to $6
Glizerin: raises $3 to $9
Rmk1500: calls $3
*** FLOP *** [2s Kh Jc]
Glizerin: bets $3
Rmk1500: calls $3
*** TURN *** [2s Kh Jc] [2c]
Glizerin: bets $6
Rmk1500: calls $6
*** RIVER *** [2s Kh Jc 2c] [7c]
Glizerin: checks
Rmk1500: bets $6
Glizerin: folds
Uncalled bet ($6) returned to Rmk1500
Rmk1500 collected $35.50 from pot
*** SUMMARY ***
Total pot $36 | Rake $0.50
Board [2s Kh Jc 2c 7c]
Seat 4: Glizerin (big blind) folded on the River
Seat 6: Rmk1500 (button) (small blind) collected ($35.50)


PokerStars Hand #150056021462:  Hold'em Limit ($3/$6 USD) - 2016/03/08 17:49:47 ET
Table 'Nemausa' 6-max Seat #4 is the button
Seat 4: Glizerin ($112.49 in chips)
Seat 6: Rmk1500 ($48 in chips)
Glizerin: posts small blind $1
Rmk1500: posts big blind $3
*** HOLE CARDS ***
Glizerin: raises $3 to $6
Rmk1500: calls $3
*** FLOP *** [6h 2d 5h]
Rmk1500: checks
Glizerin: checks
*** TURN *** [6h 2d 5h] [7h]
Rmk1500: checks
Glizerin: checks
*** RIVER *** [6h 2d 5h 7h] [5s]
Rmk1500: checks
Glizerin: checks
*** SHOW DOWN ***
Rmk1500: shows [Ad 4c] (a pair of Fives)
Glizerin: shows [As Td] (a pair of Fives - Ace+Ten kicker)
Glizerin collected $11.76 from pot
*** SUMMARY ***
Total pot $12 | Rake $0.24
Board [6h 2d 5h 7h 5s]
Seat 4: Glizerin (button) (small blind) showed [As Td] and won ($11.76) with a pair of Fives
Seat 6: Rmk1500 (big blind) showed [Ad 4c] and lost with a pair of Fives


PokerStars Hand #150056032210:  Hold'em Limit ($3/$6 USD) - 2016/03/08 17:49:59 ET
Table 'Nemausa' 6-max Seat #6 is the button
Seat 4: Glizerin ($118.25 in chips)
Seat 6: Rmk1500 ($42 in chips)
Rmk1500: posts small blind $1
Glizerin: posts big blind $3
*** HOLE CARDS ***
Rmk1500: folds
Uncalled bet ($2) returned to Glizerin
Glizerin collected $2 from pot
Glizerin: doesn't show hand
*** SUMMARY ***
Total pot $2 | Rake $0
Seat 4: Glizerin (big blind) collected ($2)
Seat 6: Rmk1500 (button) (small blind) folded before Flop


PokerStars Hand #150056051811:  Hold'em Limit ($3/$6 USD) - 2016/03/08 17:50:23 ET
Table 'Nemausa' 6-max Seat #6 is the button
Seat 4: Glizerin ($139.75 in chips)
Seat 6: Rmk1500 ($20 in chips)
Rmk1500: posts small blind $1
Glizerin: posts big blind $3
*** HOLE CARDS ***
ice0034 leaves the table
Rmk1500: folds
Uncalled bet ($2) returned to Glizerin
Glizerin collected $2 from pot
Glizerin: doesn't show hand
*** SUMMARY ***
Total pot $2 | Rake $0
Seat 4: Glizerin (big blind) collected ($2)
Seat 6: Rmk1500 (button) (small blind) folded before Flop


PokerStars Hand #150056036532:  Hold'em Limit ($3/$6 USD) - 2016/03/08 17:50:05 ET
Table 'Nemausa' 6-max Seat #4 is the button
Seat 4: Glizerin ($119.25 in chips)
Seat 6: Rmk1500 ($41 in chips)
Glizerin: posts small blind $1
Rmk1500: posts big blind $3
*** HOLE CARDS ***
Glizerin: raises $3 to $6
Rmk1500: calls $3
*** FLOP *** [3c 6d Th]
Rmk1500: checks
Glizerin: bets $3
Rmk1500: calls $3
*** TURN *** [3c 6d Th] [8s]
Rmk1500: checks
Glizerin: bets $6
Rmk1500: calls $6
*** RIVER *** [3c 6d Th 8s] [6c]
Rmk1500: checks
Glizerin: bets $6
Rmk1500: calls $6
*** SHOW DOWN ***
Glizerin: shows [Ah As] (two pair, Aces and Sixes)
Rmk1500: mucks hand
Glizerin collected $41.50 from pot
*** SUMMARY ***
Total pot $42 | Rake $0.50
Board [3c 6d Th 8s 6c]
Seat 4: Glizerin (button) (small blind) showed [Ah As] and won ($41.50) with two pair, Aces and Sixes
Seat 6: Rmk1500 (big blind) mucked


PokerStars Hand #150056057556:  Hold'em Limit ($3/$6 USD) - 2016/03/08 17:50:30 ET
Table 'Nemausa' 6-max Seat #4 is the button
Seat 4: Glizerin ($140.75 in chips)
Seat 6: Rmk1500 ($19 in chips)
Glizerin: posts small blind $1
Rmk1500: posts big blind $3
*** HOLE CARDS ***
Glizerin: folds
Uncalled bet ($2) returned to Rmk1500
Rmk1500 collected $2 from pot
*** SUMMARY ***
Total pot $2 | Rake $0
Seat 4: Glizerin (button) (small blind) folded before Flop
Seat 6: Rmk1500 (big blind) collected ($2)


PokerStars Hand #150056108934:  Hold'em Limit ($3/$6 USD) - 2016/03/08 17:51:32 ET
Table 'Nemausa' 6-max Seat #4 is the button
Seat 4: Glizerin ($104.27 in chips)
Seat 6: Rmk1500 ($54 in chips)
Glizerin: posts small blind $1
Rmk1500: posts big blind $3
*** HOLE CARDS ***
Glizerin: folds
Uncalled bet ($2) returned to Rmk1500
Rmk1500 collected $2 from pot
*** SUMMARY ***
Total pot $2 | Rake $0
Seat 4: Glizerin (button) (small blind) folded before Flop
Seat 6: Rmk1500 (big blind) collected ($2)


PokerStars Hand #150056098338:  Hold'em Limit ($3/$6 USD) - 2016/03/08 17:51:19 ET
Table 'Nemausa' 6-max Seat #6 is the button
Seat 4: Glizerin ($92.75 in chips)
Seat 6: Rmk1500 ($66 in chips)
Rmk1500: posts small blind $1
Glizerin: posts big blind $3
*** HOLE CARDS ***
Rmk1500: raises $3 to $6
Glizerin: raises $3 to $9
Rmk1500: calls $3
*** FLOP *** [Th 4s 9d]
Glizerin: bets $3
Rmk1500: calls $3
*** TURN *** [Th 4s 9d] [5c]
Glizerin: bets $6
Rmk1500: folds
Uncalled bet ($6) returned to Glizerin
Glizerin collected $23.52 from pot
Glizerin: doesn't show hand
*** SUMMARY ***
Total pot $24 | Rake $0.48
Board [Th 4s 9d 5c]
Seat 4: Glizerin (big blind) collected ($23.52)
Seat 6: Rmk1500 (button) (small blind) folded on the Turn


PokerStars Hand #150056061244:  Hold'em Limit ($3/$6 USD) - 2016/03/08 17:50:35 ET
Table 'Nemausa' 6-max Seat #6 is the button
Seat 4: Glizerin ($139.75 in chips)
Seat 6: Rmk1500 ($20 in chips)
Rmk1500: posts small blind $1
Glizerin: posts big blind $3
*** HOLE CARDS ***
Rmk1500: raises $3 to $6
Glizerin: raises $3 to $9
Rmk1500: calls $3
*** FLOP *** [Kh 2c Ts]
Glizerin: bets $3
Rmk1500: calls $3
*** TURN *** [Kh 2c Ts] [3d]
Glizerin: bets $6
Rmk1500: calls $6
*** RIVER *** [Kh 2c Ts 3d] [8s]
Glizerin: bets $6
Rmk1500: calls $2 and is all-in
Uncalled bet ($4) returned to Glizerin
*** SHOW DOWN ***
Glizerin: shows [7h As] (high card Ace)
Rmk1500: shows [Jd Th] (a pair of Tens)
Rmk1500 collected $39.50 from pot
*** SUMMARY ***
Total pot $40 | Rake $0.50
Board [Kh 2c Ts 3d 8s]
Seat 4: Glizerin (big blind) showed [7h As] and lost with high card Ace
Seat 6: Rmk1500 (button) (small blind) showed [Jd Th] and won ($39.50) with a pair of Tens


PokerStars Hand #150056078319:  Hold'em Limit ($3/$6 USD) - 2016/03/08 17:50:55 ET
Table 'Nemausa' 6-max Seat #4 is the button
Seat 4: Glizerin ($119.75 in chips)
Seat 6: Rmk1500 ($39.50 in chips)
Glizerin: posts small blind $1
Rmk1500: posts big blind $3
*** HOLE CARDS ***
Glizerin: raises $3 to $6
Rmk1500: calls $3
*** FLOP *** [7h 8c 6c]
Rmk1500: checks
Glizerin: bets $3
Rmk1500: calls $3
*** TURN *** [7h 8c 6c] [Ah]
Rmk1500: checks
Glizerin: checks
*** RIVER *** [7h 8c 6c Ah] [Th]
Rmk1500: bets $6
Glizerin: raises $6 to $12
Rmk1500: raises $6 to $18
Glizerin: calls $6
*** SHOW DOWN ***
Rmk1500: shows [8h Kh] (a flush, Ace high)
Glizerin: mucks hand
Rmk1500 collected $53.50 from pot
*** SUMMARY ***
Total pot $54 | Rake $0.50
Board [7h 8c 6c Ah Th]
Seat 4: Glizerin (button) (small blind) mucked
Seat 6: Rmk1500 (big blind) showed [8h Kh] and won ($53.50) with a flush, Ace high


PokerStars Hand #150056112504:  Hold'em Limit ($3/$6 USD) - 2016/03/08 17:51:36 ET
Table 'Nemausa' 6-max Seat #6 is the button
Seat 4: Glizerin ($103.27 in chips)
Seat 6: Rmk1500 ($55 in chips)
Rmk1500: posts small blind $1
Glizerin: posts big blind $3
*** HOLE CARDS ***
Rmk1500: raises $3 to $6
Glizerin: raises $3 to $9
Rmk1500: calls $3
*** FLOP *** [3h As Ac]
Glizerin: bets $3
Rmk1500: calls $3
*** TURN *** [3h As Ac] [Jc]
Glizerin: bets $6
Rmk1500: calls $6
*** RIVER *** [3h As Ac Jc] [2d]
Glizerin: bets $6
Rmk1500: calls $6
*** SHOW DOWN ***
Glizerin: shows [6d Jd] (two pair, Aces and Jacks)
Rmk1500: shows [6h Jh] (two pair, Aces and Jacks)
Glizerin collected $23.75 from pot
Rmk1500 collected $23.75 from pot
*** SUMMARY ***
Total pot $48 | Rake $0.50
Board [3h As Ac Jc 2d]
Seat 4: Glizerin (big blind) showed [6d Jd] and won ($23.75) with two pair, Aces and Jacks
Seat 6: Rmk1500 (button) (small blind) showed [6h Jh] and won ($23.75) with two pair, Aces and Jacks


PokerStars Hand #150056152852:  Hold'em Limit ($3/$6 USD) - 2016/03/08 17:52:25 ET
Table 'Nemausa' 6-max Seat #4 is the button
Seat 4: Glizerin ($100.02 in chips)
Seat 6: Rmk1500 ($57.51 in chips)
Glizerin: posts small blind $1
Rmk1500: posts big blind $3
*** HOLE CARDS ***
Glizerin: raises $3 to $6
Rmk1500: calls $3
*** FLOP *** [2s Kd Tc]
Rmk1500: checks
Glizerin: bets $3
Rmk1500: calls $3
*** TURN *** [2s Kd Tc] [Ac]
Rmk1500: checks
Glizerin: bets $6
Rmk1500: folds
Uncalled bet ($6) returned to Glizerin
Glizerin collected $17.64 from pot
Glizerin: doesn't show hand
*** SUMMARY ***
Total pot $18 | Rake $0.36
Board [2s Kd Tc Ac]
Seat 4: Glizerin (button) (small blind) collected ($17.64)
Seat 6: Rmk1500 (big blind) folded on the Turn


PokerStars Hand #150056123522:  Hold'em Limit ($3/$6 USD) - 2016/03/08 17:51:49 ET
Table 'Nemausa' 6-max Seat #4 is the button
Seat 4: Glizerin ($103.02 in chips)
Seat 6: Rmk1500 ($54.75 in chips)
Glizerin: posts small blind $1
Rmk1500: posts big blind $3
*** HOLE CARDS ***
Glizerin: raises $3 to $6
Rmk1500: folds
Uncalled bet ($3) returned to Glizerin
Glizerin collected $6 from pot
Glizerin: doesn't show hand
*** SUMMARY ***
Total pot $6 | Rake $0
Seat 4: Glizerin (button) (small blind) collected ($6)
Seat 6: Rmk1500 (big blind) folded before Flop


PokerStars Hand #150056128035:  Hold'em Limit ($3/$6 USD) - 2016/03/08 17:51:55 ET
Table 'Nemausa' 6-max Seat #6 is the button
Seat 4: Glizerin ($106.02 in chips)
Seat 6: Rmk1500 ($51.75 in chips)
Rmk1500: posts small blind $1
Glizerin: posts big blind $3
*** HOLE CARDS ***
Rmk1500 is connected
Rmk1500: raises $3 to $6
Glizerin: calls $3
*** FLOP *** [Jc 8h 7d]
Glizerin: checks
Rmk1500: bets $3
Glizerin: folds
Uncalled bet ($3) returned to Rmk1500
Rmk1500 collected $11.76 from pot
*** SUMMARY ***
Total pot $12 | Rake $0.24
Board [Jc 8h 7d]
Seat 4: Glizerin (big blind) folded on the Flop
Seat 6: Rmk1500 (button) (small blind) collected ($11.76)


PokerStars Hand #150056163310:  Hold'em Limit ($3/$6 USD) - 2016/03/08 17:52:38 ET
Table 'Nemausa' 6-max Seat #6 is the button
Seat 4: Glizerin ($108.66 in chips)
Seat 6: Rmk1500 ($48.51 in chips)
Rmk1500: posts small blind $1
Glizerin: posts big blind $3
*** HOLE CARDS ***
Rmk1500: folds
Uncalled bet ($2) returned to Glizerin
Glizerin collected $2 from pot
Glizerin: doesn't show hand
*** SUMMARY ***
Total pot $2 | Rake $0
Seat 4: Glizerin (big blind) collected ($2)
Seat 6: Rmk1500 (button) (small blind) folded before Flop


PokerStars Hand #150056208076:  Hold'em Limit ($3/$6 USD) - 2016/03/08 17:53:31 ET
Table 'Nemausa' 6-max Seat #4 is the button
Seat 4: Glizerin ($71.66 in chips)
Seat 6: Rmk1500 ($84.51 in chips)
Glizerin: posts small blind $1
Rmk1500: posts big blind $3
*** HOLE CARDS ***
Glizerin: raises $3 to $6
Rmk1500: calls $3
*** FLOP *** [Ts 7h 8s]
Rmk1500: checks
Glizerin: bets $3
Rmk1500: calls $3
*** TURN *** [Ts 7h 8s] [4d]
Rmk1500: checks
Glizerin: bets $6
Rmk1500: calls $6
*** RIVER *** [Ts 7h 8s 4d] [8d]
Rmk1500: checks
Glizerin: bets $6
Rmk1500: folds
Uncalled bet ($6) returned to Glizerin
Glizerin collected $29.50 from pot
Glizerin: doesn't show hand
*** SUMMARY ***
Total pot $30 | Rake $0.50
Board [Ts 7h 8s 4d 8d]
Seat 4: Glizerin (button) (small blind) collected ($29.50)
Seat 6: Rmk1500 (big blind) folded on the River


PokerStars Hand #150056203659:  Hold'em Limit ($3/$6 USD) - 2016/03/08 17:53:26 ET
Table 'Nemausa' 6-max Seat #6 is the button
Seat 4: Glizerin ($70.66 in chips)
Seat 6: Rmk1500 ($85.51 in chips)
Rmk1500: posts small blind $1
Glizerin: posts big blind $3
*** HOLE CARDS ***
Rmk1500: folds
Uncalled bet ($2) returned to Glizerin
Glizerin collected $2 from pot
Glizerin: doesn't show hand
*** SUMMARY ***
Total pot $2 | Rake $0
Seat 4: Glizerin (big blind) collected ($2)
Seat 6: Rmk1500 (button) (small blind) folded before Flop


PokerStars Hand #150056200051:  Hold'em Limit ($3/$6 USD) - 2016/03/08 17:53:22 ET
Table 'Nemausa' 6-max Seat #4 is the button
Seat 4: Glizerin ($71.66 in chips)
Seat 6: Rmk1500 ($84.51 in chips)
Glizerin: posts small blind $1
Rmk1500: posts big blind $3
*** HOLE CARDS ***
Glizerin: folds
Uncalled bet ($2) returned to Rmk1500
Rmk1500 collected $2 from pot
*** SUMMARY ***
Total pot $2 | Rake $0
Seat 4: Glizerin (button) (small blind) folded before Flop
Seat 6: Rmk1500 (big blind) collected ($2)


PokerStars Hand #150056195890:  Hold'em Limit ($3/$6 USD) - 2016/03/08 17:53:17 ET
Table 'Nemausa' 6-max Seat #6 is the button
Seat 4: Glizerin ($70.66 in chips)
Seat 6: Rmk1500 ($85.51 in chips)
Rmk1500: posts small blind $1
Glizerin: posts big blind $3
*** HOLE CARDS ***
Rmk1500: folds
Uncalled bet ($2) returned to Glizerin
Glizerin collected $2 from pot
Glizerin: doesn't show hand
*** SUMMARY ***
Total pot $2 | Rake $0
Seat 4: Glizerin (big blind) collected ($2)
Seat 6: Rmk1500 (button) (small blind) folded before Flop


PokerStars Hand #150056167298:  Hold'em Limit ($3/$6 USD) - 2016/03/08 17:52:42 ET
Table 'Nemausa' 6-max Seat #4 is the button
Seat 4: Glizerin ($109.66 in chips)
Seat 6: Rmk1500 ($47.51 in chips)
Glizerin: posts small blind $1
Rmk1500: posts big blind $3
*** HOLE CARDS ***
Glizerin: raises $3 to $6
Rmk1500: calls $3
*** FLOP *** [6s Ts 7s]
Rmk1500: checks
Glizerin: bets $3
Rmk1500: calls $3
*** TURN *** [6s Ts 7s] [Ad]
Rmk1500: checks
Glizerin: checks
*** RIVER *** [6s Ts 7s Ad] [3c]
Rmk1500: bets $6
Glizerin: calls $6
*** SHOW DOWN ***
Rmk1500: shows [Td 9d] (a pair of Tens)
Glizerin: mucks hand
Rmk1500 collected $29.50 from pot
*** SUMMARY ***
Total pot $30 | Rake $0.50
Board [6s Ts 7s Ad 3c]
Seat 4: Glizerin (button) (small blind) mucked
Seat 6: Rmk1500 (big blind) showed [Td 9d] and won ($29.50) with a pair of Tens


PokerStars Hand #150056183459:  Hold'em Limit ($3/$6 USD) - 2016/03/08 17:53:02 ET
Table 'Nemausa' 6-max Seat #4 is the button
Seat 4: Glizerin ($91.66 in chips)
Seat 6: Rmk1500 ($65.01 in chips)
Glizerin: posts small blind $1
Rmk1500: posts big blind $3
*** HOLE CARDS ***
Glizerin: raises $3 to $6
Rmk1500: calls $3
*** FLOP *** [6d 4c Qd]
Rmk1500: checks
Glizerin: bets $3
Rmk1500: calls $3
*** TURN *** [6d 4c Qd] [As]
Rmk1500: checks
Glizerin: bets $6
Rmk1500: calls $6
*** RIVER *** [6d 4c Qd As] [5h]
Rmk1500: checks
Glizerin: bets $6
Rmk1500: calls $6
*** SHOW DOWN ***
Glizerin: shows [Ts 6h] (a pair of Sixes)
Rmk1500: shows [2h Qh] (a pair of Queens)
Rmk1500 collected $41.50 from pot
*** SUMMARY ***
Total pot $42 | Rake $0.50
Board [6d 4c Qd As 5h]
Seat 4: Glizerin (button) (small blind) showed [Ts 6h] and lost with a pair of Sixes
Seat 6: Rmk1500 (big blind) showed [2h Qh] and won ($41.50) with a pair of Queens


PokerStars Hand #150056178492:  Hold'em Limit ($3/$6 USD) - 2016/03/08 17:52:56 ET
Table 'Nemausa' 6-max Seat #6 is the button
Seat 4: Glizerin ($94.66 in chips)
Seat 6: Rmk1500 ($62.01 in chips)
Rmk1500: posts small blind $1
Glizerin: posts big blind $3
*** HOLE CARDS ***
Rmk1500: raises $3 to $6
Glizerin: folds
Uncalled bet ($3) returned to Rmk1500
Rmk1500 collected $6 from pot
*** SUMMARY ***
Total pot $6 | Rake $0
Seat 4: Glizerin (big blind) folded before Flop
Seat 6: Rmk1500 (button) (small blind) collected ($6)


PokerStars Hand #150056235222:  Hold'em Limit ($3/$6 USD) - 2016/03/08 17:54:04 ET
Table 'Nemausa' 6-max Seat #4 is the button
Seat 4: Glizerin ($85.91 in chips)
Seat 6: Rmk1500 ($69.26 in chips)
Glizerin: posts small blind $1
Rmk1500: posts big blind $3
*** HOLE CARDS ***
Glizerin: raises $3 to $6
Rmk1500: folds
Uncalled bet ($3) returned to Glizerin
Glizerin collected $6 from pot
Glizerin: doesn't show hand
*** SUMMARY ***
Total pot $6 | Rake $0
Seat 4: Glizerin (button) (small blind) collected ($6)
Seat 6: Rmk1500 (big blind) folded before Flop


PokerStars Hand #150056222095:  Hold'em Limit ($3/$6 USD) - 2016/03/08 17:53:48 ET
Table 'Nemausa' 6-max Seat #6 is the button
Seat 4: Glizerin ($86.16 in chips)
Seat 6: Rmk1500 ($69.51 in chips)
Rmk1500: posts small blind $1
Glizerin: posts big blind $3
*** HOLE CARDS ***
Rmk1500: raises $3 to $6
Glizerin: raises $3 to $9
Rmk1500: calls $3
*** FLOP *** [Th 2s Kc]
Glizerin: bets $3
Rmk1500: calls $3
*** TURN *** [Th 2s Kc] [Jd]
Glizerin: bets $6
Rmk1500: calls $6
*** RIVER *** [Th 2s Kc Jd] [3h]
Glizerin: bets $6
Rmk1500: calls $6
*** SHOW DOWN ***
Glizerin: shows [Jc Tc] (two pair, Jacks and Tens)
Rmk1500: shows [Js Td] (two pair, Jacks and Tens)
Glizerin collected $23.75 from pot
Rmk1500 collected $23.75 from pot
*** SUMMARY ***
Total pot $48 | Rake $0.50
Board [Th 2s Kc Jd 3h]
Seat 4: Glizerin (big blind) showed [Jc Tc] and won ($23.75) with two pair, Jacks and Tens
Seat 6: Rmk1500 (button) (small blind) showed [Js Td] and won ($23.75) with two pair, Jacks and Tens


PokerStars Hand #150056239846:  Hold'em Limit ($3/$6 USD) - 2016/03/08 17:54:10 ET
Table 'Nemausa' 6-max Seat #6 is the button
Seat 4: Glizerin ($88.91 in chips)
Seat 6: Rmk1500 ($66.26 in chips)
Rmk1500: posts small blind $1
Glizerin: posts big blind $3
*** HOLE CARDS ***
Rmk1500: raises $3 to $6
Glizerin: raises $3 to $9
Rmk1500: calls $3
*** FLOP *** [4s Kd Ad]
Glizerin: bets $3
Rmk1500: calls $3
*** TURN *** [4s Kd Ad] [4c]
Glizerin: bets $6
Rmk1500: calls $6
*** RIVER *** [4s Kd Ad 4c] [3s]
Glizerin: checks
Rmk1500: bets $6
Glizerin: folds
Uncalled bet ($6) returned to Rmk1500
Rmk1500 collected $35.50 from pot
*** SUMMARY ***
Total pot $36 | Rake $0.50
Board [4s Kd Ad 4c 3s]
Seat 4: Glizerin (big blind) folded on the River
Seat 6: Rmk1500 (button) (small blind) collected ($35.50)


PokerStars Hand #150056251998:  Hold'em Limit ($3/$6 USD) - 2016/03/08 17:54:25 ET
Table 'Nemausa' 6-max Seat #4 is the button
Seat 4: Glizerin ($70.91 in chips)
Seat 6: Rmk1500 ($83.76 in chips)
Glizerin: posts small blind $1
Rmk1500: posts big blind $3
*** HOLE CARDS ***
Glizerin: raises $3 to $6
Rmk1500: calls $3
*** FLOP *** [Jh 7c 3s]
Rmk1500: checks
Glizerin: bets $3
Rmk1500: calls $3
*** TURN *** [Jh 7c 3s] [7h]
Rmk1500: checks
Glizerin: checks
*** RIVER *** [Jh 7c 3s 7h] [Qh]
Rmk1500: checks
Glizerin: checks
*** SHOW DOWN ***
Rmk1500: shows [Kd 3c] (two pair, Sevens and Threes)
Glizerin: mucks hand
Rmk1500 collected $17.64 from pot
*** SUMMARY ***
Total pot $18 | Rake $0.36
Board [Jh 7c 3s 7h Qh]
Seat 4: Glizerin (button) (small blind) mucked
Seat 6: Rmk1500 (big blind) showed [Kd 3c] and won ($17.64) with two pair, Sevens and Threes


PokerStars Hand #150056263396:  Hold'em Limit ($3/$6 USD) - 2016/03/08 17:54:39 ET
Table 'Nemausa' 6-max Seat #6 is the button
Seat 4: Glizerin ($61.91 in chips)
Seat 6: Rmk1500 ($92.40 in chips)
Rmk1500: posts small blind $1
Glizerin: posts big blind $3
*** HOLE CARDS ***
Rmk1500: raises $3 to $6
Azrarn joins the table at seat #5
Glizerin: calls $3
*** FLOP *** [5s 9s 9h]
Glizerin: bets $3
Rmk1500: calls $3
*** TURN *** [5s 9s 9h] [5h]
Glizerin: bets $6
Rmk1500: folds
Uncalled bet ($6) returned to Glizerin
Glizerin collected $17.64 from pot
Glizerin: doesn't show hand
*** SUMMARY ***
Total pot $18 | Rake $0.36
Board [5s 9s 9h 5h]
Seat 4: Glizerin (big blind) collected ($17.64)
Seat 6: Rmk1500 (button) (small blind) folded on the Turn


