PokerStars Hand #151169525862:  Hold'em Limit ($3/$6 USD) - 2016/03/30 12:15:28 ET
Table 'Nemausa III' 6-max Seat #5 is the button
Seat 3: Mizt3r X ($134.50 in chips)
Seat 5: Zubasa07 ($485 in chips)
Zubasa07: posts small blind $1
Mizt3r X: posts big blind $3
*** HOLE CARDS ***
Zubasa07: raises $3 to $6
Mizt3r X: calls $3
*** FLOP *** [4h 6h Th]
Mizt3r X: checks
Zubasa07: bets $3
Mizt3r X: calls $3
*** TURN *** [4h 6h Th] [Tc]
Mizt3r X: checks
Zubasa07: bets $6
Mizt3r X: raises $6 to $12
Zubasa07: calls $6
*** RIVER *** [4h 6h Th Tc] [7c]
Mizt3r X: bets $6
Zubasa07: calls $6
*** SHOW DOWN ***
Mizt3r X: shows [Td 9d] (three of a kind, Tens)
Zubasa07: mucks hand
Mizt3r X collected $53.50 from pot
*** SUMMARY ***
Total pot $54 | Rake $0.50
Board [4h 6h Th Tc 7c]
Seat 3: Mizt3r X (big blind) showed [Td 9d] and won ($53.50) with three of a kind, Tens
Seat 5: Zubasa07 (button) (small blind) mucked


PokerStars Hand #151169559859:  Hold'em Limit ($3/$6 USD) - 2016/03/30 12:16:11 ET
Table 'Nemausa III' 6-max Seat #3 is the button
Seat 3: Mizt3r X ($161 in chips)
Seat 5: Zubasa07 ($458 in chips)
Mizt3r X: posts small blind $1
Zubasa07: posts big blind $3
*** HOLE CARDS ***
Mizt3r X: raises $3 to $6
Zubasa07: raises $3 to $9
Mizt3r X: calls $3
*** FLOP *** [4h 9d 6s]
Zubasa07: bets $3
Mizt3r X: folds
Uncalled bet ($3) returned to Zubasa07
Zubasa07 collected $17.64 from pot
Zubasa07: doesn't show hand
*** SUMMARY ***
Total pot $18 | Rake $0.36
Board [4h 9d 6s]
Seat 3: Mizt3r X (button) (small blind) folded on the Flop
Seat 5: Zubasa07 (big blind) collected ($17.64)


PokerStars Hand #151169609034:  Hold'em Limit ($3/$6 USD) - 2016/03/30 12:17:14 ET
Table 'Nemausa III' 6-max Seat #5 is the button
Seat 3: Mizt3r X ($136 in chips)
Seat 5: Zubasa07 ($482.14 in chips)
Pelurile joins the table at seat #4
Zubasa07: posts small blind $1
Mizt3r X: posts big blind $3
*** HOLE CARDS ***
Zubasa07: raises $3 to $6
Mizt3r X: folds
Uncalled bet ($3) returned to Zubasa07
Zubasa07 collected $6 from pot
Zubasa07: doesn't show hand
*** SUMMARY ***
Total pot $6 | Rake $0
Seat 3: Mizt3r X (big blind) folded before Flop
Seat 5: Zubasa07 (button) (small blind) collected ($6)


PokerStars Hand #151169605610:  Hold'em Limit ($3/$6 USD) - 2016/03/30 12:17:10 ET
Table 'Nemausa III' 6-max Seat #3 is the button
Seat 3: Mizt3r X ($137 in chips)
Seat 5: Zubasa07 ($481.14 in chips)
Mizt3r X: posts small blind $1
Zubasa07: posts big blind $3
*** HOLE CARDS ***
Mizt3r X: folds
Uncalled bet ($2) returned to Zubasa07
Zubasa07 collected $2 from pot
Zubasa07: doesn't show hand
*** SUMMARY ***
Total pot $2 | Rake $0
Seat 3: Mizt3r X (button) (small blind) folded before Flop
Seat 5: Zubasa07 (big blind) collected ($2)


PokerStars Hand #151169576057:  Hold'em Limit ($3/$6 USD) - 2016/03/30 12:16:32 ET
Table 'Nemausa III' 6-max Seat #5 is the button
Seat 3: Mizt3r X ($152 in chips)
Seat 5: Zubasa07 ($466.64 in chips)
Zubasa07: posts small blind $1
Mizt3r X: posts big blind $3
*** HOLE CARDS ***
Zubasa07: raises $3 to $6
Mizt3r X: calls $3
*** FLOP *** [5s Qd 9d]
Mizt3r X: checks
Zubasa07: bets $3
Mizt3r X: calls $3
*** TURN *** [5s Qd 9d] [8c]
Mizt3r X: checks
Zubasa07: checks
*** RIVER *** [5s Qd 9d 8c] [8d]
Mizt3r X: checks
Zubasa07: bets $6
Mizt3r X: calls $6
*** SHOW DOWN ***
Zubasa07: shows [8s Ac] (three of a kind, Eights)
Mizt3r X: mucks hand
Zubasa07 collected $29.50 from pot
*** SUMMARY ***
Total pot $30 | Rake $0.50
Board [5s Qd 9d 8c 8d]
Seat 3: Mizt3r X (big blind) mucked
Seat 5: Zubasa07 (button) (small blind) showed [8s Ac] and won ($29.50) with three of a kind, Eights


PokerStars Hand #151169755708:  Hold'em Limit ($3/$6 USD) - 2016/03/30 12:20:20 ET
Table 'Nemausa III' 6-max Seat #4 is the button
Seat 3: Mizt3r X ($98 in chips)
Seat 4: Pelurile ($96.50 in chips)
Pelurile: posts small blind $1
Zubasa07: is sitting out
Mizt3r X: posts big blind $3
*** HOLE CARDS ***
Pelurile: raises $3 to $6
Zubasa07 leaves the table
Mizt3r X: folds
Uncalled bet ($3) returned to Pelurile
Pelurile collected $6 from pot
Pelurile: doesn't show hand
*** SUMMARY ***
Total pot $6 | Rake $0
Seat 3: Mizt3r X (big blind) folded before Flop
Seat 4: Pelurile (button) (small blind) collected ($6)


PokerStars Hand #151169764045:  Hold'em Limit ($3/$6 USD) - 2016/03/30 12:20:30 ET
Table 'Nemausa III' 6-max Seat #3 is the button
Seat 3: Mizt3r X ($95 in chips)
Seat 4: Pelurile ($99.50 in chips)
Mizt3r X: posts small blind $1
Pelurile: posts big blind $3
*** HOLE CARDS ***
Mizt3r X: raises $3 to $6
Pelurile: raises $3 to $9
Mizt3r X: calls $3
*** FLOP *** [9c 4d 2d]
Pelurile: bets $3
Mizt3r X: calls $3
*** TURN *** [9c 4d 2d] [Ks]
Pelurile: bets $6
Mizt3r X: calls $6
*** RIVER *** [9c 4d 2d Ks] [5c]
Pelurile: bets $6
Mizt3r X: raises $6 to $12
Pelurile: calls $6
*** SHOW DOWN ***
Mizt3r X: shows [Jh Kh] (a pair of Kings)
Pelurile: mucks hand
Mizt3r X collected $59.50 from pot
*** SUMMARY ***
Total pot $60 | Rake $0.50
Board [9c 4d 2d Ks 5c]
Seat 3: Mizt3r X (button) (small blind) showed [Jh Kh] and won ($59.50) with a pair of Kings
Seat 4: Pelurile (big blind) mucked


PokerStars Hand #151169802706:  Hold'em Limit ($3/$6 USD) - 2016/03/30 12:21:20 ET
Table 'Nemausa III' 6-max Seat #4 is the button
Seat 3: Mizt3r X ($124.50 in chips)
Seat 4: Pelurile ($72 in chips)
Pelurile: posts small blind $1
Mizt3r X: posts big blind $3
*** HOLE CARDS ***
Pelurile: raises $3 to $6
Mizt3r X: calls $3
*** FLOP *** [4h 3s 6c]
Mizt3r X: checks
Pelurile: bets $3
Mizt3r X: folds
Uncalled bet ($3) returned to Pelurile
Pelurile collected $11.76 from pot
Pelurile: doesn't show hand
*** SUMMARY ***
Total pot $12 | Rake $0.24
Board [4h 3s 6c]
Seat 3: Mizt3r X (big blind) folded on the Flop
Seat 4: Pelurile (button) (small blind) collected ($11.76)


