PokerStars Hand #161199806900:  Hold'em Limit ($3/$6 USD) - 2016/11/10 14:19:09 ET
Table 'Nembus' 6-max Seat #1 is the button
Seat 1: MMM 22666 ($73 in chips)
Seat 2: kolaz03 ($72 in chips)
MMM 22666: posts small blind $1
kolaz03: posts big blind $3
*** HOLE CARDS ***
MMM 22666: raises $3 to $6
kolaz03: folds
Uncalled bet ($3) returned to MMM 22666
MMM 22666 collected $6 from pot
*** SUMMARY ***
Total pot $6 | Rake $0
Seat 1: MMM 22666 (button) (small blind) collected ($6)
Seat 2: kolaz03 (big blind) folded before Flop


PokerStars Hand #161199812940:  Hold'em Limit ($3/$6 USD) - 2016/11/10 14:19:16 ET
Table 'Nembus' 6-max Seat #2 is the button
Seat 1: MMM 22666 ($76 in chips)
Seat 2: kolaz03 ($72 in chips)
kolaz03: posts small blind $1
MMM 22666: posts big blind $3
*** HOLE CARDS ***
kolaz03: raises $3 to $6
MMM 22666: calls $3
*** FLOP *** [Jc 5d 9d]
MMM 22666: checks
kolaz03: bets $3
MMM 22666: calls $3
*** TURN *** [Jc 5d 9d] [9s]
MMM 22666: checks
kolaz03: bets $6
MMM 22666: calls $6
*** RIVER *** [Jc 5d 9d 9s] [2d]
MMM 22666: checks
kolaz03: bets $6
MMM 22666: calls $6
*** SHOW DOWN ***
kolaz03: shows [6d 7c] (a pair of Nines)
MMM 22666: shows [6s 6h] (two pair, Nines and Sixes)
MMM 22666 collected $41.50 from pot
*** SUMMARY ***
Total pot $42 | Rake $0.50
Board [Jc 5d 9d 9s 2d]
Seat 1: MMM 22666 (big blind) showed [6s 6h] and won ($41.50) with two pair, Nines and Sixes
Seat 2: kolaz03 (button) (small blind) showed [6d 7c] and lost with a pair of Nines


PokerStars Hand #161199826041:  Hold'em Limit ($3/$6 USD) - 2016/11/10 14:19:31 ET
Table 'Nembus' 6-max Seat #1 is the button
Seat 1: MMM 22666 ($96.50 in chips)
Seat 2: kolaz03 ($72 in chips)
MMM 22666: posts small blind $1
kolaz03: posts big blind $3
*** HOLE CARDS ***
MMM 22666: raises $3 to $6
kolaz03: calls $3
*** FLOP *** [8s Jd Th]
kolaz03: checks
MMM 22666: bets $3
kolaz03: folds
Uncalled bet ($3) returned to MMM 22666
MMM 22666 collected $11.76 from pot
*** SUMMARY ***
Total pot $12 | Rake $0.24
Board [8s Jd Th]
Seat 1: MMM 22666 (button) (small blind) collected ($11.76)
Seat 2: kolaz03 (big blind) folded on the Flop


PokerStars Hand #161199840979:  Hold'em Limit ($3/$6 USD) - 2016/11/10 14:19:48 ET
Table 'Nembus' 6-max Seat #2 is the button
Seat 1: MMM 22666 ($102.26 in chips)
Seat 2: kolaz03 ($72 in chips)
kolaz03: posts small blind $1
MMM 22666: posts big blind $3
*** HOLE CARDS ***
kolaz03: raises $3 to $6
MMM 22666: calls $3
*** FLOP *** [8d 5c 9h]
MMM 22666: checks
kolaz03: bets $3
MMM 22666: calls $3
*** TURN *** [8d 5c 9h] [9c]
MMM 22666: checks
kolaz03: bets $6
MMM 22666: calls $6
*** RIVER *** [8d 5c 9h 9c] [6c]
MMM 22666: bets $6
kolaz03: raises $6 to $12
MMM 22666: calls $6
*** SHOW DOWN ***
kolaz03: shows [8h 9s] (a full house, Nines full of Eights)
MMM 22666: mucks hand
kolaz03 collected $53.50 from pot
*** SUMMARY ***
Total pot $54 | Rake $0.50
Board [8d 5c 9h 9c 6c]
Seat 1: MMM 22666 (big blind) mucked
Seat 2: kolaz03 (button) (small blind) showed [8h 9s] and won ($53.50) with a full house, Nines full of Eights


PokerStars Hand #161199858299:  Hold'em Limit ($3/$6 USD) - 2016/11/10 14:20:07 ET
Table 'Nembus' 6-max Seat #1 is the button
Seat 1: MMM 22666 ($75.26 in chips)
Seat 2: kolaz03 ($98.50 in chips)
MMM 22666: posts small blind $1
kolaz03: posts big blind $3
*** HOLE CARDS ***
MMM 22666: raises $3 to $6
kolaz03: calls $3
*** FLOP *** [Qc 4c 2d]
kolaz03: checks
MMM 22666: bets $3
kolaz03: folds
Uncalled bet ($3) returned to MMM 22666
MMM 22666 collected $11.76 from pot
*** SUMMARY ***
Total pot $12 | Rake $0.24
Board [Qc 4c 2d]
Seat 1: MMM 22666 (button) (small blind) collected ($11.76)
Seat 2: kolaz03 (big blind) folded on the Flop


PokerStars Hand #161199869173:  Hold'em Limit ($3/$6 USD) - 2016/11/10 14:20:20 ET
Table 'Nembus' 6-max Seat #2 is the button
Seat 1: MMM 22666 ($81.02 in chips)
Seat 2: kolaz03 ($92.50 in chips)
kolaz03: posts small blind $1
MMM 22666: posts big blind $3
*** HOLE CARDS ***
kolaz03: raises $3 to $6
MMM 22666: calls $3
*** FLOP *** [Jh 8c Kd]
MMM 22666: checks
kolaz03: bets $3
MMM 22666: folds
Uncalled bet ($3) returned to kolaz03
kolaz03 collected $11.76 from pot
kolaz03: doesn't show hand
*** SUMMARY ***
Total pot $12 | Rake $0.24
Board [Jh 8c Kd]
Seat 1: MMM 22666 (big blind) folded on the Flop
Seat 2: kolaz03 (button) (small blind) collected ($11.76)


PokerStars Hand #161199880441:  Hold'em Limit ($3/$6 USD) - 2016/11/10 14:20:33 ET
Table 'Nembus' 6-max Seat #1 is the button
Seat 1: MMM 22666 ($75.02 in chips)
Seat 2: kolaz03 ($98.26 in chips)
MMM 22666: posts small blind $1
kolaz03: posts big blind $3
*** HOLE CARDS ***
MMM 22666: calls $2
kolaz03: checks
*** FLOP *** [Js 7h 3h]
kolaz03: bets $3
MMM 22666: calls $3
*** TURN *** [Js 7h 3h] [Qd]
kolaz03: checks
MMM 22666: checks
*** RIVER *** [Js 7h 3h Qd] [Kd]
kolaz03: checks
MMM 22666: checks
*** SHOW DOWN ***
kolaz03: shows [5d 8h] (high card King)
MMM 22666: shows [9s 5s] (high card King - Queen+Jack+Nine kicker)
MMM 22666 collected $11.76 from pot
*** SUMMARY ***
Total pot $12 | Rake $0.24
Board [Js 7h 3h Qd Kd]
Seat 1: MMM 22666 (button) (small blind) showed [9s 5s] and won ($11.76) with high card King
Seat 2: kolaz03 (big blind) showed [5d 8h] and lost with high card King


PokerStars Hand #161199944297:  Hold'em Limit ($3/$6 USD) - 2016/11/10 14:21:44 ET
Table 'Nembus' 6-max Seat #1 is the button
Seat 1: MMM 22666 ($56.78 in chips)
Seat 2: kolaz03 ($115.76 in chips)
MMM 22666: posts small blind $1
kolaz03: posts big blind $3
*** HOLE CARDS ***
MMM 22666: folds
Uncalled bet ($2) returned to kolaz03
kolaz03 collected $2 from pot
kolaz03: doesn't show hand
*** SUMMARY ***
Total pot $2 | Rake $0
Seat 1: MMM 22666 (button) (small blind) folded before Flop
Seat 2: kolaz03 (big blind) collected ($2)


PokerStars Hand #161199910970:  Hold'em Limit ($3/$6 USD) - 2016/11/10 14:21:07 ET
Table 'Nembus' 6-max Seat #2 is the button
Seat 1: MMM 22666 ($80.78 in chips)
Seat 2: kolaz03 ($92.26 in chips)
kolaz03: posts small blind $1
MMM 22666: posts big blind $3
*** HOLE CARDS ***
kolaz03: raises $3 to $6
MMM 22666: raises $3 to $9
kolaz03: calls $3
*** FLOP *** [Tc Kh 4s]
MMM 22666: bets $3
kolaz03: calls $3
*** TURN *** [Tc Kh 4s] [As]
MMM 22666: checks
kolaz03: bets $6
Bueffel joins the table at seat #3
MMM 22666: calls $6
*** RIVER *** [Tc Kh 4s As] [8c]
MMM 22666: checks
kolaz03: bets $6
MMM 22666: calls $6
*** SHOW DOWN ***
kolaz03: shows [Ac 4c] (two pair, Aces and Fours)
MMM 22666: mucks hand
kolaz03 collected $47.50 from pot
*** SUMMARY ***
Total pot $48 | Rake $0.50
Board [Tc Kh 4s As 8c]
Seat 1: MMM 22666 (big blind) mucked
Seat 2: kolaz03 (button) (small blind) showed [Ac 4c] and won ($47.50) with two pair, Aces and Fours


PokerStars Hand #161200173800:  Hold'em Limit ($3/$6 USD) - 2016/11/10 14:26:01 ET
Table 'Nembus' 6-max Seat #2 is the button
Seat 1: MMM 22666 ($121.10 in chips)
Seat 2: kolaz03 ($130.08 in chips)
kolaz03: posts small blind $1
ValeryRon: is sitting out
MMM 22666: posts big blind $3
*** HOLE CARDS ***
ValeryRon leaves the table
kolaz03: raises $3 to $6
MMM 22666: calls $3
*** FLOP *** [As Tc Qc]
MMM 22666: checks
kolaz03: checks
*** TURN *** [As Tc Qc] [Qh]
MMM 22666: bets $6
kolaz03: calls $6
*** RIVER *** [As Tc Qc Qh] [Jc]
MMM 22666: checks
kolaz03: checks
*** SHOW DOWN ***
MMM 22666: shows [Jh 4d] (two pair, Queens and Jacks)
kolaz03: shows [Ts Jd] (two pair, Queens and Jacks)
MMM 22666 collected $11.76 from pot
kolaz03 collected $11.76 from pot
*** SUMMARY ***
Total pot $24 | Rake $0.48
Board [As Tc Qc Qh Jc]
Seat 1: MMM 22666 (big blind) showed [Jh 4d] and won ($11.76) with two pair, Queens and Jacks
Seat 2: kolaz03 (button) (small blind) showed [Ts Jd] and won ($11.76) with two pair, Queens and Jacks


PokerStars Hand #161200203343:  Hold'em Limit ($3/$6 USD) - 2016/11/10 14:26:22 ET
Table 'Nembus' 6-max Seat #1 is the button
Seat 1: MMM 22666 ($120.86 in chips)
Seat 2: kolaz03 ($129.84 in chips)
MMM 22666: posts small blind $1
kolaz03: posts big blind $3
*** HOLE CARDS ***
MMM 22666: folds
Uncalled bet ($2) returned to kolaz03
kolaz03 collected $2 from pot
kolaz03: doesn't show hand
*** SUMMARY ***
Total pot $2 | Rake $0
Seat 1: MMM 22666 (button) (small blind) folded before Flop
Seat 2: kolaz03 (big blind) collected ($2)


PokerStars Hand #161200207591:  Hold'em Limit ($3/$6 USD) - 2016/11/10 14:26:27 ET
Table 'Nembus' 6-max Seat #2 is the button
Seat 1: MMM 22666 ($119.86 in chips)
Seat 2: kolaz03 ($130.84 in chips)
kolaz03: posts small blind $1
MMM 22666: posts big blind $3
*** HOLE CARDS ***
kolaz03: raises $3 to $6
MMM 22666: raises $3 to $9
sim5sim5 leaves the table
kolaz03: calls $3
*** FLOP *** [8d 2c 4d]
MMM 22666: bets $3
kolaz03: calls $3
*** TURN *** [8d 2c 4d] [9h]
MMM 22666: bets $6
kolaz03: folds
Uncalled bet ($6) returned to MMM 22666
MMM 22666 collected $23.52 from pot
*** SUMMARY ***
Total pot $24 | Rake $0.48
Board [8d 2c 4d 9h]
Seat 1: MMM 22666 (big blind) collected ($23.52)
Seat 2: kolaz03 (button) (small blind) folded on the Turn


