PokerStars Hand #152879080660:  Hold'em Limit ($3/$6 USD) - 2016/05/05 6:52:18 ET
Table 'Nembus' 6-max Seat #6 is the button
Seat 1: Airbag999 ($120 in chips)
Seat 6: Vincenzo Vs ($120 in chips)
Vincenzo Vs: posts small blind $1
Airbag999: posts big blind $3
*** HOLE CARDS ***
TbIP-TbIP 88 leaves the table
Vincenzo Vs: folds
Uncalled bet ($2) returned to Airbag999
Airbag999 collected $2 from pot
Airbag999: doesn't show hand
*** SUMMARY ***
Total pot $2 | Rake $0
Seat 1: Airbag999 (big blind) collected ($2)
Seat 6: Vincenzo Vs (button) (small blind) folded before Flop


PokerStars Hand #152879113199:  Hold'em Limit ($3/$6 USD) - 2016/05/05 6:53:32 ET
Table 'Nembus' 6-max Seat #6 is the button
Seat 1: Airbag999 ($134.76 in chips)
Seat 6: Vincenzo Vs ($105 in chips)
Vincenzo Vs: posts small blind $1
Airbag999: posts big blind $3
*** HOLE CARDS ***
Vincenzo Vs: folds
Uncalled bet ($2) returned to Airbag999
Airbag999 collected $2 from pot
Airbag999: doesn't show hand
*** SUMMARY ***
Total pot $2 | Rake $0
Seat 1: Airbag999 (big blind) collected ($2)
Seat 6: Vincenzo Vs (button) (small blind) folded before Flop


PokerStars Hand #152879109472:  Hold'em Limit ($3/$6 USD) - 2016/05/05 6:53:23 ET
Table 'Nembus' 6-max Seat #1 is the button
Seat 1: Airbag999 ($131.76 in chips)
Seat 6: Vincenzo Vs ($108 in chips)
Airbag999: posts small blind $1
Vincenzo Vs: posts big blind $3
*** HOLE CARDS ***
Airbag999: raises $3 to $6
Vincenzo Vs: folds
Uncalled bet ($3) returned to Airbag999
Airbag999 collected $6 from pot
Airbag999: doesn't show hand
*** SUMMARY ***
Total pot $6 | Rake $0
Seat 1: Airbag999 (button) (small blind) collected ($6)
Seat 6: Vincenzo Vs (big blind) folded before Flop


PokerStars Hand #152879106817:  Hold'em Limit ($3/$6 USD) - 2016/05/05 6:53:17 ET
Table 'Nembus' 6-max Seat #6 is the button
Seat 1: Airbag999 ($130.76 in chips)
Seat 6: Vincenzo Vs ($109 in chips)
Vincenzo Vs: posts small blind $1
Airbag999: posts big blind $3
*** HOLE CARDS ***
Vincenzo Vs: folds
Uncalled bet ($2) returned to Airbag999
Airbag999 collected $2 from pot
Airbag999: doesn't show hand
*** SUMMARY ***
Total pot $2 | Rake $0
Seat 1: Airbag999 (big blind) collected ($2)
Seat 6: Vincenzo Vs (button) (small blind) folded before Flop


PokerStars Hand #152879102226:  Hold'em Limit ($3/$6 USD) - 2016/05/05 6:53:07 ET
Table 'Nembus' 6-max Seat #1 is the button
Seat 1: Airbag999 ($127.76 in chips)
Seat 6: Vincenzo Vs ($112 in chips)
Airbag999: posts small blind $1
Vincenzo Vs: posts big blind $3
*** HOLE CARDS ***
Airbag999: raises $3 to $6
Vincenzo Vs: folds
Uncalled bet ($3) returned to Airbag999
Airbag999 collected $6 from pot
Airbag999: doesn't show hand
*** SUMMARY ***
Total pot $6 | Rake $0
Seat 1: Airbag999 (button) (small blind) collected ($6)
Seat 6: Vincenzo Vs (big blind) folded before Flop


PokerStars Hand #152879099339:  Hold'em Limit ($3/$6 USD) - 2016/05/05 6:53:01 ET
Table 'Nembus' 6-max Seat #6 is the button
Seat 1: Airbag999 ($126.76 in chips)
Seat 6: Vincenzo Vs ($113 in chips)
Vincenzo Vs: posts small blind $1
Airbag999: posts big blind $3
*** HOLE CARDS ***
Vincenzo Vs: folds
Uncalled bet ($2) returned to Airbag999
Airbag999 collected $2 from pot
Airbag999: doesn't show hand
*** SUMMARY ***
Total pot $2 | Rake $0
Seat 1: Airbag999 (big blind) collected ($2)
Seat 6: Vincenzo Vs (button) (small blind) folded before Flop


PokerStars Hand #152879089008:  Hold'em Limit ($3/$6 USD) - 2016/05/05 6:52:37 ET
Table 'Nembus' 6-max Seat #1 is the button
Seat 1: Airbag999 ($121 in chips)
Seat 6: Vincenzo Vs ($119 in chips)
Airbag999: posts small blind $1
Vincenzo Vs: posts big blind $3
*** HOLE CARDS ***
Airbag999: raises $3 to $6
Vincenzo Vs: calls $3
*** FLOP *** [2s 2h 9c]
Vincenzo Vs: checks
Airbag999: bets $3
Vincenzo Vs: folds
Uncalled bet ($3) returned to Airbag999
Airbag999 collected $11.76 from pot
Airbag999: doesn't show hand
*** SUMMARY ***
Total pot $12 | Rake $0.24
Board [2s 2h 9c]
Seat 1: Airbag999 (button) (small blind) collected ($11.76)
Seat 6: Vincenzo Vs (big blind) folded on the Flop


PokerStars Hand #152879126966:  Hold'em Limit ($3/$6 USD) - 2016/05/05 6:54:03 ET
Table 'Nembus' 6-max Seat #6 is the button
Seat 1: Airbag999 ($134.76 in chips)
Seat 6: Vincenzo Vs ($105 in chips)
Vincenzo Vs: posts small blind $1
Airbag999: posts big blind $3
*** HOLE CARDS ***
Vincenzo Vs: calls $2
Airbag999: raises $3 to $6
Vincenzo Vs: calls $3
*** FLOP *** [Jh Th 5s]
Airbag999: bets $3
Vincenzo Vs: calls $3
*** TURN *** [Jh Th 5s] [9c]
Airbag999: checks
Vincenzo Vs: checks
*** RIVER *** [Jh Th 5s 9c] [3c]
Airbag999: checks
Vincenzo Vs: checks
*** SHOW DOWN ***
Airbag999: shows [5c Ks] (a pair of Fives)
Vincenzo Vs: mucks hand
Airbag999 collected $17.64 from pot
*** SUMMARY ***
Total pot $18 | Rake $0.36
Board [Jh Th 5s 9c 3c]
Seat 1: Airbag999 (big blind) showed [5c Ks] and won ($17.64) with a pair of Fives
Seat 6: Vincenzo Vs (button) (small blind) mucked


PokerStars Hand #152879119877:  Hold'em Limit ($3/$6 USD) - 2016/05/05 6:53:47 ET
Table 'Nembus' 6-max Seat #6 is the button
Seat 1: Airbag999 ($134.76 in chips)
Seat 6: Vincenzo Vs ($105 in chips)
Vincenzo Vs: posts small blind $1
Airbag999: posts big blind $3
*** HOLE CARDS ***
Vincenzo Vs: raises $3 to $6
Airbag999: folds
Uncalled bet ($3) returned to Vincenzo Vs
Vincenzo Vs collected $6 from pot
Vincenzo Vs: doesn't show hand
*** SUMMARY ***
Total pot $6 | Rake $0
Seat 1: Airbag999 (big blind) folded before Flop
Seat 6: Vincenzo Vs (button) (small blind) collected ($6)


PokerStars Hand #152879116199:  Hold'em Limit ($3/$6 USD) - 2016/05/05 6:53:39 ET
Table 'Nembus' 6-max Seat #1 is the button
Seat 1: Airbag999 ($135.76 in chips)
Seat 6: Vincenzo Vs ($104 in chips)
Airbag999: posts small blind $1
Vincenzo Vs: posts big blind $3
*** HOLE CARDS ***
Airbag999: folds
Uncalled bet ($2) returned to Vincenzo Vs
Vincenzo Vs collected $2 from pot
Vincenzo Vs: doesn't show hand
*** SUMMARY ***
Total pot $2 | Rake $0
Seat 1: Airbag999 (button) (small blind) folded before Flop
Seat 6: Vincenzo Vs (big blind) collected ($2)


PokerStars Hand #152879123462:  Hold'em Limit ($3/$6 USD) - 2016/05/05 6:53:55 ET
Table 'Nembus' 6-max Seat #1 is the button
Seat 1: Airbag999 ($131.76 in chips)
Seat 6: Vincenzo Vs ($108 in chips)
Airbag999: posts small blind $1
Vincenzo Vs: posts big blind $3
*** HOLE CARDS ***
Airbag999: raises $3 to $6
Vincenzo Vs: folds
Uncalled bet ($3) returned to Airbag999
Airbag999 collected $6 from pot
Airbag999: doesn't show hand
*** SUMMARY ***
Total pot $6 | Rake $0
Seat 1: Airbag999 (button) (small blind) collected ($6)
Seat 6: Vincenzo Vs (big blind) folded before Flop


PokerStars Hand #152879142429:  Hold'em Limit ($3/$6 USD) - 2016/05/05 6:54:38 ET
Table 'Nembus' 6-max Seat #1 is the button
Seat 1: Airbag999 ($143.40 in chips)
Seat 6: Vincenzo Vs ($96 in chips)
Airbag999: posts small blind $1
Vincenzo Vs: posts big blind $3
*** HOLE CARDS ***
Airbag999: raises $3 to $6
Vincenzo Vs: calls $3
*** FLOP *** [7d 5h 4h]
Vincenzo Vs: checks
Airbag999: checks
*** TURN *** [7d 5h 4h] [3s]
Vincenzo Vs: bets $6
Airbag999: folds
Uncalled bet ($6) returned to Vincenzo Vs
Vincenzo Vs collected $11.76 from pot
Vincenzo Vs: doesn't show hand
*** SUMMARY ***
Total pot $12 | Rake $0.24
Board [7d 5h 4h 3s]
Seat 1: Airbag999 (button) (small blind) folded on the Turn
Seat 6: Vincenzo Vs (big blind) collected ($11.76)


