PokerStars Hand #148083994519:  Hold'em Limit ($3/$6 USD) - 2016/02/01 19:18:45 ET
Table 'Nemesis II' 6-max Seat #5 is the button
Seat 2: Rmk1500 ($142.82 in chips)
Seat 5: DePokeraap ($238.51 in chips)
cvillegurl will be allowed to play after the button
DePokeraap: posts small blind $1
tufing: is sitting out
Rmk1500: posts big blind $3
*** HOLE CARDS ***
DePokeraap: folds
Uncalled bet ($2) returned to Rmk1500
Rmk1500 collected $2 from pot
*** SUMMARY ***
Total pot $2 | Rake $0
Seat 2: Rmk1500 (big blind) collected ($2)
Seat 5: DePokeraap (button) (small blind) folded before Flop


PokerStars Hand #148084054579:  Hold'em Limit ($3/$6 USD) - 2016/02/01 19:20:09 ET
Table 'Nemesis II' 6-max Seat #5 is the button
Seat 2: Rmk1500 ($136.27 in chips)
Seat 5: DePokeraap ($279.14 in chips)
DePokeraap: posts small blind $1
Rmk1500: posts big blind $3
*** HOLE CARDS ***
DePokeraap: raises $3 to $6
Rmk1500: calls $3
*** FLOP *** [Qs Td 9h]
Rmk1500: checks
DePokeraap: bets $3
Rmk1500: calls $3
*** TURN *** [Qs Td 9h] [4d]
Rmk1500: checks
DePokeraap: checks
*** RIVER *** [Qs Td 9h 4d] [4s]
Rmk1500: bets $6
DePokeraap: folds
Uncalled bet ($6) returned to Rmk1500
Rmk1500 collected $17.64 from pot
*** SUMMARY ***
Total pot $18 | Rake $0.36
Board [Qs Td 9h 4d 4s]
Seat 2: Rmk1500 (big blind) collected ($17.64)
Seat 5: DePokeraap (button) (small blind) folded on the River


PokerStars Hand #148084041880:  Hold'em Limit ($3/$6 USD) - 2016/02/01 19:19:51 ET
Table 'Nemesis II' 6-max Seat #2 is the button
Seat 2: Rmk1500 ($148.27 in chips)
Seat 5: DePokeraap ($267.62 in chips)
Rmk1500: posts small blind $1
DePokeraap: posts big blind $3
*** HOLE CARDS ***
Rmk1500: raises $3 to $6
DePokeraap: calls $3
*** FLOP *** [6h Kd 3h]
cvillegurl leaves the table
DePokeraap: checks
Rmk1500: bets $3
DePokeraap: raises $3 to $6
Rmk1500: calls $3
*** TURN *** [6h Kd 3h] [8c]
DePokeraap: bets $6
Rmk1500: folds
Uncalled bet ($6) returned to DePokeraap
DePokeraap collected $23.52 from pot
DePokeraap: doesn't show hand
*** SUMMARY ***
Total pot $24 | Rake $0.48
Board [6h Kd 3h 8c]
Seat 2: Rmk1500 (button) (small blind) folded on the Turn
Seat 5: DePokeraap (big blind) collected ($23.52)


