PokerStars Hand #149020081617:  Hold'em Limit ($3/$6 USD) - 2016/02/18 13:47:08 ET
Table 'Nemesis' 6-max Seat #1 is the button
Seat 1: Zubasa07 ($503.76 in chips)
Seat 2: hubschi ($31.76 in chips)
Zubasa07: posts small blind $1
hubschi: posts big blind $3
*** HOLE CARDS ***
Zubasa07: raises $3 to $6
hubschi: calls $3
*** FLOP *** [Qc 8c Ts]
hubschi: checks
Zubasa07: bets $3
hubschi: calls $3
*** TURN *** [Qc 8c Ts] [As]
hubschi: checks
Zubasa07: bets $6
hubschi: raises $6 to $12
Zubasa07: calls $6
*** RIVER *** [Qc 8c Ts As] [6d]
hubschi: bets $6
Zubasa07: folds
Uncalled bet ($6) returned to hubschi
hubschi collected $41.50 from pot
hubschi: doesn't show hand
*** SUMMARY ***
Total pot $42 | Rake $0.50
Board [Qc 8c Ts As 6d]
Seat 1: Zubasa07 (button) (small blind) folded on the River
Seat 2: hubschi (big blind) collected ($41.50)


PokerStars Hand #149020123351:  Hold'em Limit ($3/$6 USD) - 2016/02/18 13:47:51 ET
Table 'Nemesis' 6-max Seat #2 is the button
Seat 1: Zubasa07 ($482.76 in chips)
Seat 2: hubschi ($52.26 in chips)
hubschi: posts small blind $1
Zubasa07: posts big blind $3
*** HOLE CARDS ***
hubschi: raises $3 to $6
Zubasa07: raises $3 to $9
hubschi: calls $3
*** FLOP *** [9d Qc 7h]
Zubasa07: bets $3
hubschi: calls $3
*** TURN *** [9d Qc 7h] [6d]
Zubasa07: bets $6
hubschi: calls $6
*** RIVER *** [9d Qc 7h 6d] [Kc]
Zubasa07: checks
hubschi: checks
*** SHOW DOWN ***
Zubasa07: shows [Jd 9h] (a pair of Nines)
hubschi: mucks hand
Zubasa07 collected $35.50 from pot
*** SUMMARY ***
Total pot $36 | Rake $0.50
Board [9d Qc 7h 6d Kc]
Seat 1: Zubasa07 (big blind) showed [Jd 9h] and won ($35.50) with a pair of Nines
Seat 2: hubschi (button) (small blind) mucked


PokerStars Hand #149020166618:  Hold'em Limit ($3/$6 USD) - 2016/02/18 13:48:36 ET
Table 'Nemesis' 6-max Seat #1 is the button
Seat 1: Zubasa07 ($500.26 in chips)
Seat 2: hubschi ($34.26 in chips)
Zubasa07: posts small blind $1
hubschi: posts big blind $3
*** HOLE CARDS ***
Zubasa07: raises $3 to $6
hubschi: calls $3
*** FLOP *** [5s Qc Ks]
hubschi: bets $3
Zubasa07: folds
Uncalled bet ($3) returned to hubschi
hubschi collected $11.76 from pot
hubschi: doesn't show hand
*** SUMMARY ***
Total pot $12 | Rake $0.24
Board [5s Qc Ks]
Seat 1: Zubasa07 (button) (small blind) folded on the Flop
Seat 2: hubschi (big blind) collected ($11.76)


PokerStars Hand #149020221384:  Hold'em Limit ($3/$6 USD) - 2016/02/18 13:49:32 ET
Table 'Nemesis' 6-max Seat #1 is the button
Seat 1: Zubasa07 ($488.26 in chips)
Seat 2: hubschi ($45.78 in chips)
Zubasa07: posts small blind $1
hubschi: posts big blind $3
*** HOLE CARDS ***
Zubasa07: folds
Uncalled bet ($2) returned to hubschi
hubschi collected $2 from pot
hubschi: doesn't show hand
*** SUMMARY ***
Total pot $2 | Rake $0
Seat 1: Zubasa07 (button) (small blind) folded before Flop
Seat 2: hubschi (big blind) collected ($2)


PokerStars Hand #149020192617:  Hold'em Limit ($3/$6 USD) - 2016/02/18 13:49:02 ET
Table 'Nemesis' 6-max Seat #2 is the button
Seat 1: Zubasa07 ($494.26 in chips)
Seat 2: hubschi ($40.02 in chips)
hubschi: posts small blind $1
Zubasa07: posts big blind $3
*** HOLE CARDS ***
hubschi: calls $2
Zubasa07: checks
*** FLOP *** [Jc 9h Qc]
Zubasa07: bets $3
hubschi: calls $3
*** TURN *** [Jc 9h Qc] [Ts]
Zubasa07: checks
hubschi: bets $6
Zubasa07: folds
Uncalled bet ($6) returned to hubschi
hubschi collected $11.76 from pot
hubschi: doesn't show hand
*** SUMMARY ***
Total pot $12 | Rake $0.24
Board [Jc 9h Qc Ts]
Seat 1: Zubasa07 (big blind) folded on the Turn
Seat 2: hubschi (button) (small blind) collected ($11.76)


PokerStars Hand #149020250337:  Hold'em Limit ($3/$6 USD) - 2016/02/18 13:50:02 ET
Table 'Nemesis' 6-max Seat #2 is the button
Seat 1: Zubasa07 ($495.90 in chips)
Seat 2: hubschi ($37.78 in chips)
hubschi: posts small blind $1
Zubasa07: posts big blind $3
*** HOLE CARDS ***
hubschi: raises $3 to $6
Zubasa07: calls $3
*** FLOP *** [Kh 6h Jc]
Zubasa07: checks
hubschi: bets $3
Zubasa07: calls $3
*** TURN *** [Kh 6h Jc] [5d]
Zubasa07: checks
hubschi: checks
*** RIVER *** [Kh 6h Jc 5d] [6d]
Zubasa07: checks
hubschi: checks
*** SHOW DOWN ***
Zubasa07: shows [Ah 8h] (a pair of Sixes)
hubschi: mucks hand
Zubasa07 collected $17.64 from pot
*** SUMMARY ***
Total pot $18 | Rake $0.36
Board [Kh 6h Jc 5d 6d]
Seat 1: Zubasa07 (big blind) showed [Ah 8h] and won ($17.64) with a pair of Sixes
Seat 2: hubschi (button) (small blind) mucked


PokerStars Hand #149020239087:  Hold'em Limit ($3/$6 USD) - 2016/02/18 13:49:50 ET
Table 'Nemesis' 6-max Seat #1 is the button
Seat 1: Zubasa07 ($490.14 in chips)
Seat 2: hubschi ($43.78 in chips)
Zubasa07: posts small blind $1
hubschi: posts big blind $3
*** HOLE CARDS ***
Zubasa07: raises $3 to $6
hubschi: calls $3
*** FLOP *** [2c 4c 9h]
hubschi: checks
Zubasa07: bets $3
hubschi: folds
Uncalled bet ($3) returned to Zubasa07
Zubasa07 collected $11.76 from pot
Zubasa07: doesn't show hand
*** SUMMARY ***
Total pot $12 | Rake $0.24
Board [2c 4c 9h]
Seat 1: Zubasa07 (button) (small blind) collected ($11.76)
Seat 2: hubschi (big blind) folded on the Flop


PokerStars Hand #149020226934:  Hold'em Limit ($3/$6 USD) - 2016/02/18 13:49:38 ET
Table 'Nemesis' 6-max Seat #2 is the button
Seat 1: Zubasa07 ($487.26 in chips)
Seat 2: hubschi ($46.78 in chips)
hubschi: posts small blind $1
Zubasa07: posts big blind $3
*** HOLE CARDS ***
hubschi: calls $2
Zubasa07: checks
*** FLOP *** [2s 3d 2c]
Zubasa07: bets $3
hubschi: folds
Uncalled bet ($3) returned to Zubasa07
Zubasa07 collected $5.88 from pot
Zubasa07: doesn't show hand
*** SUMMARY ***
Total pot $6 | Rake $0.12
Board [2s 3d 2c]
Seat 1: Zubasa07 (big blind) collected ($5.88)
Seat 2: hubschi (button) (small blind) folded on the Flop


PokerStars Hand #149020274178:  Hold'em Limit ($3/$6 USD) - 2016/02/18 13:50:27 ET
Table 'Nemesis' 6-max Seat #1 is the button
Seat 1: Zubasa07 ($504.54 in chips)
Seat 2: hubschi ($28.78 in chips)
Zubasa07: posts small blind $1
hubschi: posts big blind $3
*** HOLE CARDS ***
Zubasa07: raises $3 to $6
hubschi: calls $3
*** FLOP *** [Kh 5s Jh]
hubschi: checks
Zubasa07: bets $3
hubschi: folds
Uncalled bet ($3) returned to Zubasa07
Zubasa07 collected $11.76 from pot
Zubasa07: doesn't show hand
*** SUMMARY ***
Total pot $12 | Rake $0.24
Board [Kh 5s Jh]
Seat 1: Zubasa07 (button) (small blind) collected ($11.76)
Seat 2: hubschi (big blind) folded on the Flop


PokerStars Hand #149020290629:  Hold'em Limit ($3/$6 USD) - 2016/02/18 13:50:44 ET
Table 'Nemesis' 6-max Seat #2 is the button
Seat 1: Zubasa07 ($510.30 in chips)
Seat 2: hubschi ($22.78 in chips)
hubschi: posts small blind $1
Zubasa07: posts big blind $3
*** HOLE CARDS ***
hubschi: raises $3 to $6
Zubasa07: calls $3
*** FLOP *** [8h 9h 4d]
Zubasa07: checks
hubschi: bets $3
Zubasa07: folds
Uncalled bet ($3) returned to hubschi
hubschi collected $11.76 from pot
hubschi: doesn't show hand
*** SUMMARY ***
Total pot $12 | Rake $0.24
Board [8h 9h 4d]
Seat 1: Zubasa07 (big blind) folded on the Flop
Seat 2: hubschi (button) (small blind) collected ($11.76)


PokerStars Hand #149020356623:  Hold'em Limit ($3/$6 USD) - 2016/02/18 13:51:52 ET
Table 'Nemesis' 6-max Seat #2 is the button
Seat 1: Zubasa07 ($475.76 in chips)
Seat 2: hubschi ($56.58 in chips)
hubschi: posts small blind $1
Zubasa07: posts big blind $3
*** HOLE CARDS ***
hubschi: folds
Uncalled bet ($2) returned to Zubasa07
Zubasa07 collected $2 from pot
Zubasa07: doesn't show hand
*** SUMMARY ***
Total pot $2 | Rake $0
Seat 1: Zubasa07 (big blind) collected ($2)
Seat 2: hubschi (button) (small blind) folded before Flop


PokerStars Hand #149020311010:  Hold'em Limit ($3/$6 USD) - 2016/02/18 13:51:06 ET
Table 'Nemesis' 6-max Seat #1 is the button
Seat 1: Zubasa07 ($504.30 in chips)
Seat 2: hubschi ($28.54 in chips)
Zubasa07: posts small blind $1
hubschi: posts big blind $3
*** HOLE CARDS ***
Zubasa07: raises $3 to $6
hubschi: calls $3
*** FLOP *** [8s 2h Ts]
hubschi: checks
Zubasa07: bets $3
hubschi: raises $3 to $6
Zubasa07: calls $3
*** TURN *** [8s 2h Ts] [Jc]
hubschi: bets $6
Zubasa07: raises $6 to $12
hubschi: raises $4.54 to $16.54 and is all-in
Zubasa07: calls $4.54
*** RIVER *** [8s 2h Ts Jc] [Jd]
*** SHOW DOWN ***
hubschi: shows [9d 7c] (a straight, Seven to Jack)
Zubasa07: shows [Jh Qd] (three of a kind, Jacks)
hubschi collected $56.58 from pot
*** SUMMARY ***
Total pot $57.08 | Rake $0.50
Board [8s 2h Ts Jc Jd]
Seat 1: Zubasa07 (button) (small blind) showed [Jh Qd] and lost with three of a kind, Jacks
Seat 2: hubschi (big blind) showed [9d 7c] and won ($56.58) with a straight, Seven to Jack


PokerStars Hand #149020367972:  Hold'em Limit ($3/$6 USD) - 2016/02/18 13:52:04 ET
Table 'Nemesis' 6-max Seat #2 is the button
Seat 1: Zubasa07 ($475.76 in chips)
Seat 2: hubschi ($56.58 in chips)
hubschi: posts small blind $1
Zubasa07: posts big blind $3
*** HOLE CARDS ***
hubschi: calls $2
Zubasa07: checks
*** FLOP *** [8h Tc Qc]
Zubasa07: bets $3
hubschi: folds
Uncalled bet ($3) returned to Zubasa07
Zubasa07 collected $5.88 from pot
Zubasa07: doesn't show hand
*** SUMMARY ***
Total pot $6 | Rake $0.12
Board [8h Tc Qc]
Seat 1: Zubasa07 (big blind) collected ($5.88)
Seat 2: hubschi (button) (small blind) folded on the Flop


PokerStars Hand #149020361924:  Hold'em Limit ($3/$6 USD) - 2016/02/18 13:51:58 ET
Table 'Nemesis' 6-max Seat #1 is the button
Seat 1: Zubasa07 ($476.76 in chips)
Seat 2: hubschi ($55.58 in chips)
Zubasa07: posts small blind $1
hubschi: posts big blind $3
*** HOLE CARDS ***
Zubasa07: folds
Uncalled bet ($2) returned to hubschi
hubschi collected $2 from pot
hubschi: doesn't show hand
*** SUMMARY ***
Total pot $2 | Rake $0
Seat 1: Zubasa07 (button) (small blind) folded before Flop
Seat 2: hubschi (big blind) collected ($2)


PokerStars Hand #149020412095:  Hold'em Limit ($3/$6 USD) - 2016/02/18 13:52:50 ET
Table 'Nemesis' 6-max Seat #2 is the button
Seat 1: Zubasa07 ($499.14 in chips)
Seat 2: hubschi ($32.58 in chips)
hubschi: posts small blind $1
Zubasa07: posts big blind $3
*** HOLE CARDS ***
hubschi: raises $3 to $6
Zubasa07: calls $3
*** FLOP *** [8c 6d 7h]
Zubasa07: checks
hubschi: checks
*** TURN *** [8c 6d 7h] [8d]
Zubasa07: bets $6
hubschi: calls $6
*** RIVER *** [8c 6d 7h 8d] [9c]
Zubasa07: checks
hubschi: checks
*** SHOW DOWN ***
Zubasa07: shows [As 2h] (a pair of Eights)
hubschi: shows [Ac Kh] (a pair of Eights - Ace+King kicker)
hubschi collected $23.52 from pot
*** SUMMARY ***
Total pot $24 | Rake $0.48
Board [8c 6d 7h 8d 9c]
Seat 1: Zubasa07 (big blind) showed [As 2h] and lost with a pair of Eights
Seat 2: hubschi (button) (small blind) showed [Ac Kh] and won ($23.52) with a pair of Eights


PokerStars Hand #149020380610:  Hold'em Limit ($3/$6 USD) - 2016/02/18 13:52:17 ET
Table 'Nemesis' 6-max Seat #1 is the button
Seat 1: Zubasa07 ($478.64 in chips)
Seat 2: hubschi ($53.58 in chips)
Zubasa07: posts small blind $1
hubschi: posts big blind $3
*** HOLE CARDS ***
Zubasa07: raises $3 to $6
hubschi: calls $3
*** FLOP *** [9s As 6h]
hubschi: checks
Zubasa07: bets $3
hubschi: calls $3
*** TURN *** [9s As 6h] [Th]
hubschi: checks
Zubasa07: bets $6
hubschi: calls $6
*** RIVER *** [9s As 6h Th] [Qs]
hubschi: checks
Zubasa07: bets $6
hubschi: calls $6
*** SHOW DOWN ***
Zubasa07: shows [Ks 4s] (a flush, Ace high)
hubschi: mucks hand
Zubasa07 collected $41.50 from pot
*** SUMMARY ***
Total pot $42 | Rake $0.50
Board [9s As 6h Th Qs]
Seat 1: Zubasa07 (button) (small blind) showed [Ks 4s] and won ($41.50) with a flush, Ace high
Seat 2: hubschi (big blind) mucked


PokerStars Hand #149020444939:  Hold'em Limit ($3/$6 USD) - 2016/02/18 13:53:24 ET
Table 'Nemesis' 6-max Seat #1 is the button
Seat 1: Zubasa07 ($487.14 in chips)
Seat 2: hubschi ($44.10 in chips)
Zubasa07: posts small blind $1
hubschi: posts big blind $3
*** HOLE CARDS ***
Zubasa07: raises $3 to $6
hubschi: calls $3
*** FLOP *** [Jc Jh 3h]
hubschi: checks
Zubasa07: bets $3
hubschi: folds
Uncalled bet ($3) returned to Zubasa07
Zubasa07 collected $11.76 from pot
Zubasa07: doesn't show hand
*** SUMMARY ***
Total pot $12 | Rake $0.24
Board [Jc Jh 3h]
Seat 1: Zubasa07 (button) (small blind) collected ($11.76)
Seat 2: hubschi (big blind) folded on the Flop


PokerStars Hand #149020471208:  Hold'em Limit ($3/$6 USD) - 2016/02/18 13:53:51 ET
Table 'Nemesis' 6-max Seat #2 is the button
Seat 1: Zubasa07 ($496.90 in chips)
Seat 2: hubschi ($34.10 in chips)
hubschi: posts small blind $1
Zubasa07: posts big blind $3
*** HOLE CARDS ***
hubschi: calls $2
Zubasa07: checks
*** FLOP *** [5s 9h As]
Zubasa07: bets $3
hubschi: folds
Uncalled bet ($3) returned to Zubasa07
Zubasa07 collected $5.88 from pot
Zubasa07: doesn't show hand
*** SUMMARY ***
Total pot $6 | Rake $0.12
Board [5s 9h As]
Seat 1: Zubasa07 (big blind) collected ($5.88)
Seat 2: hubschi (button) (small blind) folded on the Flop


PokerStars Hand #149020491182:  Hold'em Limit ($3/$6 USD) - 2016/02/18 13:54:11 ET
Table 'Nemesis' 6-max Seat #2 is the button
Seat 1: Zubasa07 ($502.78 in chips)
Seat 2: hubschi ($28.10 in chips)
hubschi: posts small blind $1
Zubasa07: posts big blind $3
*** HOLE CARDS ***
hubschi: folds
Uncalled bet ($2) returned to Zubasa07
Zubasa07 collected $2 from pot
Zubasa07: doesn't show hand
*** SUMMARY ***
Total pot $2 | Rake $0
Seat 1: Zubasa07 (big blind) collected ($2)
Seat 2: hubschi (button) (small blind) folded before Flop


PokerStars Hand #149020485227:  Hold'em Limit ($3/$6 USD) - 2016/02/18 13:54:05 ET
Table 'Nemesis' 6-max Seat #1 is the button
Seat 1: Zubasa07 ($499.78 in chips)
Seat 2: hubschi ($31.10 in chips)
Zubasa07: posts small blind $1
hubschi: posts big blind $3
*** HOLE CARDS ***
Zubasa07: raises $3 to $6
hubschi: folds
Uncalled bet ($3) returned to Zubasa07
Zubasa07 collected $6 from pot
Zubasa07: doesn't show hand
*** SUMMARY ***
Total pot $6 | Rake $0
Seat 1: Zubasa07 (button) (small blind) collected ($6)
Seat 2: hubschi (big blind) folded before Flop


PokerStars Hand #149020464596:  Hold'em Limit ($3/$6 USD) - 2016/02/18 13:53:44 ET
Table 'Nemesis' 6-max Seat #1 is the button
Seat 1: Zubasa07 ($493.90 in chips)
Seat 2: hubschi ($37.10 in chips)
Zubasa07: posts small blind $1
hubschi: posts big blind $3
*** HOLE CARDS ***
Zubasa07: raises $3 to $6
hubschi: folds
Uncalled bet ($3) returned to Zubasa07
Zubasa07 collected $6 from pot
Zubasa07: doesn't show hand
*** SUMMARY ***
Total pot $6 | Rake $0
Seat 1: Zubasa07 (button) (small blind) collected ($6)
Seat 2: hubschi (big blind) folded before Flop


PokerStars Hand #149020459846:  Hold'em Limit ($3/$6 USD) - 2016/02/18 13:53:39 ET
Table 'Nemesis' 6-max Seat #2 is the button
Seat 1: Zubasa07 ($492.90 in chips)
Seat 2: hubschi ($38.10 in chips)
hubschi: posts small blind $1
Zubasa07: posts big blind $3
*** HOLE CARDS ***
hubschi: folds
Uncalled bet ($2) returned to Zubasa07
Zubasa07 collected $2 from pot
Zubasa07: doesn't show hand
*** SUMMARY ***
Total pot $2 | Rake $0
Seat 1: Zubasa07 (big blind) collected ($2)
Seat 2: hubschi (button) (small blind) folded before Flop


PokerStars Hand #149020527644:  Hold'em Limit ($3/$6 USD) - 2016/02/18 13:54:48 ET
Table 'Nemesis' 6-max Seat #2 is the button
Seat 1: Zubasa07 ($512.42 in chips)
Seat 2: hubschi ($18.10 in chips)
hubschi: posts small blind $1
Zubasa07: posts big blind $3
*** HOLE CARDS ***
hubschi: raises $3 to $6
Zubasa07: calls $3
*** FLOP *** [4h Qh 5c]
Zubasa07: checks
hubschi: bets $3
Zubasa07: folds
Uncalled bet ($3) returned to hubschi
hubschi collected $11.76 from pot
hubschi: doesn't show hand
*** SUMMARY ***
Total pot $12 | Rake $0.24
Board [4h Qh 5c]
Seat 1: Zubasa07 (big blind) folded on the Flop
Seat 2: hubschi (button) (small blind) collected ($11.76)


PokerStars Hand #149020547262:  Hold'em Limit ($3/$6 USD) - 2016/02/18 13:55:09 ET
Table 'Nemesis' 6-max Seat #1 is the button
Seat 1: Zubasa07 ($506.42 in chips)
Seat 2: hubschi ($23.86 in chips)
Zubasa07: posts small blind $1
hubschi: posts big blind $3
*** HOLE CARDS ***
Zubasa07: raises $3 to $6
hubschi: folds
Uncalled bet ($3) returned to Zubasa07
Zubasa07 collected $6 from pot
Zubasa07: doesn't show hand
*** SUMMARY ***
Total pot $6 | Rake $0
Seat 1: Zubasa07 (button) (small blind) collected ($6)
Seat 2: hubschi (big blind) folded before Flop


PokerStars Hand #149020495520:  Hold'em Limit ($3/$6 USD) - 2016/02/18 13:54:15 ET
Table 'Nemesis' 6-max Seat #1 is the button
Seat 1: Zubasa07 ($503.78 in chips)
Seat 2: hubschi ($27.10 in chips)
Zubasa07: posts small blind $1
hubschi: posts big blind $3
*** HOLE CARDS ***
Zubasa07: raises $3 to $6
hubschi: calls $3
*** FLOP *** [Qh 9h 6d]
hubschi: checks
Zubasa07: bets $3
hubschi: calls $3
*** TURN *** [Qh 9h 6d] [Tc]
hubschi: checks
Zubasa07: checks
*** RIVER *** [Qh 9h 6d Tc] [5h]
hubschi: checks
Zubasa07: bets $6
hubschi: folds
Uncalled bet ($6) returned to Zubasa07
Zubasa07 collected $17.64 from pot
Zubasa07: doesn't show hand
*** SUMMARY ***
Total pot $18 | Rake $0.36
Board [Qh 9h 6d Tc 5h]
Seat 1: Zubasa07 (button) (small blind) collected ($17.64)
Seat 2: hubschi (big blind) folded on the River


PokerStars Hand #149020553167:  Hold'em Limit ($3/$6 USD) - 2016/02/18 13:55:16 ET
Table 'Nemesis' 6-max Seat #2 is the button
Seat 1: Zubasa07 ($509.42 in chips)
Seat 2: hubschi ($20.86 in chips)
hubschi: posts small blind $1
Zubasa07: posts big blind $3
*** HOLE CARDS ***
hubschi: raises $3 to $6
Zubasa07: raises $3 to $9
hubschi: calls $3
*** FLOP *** [2s Ks 8s]
Zubasa07: bets $3
hubschi: raises $3 to $6
Zubasa07: raises $3 to $9
hubschi: raises $2.86 to $11.86 and is all-in
Betting is capped
Zubasa07: calls $2.86
*** TURN *** [2s Ks 8s] [Qc]
*** RIVER *** [2s Ks 8s Qc] [3c]
*** SHOW DOWN ***
Zubasa07: shows [Ah Qh] (a pair of Queens)
hubschi: shows [7d Ts] (high card King)
Zubasa07 collected $41.22 from pot
*** SUMMARY ***
Total pot $41.72 | Rake $0.50
Board [2s Ks 8s Qc 3c]
Seat 1: Zubasa07 (big blind) showed [Ah Qh] and won ($41.22) with a pair of Queens
Seat 2: hubschi (button) (small blind) showed [7d Ts] and lost with high card King


