PokerStars Hand #161032110600:  Hold'em Limit ($3/$6 USD) - 2016/11/07 5:17:13 ET
Table 'Nemo' 6-max Seat #3 is the button
Seat 3: Basicxx ($41.84 in chips)
Seat 5: sinsadir ($120 in chips)
assitoni: is sitting out
Basicxx: posts small blind $1
sinsadir: posts big blind $3
*** HOLE CARDS ***
Basicxx: raises $3 to $6
sinsadir: calls $3
*** FLOP *** [3h 4c Kd]
sinsadir: checks
Basicxx: bets $3
sinsadir: calls $3
*** TURN *** [3h 4c Kd] [Jc]
sinsadir: checks
Basicxx: bets $6
sinsadir: calls $6
*** RIVER *** [3h 4c Kd Jc] [Kh]
sinsadir: checks
Basicxx: bets $6
sinsadir: calls $6
*** SHOW DOWN ***
Basicxx: shows [7h Jh] (two pair, Kings and Jacks)
sinsadir: mucks hand
Basicxx collected $41.50 from pot
*** SUMMARY ***
Total pot $42 | Rake $0.50
Board [3h 4c Kd Jc Kh]
Seat 3: Basicxx (button) (small blind) showed [7h Jh] and won ($41.50) with two pair, Kings and Jacks
Seat 5: sinsadir (big blind) mucked


PokerStars Hand #161032120574:  Hold'em Limit ($3/$6 USD) - 2016/11/07 5:17:37 ET
Table 'Nemo' 6-max Seat #5 is the button
Seat 3: Basicxx ($62.34 in chips)
Seat 5: sinsadir ($99 in chips)
sinsadir: posts small blind $1
Basicxx: posts big blind $3
*** HOLE CARDS ***
sinsadir: raises $3 to $6
Basicxx: calls $3
*** FLOP *** [4h 4s Qc]
Basicxx: checks
sinsadir: bets $3
Basicxx: calls $3
*** TURN *** [4h 4s Qc] [Ah]
Basicxx: checks
sinsadir: bets $6
Basicxx: calls $6
*** RIVER *** [4h 4s Qc Ah] [5c]
Basicxx: bets $6
sinsadir: calls $6
*** SHOW DOWN ***
Basicxx: shows [5d 4d] (a full house, Fours full of Fives)
sinsadir: mucks hand
Basicxx collected $41.50 from pot
*** SUMMARY ***
Total pot $42 | Rake $0.50
Board [4h 4s Qc Ah 5c]
Seat 3: Basicxx (big blind) showed [5d 4d] and won ($41.50) with a full house, Fours full of Fives
Seat 5: sinsadir (button) (small blind) mucked


PokerStars Hand #161032142807:  Hold'em Limit ($3/$6 USD) - 2016/11/07 5:18:32 ET
Table 'Nemo' 6-max Seat #5 is the button
Seat 3: Basicxx ($79.84 in chips)
Seat 5: sinsadir ($80.88 in chips)
sinsadir: posts small blind $1
Basicxx: posts big blind $3
*** HOLE CARDS ***
sinsadir: raises $3 to $6
Basicxx: raises $3 to $9
sinsadir: calls $3
*** FLOP *** [2c 6h Qd]
Basicxx: bets $3
sinsadir: folds
Uncalled bet ($3) returned to Basicxx
Basicxx collected $17.64 from pot
*** SUMMARY ***
Total pot $18 | Rake $0.36
Board [2c 6h Qd]
Seat 3: Basicxx (big blind) collected ($17.64)
Seat 5: sinsadir (button) (small blind) folded on the Flop


PokerStars Hand #161032138089:  Hold'em Limit ($3/$6 USD) - 2016/11/07 5:18:20 ET
Table 'Nemo' 6-max Seat #3 is the button
Seat 3: Basicxx ($82.84 in chips)
Seat 5: sinsadir ($78 in chips)
Basicxx: posts small blind $1
sinsadir: posts big blind $3
*** HOLE CARDS ***
Basicxx: calls $2
sinsadir: checks
*** FLOP *** [Ks 2s 7c]
sinsadir: bets $3
Basicxx: folds
Uncalled bet ($3) returned to sinsadir
sinsadir collected $5.88 from pot
sinsadir: doesn't show hand
*** SUMMARY ***
Total pot $6 | Rake $0.12
Board [Ks 2s 7c]
Seat 3: Basicxx (button) (small blind) folded on the Flop
Seat 5: sinsadir (big blind) collected ($5.88)


PokerStars Hand #161032149158:  Hold'em Limit ($3/$6 USD) - 2016/11/07 5:18:47 ET
Table 'Nemo' 6-max Seat #3 is the button
Seat 3: Basicxx ($88.48 in chips)
Seat 5: sinsadir ($72 in chips)
Basicxx: posts small blind $1
sinsadir: posts big blind $3
*** HOLE CARDS ***
Basicxx: calls $2
sinsadir: checks
*** FLOP *** [3s 5s Jh]
sinsadir: checks
Dutch-NL98 joins the table at seat #2
Basicxx: checks
*** TURN *** [3s 5s Jh] [Js]
sinsadir: checks
Basicxx: checks
*** RIVER *** [3s 5s Jh Js] [Jd]
sinsadir: checks
Basicxx: checks
*** SHOW DOWN ***
sinsadir: shows [6c 9d] (three of a kind, Jacks)
Basicxx: mucks hand
sinsadir collected $5.88 from pot
*** SUMMARY ***
Total pot $6 | Rake $0.12
Board [3s 5s Jh Js Jd]
Seat 3: Basicxx (button) (small blind) mucked
Seat 5: sinsadir (big blind) showed [6c 9d] and won ($5.88) with three of a kind, Jacks


PokerStars Hand #161032235090:  Hold'em Limit ($3/$6 USD) - 2016/11/07 5:22:15 ET
Table 'Nemo' 6-max Seat #2 is the button
Seat 2: Dutch-NL98 ($184.45 in chips)
Seat 5: sinsadir ($83.55 in chips)
Dutch-NL98: posts small blind $1
sinsadir: posts big blind $3
*** HOLE CARDS ***
Dutch-NL98: raises $3 to $6
sinsadir: folds
Uncalled bet ($3) returned to Dutch-NL98
Dutch-NL98 collected $6 from pot
Dutch-NL98: doesn't show hand
*** SUMMARY ***
Total pot $6 | Rake $0
Seat 2: Dutch-NL98 (button) (small blind) collected ($6)
Seat 5: sinsadir (big blind) folded before Flop


PokerStars Hand #161032232155:  Hold'em Limit ($3/$6 USD) - 2016/11/07 5:22:08 ET
Table 'Nemo' 6-max Seat #5 is the button
Seat 2: Dutch-NL98 ($187.45 in chips)
Seat 5: sinsadir ($80.55 in chips)
sinsadir: posts small blind $1
VolkovDmitri: is sitting out
Dutch-NL98: posts big blind $3
*** HOLE CARDS ***
sinsadir: raises $3 to $6
Dutch-NL98: folds
Uncalled bet ($3) returned to sinsadir
sinsadir collected $6 from pot
sinsadir: doesn't show hand
*** SUMMARY ***
Total pot $6 | Rake $0
Seat 2: Dutch-NL98 (big blind) folded before Flop
Seat 5: sinsadir (button) (small blind) collected ($6)


PokerStars Hand #161032239420:  Hold'em Limit ($3/$6 USD) - 2016/11/07 5:22:25 ET
Table 'Nemo' 6-max Seat #2 is the button
Seat 2: Dutch-NL98 ($184.45 in chips)
Seat 5: sinsadir ($83.55 in chips)
Dutch-NL98: posts small blind $1
sinsadir: posts big blind $3
*** HOLE CARDS ***
Dutch-NL98: calls $2
sinsadir: raises $3 to $6
Dutch-NL98: calls $3
*** FLOP *** [Ah 9c 3h]
kolaz03 joins the table at seat #3
sinsadir: bets $3
Dutch-NL98: folds
Uncalled bet ($3) returned to sinsadir
sinsadir collected $11.76 from pot
sinsadir: doesn't show hand
*** SUMMARY ***
Total pot $12 | Rake $0.24
Board [Ah 9c 3h]
Seat 2: Dutch-NL98 (button) (small blind) folded on the Flop
Seat 5: sinsadir (big blind) collected ($11.76)


PokerStars Hand #161032237253:  Hold'em Limit ($3/$6 USD) - 2016/11/07 5:22:20 ET
Table 'Nemo' 6-max Seat #5 is the button
Seat 2: Dutch-NL98 ($187.45 in chips)
Seat 5: sinsadir ($80.55 in chips)
sinsadir: posts small blind $1
Dutch-NL98: posts big blind $3
*** HOLE CARDS ***
sinsadir: raises $3 to $6
Dutch-NL98: folds
Uncalled bet ($3) returned to sinsadir
sinsadir collected $6 from pot
sinsadir: doesn't show hand
*** SUMMARY ***
Total pot $6 | Rake $0
Seat 2: Dutch-NL98 (big blind) folded before Flop
Seat 5: sinsadir (button) (small blind) collected ($6)


PokerStars Hand #161032246808:  Hold'em Limit ($3/$6 USD) - 2016/11/07 5:22:43 ET
Table 'Nemo' 6-max Seat #5 is the button
Seat 2: Dutch-NL98 ($178.45 in chips)
Seat 5: sinsadir ($89.31 in chips)
sinsadir: posts small blind $1
Dutch-NL98: posts big blind $3
*** HOLE CARDS ***
sinsadir: raises $3 to $6
Dutch-NL98: calls $3
*** FLOP *** [3d 8c 7s]
Dutch-NL98: checks
sinsadir: bets $3
Dutch-NL98: calls $3
*** TURN *** [3d 8c 7s] [7h]
Dutch-NL98: checks
assitoni leaves the table
sinsadir: bets $6
Dutch-NL98: raises $6 to $12
sinsadir: raises $6 to $18
Dutch-NL98: folds
Uncalled bet ($6) returned to sinsadir
sinsadir collected $41.50 from pot
sinsadir: doesn't show hand
*** SUMMARY ***
Total pot $42 | Rake $0.50
Board [3d 8c 7s 7h]
Seat 2: Dutch-NL98 (big blind) folded on the Turn
Seat 5: sinsadir (button) (small blind) collected ($41.50)


PokerStars Hand #161032404043:  Hold'em Limit ($3/$6 USD) - 2016/11/07 5:29:04 ET
Table 'Nemo' 6-max Seat #6 is the button
Seat 5: sinsadir ($91.74 in chips)
Seat 6: slavch0o0 ($87.75 in chips)
slavch0o0: posts small blind $1
kolaz03: is sitting out
sinsadir: posts big blind $3
*** HOLE CARDS ***
slavch0o0: raises $3 to $6
sinsadir: calls $3
*** FLOP *** [5c 2s 8d]
sinsadir: checks
slavch0o0: bets $3
sinsadir: calls $3
*** TURN *** [5c 2s 8d] [9h]
sinsadir: checks
slavch0o0: checks
*** RIVER *** [5c 2s 8d 9h] [7c]
sinsadir: bets $6
slavch0o0: folds
Uncalled bet ($6) returned to sinsadir
sinsadir collected $17.64 from pot
sinsadir: doesn't show hand
*** SUMMARY ***
Total pot $18 | Rake $0.36
Board [5c 2s 8d 9h 7c]
Seat 5: sinsadir (big blind) collected ($17.64)
Seat 6: slavch0o0 (button) (small blind) folded on the River


