PokerStars Hand #153629532810:  Hold'em Limit ($3/$6 USD) - 2016/05/21 9:09:38 ET
Table 'Neoptolemus' 6-max Seat #6 is the button
Seat 5: alexfer999 ($120 in chips)
Seat 6: Ag3r0n ($72 in chips)
Ag3r0n: posts small blind $1
alexfer999: posts big blind $3
*** HOLE CARDS ***
Agrotait leaves the table
Ag3r0n: raises $3 to $6
alexfer999: folds
Uncalled bet ($3) returned to Ag3r0n
Ag3r0n collected $6 from pot
*** SUMMARY ***
Total pot $6 | Rake $0
Seat 5: alexfer999 (big blind) folded before Flop
Seat 6: Ag3r0n (button) (small blind) collected ($6)


PokerStars Hand #153629538715:  Hold'em Limit ($3/$6 USD) - 2016/05/21 9:09:48 ET
Table 'Neoptolemus' 6-max Seat #5 is the button
Seat 5: alexfer999 ($117 in chips)
Seat 6: Ag3r0n ($75 in chips)
alexfer999: posts small blind $1
Ag3r0n: posts big blind $3
*** HOLE CARDS ***
alexfer999: raises $3 to $6
Ag3r0n: calls $3
*** FLOP *** [Qc 6h Ks]
Ag3r0n: checks
alexfer999: checks
*** TURN *** [Qc 6h Ks] [6d]
Ag3r0n: bets $6
alexfer999: folds
Uncalled bet ($6) returned to Ag3r0n
Ag3r0n collected $11.76 from pot
*** SUMMARY ***
Total pot $12 | Rake $0.24
Board [Qc 6h Ks 6d]
Seat 5: alexfer999 (button) (small blind) folded on the Turn
Seat 6: Ag3r0n (big blind) collected ($11.76)


PokerStars Hand #153629549081:  Hold'em Limit ($3/$6 USD) - 2016/05/21 9:10:05 ET
Table 'Neoptolemus' 6-max Seat #6 is the button
Seat 5: alexfer999 ($111 in chips)
Seat 6: Ag3r0n ($80.76 in chips)
Ag3r0n: posts small blind $1
alexfer999: posts big blind $3
*** HOLE CARDS ***
Ag3r0n: raises $3 to $6
alexfer999: raises $3 to $9
Ag3r0n: calls $3
*** FLOP *** [Kh As 8h]
alexfer999: bets $3
Ag3r0n: calls $3
*** TURN *** [Kh As 8h] [Qd]
alexfer999: bets $6
Ag3r0n: calls $6
*** RIVER *** [Kh As 8h Qd] [9c]
alexfer999: checks
Ag3r0n: checks
*** SHOW DOWN ***
alexfer999: shows [Th Qh] (a pair of Queens)
Ag3r0n: shows [6h Kc] (a pair of Kings)
Tryptamean joins the table at seat #4
Ag3r0n collected $35.50 from pot
*** SUMMARY ***
Total pot $36 | Rake $0.50
Board [Kh As 8h Qd 9c]
Seat 5: alexfer999 (big blind) showed [Th Qh] and lost with a pair of Queens
Seat 6: Ag3r0n (button) (small blind) showed [6h Kc] and won ($35.50) with a pair of Kings


PokerStars Hand #153629561305:  Hold'em Limit ($3/$6 USD) - 2016/05/21 9:10:25 ET
Table 'Neoptolemus' 6-max Seat #5 is the button
Seat 5: alexfer999 ($93 in chips)
Seat 6: Ag3r0n ($98.26 in chips)
alexfer999: posts small blind $1
Ag3r0n: posts big blind $3
*** HOLE CARDS ***
alexfer999: raises $3 to $6
Ag3r0n: calls $3
*** FLOP *** [6s Tc 6d]
Ag3r0n: checks
alexfer999: bets $3
Ag3r0n: raises $3 to $6
alexfer999: calls $3
*** TURN *** [6s Tc 6d] [5s]
Ag3r0n: bets $6
alexfer999: folds
Uncalled bet ($6) returned to Ag3r0n
Ag3r0n collected $23.52 from pot
*** SUMMARY ***
Total pot $24 | Rake $0.48
Board [6s Tc 6d 5s]
Seat 5: alexfer999 (button) (small blind) folded on the Turn
Seat 6: Ag3r0n (big blind) collected ($23.52)


PokerStars Hand #153629727371:  Hold'em Limit ($3/$6 USD) - 2016/05/21 9:15:00 ET
Table 'Neoptolemus' 6-max Seat #5 is the button
Seat 4: Tryptamean ($57.31 in chips)
Seat 5: alexfer999 ($43.77 in chips)
alexfer999: posts small blind $1
Tryptamean: posts big blind $3
*** HOLE CARDS ***
alexfer999: folds
Uncalled bet ($2) returned to Tryptamean
Tryptamean collected $2 from pot
Tryptamean: doesn't show hand
*** SUMMARY ***
Total pot $2 | Rake $0
Seat 4: Tryptamean (big blind) collected ($2)
Seat 5: alexfer999 (button) (small blind) folded before Flop


PokerStars Hand #153629724058:  Hold'em Limit ($3/$6 USD) - 2016/05/21 9:14:55 ET
Table 'Neoptolemus' 6-max Seat #4 is the button
Seat 4: Tryptamean ($58.31 in chips)
Seat 5: alexfer999 ($42.77 in chips)
Tryptamean: posts small blind $1
alexfer999: posts big blind $3
*** HOLE CARDS ***
Tryptamean: folds
Uncalled bet ($2) returned to alexfer999
alexfer999 collected $2 from pot
alexfer999: doesn't show hand
*** SUMMARY ***
Total pot $2 | Rake $0
Seat 4: Tryptamean (button) (small blind) folded before Flop
Seat 5: alexfer999 (big blind) collected ($2)


PokerStars Hand #153629751473:  Hold'em Limit ($3/$6 USD) - 2016/05/21 9:15:40 ET
Table 'Neoptolemus' 6-max Seat #5 is the button
Seat 4: Tryptamean ($120 in chips)
Seat 5: alexfer999 ($57.27 in chips)
alexfer999: posts small blind $1
Tryptamean: posts big blind $3
*** HOLE CARDS ***
alexfer999: folds
Uncalled bet ($2) returned to Tryptamean
Tryptamean collected $2 from pot
Tryptamean: doesn't show hand
*** SUMMARY ***
Total pot $2 | Rake $0
Seat 4: Tryptamean (big blind) collected ($2)
Seat 5: alexfer999 (button) (small blind) folded before Flop


PokerStars Hand #153629731157:  Hold'em Limit ($3/$6 USD) - 2016/05/21 9:15:07 ET
Table 'Neoptolemus' 6-max Seat #4 is the button
Seat 4: Tryptamean ($58.31 in chips)
Seat 5: alexfer999 ($42.77 in chips)
Tryptamean: posts small blind $1
alexfer999: posts big blind $3
*** HOLE CARDS ***
Tryptamean: raises $3 to $6
alexfer999: calls $3
*** FLOP *** [4c 8h 8d]
alexfer999: checks
Tryptamean: bets $3
alexfer999: calls $3
*** TURN *** [4c 8h 8d] [2s]
alexfer999: checks
Tryptamean: bets $6
alexfer999: raises $6 to $12
Tryptamean: folds
Uncalled bet ($6) returned to alexfer999
alexfer999 collected $29.50 from pot
alexfer999: doesn't show hand
*** SUMMARY ***
Total pot $30 | Rake $0.50
Board [4c 8h 8d 2s]
Seat 4: Tryptamean (button) (small blind) folded on the Turn
Seat 5: alexfer999 (big blind) collected ($29.50)


PokerStars Hand #153629720743:  Hold'em Limit ($3/$6 USD) - 2016/05/21 9:14:49 ET
Table 'Neoptolemus' 6-max Seat #5 is the button
Seat 4: Tryptamean ($57.31 in chips)
Seat 5: alexfer999 ($43.77 in chips)
alexfer999: posts small blind $1
Tryptamean: posts big blind $3
*** HOLE CARDS ***
alexfer999: folds
Uncalled bet ($2) returned to Tryptamean
Tryptamean collected $2 from pot
Tryptamean: doesn't show hand
*** SUMMARY ***
Total pot $2 | Rake $0
Seat 4: Tryptamean (big blind) collected ($2)
Seat 5: alexfer999 (button) (small blind) folded before Flop


PokerStars Hand #153629756816:  Hold'em Limit ($3/$6 USD) - 2016/05/21 9:15:49 ET
Table 'Neoptolemus' 6-max Seat #4 is the button
Seat 4: Tryptamean ($121 in chips)
Seat 5: alexfer999 ($56.27 in chips)
Tryptamean: posts small blind $1
alexfer999: posts big blind $3
*** HOLE CARDS ***
Tryptamean: raises $3 to $6
alexfer999: folds
Uncalled bet ($3) returned to Tryptamean
Tryptamean collected $6 from pot
Tryptamean: doesn't show hand
*** SUMMARY ***
Total pot $6 | Rake $0
Seat 4: Tryptamean (button) (small blind) collected ($6)
Seat 5: alexfer999 (big blind) folded before Flop


PokerStars Hand #153629770484:  Hold'em Limit ($3/$6 USD) - 2016/05/21 9:16:11 ET
Table 'Neoptolemus' 6-max Seat #4 is the button
Seat 4: Tryptamean ($125 in chips)
Seat 5: alexfer999 ($52.27 in chips)
Tryptamean: posts small blind $1
alexfer999: posts big blind $3
*** HOLE CARDS ***
Tryptamean: raises $3 to $6
alexfer999: folds
Uncalled bet ($3) returned to Tryptamean
Tryptamean collected $6 from pot
Tryptamean: doesn't show hand
*** SUMMARY ***
Total pot $6 | Rake $0
Seat 4: Tryptamean (button) (small blind) collected ($6)
Seat 5: alexfer999 (big blind) folded before Flop


PokerStars Hand #153629766970:  Hold'em Limit ($3/$6 USD) - 2016/05/21 9:16:06 ET
Table 'Neoptolemus' 6-max Seat #5 is the button
Seat 4: Tryptamean ($124 in chips)
Seat 5: alexfer999 ($53.27 in chips)
alexfer999: posts small blind $1
Tryptamean: posts big blind $3
*** HOLE CARDS ***
alexfer999: folds
Uncalled bet ($2) returned to Tryptamean
Tryptamean collected $2 from pot
Tryptamean: doesn't show hand
*** SUMMARY ***
Total pot $2 | Rake $0
Seat 4: Tryptamean (big blind) collected ($2)
Seat 5: alexfer999 (button) (small blind) folded before Flop


PokerStars Hand #153629775184:  Hold'em Limit ($3/$6 USD) - 2016/05/21 9:16:19 ET
Table 'Neoptolemus' 6-max Seat #5 is the button
Seat 4: Tryptamean ($128 in chips)
Seat 5: alexfer999 ($49.27 in chips)
alexfer999: posts small blind $1
Tryptamean: posts big blind $3
*** HOLE CARDS ***
alexfer999: raises $3 to $6
Tryptamean: raises $3 to $9
alexfer999: calls $3
*** FLOP *** [7h Js Qs]
Tryptamean: bets $3
alexfer999: folds
Uncalled bet ($3) returned to Tryptamean
Tryptamean collected $17.64 from pot
Tryptamean: doesn't show hand
*** SUMMARY ***
Total pot $18 | Rake $0.36
Board [7h Js Qs]
Seat 4: Tryptamean (big blind) collected ($17.64)
Seat 5: alexfer999 (button) (small blind) folded on the Flop


PokerStars Hand #153629794004:  Hold'em Limit ($3/$6 USD) - 2016/05/21 9:16:50 ET
Table 'Neoptolemus' 6-max Seat #5 is the button
Seat 4: Tryptamean ($139.64 in chips)
Seat 5: alexfer999 ($37.27 in chips)
alexfer999: posts small blind $1
Tryptamean: posts big blind $3
*** HOLE CARDS ***
alexfer999: raises $3 to $6
Tryptamean: calls $3
*** FLOP *** [9c 4h Qc]
Tryptamean: checks
alexfer999: checks
*** TURN *** [9c 4h Qc] [2c]
Tryptamean: bets $6
alexfer999: folds
Uncalled bet ($6) returned to Tryptamean
Tryptamean collected $11.76 from pot
Tryptamean: doesn't show hand
*** SUMMARY ***
Total pot $12 | Rake $0.24
Board [9c 4h Qc 2c]
Seat 4: Tryptamean (big blind) collected ($11.76)
Seat 5: alexfer999 (button) (small blind) folded on the Turn


PokerStars Hand #153629813636:  Hold'em Limit ($3/$6 USD) - 2016/05/21 9:17:22 ET
Table 'Neoptolemus' 6-max Seat #4 is the button
Seat 4: Tryptamean ($145.40 in chips)
Seat 5: alexfer999 ($31.27 in chips)
Tryptamean: posts small blind $1
alexfer999: posts big blind $3
*** HOLE CARDS ***
Tryptamean: raises $3 to $6
alexfer999: calls $3
*** FLOP *** [Js 6h Qh]
alexfer999: checks
Tryptamean: bets $3
alexfer999: calls $3
*** TURN *** [Js 6h Qh] [5h]
alexfer999: checks
Tryptamean: bets $6
alexfer999: raises $6 to $12
Tryptamean: folds
Uncalled bet ($6) returned to alexfer999
alexfer999 collected $29.50 from pot
alexfer999: doesn't show hand
*** SUMMARY ***
Total pot $30 | Rake $0.50
Board [Js 6h Qh 5h]
Seat 4: Tryptamean (button) (small blind) folded on the Turn
Seat 5: alexfer999 (big blind) collected ($29.50)


PokerStars Hand #153629788768:  Hold'em Limit ($3/$6 USD) - 2016/05/21 9:16:42 ET
Table 'Neoptolemus' 6-max Seat #4 is the button
Seat 4: Tryptamean ($136.64 in chips)
Seat 5: alexfer999 ($40.27 in chips)
Tryptamean: posts small blind $1
alexfer999: posts big blind $3
*** HOLE CARDS ***
Tryptamean: raises $3 to $6
alexfer999: folds
Uncalled bet ($3) returned to Tryptamean
Tryptamean collected $6 from pot
Tryptamean: doesn't show hand
*** SUMMARY ***
Total pot $6 | Rake $0
Seat 4: Tryptamean (button) (small blind) collected ($6)
Seat 5: alexfer999 (big blind) folded before Flop


PokerStars Hand #153629842124:  Hold'em Limit ($3/$6 USD) - 2016/05/21 9:18:09 ET
Table 'Neoptolemus' 6-max Seat #4 is the button
Seat 4: Tryptamean ($124.40 in chips)
Seat 5: alexfer999 ($51.53 in chips)
Tryptamean: posts small blind $1
alexfer999: posts big blind $3
*** HOLE CARDS ***
Tryptamean: raises $3 to $6
alexfer999: calls $3
*** FLOP *** [5c 9d Td]
alexfer999: checks
Tryptamean: bets $3
tangxueke joins the table at seat #2
alexfer999: raises $3 to $6
Tryptamean: calls $3
*** TURN *** [5c 9d Td] [2h]
alexfer999: bets $6
Tryptamean: calls $6
*** RIVER *** [5c 9d Td 2h] [3c]
alexfer999: bets $6
Tryptamean: calls $6
*** SHOW DOWN ***
alexfer999: shows [Jc Th] (a pair of Tens)
Tryptamean: mucks hand
alexfer999 collected $47.50 from pot
*** SUMMARY ***
Total pot $48 | Rake $0.50
Board [5c 9d Td 2h 3c]
Seat 4: Tryptamean (button) (small blind) mucked
Seat 5: alexfer999 (big blind) showed [Jc Th] and won ($47.50) with a pair of Tens


PokerStars Hand #153629830281:  Hold'em Limit ($3/$6 USD) - 2016/05/21 9:17:50 ET
Table 'Neoptolemus' 6-max Seat #5 is the button
Seat 4: Tryptamean ($130.40 in chips)
Seat 5: alexfer999 ($45.77 in chips)
alexfer999: posts small blind $1
Tryptamean: posts big blind $3
*** HOLE CARDS ***
alexfer999: raises $3 to $6
Tryptamean: calls $3
*** FLOP *** [7s Qd 8c]
Tryptamean: checks
alexfer999: bets $3
Tryptamean: folds
Uncalled bet ($3) returned to alexfer999
alexfer999 collected $11.76 from pot
alexfer999: doesn't show hand
*** SUMMARY ***
Total pot $12 | Rake $0.24
Board [7s Qd 8c]
Seat 4: Tryptamean (big blind) folded on the Flop
Seat 5: alexfer999 (button) (small blind) collected ($11.76)


PokerStars Hand #153631055556:  Hold'em Limit ($3/$6 USD) - 2016/05/21 9:51:04 ET
Table 'Neoptolemus' 6-max Seat #5 is the button
Seat 4: Tryptamean ($103.55 in chips)
Seat 5: alexfer999 ($119.83 in chips)
alexfer999: posts small blind $1
belik555: is sitting out
Tryptamean: posts big blind $3
*** HOLE CARDS ***
belik555 leaves the table
alexfer999: raises $3 to $6
Tryptamean: calls $3
*** FLOP *** [2s 3s Tc]
Tryptamean: checks
alexfer999: bets $3
Tryptamean: calls $3
*** TURN *** [2s 3s Tc] [5h]
Tryptamean: checks
alexfer999: checks
*** RIVER *** [2s 3s Tc 5h] [9c]
Tryptamean: bets $6
alexfer999: folds
Uncalled bet ($6) returned to Tryptamean
Tryptamean collected $17.64 from pot
Tryptamean: doesn't show hand
*** SUMMARY ***
Total pot $18 | Rake $0.36
Board [2s 3s Tc 5h 9c]
Seat 4: Tryptamean (big blind) collected ($17.64)
Seat 5: alexfer999 (button) (small blind) folded on the River


PokerStars Hand #153631082284:  Hold'em Limit ($3/$6 USD) - 2016/05/21 9:51:47 ET
Table 'Neoptolemus' 6-max Seat #4 is the button
Seat 4: Tryptamean ($112.19 in chips)
Seat 5: alexfer999 ($110.83 in chips)
Tryptamean: posts small blind $1
alexfer999: posts big blind $3
*** HOLE CARDS ***
Tryptamean: raises $3 to $6
alexfer999: calls $3
*** FLOP *** [2h Tc Jd]
alexfer999: checks
Tryptamean: bets $3
alexfer999: calls $3
*** TURN *** [2h Tc Jd] [Kc]
alexfer999: checks
Tryptamean: checks
*** RIVER *** [2h Tc Jd Kc] [8c]
alexfer999: bets $6
Tryptamean: calls $6
*** SHOW DOWN ***
alexfer999: shows [4c Ac] (a flush, Ace high)
Tryptamean: mucks hand
alexfer999 collected $29.50 from pot
*** SUMMARY ***
Total pot $30 | Rake $0.50
Board [2h Tc Jd Kc 8c]
Seat 4: Tryptamean (button) (small blind) mucked
Seat 5: alexfer999 (big blind) showed [4c Ac] and won ($29.50) with a flush, Ace high


PokerStars Hand #153631116823:  Hold'em Limit ($3/$6 USD) - 2016/05/21 9:52:43 ET
Table 'Neoptolemus' 6-max Seat #5 is the button
Seat 4: Tryptamean ($97.19 in chips)
Seat 5: alexfer999 ($125.33 in chips)
alexfer999: posts small blind $1
Tryptamean: posts big blind $3
*** HOLE CARDS ***
alexfer999: raises $3 to $6
Tryptamean: calls $3
*** FLOP *** [9s Kd 7d]
Tryptamean: checks
alexfer999: bets $3
Tryptamean: calls $3
*** TURN *** [9s Kd 7d] [Tc]
Tryptamean: checks
alexfer999: checks
*** RIVER *** [9s Kd 7d Tc] [6h]
Tryptamean: bets $6
alexfer999 is disconnected
alexfer999 is connected
alexfer999: folds
Uncalled bet ($6) returned to Tryptamean
Tryptamean collected $17.64 from pot
Tryptamean: doesn't show hand
*** SUMMARY ***
Total pot $18 | Rake $0.36
Board [9s Kd 7d Tc 6h]
Seat 4: Tryptamean (big blind) collected ($17.64)
Seat 5: alexfer999 (button) (small blind) folded on the River


PokerStars Hand #153631192021:  Hold'em Limit ($3/$6 USD) - 2016/05/21 9:54:42 ET
Table 'Neoptolemus' 6-max Seat #5 is the button
Seat 4: Tryptamean ($91.83 in chips)
Seat 5: alexfer999 ($129.83 in chips)
alexfer999: posts small blind $1
Tryptamean: posts big blind $3
*** HOLE CARDS ***
alexfer999: folds
Uncalled bet ($2) returned to Tryptamean
Tryptamean collected $2 from pot
Tryptamean: doesn't show hand
*** SUMMARY ***
Total pot $2 | Rake $0
Seat 4: Tryptamean (big blind) collected ($2)
Seat 5: alexfer999 (button) (small blind) folded before Flop


PokerStars Hand #153631187858:  Hold'em Limit ($3/$6 USD) - 2016/05/21 9:54:36 ET
Table 'Neoptolemus' 6-max Seat #4 is the button
Seat 4: Tryptamean ($88.83 in chips)
Seat 5: alexfer999 ($132.83 in chips)
Tryptamean: posts small blind $1
alexfer999: posts big blind $3
*** HOLE CARDS ***
Tryptamean: raises $3 to $6
alexfer999: folds
Uncalled bet ($3) returned to Tryptamean
Tryptamean collected $6 from pot
Tryptamean: doesn't show hand
*** SUMMARY ***
Total pot $6 | Rake $0
Seat 4: Tryptamean (button) (small blind) collected ($6)
Seat 5: alexfer999 (big blind) folded before Flop


PokerStars Hand #153631184658:  Hold'em Limit ($3/$6 USD) - 2016/05/21 9:54:30 ET
Table 'Neoptolemus' 6-max Seat #5 is the button
Seat 4: Tryptamean ($87.83 in chips)
Seat 5: alexfer999 ($133.83 in chips)
alexfer999: posts small blind $1
Tryptamean: posts big blind $3
*** HOLE CARDS ***
alexfer999: folds
Uncalled bet ($2) returned to Tryptamean
Tryptamean collected $2 from pot
Tryptamean: doesn't show hand
*** SUMMARY ***
Total pot $2 | Rake $0
Seat 4: Tryptamean (big blind) collected ($2)
Seat 5: alexfer999 (button) (small blind) folded before Flop


PokerStars Hand #153631168161:  Hold'em Limit ($3/$6 USD) - 2016/05/21 9:54:03 ET
Table 'Neoptolemus' 6-max Seat #4 is the button
Seat 4: Tryptamean ($105.83 in chips)
Seat 5: alexfer999 ($116.33 in chips)
Tryptamean: posts small blind $1
alexfer999: posts big blind $3
*** HOLE CARDS ***
Tryptamean: raises $3 to $6
alexfer999: raises $3 to $9
Tryptamean: calls $3
*** FLOP *** [4s Th 3s]
alexfer999: bets $3
Tryptamean: calls $3
*** TURN *** [4s Th 3s] [9c]
alexfer999: bets $6
Tryptamean: calls $6
*** RIVER *** [4s Th 3s 9c] [3c]
alexfer999: bets $6
Tryptamean: folds
Uncalled bet ($6) returned to alexfer999
alexfer999 collected $35.50 from pot
alexfer999: doesn't show hand
*** SUMMARY ***
Total pot $36 | Rake $0.50
Board [4s Th 3s 9c 3c]
Seat 4: Tryptamean (button) (small blind) folded on the River
Seat 5: alexfer999 (big blind) collected ($35.50)


PokerStars Hand #153631222431:  Hold'em Limit ($3/$6 USD) - 2016/05/21 9:55:36 ET
Table 'Neoptolemus' 6-max Seat #5 is the button
Seat 4: Tryptamean ($80.83 in chips)
Seat 5: alexfer999 ($140.35 in chips)
alexfer999: posts small blind $1
Tryptamean: posts big blind $3
*** HOLE CARDS ***
alexfer999: folds
Uncalled bet ($2) returned to Tryptamean
Tryptamean collected $2 from pot
Tryptamean: doesn't show hand
*** SUMMARY ***
Total pot $2 | Rake $0
Seat 4: Tryptamean (big blind) collected ($2)
Seat 5: alexfer999 (button) (small blind) folded before Flop


PokerStars Hand #153631195337:  Hold'em Limit ($3/$6 USD) - 2016/05/21 9:54:48 ET
Table 'Neoptolemus' 6-max Seat #4 is the button
Seat 4: Tryptamean ($92.83 in chips)
Seat 5: alexfer999 ($128.83 in chips)
Tryptamean: posts small blind $1
alexfer999: posts big blind $3
*** HOLE CARDS ***
Tryptamean: raises $3 to $6
alexfer999: calls $3
*** FLOP *** [Qd Kh 4c]
alexfer999: checks
Tryptamean: bets $3
alexfer999: raises $3 to $6
Tryptamean: calls $3
*** TURN *** [Qd Kh 4c] [Td]
alexfer999: bets $6
Tryptamean: folds
Uncalled bet ($6) returned to alexfer999
alexfer999 collected $23.52 from pot
*** SUMMARY ***
Total pot $24 | Rake $0.48
Board [Qd Kh 4c Td]
Seat 4: Tryptamean (button) (small blind) folded on the Turn
Seat 5: alexfer999 (big blind) collected ($23.52)


PokerStars Hand #153631248335:  Hold'em Limit ($3/$6 USD) - 2016/05/21 9:56:27 ET
Table 'Neoptolemus' 6-max Seat #5 is the button
Seat 4: Tryptamean ($60.83 in chips)
Seat 5: alexfer999 ($159.85 in chips)
alexfer999: posts small blind $1
Tryptamean: posts big blind $3
*** HOLE CARDS ***
alexfer999: folds
Uncalled bet ($2) returned to Tryptamean
Tryptamean collected $2 from pot
Tryptamean: doesn't show hand
*** SUMMARY ***
Total pot $2 | Rake $0
Seat 4: Tryptamean (big blind) collected ($2)
Seat 5: alexfer999 (button) (small blind) folded before Flop


PokerStars Hand #153631227711:  Hold'em Limit ($3/$6 USD) - 2016/05/21 9:55:46 ET
Table 'Neoptolemus' 6-max Seat #4 is the button
Seat 4: Tryptamean ($81.83 in chips)
Seat 5: alexfer999 ($139.35 in chips)
Tryptamean: posts small blind $1
alexfer999: posts big blind $3
*** HOLE CARDS ***
Tryptamean: raises $3 to $6
alexfer999: calls $3
*** FLOP *** [4s Tc Kc]
alexfer999: checks
Tryptamean: bets $3
alexfer999: calls $3
*** TURN *** [4s Tc Kc] [2c]
alexfer999: checks
Tryptamean: bets $6
alexfer999: calls $6
*** RIVER *** [4s Tc Kc 2c] [9d]
alexfer999: checks
Tryptamean: bets $6
alexfer999: calls $6
*** SHOW DOWN ***
Tryptamean: shows [Th 6c] (a pair of Tens)
alexfer999: shows [Ks 8h] (a pair of Kings)
alexfer999 collected $41.50 from pot
*** SUMMARY ***
Total pot $42 | Rake $0.50
Board [4s Tc Kc 2c 9d]
Seat 4: Tryptamean (button) (small blind) showed [Th 6c] and lost with a pair of Tens
Seat 5: alexfer999 (big blind) showed [Ks 8h] and won ($41.50) with a pair of Kings


PokerStars Hand #153631251293:  Hold'em Limit ($3/$6 USD) - 2016/05/21 9:56:33 ET
Table 'Neoptolemus' 6-max Seat #4 is the button
Seat 4: Tryptamean ($61.83 in chips)
Seat 5: alexfer999 ($158.85 in chips)
Tryptamean: posts small blind $1
alexfer999: posts big blind $3
*** HOLE CARDS ***
Tryptamean: raises $3 to $6
alexfer999: folds
Uncalled bet ($3) returned to Tryptamean
Tryptamean collected $6 from pot
Tryptamean: doesn't show hand
*** SUMMARY ***
Total pot $6 | Rake $0
Seat 4: Tryptamean (button) (small blind) collected ($6)
Seat 5: alexfer999 (big blind) folded before Flop


PokerStars Hand #153631305145:  Hold'em Limit ($3/$6 USD) - 2016/05/21 9:58:18 ET
Table 'Neoptolemus' 6-max Seat #5 is the button
Seat 4: Tryptamean ($55.59 in chips)
Seat 5: alexfer999 ($164.35 in chips)
alexfer999: posts small blind $1
Tryptamean: posts big blind $3
*** HOLE CARDS ***
alexfer999: raises $3 to $6
Tryptamean: raises $3 to $9
alexfer999: calls $3
*** FLOP *** [Kd 4d Ts]
Tryptamean: bets $3
alexfer999: folds
Uncalled bet ($3) returned to Tryptamean
Tryptamean collected $17.64 from pot
Tryptamean: doesn't show hand
*** SUMMARY ***
Total pot $18 | Rake $0.36
Board [Kd 4d Ts]
Seat 4: Tryptamean (big blind) collected ($17.64)
Seat 5: alexfer999 (button) (small blind) folded on the Flop


PokerStars Hand #153631296218:  Hold'em Limit ($3/$6 USD) - 2016/05/21 9:58:00 ET
Table 'Neoptolemus' 6-max Seat #4 is the button
Seat 4: Tryptamean ($49.83 in chips)
Seat 5: alexfer999 ($170.35 in chips)
Tryptamean: posts small blind $1
alexfer999: posts big blind $3
*** HOLE CARDS ***
Tryptamean: raises $3 to $6
alexfer999: calls $3
*** FLOP *** [Ks Qc Kd]
alexfer999: checks
Tryptamean: bets $3
alexfer999: folds
Uncalled bet ($3) returned to Tryptamean
Tryptamean collected $11.76 from pot
Tryptamean: doesn't show hand
*** SUMMARY ***
Total pot $12 | Rake $0.24
Board [Ks Qc Kd]
Seat 4: Tryptamean (button) (small blind) collected ($11.76)
Seat 5: alexfer999 (big blind) folded on the Flop


PokerStars Hand #153631255482:  Hold'em Limit ($3/$6 USD) - 2016/05/21 9:56:41 ET
Table 'Neoptolemus' 6-max Seat #5 is the button
Seat 4: Tryptamean ($64.83 in chips)
Seat 5: alexfer999 ($155.85 in chips)
alexfer999: posts small blind $1
Tryptamean: posts big blind $3
*** HOLE CARDS ***
alexfer999: raises $3 to $6
Tryptamean: calls $3
*** FLOP *** [Jh 4h Jd]
Tryptamean: checks
alexfer999: bets $3
Tryptamean: calls $3
*** TURN *** [Jh 4h Jd] [Qh]
Tryptamean: checks
alexfer999: checks
*** RIVER *** [Jh 4h Jd Qh] [Td]
Tryptamean: checks
alexfer999: bets $6
Tryptamean: calls $6
*** SHOW DOWN ***
alexfer999: shows [Ts 7c] (two pair, Jacks and Tens)
Tryptamean: mucks hand
alexfer999 collected $29.50 from pot
*** SUMMARY ***
Total pot $30 | Rake $0.50
Board [Jh 4h Jd Qh Td]
Seat 4: Tryptamean (big blind) mucked
Seat 5: alexfer999 (button) (small blind) showed [Ts 7c] and won ($29.50) with two pair, Jacks and Tens


PokerStars Hand #153631312834:  Hold'em Limit ($3/$6 USD) - 2016/05/21 9:58:33 ET
Table 'Neoptolemus' 6-max Seat #4 is the button
Seat 4: Tryptamean ($64.23 in chips)
Seat 5: alexfer999 ($155.35 in chips)
Tryptamean: posts small blind $1
alexfer999: posts big blind $3
*** HOLE CARDS ***
Tryptamean: raises $3 to $6
alexfer999: calls $3
*** FLOP *** [6c 6s Kh]
alexfer999: checks
Tryptamean: bets $3
alexfer999: calls $3
*** TURN *** [6c 6s Kh] [4d]
alexfer999: checks
Tryptamean: checks
*** RIVER *** [6c 6s Kh 4d] [9c]
alexfer999: bets $6
Tryptamean: folds
Uncalled bet ($6) returned to alexfer999
alexfer999 collected $17.64 from pot
*** SUMMARY ***
Total pot $18 | Rake $0.36
Board [6c 6s Kh 4d 9c]
Seat 4: Tryptamean (button) (small blind) folded on the River
Seat 5: alexfer999 (big blind) collected ($17.64)


PokerStars Hand #153631370174:  Hold'em Limit ($3/$6 USD) - 2016/05/21 10:00:23 ET
Table 'Neoptolemus' 6-max Seat #5 is the button
Seat 4: Tryptamean ($55.23 in chips)
Seat 5: alexfer999 ($163.99 in chips)
alexfer999: posts small blind $1
Tryptamean: posts big blind $3
*** HOLE CARDS ***
alexfer999: folds
Uncalled bet ($2) returned to Tryptamean
Tryptamean collected $2 from pot
Tryptamean: doesn't show hand
*** SUMMARY ***
Total pot $2 | Rake $0
Seat 4: Tryptamean (big blind) collected ($2)
Seat 5: alexfer999 (button) (small blind) folded before Flop


PokerStars Hand #153631365971:  Hold'em Limit ($3/$6 USD) - 2016/05/21 10:00:15 ET
Table 'Neoptolemus' 6-max Seat #4 is the button
Seat 4: Tryptamean ($52.23 in chips)
Seat 5: alexfer999 ($166.99 in chips)
Tryptamean: posts small blind $1
alexfer999: posts big blind $3
*** HOLE CARDS ***
Tryptamean: raises $3 to $6
alexfer999: folds
Uncalled bet ($3) returned to Tryptamean
Tryptamean collected $6 from pot
Tryptamean: doesn't show hand
*** SUMMARY ***
Total pot $6 | Rake $0
Seat 4: Tryptamean (button) (small blind) collected ($6)
Seat 5: alexfer999 (big blind) folded before Flop


PokerStars Hand #153631355871:  Hold'em Limit ($3/$6 USD) - 2016/05/21 9:59:57 ET
Table 'Neoptolemus' 6-max Seat #5 is the button
Seat 4: Tryptamean ($55.23 in chips)
Seat 5: alexfer999 ($163.99 in chips)
alexfer999: posts small blind $1
Tryptamean: posts big blind $3
*** HOLE CARDS ***
alexfer999: raises $3 to $6
Tryptamean: folds
Uncalled bet ($3) returned to alexfer999
alexfer999 collected $6 from pot
alexfer999: doesn't show hand
*** SUMMARY ***
Total pot $6 | Rake $0
Seat 4: Tryptamean (big blind) folded before Flop
Seat 5: alexfer999 (button) (small blind) collected ($6)


PokerStars Hand #153631406703:  Hold'em Limit ($3/$6 USD) - 2016/05/21 10:01:28 ET
Table 'Neoptolemus' 6-max Seat #4 is the button
Seat 4: Tryptamean ($79.73 in chips)
Seat 5: alexfer999 ($138.75 in chips)
Tryptamean: posts small blind $1
alexfer999: posts big blind $3
*** HOLE CARDS ***
Tryptamean: raises $3 to $6
alexfer999: folds
Uncalled bet ($3) returned to Tryptamean
Tryptamean collected $6 from pot
Tryptamean: doesn't show hand
*** SUMMARY ***
Total pot $6 | Rake $0
Seat 4: Tryptamean (button) (small blind) collected ($6)
Seat 5: alexfer999 (big blind) folded before Flop


PokerStars Hand #153631395854:  Hold'em Limit ($3/$6 USD) - 2016/05/21 10:01:10 ET
Table 'Neoptolemus' 6-max Seat #5 is the button
Seat 4: Tryptamean ($85.73 in chips)
Seat 5: alexfer999 ($132.99 in chips)
alexfer999: posts small blind $1
Tryptamean: posts big blind $3
*** HOLE CARDS ***
alexfer999: raises $3 to $6
Tryptamean: calls $3
*** FLOP *** [Jd 3d 9s]
Tryptamean: checks
alexfer999: bets $3
Tryptamean: folds
Uncalled bet ($3) returned to alexfer999
alexfer999 collected $11.76 from pot
alexfer999: doesn't show hand
*** SUMMARY ***
Total pot $12 | Rake $0.24
Board [Jd 3d 9s]
Seat 4: Tryptamean (big blind) folded on the Flop
Seat 5: alexfer999 (button) (small blind) collected ($11.76)


PokerStars Hand #153631372812:  Hold'em Limit ($3/$6 USD) - 2016/05/21 10:00:28 ET
Table 'Neoptolemus' 6-max Seat #4 is the button
Seat 4: Tryptamean ($56.23 in chips)
Seat 5: alexfer999 ($162.99 in chips)
Tryptamean: posts small blind $1
alexfer999: posts big blind $3
*** HOLE CARDS ***
Tryptamean: raises $3 to $6
alexfer999: calls $3
*** FLOP *** [8h 7h Ks]
alexfer999: checks
Tryptamean: bets $3
alexfer999: raises $3 to $6
Tryptamean: calls $3
*** TURN *** [8h 7h Ks] [9s]
alexfer999: bets $6
Tryptamean: raises $6 to $12
alexfer999: calls $6
*** RIVER *** [8h 7h Ks 9s] [5s]
alexfer999: checks
Tryptamean: bets $6
alexfer999: calls $6
*** SHOW DOWN ***
Tryptamean: shows [9d 7d] (two pair, Nines and Sevens)
alexfer999: mucks hand
Tryptamean collected $59.50 from pot
*** SUMMARY ***
Total pot $60 | Rake $0.50
Board [8h 7h Ks 9s 5s]
Seat 4: Tryptamean (button) (small blind) showed [9d 7d] and won ($59.50) with two pair, Nines and Sevens
Seat 5: alexfer999 (big blind) mucked


PokerStars Hand #153631435024:  Hold'em Limit ($3/$6 USD) - 2016/05/21 10:02:16 ET
Table 'Neoptolemus' 6-max Seat #4 is the button
Seat 4: Tryptamean ($106.23 in chips)
Seat 5: alexfer999 ($111.75 in chips)
Tryptamean: posts small blind $1
alexfer999: posts big blind $3
*** HOLE CARDS ***
Tryptamean: raises $3 to $6
alexfer999: folds
Uncalled bet ($3) returned to Tryptamean
Tryptamean collected $6 from pot
Tryptamean: doesn't show hand
*** SUMMARY ***
Total pot $6 | Rake $0
Seat 4: Tryptamean (button) (small blind) collected ($6)
Seat 5: alexfer999 (big blind) folded before Flop


PokerStars Hand #153631411674:  Hold'em Limit ($3/$6 USD) - 2016/05/21 10:01:36 ET
Table 'Neoptolemus' 6-max Seat #5 is the button
Seat 4: Tryptamean ($82.73 in chips)
Seat 5: alexfer999 ($135.75 in chips)
alexfer999: posts small blind $1
Tryptamean: posts big blind $3
*** HOLE CARDS ***
alexfer999: raises $3 to $6
Tryptamean: raises $3 to $9
alexfer999: calls $3
*** FLOP *** [As 8s Qc]
Tryptamean: bets $3
alexfer999: calls $3
*** TURN *** [As 8s Qc] [Jc]
Tryptamean: bets $6
alexfer999: calls $6
*** RIVER *** [As 8s Qc Jc] [9d]
Tryptamean: bets $6
alexfer999: calls $6
*** SHOW DOWN ***
Tryptamean: shows [5c Tc] (a straight, Eight to Queen)
alexfer999: mucks hand
Tryptamean collected $47.50 from pot
*** SUMMARY ***
Total pot $48 | Rake $0.50
Board [As 8s Qc Jc 9d]
Seat 4: Tryptamean (big blind) showed [5c Tc] and won ($47.50) with a straight, Eight to Queen
Seat 5: alexfer999 (button) (small blind) mucked


PokerStars Hand #153631439958:  Hold'em Limit ($3/$6 USD) - 2016/05/21 10:02:23 ET
Table 'Neoptolemus' 6-max Seat #5 is the button
Seat 4: Tryptamean ($109.23 in chips)
Seat 5: alexfer999 ($108.75 in chips)
alexfer999: posts small blind $1
Tryptamean: posts big blind $3
*** HOLE CARDS ***
alexfer999: raises $3 to $6
Tryptamean: raises $3 to $9
alexfer999: calls $3
*** FLOP *** [9d 7d 5h]
Tryptamean: bets $3
alexfer999: calls $3
*** TURN *** [9d 7d 5h] [6s]
Tryptamean: checks
alexfer999: bets $6
Tryptamean: calls $6
*** RIVER *** [9d 7d 5h 6s] [2c]
Tryptamean: checks
alexfer999: checks
*** SHOW DOWN ***
Tryptamean: shows [Qd Ac] (high card Ace)
alexfer999: mucks hand
Tryptamean collected $35.50 from pot
*** SUMMARY ***
Total pot $36 | Rake $0.50
Board [9d 7d 5h 6s 2c]
Seat 4: Tryptamean (big blind) showed [Qd Ac] and won ($35.50) with high card Ace
Seat 5: alexfer999 (button) (small blind) mucked


PokerStars Hand #153631483426:  Hold'em Limit ($3/$6 USD) - 2016/05/21 10:03:25 ET
Table 'Neoptolemus' 6-max Seat #5 is the button
Seat 4: Tryptamean ($138.25 in chips)
Seat 5: alexfer999 ($78.75 in chips)
alexfer999: posts small blind $1
Tryptamean: posts big blind $3
*** HOLE CARDS ***
alexfer999: raises $3 to $6
Tryptamean: calls $3
*** FLOP *** [Ks 3d 6d]
Tryptamean: checks
alexfer999: bets $3
Tryptamean: folds
Uncalled bet ($3) returned to alexfer999
alexfer999 collected $11.76 from pot
*** SUMMARY ***
Total pot $12 | Rake $0.24
Board [Ks 3d 6d]
Seat 4: Tryptamean (big blind) folded on the Flop
Seat 5: alexfer999 (button) (small blind) collected ($11.76)


PokerStars Hand #153631460562:  Hold'em Limit ($3/$6 USD) - 2016/05/21 10:02:56 ET
Table 'Neoptolemus' 6-max Seat #4 is the button
Seat 4: Tryptamean ($126.73 in chips)
Seat 5: alexfer999 ($90.75 in chips)
Tryptamean: posts small blind $1
alexfer999: posts big blind $3
*** HOLE CARDS ***
Tryptamean: raises $3 to $6
alexfer999: raises $3 to $9
Tryptamean: calls $3
*** FLOP *** [Ah 8d 3c]
alexfer999: bets $3
Tryptamean: calls $3
*** TURN *** [Ah 8d 3c] [Jd]
alexfer999: checks
Tryptamean: bets $6
alexfer999: folds
Uncalled bet ($6) returned to Tryptamean
Tryptamean collected $23.52 from pot
Tryptamean: doesn't show hand
*** SUMMARY ***
Total pot $24 | Rake $0.48
Board [Ah 8d 3c Jd]
Seat 4: Tryptamean (button) (small blind) collected ($23.52)
Seat 5: alexfer999 (big blind) folded on the Turn


PokerStars Hand #153631497738:  Hold'em Limit ($3/$6 USD) - 2016/05/21 10:03:48 ET
Table 'Neoptolemus' 6-max Seat #4 is the button
Seat 4: Tryptamean ($132.25 in chips)
Seat 5: alexfer999 ($84.51 in chips)
Tryptamean: posts small blind $1
alexfer999: posts big blind $3
*** HOLE CARDS ***
Tryptamean: raises $3 to $6
alexfer999: raises $3 to $9
Tryptamean: calls $3
*** FLOP *** [3h 8c Qc]
alexfer999: bets $3
Tryptamean: calls $3
*** TURN *** [3h 8c Qc] [Jh]
alexfer999: bets $6
Tryptamean: folds
Uncalled bet ($6) returned to alexfer999
alexfer999 collected $23.52 from pot
alexfer999: doesn't show hand
*** SUMMARY ***
Total pot $24 | Rake $0.48
Board [3h 8c Qc Jh]
Seat 4: Tryptamean (button) (small blind) folded on the Turn
Seat 5: alexfer999 (big blind) collected ($23.52)


PokerStars Hand #153631559227:  Hold'em Limit ($3/$6 USD) - 2016/05/21 10:05:25 ET
Table 'Neoptolemus' 6-max Seat #5 is the button
Seat 4: Tryptamean ($104.89 in chips)
Seat 5: alexfer999 ($110.53 in chips)
alexfer999: posts small blind $1
Tryptamean: posts big blind $3
*** HOLE CARDS ***
alexfer999: folds
Uncalled bet ($2) returned to Tryptamean
Tryptamean collected $2 from pot
Tryptamean: doesn't show hand
*** SUMMARY ***
Total pot $2 | Rake $0
Seat 4: Tryptamean (big blind) collected ($2)
Seat 5: alexfer999 (button) (small blind) folded before Flop


PokerStars Hand #153631542466:  Hold'em Limit ($3/$6 USD) - 2016/05/21 10:04:59 ET
Table 'Neoptolemus' 6-max Seat #4 is the button
Seat 4: Tryptamean ($128.89 in chips)
Seat 5: alexfer999 ($87.03 in chips)
Tryptamean: posts small blind $1
alexfer999: posts big blind $3
*** HOLE CARDS ***
Tryptamean: raises $3 to $6
alexfer999: raises $3 to $9
Tryptamean: calls $3
*** FLOP *** [6s Qc 9c]
alexfer999: bets $3
Tryptamean: calls $3
*** TURN *** [6s Qc 9c] [2s]
alexfer999: bets $6
Tryptamean: calls $6
*** RIVER *** [6s Qc 9c 2s] [Td]
alexfer999: bets $6
Tryptamean: calls $6
*** SHOW DOWN ***
alexfer999: shows [Js Jh] (a pair of Jacks)
Tryptamean: mucks hand
alexfer999 collected $47.50 from pot
*** SUMMARY ***
Total pot $48 | Rake $0.50
Board [6s Qc 9c 2s Td]
Seat 4: Tryptamean (button) (small blind) mucked
Seat 5: alexfer999 (big blind) showed [Js Jh] and won ($47.50) with a pair of Jacks


PokerStars Hand #153631531138:  Hold'em Limit ($3/$6 USD) - 2016/05/21 10:04:41 ET
Table 'Neoptolemus' 6-max Seat #5 is the button
Seat 4: Tryptamean ($120.25 in chips)
Seat 5: alexfer999 ($96.03 in chips)
alexfer999: posts small blind $1
Tryptamean: posts big blind $3
*** HOLE CARDS ***
alexfer999: raises $3 to $6
Tryptamean: raises $3 to $9
alexfer999: calls $3
*** FLOP *** [3h 4d Ah]
Tryptamean: bets $3
alexfer999: folds
Uncalled bet ($3) returned to Tryptamean
Tryptamean collected $17.64 from pot
Tryptamean: doesn't show hand
*** SUMMARY ***
Total pot $18 | Rake $0.36
Board [3h 4d Ah]
Seat 4: Tryptamean (big blind) collected ($17.64)
Seat 5: alexfer999 (button) (small blind) folded on the Flop


PokerStars Hand #153631565004:  Hold'em Limit ($3/$6 USD) - 2016/05/21 10:05:35 ET
Table 'Neoptolemus' 6-max Seat #4 is the button
Seat 4: Tryptamean ($105.89 in chips)
Seat 5: alexfer999 ($109.53 in chips)
Tryptamean: posts small blind $1
alexfer999: posts big blind $3
*** HOLE CARDS ***
Tryptamean: raises $3 to $6
alexfer999: raises $3 to $9
Tryptamean: calls $3
*** FLOP *** [6c 8h 9s]
alexfer999: bets $3
Tryptamean: calls $3
*** TURN *** [6c 8h 9s] [Kh]
alexfer999: checks
Tryptamean: checks
*** RIVER *** [6c 8h 9s Kh] [Ts]
alexfer999: bets $6
Tryptamean: folds
Uncalled bet ($6) returned to alexfer999
alexfer999 collected $23.52 from pot
alexfer999: doesn't show hand
*** SUMMARY ***
Total pot $24 | Rake $0.48
Board [6c 8h 9s Kh Ts]
Seat 4: Tryptamean (button) (small blind) folded on the River
Seat 5: alexfer999 (big blind) collected ($23.52)


PokerStars Hand #153631586356:  Hold'em Limit ($3/$6 USD) - 2016/05/21 10:06:08 ET
Table 'Neoptolemus' 6-max Seat #5 is the button
Seat 4: Tryptamean ($93.89 in chips)
Seat 5: alexfer999 ($121.05 in chips)
alexfer999: posts small blind $1
Tryptamean: posts big blind $3
*** HOLE CARDS ***
alexfer999: raises $3 to $6
Tryptamean: raises $3 to $9
alexfer999: calls $3
*** FLOP *** [2h 6s 5h]
Tryptamean: bets $3
alexfer999: calls $3
*** TURN *** [2h 6s 5h] [Ac]
Tryptamean: checks
alexfer999: checks
*** RIVER *** [2h 6s 5h Ac] [6d]
Tryptamean: bets $6
alexfer999: calls $6
*** SHOW DOWN ***
Tryptamean: shows [Jd Kh] (a pair of Sixes)
alexfer999: shows [3h 3c] (two pair, Sixes and Threes)
alexfer999 collected $35.50 from pot
*** SUMMARY ***
Total pot $36 | Rake $0.50
Board [2h 6s 5h Ac 6d]
Seat 4: Tryptamean (big blind) showed [Jd Kh] and lost with a pair of Sixes
Seat 5: alexfer999 (button) (small blind) showed [3h 3c] and won ($35.50) with two pair, Sixes and Threes


PokerStars Hand #153631629045:  Hold'em Limit ($3/$6 USD) - 2016/05/21 10:07:15 ET
Table 'Neoptolemus' 6-max Seat #4 is the button
Seat 4: Tryptamean ($75.89 in chips)
Seat 5: alexfer999 ($138.55 in chips)
Tryptamean: posts small blind $1
alexfer999: posts big blind $3
*** HOLE CARDS ***
Tryptamean: raises $3 to $6
alexfer999: calls $3
*** FLOP *** [6s 5h 5c]
alexfer999: checks
Tryptamean: checks
*** TURN *** [6s 5h 5c] [As]
alexfer999 is disconnected
alexfer999 has timed out while disconnected
alexfer999: checks
Tryptamean: bets $6
alexfer999 is connected
alexfer999: calls $6
*** RIVER *** [6s 5h 5c As] [3d]
alexfer999: checks
Tryptamean: checks
*** SHOW DOWN ***
alexfer999: shows [5s Qh] (three of a kind, Fives)
Tryptamean: mucks hand
alexfer999 collected $23.52 from pot
*** SUMMARY ***
Total pot $24 | Rake $0.48
Board [6s 5h 5c As 3d]
Seat 4: Tryptamean (button) (small blind) mucked
Seat 5: alexfer999 (big blind) showed [5s Qh] and won ($23.52) with three of a kind, Fives


PokerStars Hand #153631687491:  Hold'em Limit ($3/$6 USD) - 2016/05/21 10:08:49 ET
Table 'Neoptolemus' 6-max Seat #5 is the button
Seat 4: Tryptamean ($63.89 in chips)
Seat 5: alexfer999 ($150.07 in chips)
alexfer999: posts small blind $1
Tryptamean: posts big blind $3
*** HOLE CARDS ***
alexfer999: raises $3 to $6
Tryptamean: raises $3 to $9
alexfer999: calls $3
*** FLOP *** [9d Kh Qh]
Tryptamean: bets $3
alexfer999: calls $3
*** TURN *** [9d Kh Qh] [7d]
Tryptamean: checks
alexfer999: bets $6
Tryptamean: raises $6 to $12
alexfer999: raises $6 to $18
Tryptamean: calls $6
*** RIVER *** [9d Kh Qh 7d] [Tc]
Tryptamean: checks
alexfer999: checks
*** SHOW DOWN ***
Tryptamean: shows [Ah 3h] (high card Ace)
alexfer999: shows [9h Kc] (two pair, Kings and Nines)
alexfer999 collected $59.50 from pot
*** SUMMARY ***
Total pot $60 | Rake $0.50
Board [9d Kh Qh 7d Tc]
Seat 4: Tryptamean (big blind) showed [Ah 3h] and lost with high card Ace
Seat 5: alexfer999 (button) (small blind) showed [9h Kc] and won ($59.50) with two pair, Kings and Nines


