PokerStars Hand #157309711811:  Hold'em Limit ($3/$6 USD) - 2016/08/15 12:31:24 ET
Table 'Neoptolemus' 6-max Seat #1 is the button
Seat 1: hasky156 ($132.84 in chips)
Seat 4: Ag3r0n ($260.24 in chips)
hasky156: posts small blind $1
Airbag999: is sitting out
Ag3r0n: posts big blind $3
*** HOLE CARDS ***
hasky156: raises $3 to $6
Airbag999 leaves the table
Ag3r0n: calls $3
*** FLOP *** [6s Qh 5d]
Ag3r0n: checks
hasky156: checks
*** TURN *** [6s Qh 5d] [Ac]
Ag3r0n: checks
hasky156: checks
*** RIVER *** [6s Qh 5d Ac] [Th]
Ag3r0n: checks
hasky156: checks
*** SHOW DOWN ***
Ag3r0n: shows [Kh 4s] (high card Ace)
hasky156: mucks hand
Ag3r0n collected $11.76 from pot
*** SUMMARY ***
Total pot $12 | Rake $0.24
Board [6s Qh 5d Ac Th]
Seat 1: hasky156 (button) (small blind) mucked
Seat 4: Ag3r0n (big blind) showed [Kh 4s] and won ($11.76) with high card Ace


PokerStars Hand #157309741429:  Hold'em Limit ($3/$6 USD) - 2016/08/15 12:32:09 ET
Table 'Neoptolemus' 6-max Seat #1 is the button
Seat 1: hasky156 ($113.84 in chips)
Seat 4: Ag3r0n ($278.64 in chips)
hasky156: posts small blind $1
Ag3r0n: posts big blind $3
*** HOLE CARDS ***
hasky156: folds
Uncalled bet ($2) returned to Ag3r0n
Ag3r0n collected $2 from pot
*** SUMMARY ***
Total pot $2 | Rake $0
Seat 1: hasky156 (button) (small blind) folded before Flop
Seat 4: Ag3r0n (big blind) collected ($2)


PokerStars Hand #157309737836:  Hold'em Limit ($3/$6 USD) - 2016/08/15 12:32:03 ET
Table 'Neoptolemus' 6-max Seat #4 is the button
Seat 1: hasky156 ($116.84 in chips)
Seat 4: Ag3r0n ($275.64 in chips)
Ag3r0n: posts small blind $1
hasky156: posts big blind $3
*** HOLE CARDS ***
Ag3r0n: raises $3 to $6
hasky156: folds
Uncalled bet ($3) returned to Ag3r0n
Ag3r0n collected $6 from pot
*** SUMMARY ***
Total pot $6 | Rake $0
Seat 1: hasky156 (big blind) folded before Flop
Seat 4: Ag3r0n (button) (small blind) collected ($6)


PokerStars Hand #157309755050:  Hold'em Limit ($3/$6 USD) - 2016/08/15 12:32:29 ET
Table 'Neoptolemus' 6-max Seat #1 is the button
Seat 1: hasky156 ($103.84 in chips)
Seat 4: Ag3r0n ($288.28 in chips)
hasky156: posts small blind $1
Ag3r0n: posts big blind $3
*** HOLE CARDS ***
hasky156: folds
Uncalled bet ($2) returned to Ag3r0n
Ag3r0n collected $2 from pot
*** SUMMARY ***
Total pot $2 | Rake $0
Seat 1: hasky156 (button) (small blind) folded before Flop
Seat 4: Ag3r0n (big blind) collected ($2)


PokerStars Hand #157309744584:  Hold'em Limit ($3/$6 USD) - 2016/08/15 12:32:13 ET
Table 'Neoptolemus' 6-max Seat #4 is the button
Seat 1: hasky156 ($112.84 in chips)
Seat 4: Ag3r0n ($279.64 in chips)
Ag3r0n: posts small blind $1
hasky156: posts big blind $3
*** HOLE CARDS ***
Ag3r0n: raises $3 to $6
hasky156: calls $3
*** FLOP *** [9d 5s Tc]
hasky156: checks
Ag3r0n: bets $3
hasky156: calls $3
*** TURN *** [9d 5s Tc] [2h]
hasky156: checks
Ag3r0n: checks
*** RIVER *** [9d 5s Tc 2h] [7s]
hasky156: checks
Ag3r0n: bets $6
hasky156: folds
Uncalled bet ($6) returned to Ag3r0n
Ag3r0n collected $17.64 from pot
*** SUMMARY ***
Total pot $18 | Rake $0.36
Board [9d 5s Tc 2h 7s]
Seat 1: hasky156 (big blind) folded on the River
Seat 4: Ag3r0n (button) (small blind) collected ($17.64)


PokerStars Hand #157309758038:  Hold'em Limit ($3/$6 USD) - 2016/08/15 12:32:33 ET
Table 'Neoptolemus' 6-max Seat #4 is the button
Seat 1: hasky156 ($102.84 in chips)
Seat 4: Ag3r0n ($289.28 in chips)
Ag3r0n: posts small blind $1
hasky156: posts big blind $3
*** HOLE CARDS ***
Ag3r0n: raises $3 to $6
hasky156: calls $3
*** FLOP *** [Ks 3d Td]
hasky156: checks
Ag3r0n: checks
*** TURN *** [Ks 3d Td] [Kh]
hasky156: checks
Ag3r0n: checks
*** RIVER *** [Ks 3d Td Kh] [6c]
hasky156: checks
Ag3r0n: checks
*** SHOW DOWN ***
hasky156: shows [Qc Jh] (a pair of Kings)
Ag3r0n: mucks hand
hasky156 collected $11.76 from pot
*** SUMMARY ***
Total pot $12 | Rake $0.24
Board [Ks 3d Td Kh 6c]
Seat 1: hasky156 (big blind) showed [Qc Jh] and won ($11.76) with a pair of Kings
Seat 4: Ag3r0n (button) (small blind) mucked


PokerStars Hand #157309766893:  Hold'em Limit ($3/$6 USD) - 2016/08/15 12:32:47 ET
Table 'Neoptolemus' 6-max Seat #1 is the button
Seat 1: hasky156 ($108.60 in chips)
Seat 4: Ag3r0n ($283.28 in chips)
hasky156: posts small blind $1
Ag3r0n: posts big blind $3
*** HOLE CARDS ***
hasky156: raises $3 to $6
Ag3r0n: folds
Uncalled bet ($3) returned to hasky156
hasky156 collected $6 from pot
hasky156: doesn't show hand
*** SUMMARY ***
Total pot $6 | Rake $0
Seat 1: hasky156 (button) (small blind) collected ($6)
Seat 4: Ag3r0n (big blind) folded before Flop


PokerStars Hand #157309734876:  Hold'em Limit ($3/$6 USD) - 2016/08/15 12:31:59 ET
Table 'Neoptolemus' 6-max Seat #1 is the button
Seat 1: hasky156 ($117.84 in chips)
Seat 4: Ag3r0n ($274.64 in chips)
hasky156: posts small blind $1
Ag3r0n: posts big blind $3
*** HOLE CARDS ***
hasky156: folds
Uncalled bet ($2) returned to Ag3r0n
Ag3r0n collected $2 from pot
*** SUMMARY ***
Total pot $2 | Rake $0
Seat 1: hasky156 (button) (small blind) folded before Flop
Seat 4: Ag3r0n (big blind) collected ($2)


PokerStars Hand #157309722743:  Hold'em Limit ($3/$6 USD) - 2016/08/15 12:31:41 ET
Table 'Neoptolemus' 6-max Seat #4 is the button
Seat 1: hasky156 ($126.84 in chips)
Seat 4: Ag3r0n ($266 in chips)
Ag3r0n: posts small blind $1
hasky156: posts big blind $3
*** HOLE CARDS ***
Ag3r0n: raises $3 to $6
hasky156: calls $3
*** FLOP *** [As Tc Jd]
hasky156: checks
Ag3r0n: bets $3
hasky156: calls $3
*** TURN *** [As Tc Jd] [9c]
hasky156: checks
Ag3r0n: checks
*** RIVER *** [As Tc Jd 9c] [4d]
hasky156: checks
Ag3r0n: checks
*** SHOW DOWN ***
hasky156: shows [9d 6d] (a pair of Nines)
Ag3r0n: shows [9s Qd] (a pair of Nines - Ace+Queen kicker)
Ag3r0n collected $17.64 from pot
*** SUMMARY ***
Total pot $18 | Rake $0.36
Board [As Tc Jd 9c 4d]
Seat 1: hasky156 (big blind) showed [9d 6d] and lost with a pair of Nines
Seat 4: Ag3r0n (button) (small blind) showed [9s Qd] and won ($17.64) with a pair of Nines


PokerStars Hand #157309777313:  Hold'em Limit ($3/$6 USD) - 2016/08/15 12:33:02 ET
Table 'Neoptolemus' 6-max Seat #4 is the button
Seat 1: hasky156 ($107.60 in chips)
Seat 4: Ag3r0n ($284.28 in chips)
Ag3r0n: posts small blind $1
hasky156: posts big blind $3
*** HOLE CARDS ***
Ag3r0n: raises $3 to $6
hasky156: calls $3
*** FLOP *** [Jd Qc 4s]
hasky156: checks
Ag3r0n: bets $3
hasky156: calls $3
*** TURN *** [Jd Qc 4s] [Ah]
hasky156: checks
Ag3r0n: bets $6
hasky156: calls $6
*** RIVER *** [Jd Qc 4s Ah] [2s]
hasky156: checks
Ag3r0n: bets $6
hasky156: calls $6
*** SHOW DOWN ***
Ag3r0n: shows [Ad 7s] (a pair of Aces)
hasky156: mucks hand
Ag3r0n collected $41.50 from pot
*** SUMMARY ***
Total pot $42 | Rake $0.50
Board [Jd Qc 4s Ah 2s]
Seat 1: hasky156 (big blind) mucked
Seat 4: Ag3r0n (button) (small blind) showed [Ad 7s] and won ($41.50) with a pair of Aces


PokerStars Hand #157309794147:  Hold'em Limit ($3/$6 USD) - 2016/08/15 12:33:28 ET
Table 'Neoptolemus' 6-max Seat #4 is the button
Seat 1: hasky156 ($92.36 in chips)
Seat 4: Ag3r0n ($298.78 in chips)
Ag3r0n: posts small blind $1
hasky156: posts big blind $3
*** HOLE CARDS ***
Ag3r0n: raises $3 to $6
hasky156: raises $3 to $9
Ag3r0n: calls $3
*** FLOP *** [Td Ad 7h]
hasky156: bets $3
Ag3r0n: folds
Uncalled bet ($3) returned to hasky156
hasky156 collected $17.64 from pot
hasky156: doesn't show hand
*** SUMMARY ***
Total pot $18 | Rake $0.36
Board [Td Ad 7h]
Seat 1: hasky156 (big blind) collected ($17.64)
Seat 4: Ag3r0n (button) (small blind) folded on the Flop


PokerStars Hand #157309786249:  Hold'em Limit ($3/$6 USD) - 2016/08/15 12:33:16 ET
Table 'Neoptolemus' 6-max Seat #1 is the button
Seat 1: hasky156 ($86.60 in chips)
Seat 4: Ag3r0n ($304.78 in chips)
hasky156: posts small blind $1
Ag3r0n: posts big blind $3
*** HOLE CARDS ***
hasky156: raises $3 to $6
Ag3r0n: calls $3
*** FLOP *** [4c Kc Ks]
Ag3r0n: checks
hasky156: bets $3
Ag3r0n: folds
Uncalled bet ($3) returned to hasky156
hasky156 collected $11.76 from pot
hasky156: doesn't show hand
*** SUMMARY ***
Total pot $12 | Rake $0.24
Board [4c Kc Ks]
Seat 1: hasky156 (button) (small blind) collected ($11.76)
Seat 4: Ag3r0n (big blind) folded on the Flop


PokerStars Hand #157309774248:  Hold'em Limit ($3/$6 USD) - 2016/08/15 12:32:58 ET
Table 'Neoptolemus' 6-max Seat #1 is the button
Seat 1: hasky156 ($108.60 in chips)
Seat 4: Ag3r0n ($283.28 in chips)
hasky156: posts small blind $1
Ag3r0n: posts big blind $3
*** HOLE CARDS ***
hasky156: folds
Uncalled bet ($2) returned to Ag3r0n
Ag3r0n collected $2 from pot
*** SUMMARY ***
Total pot $2 | Rake $0
Seat 1: hasky156 (button) (small blind) folded before Flop
Seat 4: Ag3r0n (big blind) collected ($2)


PokerStars Hand #157309770938:  Hold'em Limit ($3/$6 USD) - 2016/08/15 12:32:53 ET
Table 'Neoptolemus' 6-max Seat #4 is the button
Seat 1: hasky156 ($111.60 in chips)
Seat 4: Ag3r0n ($280.28 in chips)
Ag3r0n: posts small blind $1
hasky156: posts big blind $3
*** HOLE CARDS ***
Ag3r0n: raises $3 to $6
hasky156: folds
Uncalled bet ($3) returned to Ag3r0n
Ag3r0n collected $6 from pot
*** SUMMARY ***
Total pot $6 | Rake $0
Seat 1: hasky156 (big blind) folded before Flop
Seat 4: Ag3r0n (button) (small blind) collected ($6)


PokerStars Hand #157309822275:  Hold'em Limit ($3/$6 USD) - 2016/08/15 12:34:11 ET
Table 'Neoptolemus' 6-max Seat #1 is the button
Seat 1: hasky156 ($107.76 in chips)
Seat 4: Ag3r0n ($282.78 in chips)
hasky156: posts small blind $1
Ag3r0n: posts big blind $3
*** HOLE CARDS ***
hasky156: folds
Uncalled bet ($2) returned to Ag3r0n
Ag3r0n collected $2 from pot
*** SUMMARY ***
Total pot $2 | Rake $0
Seat 1: hasky156 (button) (small blind) folded before Flop
Seat 4: Ag3r0n (big blind) collected ($2)


PokerStars Hand #157309819061:  Hold'em Limit ($3/$6 USD) - 2016/08/15 12:34:06 ET
Table 'Neoptolemus' 6-max Seat #4 is the button
Seat 1: hasky156 ($106.76 in chips)
Seat 4: Ag3r0n ($283.78 in chips)
Ag3r0n: posts small blind $1
hasky156: posts big blind $3
*** HOLE CARDS ***
Ag3r0n: folds
Uncalled bet ($2) returned to hasky156
hasky156 collected $2 from pot
hasky156: doesn't show hand
*** SUMMARY ***
Total pot $2 | Rake $0
Seat 1: hasky156 (big blind) collected ($2)
Seat 4: Ag3r0n (button) (small blind) folded before Flop


PokerStars Hand #157309839361:  Hold'em Limit ($3/$6 USD) - 2016/08/15 12:34:36 ET
Table 'Neoptolemus' 6-max Seat #4 is the button
Seat 1: hasky156 ($95.76 in chips)
Seat 4: Ag3r0n ($294.30 in chips)
Ag3r0n: posts small blind $1
hasky156: posts big blind $3
*** HOLE CARDS ***
Ag3r0n: raises $3 to $6
hasky156: calls $3
*** FLOP *** [6d 6s 7d]
hasky156: checks
Ag3r0n: checks
*** TURN *** [6d 6s 7d] [5s]
hasky156: bets $6
Ag3r0n: folds
Uncalled bet ($6) returned to hasky156
hasky156 collected $11.76 from pot
hasky156: doesn't show hand
*** SUMMARY ***
Total pot $12 | Rake $0.24
Board [6d 6s 7d 5s]
Seat 1: hasky156 (big blind) collected ($11.76)
Seat 4: Ag3r0n (button) (small blind) folded on the Turn


PokerStars Hand #157309829828:  Hold'em Limit ($3/$6 USD) - 2016/08/15 12:34:22 ET
Table 'Neoptolemus' 6-max Seat #1 is the button
Seat 1: hasky156 ($107.76 in chips)
Seat 4: Ag3r0n ($282.78 in chips)
hasky156: posts small blind $1
Ag3r0n: posts big blind $3
*** HOLE CARDS ***
hasky156: raises $3 to $6
Ag3r0n: calls $3
*** FLOP *** [5c 7d 6s]
Ag3r0n: checks
hasky156: checks
*** TURN *** [5c 7d 6s] [7c]
Ag3r0n: checks
hasky156: checks
*** RIVER *** [5c 7d 6s 7c] [Kc]
Ag3r0n: bets $6
hasky156: calls $6
*** SHOW DOWN ***
Ag3r0n: shows [Ks 4h] (two pair, Kings and Sevens)
hasky156: mucks hand
Ag3r0n collected $23.52 from pot
*** SUMMARY ***
Total pot $24 | Rake $0.48
Board [5c 7d 6s 7c Kc]
Seat 1: hasky156 (button) (small blind) mucked
Seat 4: Ag3r0n (big blind) showed [Ks 4h] and won ($23.52) with two pair, Kings and Sevens


PokerStars Hand #157309825272:  Hold'em Limit ($3/$6 USD) - 2016/08/15 12:34:15 ET
Table 'Neoptolemus' 6-max Seat #4 is the button
Seat 1: hasky156 ($106.76 in chips)
Seat 4: Ag3r0n ($283.78 in chips)
Ag3r0n: posts small blind $1
hasky156: posts big blind $3
*** HOLE CARDS ***
Ag3r0n: folds
Uncalled bet ($2) returned to hasky156
hasky156 collected $2 from pot
hasky156: doesn't show hand
*** SUMMARY ***
Total pot $2 | Rake $0
Seat 1: hasky156 (big blind) collected ($2)
Seat 4: Ag3r0n (button) (small blind) folded before Flop


PokerStars Hand #157309800589:  Hold'em Limit ($3/$6 USD) - 2016/08/15 12:33:38 ET
Table 'Neoptolemus' 6-max Seat #1 is the button
Seat 1: hasky156 ($101 in chips)
Seat 4: Ag3r0n ($289.78 in chips)
hasky156: posts small blind $1
Ag3r0n: posts big blind $3
*** HOLE CARDS ***
hasky156: calls $2
Ag3r0n: checks
*** FLOP *** [Ts 9c Js]
Ag3r0n: bets $3
hasky156: calls $3
*** TURN *** [Ts 9c Js] [4c]
Ag3r0n: checks
hasky156: checks
*** RIVER *** [Ts 9c Js 4c] [Kh]
Ag3r0n: checks
hasky156: bets $6
Ag3r0n: folds
Uncalled bet ($6) returned to hasky156
hasky156 collected $11.76 from pot
hasky156: doesn't show hand
*** SUMMARY ***
Total pot $12 | Rake $0.24
Board [Ts 9c Js 4c Kh]
Seat 1: hasky156 (button) (small blind) collected ($11.76)
Seat 4: Ag3r0n (big blind) folded on the River


PokerStars Hand #157309871316:  Hold'em Limit ($3/$6 USD) - 2016/08/15 12:35:25 ET
Table 'Neoptolemus' 6-max Seat #1 is the button
Seat 1: hasky156 ($84.52 in chips)
Seat 4: Ag3r0n ($304.70 in chips)
hasky156: posts small blind $1
Ag3r0n: posts big blind $3
*** HOLE CARDS ***
hasky156: raises $3 to $6
Ag3r0n: raises $3 to $9
hasky156: calls $3
*** FLOP *** [9h 8h 4d]
Ag3r0n: bets $3
hasky156: calls $3
*** TURN *** [9h 8h 4d] [2s]
Ag3r0n: bets $6
hasky156: calls $6
*** RIVER *** [9h 8h 4d 2s] [8s]
Ag3r0n: checks
hasky156: checks
*** SHOW DOWN ***
Ag3r0n: shows [Qd Ac] (a pair of Eights)
hasky156: mucks hand
Ag3r0n collected $35.50 from pot
*** SUMMARY ***
Total pot $36 | Rake $0.50
Board [9h 8h 4d 2s 8s]
Seat 1: hasky156 (button) (small blind) mucked
Seat 4: Ag3r0n (big blind) showed [Qd Ac] and won ($35.50) with a pair of Eights


PokerStars Hand #157309862972:  Hold'em Limit ($3/$6 USD) - 2016/08/15 12:35:12 ET
Table 'Neoptolemus' 6-max Seat #4 is the button
Seat 1: hasky156 ($93.52 in chips)
Seat 4: Ag3r0n ($296.06 in chips)
Ag3r0n: posts small blind $1
hasky156: posts big blind $3
*** HOLE CARDS ***
Ag3r0n: raises $3 to $6
hasky156: calls $3
*** FLOP *** [8d Tc Qd]
hasky156: checks
Ag3r0n: bets $3
hasky156: calls $3
*** TURN *** [8d Tc Qd] [Js]
hasky156: checks
Ag3r0n: checks
*** RIVER *** [8d Tc Qd Js] [4h]
hasky156: checks
Ag3r0n: checks
*** SHOW DOWN ***
hasky156: shows [6c As] (high card Ace)
Ag3r0n: shows [Ts 6s] (a pair of Tens)
Ag3r0n collected $17.64 from pot
*** SUMMARY ***
Total pot $18 | Rake $0.36
Board [8d Tc Qd Js 4h]
Seat 1: hasky156 (big blind) showed [6c As] and lost with high card Ace
Seat 4: Ag3r0n (button) (small blind) showed [Ts 6s] and won ($17.64) with a pair of Tens


PokerStars Hand #157309854071:  Hold'em Limit ($3/$6 USD) - 2016/08/15 12:34:59 ET
Table 'Neoptolemus' 6-max Seat #4 is the button
Seat 1: hasky156 ($100.52 in chips)
Seat 4: Ag3r0n ($289.30 in chips)
Ag3r0n: posts small blind $1
hasky156: posts big blind $3
*** HOLE CARDS ***
Ag3r0n: raises $3 to $6
hasky156: calls $3
*** FLOP *** [Ac 3d 7s]
hasky156: checks
Ag3r0n: bets $3
hasky156: folds
Uncalled bet ($3) returned to Ag3r0n
Ag3r0n collected $11.76 from pot
*** SUMMARY ***
Total pot $12 | Rake $0.24
Board [Ac 3d 7s]
Seat 1: hasky156 (big blind) folded on the Flop
Seat 4: Ag3r0n (button) (small blind) collected ($11.76)


PokerStars Hand #157309848646:  Hold'em Limit ($3/$6 USD) - 2016/08/15 12:34:50 ET
Table 'Neoptolemus' 6-max Seat #1 is the button
Seat 1: hasky156 ($101.52 in chips)
Seat 4: Ag3r0n ($288.30 in chips)
hasky156: posts small blind $1
Ag3r0n: posts big blind $3
*** HOLE CARDS ***
hasky156: folds
Uncalled bet ($2) returned to Ag3r0n
Ag3r0n collected $2 from pot
*** SUMMARY ***
Total pot $2 | Rake $0
Seat 1: hasky156 (button) (small blind) folded before Flop
Seat 4: Ag3r0n (big blind) collected ($2)


