PokerStars Hand #151351709909:  Hold'em Limit ($3/$6 USD) - 2016/04/03 2:23:56 ET
Table 'Neoptolemus II' 6-max Seat #5 is the button
Seat 2: HomerJS 1987 ($57.98 in chips)
Seat 5: VolkovDmitri ($125.76 in chips)
VolkovDmitri: posts small blind $1
HomerJS 1987: posts big blind $3
*** HOLE CARDS ***
VolkovDmitri: raises $3 to $6
HomerJS 1987: calls $3
*** FLOP *** [Kd Ts 3d]
HomerJS 1987: checks
VolkovDmitri: bets $3
HomerJS 1987: raises $3 to $6
VolkovDmitri: folds
Uncalled bet ($3) returned to HomerJS 1987
HomerJS 1987 collected $17.64 from pot
HomerJS 1987: doesn't show hand
*** SUMMARY ***
Total pot $18 | Rake $0.36
Board [Kd Ts 3d]
Seat 2: HomerJS 1987 (big blind) collected ($17.64)
Seat 5: VolkovDmitri (button) (small blind) folded on the Flop


PokerStars Hand #151351697006:  Hold'em Limit ($3/$6 USD) - 2016/04/03 2:23:12 ET
Table 'Neoptolemus II' 6-max Seat #2 is the button
Seat 2: HomerJS 1987 ($63.98 in chips)
Seat 5: VolkovDmitri ($120 in chips)
HomerJS 1987: posts small blind $1
Agrotait has timed out
Agrotait: is sitting out
VolkovDmitri: posts big blind $3
*** HOLE CARDS ***
HomerJS 1987: calls $2
VolkovDmitri: raises $3 to $6
HomerJS 1987: calls $3
*** FLOP *** [9h Jc 3d]
VolkovDmitri: bets $3
HomerJS 1987: folds
Uncalled bet ($3) returned to VolkovDmitri
VolkovDmitri collected $11.76 from pot
VolkovDmitri: doesn't show hand
*** SUMMARY ***
Total pot $12 | Rake $0.24
Board [9h Jc 3d]
Seat 2: HomerJS 1987 (button) (small blind) folded on the Flop
Seat 5: VolkovDmitri (big blind) collected ($11.76)


PokerStars Hand #151353175288:  Hold'em Limit ($3/$6 USD) - 2016/04/03 3:41:17 ET
Table 'Neoptolemus II' 6-max Seat #6 is the button
Seat 1: MTails ($221.69 in chips)
Seat 6: zizonmusang ($116.65 in chips)
zizonmusang: posts small blind $1
MTails: posts big blind $3
*** HOLE CARDS ***
zizonmusang: folds
Uncalled bet ($2) returned to MTails
MTails collected $2 from pot
MTails: doesn't show hand
*** SUMMARY ***
Total pot $2 | Rake $0
Seat 1: MTails (big blind) collected ($2)
Seat 6: zizonmusang (button) (small blind) folded before Flop


PokerStars Hand #151353164555:  Hold'em Limit ($3/$6 USD) - 2016/04/03 3:40:46 ET
Table 'Neoptolemus II' 6-max Seat #1 is the button
Seat 1: MTails ($195.19 in chips)
Seat 6: zizonmusang ($143.65 in chips)
MTails: posts small blind $1
zizonmusang: posts big blind $3
*** HOLE CARDS ***
MTails: raises $3 to $6
zizonmusang: calls $3
*** FLOP *** [4d As Ah]
zizonmusang: checks
MTails: bets $3
zizonmusang: calls $3
*** TURN *** [4d As Ah] [2d]
zizonmusang: checks
MTails: bets $6
zizonmusang: raises $6 to $12
MTails: calls $6
*** RIVER *** [4d As Ah 2d] [5c]
zizonmusang: bets $6
MTails: raises $6 to $12
zizonmusang: folds
Uncalled bet ($6) returned to MTails
MTails collected $53.50 from pot
*** SUMMARY ***
Total pot $54 | Rake $0.50
Board [4d As Ah 2d 5c]
Seat 1: MTails (button) (small blind) collected ($53.50)
Seat 6: zizonmusang (big blind) folded on the River


PokerStars Hand #151353162075:  Hold'em Limit ($3/$6 USD) - 2016/04/03 3:40:39 ET
Table 'Neoptolemus II' 6-max Seat #6 is the button
Seat 1: MTails ($198.19 in chips)
Seat 6: zizonmusang ($140.65 in chips)
zizonmusang: posts small blind $1
MTails: posts big blind $3
*** HOLE CARDS ***
Kajind leaves the table
zizonmusang: raises $3 to $6
MTails: folds
Uncalled bet ($3) returned to zizonmusang
zizonmusang collected $6 from pot
zizonmusang: doesn't show hand
*** SUMMARY ***
Total pot $6 | Rake $0
Seat 1: MTails (big blind) folded before Flop
Seat 6: zizonmusang (button) (small blind) collected ($6)


PokerStars Hand #151353187100:  Hold'em Limit ($3/$6 USD) - 2016/04/03 3:41:51 ET
Table 'Neoptolemus II' 6-max Seat #1 is the button
Seat 1: MTails ($210.69 in chips)
Seat 6: zizonmusang ($127.15 in chips)
MTails: posts small blind $1
zizonmusang: posts big blind $3
*** HOLE CARDS ***
MTails: raises $3 to $6
zizonmusang: calls $3
*** FLOP *** [5c 4d Js]
zizonmusang: checks
MTails: bets $3
zizonmusang: raises $3 to $6
MTails: calls $3
*** TURN *** [5c 4d Js] [3h]
zizonmusang: bets $6
MTails: raises $6 to $12
zizonmusang: calls $6
*** RIVER *** [5c 4d Js 3h] [Td]
zizonmusang: checks
MTails: bets $6
zizonmusang: calls $6
*** SHOW DOWN ***
MTails: shows [Ad Jh] (a pair of Jacks)
zizonmusang: mucks hand
MTails collected $59.50 from pot
*** SUMMARY ***
Total pot $60 | Rake $0.50
Board [5c 4d Js 3h Td]
Seat 1: MTails (button) (small blind) showed [Ad Jh] and won ($59.50) with a pair of Jacks
Seat 6: zizonmusang (big blind) mucked


PokerStars Hand #151353177108:  Hold'em Limit ($3/$6 USD) - 2016/04/03 3:41:22 ET
Table 'Neoptolemus II' 6-max Seat #1 is the button
Seat 1: MTails ($222.69 in chips)
Seat 6: zizonmusang ($115.65 in chips)
MTails: posts small blind $1
zizonmusang: posts big blind $3
*** HOLE CARDS ***
MTails: raises $3 to $6
zizonmusang: folds
Uncalled bet ($3) returned to MTails
MTails collected $6 from pot
*** SUMMARY ***
Total pot $6 | Rake $0
Seat 1: MTails (button) (small blind) collected ($6)
Seat 6: zizonmusang (big blind) folded before Flop


PokerStars Hand #151353179862:  Hold'em Limit ($3/$6 USD) - 2016/04/03 3:41:30 ET
Table 'Neoptolemus II' 6-max Seat #6 is the button
Seat 1: MTails ($225.69 in chips)
Seat 6: zizonmusang ($112.65 in chips)
zizonmusang: posts small blind $1
MTails: posts big blind $3
*** HOLE CARDS ***
zizonmusang: raises $3 to $6
MTails: calls $3
*** FLOP *** [3d 5h 2c]
MTails: checks
zizonmusang: bets $3
MTails: calls $3
*** TURN *** [3d 5h 2c] [4h]
MTails: checks
zizonmusang: bets $6
MTails: calls $6
*** RIVER *** [3d 5h 2c 4h] [8c]
MTails: checks
zizonmusang: bets $6
MTails: folds
Uncalled bet ($6) returned to zizonmusang
zizonmusang collected $29.50 from pot
zizonmusang: doesn't show hand
*** SUMMARY ***
Total pot $30 | Rake $0.50
Board [3d 5h 2c 4h 8c]
Seat 1: MTails (big blind) folded on the River
Seat 6: zizonmusang (button) (small blind) collected ($29.50)


PokerStars Hand #151353196132:  Hold'em Limit ($3/$6 USD) - 2016/04/03 3:42:16 ET
Table 'Neoptolemus II' 6-max Seat #6 is the button
Seat 1: MTails ($240.19 in chips)
Seat 6: zizonmusang ($97.15 in chips)
zizonmusang: posts small blind $1
MTails: posts big blind $3
*** HOLE CARDS ***
zizonmusang: raises $3 to $6
MTails: calls $3
*** FLOP *** [7s 4c 5c]
MTails: checks
zizonmusang: bets $3
MTails: folds
Uncalled bet ($3) returned to zizonmusang
zizonmusang collected $11.76 from pot
zizonmusang: doesn't show hand
*** SUMMARY ***
Total pot $12 | Rake $0.24
Board [7s 4c 5c]
Seat 1: MTails (big blind) folded on the Flop
Seat 6: zizonmusang (button) (small blind) collected ($11.76)


PokerStars Hand #151353209773:  Hold'em Limit ($3/$6 USD) - 2016/04/03 3:42:55 ET
Table 'Neoptolemus II' 6-max Seat #6 is the button
Seat 1: MTails ($275.69 in chips)
Seat 6: zizonmusang ($60.91 in chips)
zizonmusang: posts small blind $1
MTails: posts big blind $3
*** HOLE CARDS ***
zizonmusang: raises $3 to $6
MTails: calls $3
*** FLOP *** [4c 4h 3h]
MTails: checks
zizonmusang: bets $3
MTails: calls $3
*** TURN *** [4c 4h 3h] [Js]
MTails: checks
zizonmusang: bets $6
MTails: calls $6
*** RIVER *** [4c 4h 3h Js] [6h]
MTails: checks
zizonmusang: bets $6
MTails: calls $6
*** SHOW DOWN ***
zizonmusang: shows [Ah As] (two pair, Aces and Fours)
MTails: mucks hand
zizonmusang collected $41.50 from pot
*** SUMMARY ***
Total pot $42 | Rake $0.50
Board [4c 4h 3h Js 6h]
Seat 1: MTails (big blind) mucked
Seat 6: zizonmusang (button) (small blind) showed [Ah As] and won ($41.50) with two pair, Aces and Fours


PokerStars Hand #151353200327:  Hold'em Limit ($3/$6 USD) - 2016/04/03 3:42:28 ET
Table 'Neoptolemus II' 6-max Seat #1 is the button
Seat 1: MTails ($234.19 in chips)
Seat 6: zizonmusang ($102.91 in chips)
MTails: posts small blind $1
zizonmusang: posts big blind $3
*** HOLE CARDS ***
MTails: raises $3 to $6
zizonmusang: raises $3 to $9
MTails: calls $3
*** FLOP *** [3c 7s 8h]
zizonmusang: bets $3
MTails: calls $3
*** TURN *** [3c 7s 8h] [Th]
zizonmusang: bets $6
MTails: raises $6 to $12
zizonmusang: raises $6 to $18
MTails: raises $6 to $24
Betting is capped
zizonmusang: calls $6
*** RIVER *** [3c 7s 8h Th] [Kd]
zizonmusang: checks
MTails: bets $6
zizonmusang: calls $6
*** SHOW DOWN ***
MTails: shows [9s Jc] (a straight, Seven to Jack)
zizonmusang: mucks hand
MTails collected $83.50 from pot
*** SUMMARY ***
Total pot $84 | Rake $0.50
Board [3c 7s 8h Th Kd]
Seat 1: MTails (button) (small blind) showed [9s Jc] and won ($83.50) with a straight, Seven to Jack
Seat 6: zizonmusang (big blind) mucked


PokerStars Hand #151353217779:  Hold'em Limit ($3/$6 USD) - 2016/04/03 3:43:18 ET
Table 'Neoptolemus II' 6-max Seat #1 is the button
Seat 1: MTails ($254.69 in chips)
Seat 6: zizonmusang ($81.41 in chips)
MTails: posts small blind $1
zizonmusang: posts big blind $3
*** HOLE CARDS ***
MTails: raises $3 to $6
zizonmusang: folds
Uncalled bet ($3) returned to MTails
MTails collected $6 from pot
*** SUMMARY ***
Total pot $6 | Rake $0
Seat 1: MTails (button) (small blind) collected ($6)
Seat 6: zizonmusang (big blind) folded before Flop


PokerStars Hand #151353240144:  Hold'em Limit ($3/$6 USD) - 2016/04/03 3:43:56 ET
Table 'Neoptolemus II' 6-max Seat #1 is the button
Seat 1: MTails ($281.19 in chips)
Seat 6: zizonmusang ($54.41 in chips)
MTails: posts small blind $1
zizonmusang: posts big blind $3
*** HOLE CARDS ***
MTails: raises $3 to $6
zizonmusang: calls $3
*** FLOP *** [3d 7d Ks]
zizonmusang: checks
MTails: bets $3
zizonmusang: calls $3
*** TURN *** [3d 7d Ks] [2c]
zizonmusang: checks
MTails: checks
*** RIVER *** [3d 7d Ks 2c] [8d]
zizonmusang: checks
MTails: bets $6
zizonmusang: calls $6
*** SHOW DOWN ***
MTails: shows [Qd 8h] (a pair of Eights)
zizonmusang: mucks hand
MTails collected $29.50 from pot
*** SUMMARY ***
Total pot $30 | Rake $0.50
Board [3d 7d Ks 2c 8d]
Seat 1: MTails (button) (small blind) showed [Qd 8h] and won ($29.50) with a pair of Eights
Seat 6: zizonmusang (big blind) mucked


PokerStars Hand #151353238331:  Hold'em Limit ($3/$6 USD) - 2016/04/03 3:43:51 ET
Table 'Neoptolemus II' 6-max Seat #6 is the button
Seat 1: MTails ($280.19 in chips)
Seat 6: zizonmusang ($55.41 in chips)
zizonmusang: posts small blind $1
MTails: posts big blind $3
*** HOLE CARDS ***
zizonmusang: folds
Uncalled bet ($2) returned to MTails
MTails collected $2 from pot
*** SUMMARY ***
Total pot $2 | Rake $0
Seat 1: MTails (big blind) collected ($2)
Seat 6: zizonmusang (button) (small blind) folded before Flop


PokerStars Hand #151353236504:  Hold'em Limit ($3/$6 USD) - 2016/04/03 3:43:46 ET
Table 'Neoptolemus II' 6-max Seat #1 is the button
Seat 1: MTails ($281.19 in chips)
Seat 6: zizonmusang ($54.41 in chips)
MTails: posts small blind $1
zizonmusang: posts big blind $3
*** HOLE CARDS ***
MTails: folds
Uncalled bet ($2) returned to zizonmusang
zizonmusang collected $2 from pot
zizonmusang: doesn't show hand
*** SUMMARY ***
Total pot $2 | Rake $0
Seat 1: MTails (button) (small blind) folded before Flop
Seat 6: zizonmusang (big blind) collected ($2)


PokerStars Hand #151353220439:  Hold'em Limit ($3/$6 USD) - 2016/04/03 3:43:26 ET
Table 'Neoptolemus II' 6-max Seat #6 is the button
Seat 1: MTails ($257.69 in chips)
Seat 6: zizonmusang ($78.41 in chips)
zizonmusang: posts small blind $1
MTails: posts big blind $3
*** HOLE CARDS ***
zizonmusang: raises $3 to $6
MTails: calls $3
*** FLOP *** [9d Jd 8h]
MTails: checks
zizonmusang: bets $3
MTails: raises $3 to $6
zizonmusang: calls $3
*** TURN *** [9d Jd 8h] [8s]
MTails: bets $6
zizonmusang: calls $6
*** RIVER *** [9d Jd 8h 8s] [2s]
MTails: bets $6
zizonmusang: calls $6
*** SHOW DOWN ***
MTails: shows [Qd Td] (a straight, Eight to Queen)
zizonmusang: mucks hand
MTails collected $47.50 from pot
*** SUMMARY ***
Total pot $48 | Rake $0.50
Board [9d Jd 8h 8s 2s]
Seat 1: MTails (big blind) showed [Qd Td] and won ($47.50) with a straight, Eight to Queen
Seat 6: zizonmusang (button) (small blind) mucked


PokerStars Hand #151353264997:  Hold'em Limit ($3/$6 USD) - 2016/04/03 3:45:08 ET
Table 'Neoptolemus II' 6-max Seat #1 is the button
Seat 1: MTails ($247.69 in chips)
Seat 6: zizonmusang ($86.41 in chips)
MTails: posts small blind $1
zizonmusang: posts big blind $3
*** HOLE CARDS ***
MTails: raises $3 to $6
zizonmusang: folds
Uncalled bet ($3) returned to MTails
MTails collected $6 from pot
*** SUMMARY ***
Total pot $6 | Rake $0
Seat 1: MTails (button) (small blind) collected ($6)
Seat 6: zizonmusang (big blind) folded before Flop


PokerStars Hand #151353258041:  Hold'em Limit ($3/$6 USD) - 2016/04/03 3:44:48 ET
Table 'Neoptolemus II' 6-max Seat #6 is the button
Seat 1: MTails ($268.69 in chips)
Seat 6: zizonmusang ($65.91 in chips)
zizonmusang: posts small blind $1
MTails: posts big blind $3
*** HOLE CARDS ***
zizonmusang: raises $3 to $6
MTails: calls $3
*** FLOP *** [6d 3h 9s]
MTails: checks
zizonmusang: bets $3
MTails: calls $3
*** TURN *** [6d 3h 9s] [6c]
MTails: checks
zizonmusang: bets $6
MTails: calls $6
*** RIVER *** [6d 3h 9s 6c] [9d]
MTails: checks
zizonmusang: bets $6
MTails: calls $6
*** SHOW DOWN ***
zizonmusang: shows [9h Ks] (a full house, Nines full of Sixes)
MTails: mucks hand
zizonmusang collected $41.50 from pot
*** SUMMARY ***
Total pot $42 | Rake $0.50
Board [6d 3h 9s 6c 9d]
Seat 1: MTails (big blind) mucked
Seat 6: zizonmusang (button) (small blind) showed [9h Ks] and won ($41.50) with a full house, Nines full of Sixes


PokerStars Hand #151353255608:  Hold'em Limit ($3/$6 USD) - 2016/04/03 3:44:41 ET
Table 'Neoptolemus II' 6-max Seat #1 is the button
Seat 1: MTails ($265.69 in chips)
Seat 6: zizonmusang ($68.91 in chips)
MTails: posts small blind $1
zizonmusang: posts big blind $3
*** HOLE CARDS ***
MTails: raises $3 to $6
zizonmusang: folds
Uncalled bet ($3) returned to MTails
MTails collected $6 from pot
*** SUMMARY ***
Total pot $6 | Rake $0
Seat 1: MTails (button) (small blind) collected ($6)
Seat 6: zizonmusang (big blind) folded before Flop


PokerStars Hand #151353247726:  Hold'em Limit ($3/$6 USD) - 2016/04/03 3:44:18 ET
Table 'Neoptolemus II' 6-max Seat #6 is the button
Seat 1: MTails ($295.69 in chips)
Seat 6: zizonmusang ($39.41 in chips)
zizonmusang: posts small blind $1
MTails: posts big blind $3
*** HOLE CARDS ***
zizonmusang: raises $3 to $6
MTails: calls $3
*** FLOP *** [8d Jh 5s]
MTails: checks
zizonmusang: bets $3
MTails: raises $3 to $6
zizonmusang: calls $3
*** TURN *** [8d Jh 5s] [2c]
MTails: bets $6
zizonmusang: calls $6
*** RIVER *** [8d Jh 5s 2c] [4d]
MTails: bets $6
zizonmusang: raises $6 to $12
MTails: calls $6
*** SHOW DOWN ***
zizonmusang: shows [Ts Tc] (a pair of Tens)
MTails: mucks hand
zizonmusang collected $59.50 from pot
*** SUMMARY ***
Total pot $60 | Rake $0.50
Board [8d Jh 5s 2c 4d]
Seat 1: MTails (big blind) mucked
Seat 6: zizonmusang (button) (small blind) showed [Ts Tc] and won ($59.50) with a pair of Tens


