PokerStars Hand #170022598933:  Hold'em Limit ($3/$6 USD) - 2017/05/06 4:59:59 ET
Table 'Neoptolemus' 6-max Seat #4 is the button
Seat 1: anebodil ($95.76 in chips)
Seat 4: Agrotait ($66 in chips)
Agrotait: posts small blind $1
anebodil: posts big blind $3
*** HOLE CARDS ***
Agrotait: raises $3 to $6
anebodil: folds
Uncalled bet ($3) returned to Agrotait
Agrotait collected $6 from pot
*** SUMMARY ***
Total pot $6 | Rake $0
Seat 1: anebodil (big blind) folded before Flop
Seat 4: Agrotait (button) (small blind) collected ($6)


PokerStars Hand #170022603978:  Hold'em Limit ($3/$6 USD) - 2017/05/06 5:00:13 ET
Table 'Neoptolemus' 6-max Seat #4 is the button
Seat 1: anebodil ($91.76 in chips)
Seat 4: Agrotait ($70 in chips)
Agrotait: posts small blind $1
anebodil: posts big blind $3
*** HOLE CARDS ***
Agrotait: raises $3 to $6
anebodil: calls $3
*** FLOP *** [Ah 2h 8s]
anebodil: checks
Agrotait: bets $3
anebodil: folds
Uncalled bet ($3) returned to Agrotait
Agrotait collected $11.76 from pot
Agrotait: doesn't show hand
*** SUMMARY ***
Total pot $12 | Rake $0.24
Board [Ah 2h 8s]
Seat 1: anebodil (big blind) folded on the Flop
Seat 4: Agrotait (button) (small blind) collected ($11.76)


PokerStars Hand #170022602347:  Hold'em Limit ($3/$6 USD) - 2017/05/06 5:00:08 ET
Table 'Neoptolemus' 6-max Seat #1 is the button
Seat 1: anebodil ($92.76 in chips)
Seat 4: Agrotait ($69 in chips)
anebodil: posts small blind $1
Agrotait: posts big blind $3
*** HOLE CARDS ***
anebodil: folds
Uncalled bet ($2) returned to Agrotait
Agrotait collected $2 from pot
Agrotait: doesn't show hand
*** SUMMARY ***
Total pot $2 | Rake $0
Seat 1: anebodil (button) (small blind) folded before Flop
Seat 4: Agrotait (big blind) collected ($2)


PokerStars Hand #170022653709:  Hold'em Limit ($3/$6 USD) - 2017/05/06 5:02:31 ET
Table 'Neoptolemus' 6-max Seat #1 is the button
Seat 1: anebodil ($49.76 in chips)
Seat 4: Agrotait ($110.76 in chips)
anebodil: posts small blind $1
Agrotait: posts big blind $3
*** HOLE CARDS ***
anebodil: folds
Uncalled bet ($2) returned to Agrotait
Agrotait collected $2 from pot
Agrotait: doesn't show hand
*** SUMMARY ***
Total pot $2 | Rake $0
Seat 1: anebodil (button) (small blind) folded before Flop
Seat 4: Agrotait (big blind) collected ($2)


PokerStars Hand #170022635035:  Hold'em Limit ($3/$6 USD) - 2017/05/06 5:01:40 ET
Table 'Neoptolemus' 6-max Seat #4 is the button
Seat 1: anebodil ($70.76 in chips)
Seat 4: Agrotait ($90.26 in chips)
Agrotait: posts small blind $1
anebodil: posts big blind $3
*** HOLE CARDS ***
Agrotait: raises $3 to $6
anebodil: calls $3
*** FLOP *** [9s 4h 5c]
anebodil: checks
Agrotait: bets $3
anebodil: calls $3
*** TURN *** [9s 4h 5c] [6s]
anebodil: bets $6
Agrotait: calls $6
*** RIVER *** [9s 4h 5c 6s] [Td]
anebodil: bets $6
Agrotait: calls $6
*** SHOW DOWN ***
anebodil: shows [3c Qc] (high card Queen)
Agrotait: shows [Ad 2h] (high card Ace)
Agrotait collected $41.50 from pot
*** SUMMARY ***
Total pot $42 | Rake $0.50
Board [9s 4h 5c 6s Td]
Seat 1: anebodil (big blind) showed [3c Qc] and lost with high card Queen
Seat 4: Agrotait (button) (small blind) showed [Ad 2h] and won ($41.50) with high card Ace


PokerStars Hand #170022675576:  Hold'em Limit ($3/$6 USD) - 2017/05/06 5:03:29 ET
Table 'Neoptolemus' 6-max Seat #4 is the button
Seat 1: anebodil ($45.26 in chips)
Seat 4: Agrotait ($114.26 in chips)
Agrotait: posts small blind $1
anebodil: posts big blind $3
*** HOLE CARDS ***
Agrotait: folds
Uncalled bet ($2) returned to anebodil
anebodil collected $2 from pot
*** SUMMARY ***
Total pot $2 | Rake $0
Seat 1: anebodil (big blind) collected ($2)
Seat 4: Agrotait (button) (small blind) folded before Flop


PokerStars Hand #170022667965:  Hold'em Limit ($3/$6 USD) - 2017/05/06 5:03:09 ET
Table 'Neoptolemus' 6-max Seat #1 is the button
Seat 1: anebodil ($63.26 in chips)
Seat 4: Agrotait ($96.76 in chips)
anebodil: posts small blind $1
Agrotait: posts big blind $3
*** HOLE CARDS ***
anebodil: raises $3 to $6
Agrotait: raises $3 to $9
anebodil: calls $3
*** FLOP *** [5s Qd Jh]
Agrotait: bets $3
anebodil: calls $3
*** TURN *** [5s Qd Jh] [Ks]
Agrotait: checks
anebodil: checks
*** RIVER *** [5s Qd Jh Ks] [Qh]
Agrotait: bets $6
anebodil: calls $6
*** SHOW DOWN ***
Agrotait: shows [6d 6s] (two pair, Queens and Sixes)
anebodil: mucks hand
Agrotait collected $35.50 from pot
*** SUMMARY ***
Total pot $36 | Rake $0.50
Board [5s Qd Jh Ks Qh]
Seat 1: anebodil (button) (small blind) mucked
Seat 4: Agrotait (big blind) showed [6d 6s] and won ($35.50) with two pair, Queens and Sixes


PokerStars Hand #170022704364:  Hold'em Limit ($3/$6 USD) - 2017/05/06 5:04:47 ET
Table 'Neoptolemus' 6-max Seat #1 is the button
Seat 1: anebodil ($42.90 in chips)
Seat 4: Agrotait ($115.78 in chips)
anebodil: posts small blind $1
Agrotait: posts big blind $3
*** HOLE CARDS ***
anebodil: calls $2
Agrotait: checks
*** FLOP *** [Jd As 3d]
Agrotait: bets $3
anebodil: calls $3
*** TURN *** [Jd As 3d] [7d]
Agrotait: bets $6
anebodil: calls $6
*** RIVER *** [Jd As 3d 7d] [3h]
Agrotait: checks
anebodil: bets $6
Agrotait: folds
Uncalled bet ($6) returned to anebodil
anebodil collected $23.52 from pot
*** SUMMARY ***
Total pot $24 | Rake $0.48
Board [Jd As 3d 7d 3h]
Seat 1: anebodil (button) (small blind) collected ($23.52)
Seat 4: Agrotait (big blind) folded on the River


PokerStars Hand #170022691807:  Hold'em Limit ($3/$6 USD) - 2017/05/06 5:04:13 ET
Table 'Neoptolemus' 6-max Seat #4 is the button
Seat 1: anebodil ($34.26 in chips)
Seat 4: Agrotait ($124.78 in chips)
Agrotait: posts small blind $1
anebodil: posts big blind $3
*** HOLE CARDS ***
Agrotait: raises $3 to $6
anebodil: calls $3
*** FLOP *** [6s 3h 4h]
anebodil: bets $3
Agrotait: calls $3
*** TURN *** [6s 3h 4h] [Tc]
anebodil: bets $6
Agrotait: folds
Uncalled bet ($6) returned to anebodil
anebodil collected $17.64 from pot
*** SUMMARY ***
Total pot $18 | Rake $0.36
Board [6s 3h 4h Tc]
Seat 1: anebodil (big blind) collected ($17.64)
Seat 4: Agrotait (button) (small blind) folded on the Turn


PokerStars Hand #170022678475:  Hold'em Limit ($3/$6 USD) - 2017/05/06 5:03:37 ET
Table 'Neoptolemus' 6-max Seat #1 is the button
Seat 1: anebodil ($46.26 in chips)
Seat 4: Agrotait ($113.26 in chips)
anebodil: posts small blind $1
Agrotait: posts big blind $3
*** HOLE CARDS ***
anebodil: raises $3 to $6
Agrotait: calls $3
*** FLOP *** [9s 4d Ac]
Agrotait: checks
anebodil: checks
*** TURN *** [9s 4d Ac] [8c]
Agrotait: bets $6
anebodil: calls $6
*** RIVER *** [9s 4d Ac 8c] [3d]
Agrotait: checks
anebodil: checks
*** SHOW DOWN ***
Agrotait: shows [Jh 4h] (a pair of Fours)
anebodil: mucks hand
Agrotait collected $23.52 from pot
*** SUMMARY ***
Total pot $24 | Rake $0.48
Board [9s 4d Ac 8c 3d]
Seat 1: anebodil (button) (small blind) mucked
Seat 4: Agrotait (big blind) showed [Jh 4h] and won ($23.52) with a pair of Fours


PokerStars Hand #170022729862:  Hold'em Limit ($3/$6 USD) - 2017/05/06 5:05:53 ET
Table 'Neoptolemus' 6-max Seat #1 is the button
Seat 1: anebodil ($60.18 in chips)
Seat 4: Agrotait ($97.78 in chips)
anebodil: posts small blind $1
Agrotait: posts big blind $3
*** HOLE CARDS ***
anebodil: folds
Uncalled bet ($2) returned to Agrotait
Agrotait collected $2 from pot
Agrotait: doesn't show hand
*** SUMMARY ***
Total pot $2 | Rake $0
Seat 1: anebodil (button) (small blind) folded before Flop
Seat 4: Agrotait (big blind) collected ($2)


PokerStars Hand #170022727988:  Hold'em Limit ($3/$6 USD) - 2017/05/06 5:05:48 ET
Table 'Neoptolemus' 6-max Seat #4 is the button
Seat 1: anebodil ($59.18 in chips)
Seat 4: Agrotait ($98.78 in chips)
Agrotait: posts small blind $1
anebodil: posts big blind $3
*** HOLE CARDS ***
Agrotait: folds
Uncalled bet ($2) returned to anebodil
anebodil collected $2 from pot
*** SUMMARY ***
Total pot $2 | Rake $0
Seat 1: anebodil (big blind) collected ($2)
Seat 4: Agrotait (button) (small blind) folded before Flop


PokerStars Hand #170022725755:  Hold'em Limit ($3/$6 USD) - 2017/05/06 5:05:42 ET
Table 'Neoptolemus' 6-max Seat #1 is the button
Seat 1: anebodil ($60.18 in chips)
Seat 4: Agrotait ($97.78 in chips)
anebodil: posts small blind $1
Agrotait: posts big blind $3
*** HOLE CARDS ***
anebodil: folds
Uncalled bet ($2) returned to Agrotait
Agrotait collected $2 from pot
Agrotait: doesn't show hand
*** SUMMARY ***
Total pot $2 | Rake $0
Seat 1: anebodil (button) (small blind) folded before Flop
Seat 4: Agrotait (big blind) collected ($2)


PokerStars Hand #170022712915:  Hold'em Limit ($3/$6 USD) - 2017/05/06 5:05:08 ET
Table 'Neoptolemus' 6-max Seat #4 is the button
Seat 1: anebodil ($54.42 in chips)
Seat 4: Agrotait ($103.78 in chips)
Agrotait: posts small blind $1
anebodil: posts big blind $3
*** HOLE CARDS ***
Agrotait: raises $3 to $6
anebodil: calls $3
*** FLOP *** [2c 6h 4c]
anebodil: checks
Agrotait: checks
*** TURN *** [2c 6h 4c] [Ts]
anebodil: bets $6
Agrotait: folds
Uncalled bet ($6) returned to anebodil
anebodil collected $11.76 from pot
*** SUMMARY ***
Total pot $12 | Rake $0.24
Board [2c 6h 4c Ts]
Seat 1: anebodil (big blind) collected ($11.76)
Seat 4: Agrotait (button) (small blind) folded on the Turn


PokerStars Hand #170022749775:  Hold'em Limit ($3/$6 USD) - 2017/05/06 5:06:45 ET
Table 'Neoptolemus' 6-max Seat #4 is the button
Seat 1: anebodil ($58.94 in chips)
Seat 4: Agrotait ($98.54 in chips)
Agrotait: posts small blind $1
anebodil: posts big blind $3
*** HOLE CARDS ***
Agrotait: folds
Uncalled bet ($2) returned to anebodil
anebodil collected $2 from pot
*** SUMMARY ***
Total pot $2 | Rake $0
Seat 1: anebodil (big blind) collected ($2)
Seat 4: Agrotait (button) (small blind) folded before Flop


PokerStars Hand #170022739063:  Hold'em Limit ($3/$6 USD) - 2017/05/06 5:06:17 ET
Table 'Neoptolemus' 6-max Seat #1 is the button
Seat 1: anebodil ($53.18 in chips)
Seat 4: Agrotait ($104.54 in chips)
anebodil: posts small blind $1
Agrotait: posts big blind $3
*** HOLE CARDS ***
anebodil: raises $3 to $6
Agrotait: calls $3
*** FLOP *** [Kc Tc 4s]
Agrotait: checks
anebodil: checks
*** TURN *** [Kc Tc 4s] [7d]
Agrotait: checks
anebodil: checks
*** RIVER *** [Kc Tc 4s 7d] [Ks]
Agrotait: checks
anebodil: bets $6
Agrotait: folds
Uncalled bet ($6) returned to anebodil
anebodil collected $11.76 from pot
*** SUMMARY ***
Total pot $12 | Rake $0.24
Board [Kc Tc 4s 7d Ks]
Seat 1: anebodil (button) (small blind) collected ($11.76)
Seat 4: Agrotait (big blind) folded on the River


PokerStars Hand #170022731752:  Hold'em Limit ($3/$6 USD) - 2017/05/06 5:05:58 ET
Table 'Neoptolemus' 6-max Seat #4 is the button
Seat 1: anebodil ($59.18 in chips)
Seat 4: Agrotait ($98.78 in chips)
Agrotait: posts small blind $1
anebodil: posts big blind $3
*** HOLE CARDS ***
Agrotait: raises $3 to $6
anebodil: calls $3
*** FLOP *** [3h 3c 4d]
anebodil: checks
Agrotait: bets $3
anebodil: folds
Uncalled bet ($3) returned to Agrotait
Agrotait collected $11.76 from pot
Agrotait: doesn't show hand
*** SUMMARY ***
Total pot $12 | Rake $0.24
Board [3h 3c 4d]
Seat 1: anebodil (big blind) folded on the Flop
Seat 4: Agrotait (button) (small blind) collected ($11.76)


PokerStars Hand #170022780464:  Hold'em Limit ($3/$6 USD) - 2017/05/06 5:08:03 ET
Table 'Neoptolemus' 6-max Seat #1 is the button
Seat 1: anebodil ($25.94 in chips)
Seat 4: Agrotait ($130.92 in chips)
anebodil: posts small blind $1
Agrotait: posts big blind $3
*** HOLE CARDS ***
anebodil: folds
Uncalled bet ($2) returned to Agrotait
Agrotait collected $2 from pot
Agrotait: doesn't show hand
*** SUMMARY ***
Total pot $2 | Rake $0
Seat 1: anebodil (button) (small blind) folded before Flop
Seat 4: Agrotait (big blind) collected ($2)


PokerStars Hand #170022776474:  Hold'em Limit ($3/$6 USD) - 2017/05/06 5:07:53 ET
Table 'Neoptolemus' 6-max Seat #4 is the button
Seat 1: anebodil ($28.94 in chips)
Seat 4: Agrotait ($127.92 in chips)
Agrotait: posts small blind $1
anebodil: posts big blind $3
*** HOLE CARDS ***
Agrotait: raises $3 to $6
anebodil: folds
Uncalled bet ($3) returned to Agrotait
Agrotait collected $6 from pot
Agrotait: doesn't show hand
*** SUMMARY ***
Total pot $6 | Rake $0
Seat 1: anebodil (big blind) folded before Flop
Seat 4: Agrotait (button) (small blind) collected ($6)


PokerStars Hand #170022769855:  Hold'em Limit ($3/$6 USD) - 2017/05/06 5:07:36 ET
Table 'Neoptolemus' 6-max Seat #1 is the button
Seat 1: anebodil ($31.94 in chips)
Seat 4: Agrotait ($125.04 in chips)
anebodil: posts small blind $1
Agrotait: posts big blind $3
*** HOLE CARDS ***
anebodil: calls $2
Agrotait: checks
*** FLOP *** [Ad 7d Jc]
Agrotait: bets $3
anebodil: folds
Uncalled bet ($3) returned to Agrotait
Agrotait collected $5.88 from pot
Agrotait: doesn't show hand
*** SUMMARY ***
Total pot $6 | Rake $0.12
Board [Ad 7d Jc]
Seat 1: anebodil (button) (small blind) folded on the Flop
Seat 4: Agrotait (big blind) collected ($5.88)


PokerStars Hand #170022754497:  Hold'em Limit ($3/$6 USD) - 2017/05/06 5:06:57 ET
Table 'Neoptolemus' 6-max Seat #4 is the button
Seat 1: anebodil ($58.94 in chips)
Seat 4: Agrotait ($98.54 in chips)
Agrotait: posts small blind $1
anebodil: posts big blind $3
*** HOLE CARDS ***
Agrotait: raises $3 to $6
anebodil: calls $3
*** FLOP *** [9d Jc 7h]
anebodil: checks
Agrotait: bets $3
anebodil: calls $3
*** TURN *** [9d Jc 7h] [9c]
anebodil: bets $6
Agrotait: calls $6
*** RIVER *** [9d Jc 7h 9c] [Qd]
anebodil: bets $6
Agrotait: raises $6 to $12
anebodil: calls $6
*** SHOW DOWN ***
Agrotait: shows [Th Kc] (a straight, Nine to King)
anebodil: mucks hand
Agrotait collected $53.50 from pot
*** SUMMARY ***
Total pot $54 | Rake $0.50
Board [9d Jc 7h 9c Qd]
Seat 1: anebodil (big blind) mucked
Seat 4: Agrotait (button) (small blind) showed [Th Kc] and won ($53.50) with a straight, Nine to King


PokerStars Hand #170022796359:  Hold'em Limit ($3/$6 USD) - 2017/05/06 5:08:44 ET
Table 'Neoptolemus' 6-max Seat #1 is the button
Seat 1: anebodil ($28.70 in chips)
Seat 4: Agrotait ($127.92 in chips)
anebodil: posts small blind $1
Agrotait: posts big blind $3
*** HOLE CARDS ***
anebodil: raises $3 to $6
Agrotait: raises $3 to $9
anebodil: calls $3
*** FLOP *** [Th 2h 6c]
Agrotait: bets $3
anebodil: calls $3
*** TURN *** [Th 2h 6c] [6s]
Agrotait: checks
anebodil: bets $6
Agrotait: calls $6
*** RIVER *** [Th 2h 6c 6s] [Qh]
Agrotait: checks
anebodil: bets $6
Agrotait: calls $6
*** SHOW DOWN ***
anebodil: shows [Ts Qc] (two pair, Queens and Tens)
Agrotait: mucks hand
anebodil collected $47.50 from pot
*** SUMMARY ***
Total pot $48 | Rake $0.50
Board [Th 2h 6c 6s Qh]
Seat 1: anebodil (button) (small blind) showed [Ts Qc] and won ($47.50) with two pair, Queens and Tens
Seat 4: Agrotait (big blind) mucked


PokerStars Hand #170022794386:  Hold'em Limit ($3/$6 USD) - 2017/05/06 5:08:39 ET
Table 'Neoptolemus' 6-max Seat #4 is the button
Seat 1: anebodil ($27.70 in chips)
Seat 4: Agrotait ($128.92 in chips)
Agrotait: posts small blind $1
anebodil: posts big blind $3
*** HOLE CARDS ***
Agrotait: folds
Uncalled bet ($2) returned to anebodil
anebodil collected $2 from pot
*** SUMMARY ***
Total pot $2 | Rake $0
Seat 1: anebodil (big blind) collected ($2)
Seat 4: Agrotait (button) (small blind) folded before Flop


PokerStars Hand #170022789461:  Hold'em Limit ($3/$6 USD) - 2017/05/06 5:08:26 ET
Table 'Neoptolemus' 6-max Seat #1 is the button
Seat 1: anebodil ($21.94 in chips)
Seat 4: Agrotait ($134.92 in chips)
anebodil: posts small blind $1
Agrotait: posts big blind $3
*** HOLE CARDS ***
anebodil: raises $3 to $6
Agrotait: calls $3
*** FLOP *** [9h 2c Ah]
Agrotait: checks
anebodil: bets $3
Agrotait: folds
Uncalled bet ($3) returned to anebodil
anebodil collected $11.76 from pot
*** SUMMARY ***
Total pot $12 | Rake $0.24
Board [9h 2c Ah]
Seat 1: anebodil (button) (small blind) collected ($11.76)
Seat 4: Agrotait (big blind) folded on the Flop


PokerStars Hand #170022786532:  Hold'em Limit ($3/$6 USD) - 2017/05/06 5:08:18 ET
Table 'Neoptolemus' 6-max Seat #4 is the button
Seat 1: anebodil ($24.94 in chips)
Seat 4: Agrotait ($131.92 in chips)
Agrotait: posts small blind $1
anebodil: posts big blind $3
*** HOLE CARDS ***
Agrotait: raises $3 to $6
anebodil: folds
Uncalled bet ($3) returned to Agrotait
Agrotait collected $6 from pot
Agrotait: doesn't show hand
*** SUMMARY ***
Total pot $6 | Rake $0
Seat 1: anebodil (big blind) folded before Flop
Seat 4: Agrotait (button) (small blind) collected ($6)


PokerStars Hand #170022784646:  Hold'em Limit ($3/$6 USD) - 2017/05/06 5:08:14 ET
Table 'Neoptolemus' 6-max Seat #1 is the button
Seat 1: anebodil ($25.94 in chips)
Seat 4: Agrotait ($130.92 in chips)
anebodil: posts small blind $1
Agrotait: posts big blind $3
*** HOLE CARDS ***
anebodil: folds
Uncalled bet ($2) returned to Agrotait
Agrotait collected $2 from pot
Agrotait: doesn't show hand
*** SUMMARY ***
Total pot $2 | Rake $0
Seat 1: anebodil (button) (small blind) folded before Flop
Seat 4: Agrotait (big blind) collected ($2)


PokerStars Hand #170022782653:  Hold'em Limit ($3/$6 USD) - 2017/05/06 5:08:09 ET
Table 'Neoptolemus' 6-max Seat #4 is the button
Seat 1: anebodil ($24.94 in chips)
Seat 4: Agrotait ($131.92 in chips)
Agrotait: posts small blind $1
anebodil: posts big blind $3
*** HOLE CARDS ***
Agrotait: folds
Uncalled bet ($2) returned to anebodil
anebodil collected $2 from pot
*** SUMMARY ***
Total pot $2 | Rake $0
Seat 1: anebodil (big blind) collected ($2)
Seat 4: Agrotait (button) (small blind) folded before Flop


PokerStars Hand #170022823329:  Hold'em Limit ($3/$6 USD) - 2017/05/06 5:09:54 ET
Table 'Neoptolemus' 6-max Seat #4 is the button
Seat 1: anebodil ($29.20 in chips)
Seat 4: Agrotait ($126.18 in chips)
Agrotait: posts small blind $1
anebodil: posts big blind $3
*** HOLE CARDS ***
Agrotait: raises $3 to $6
anebodil: calls $3
*** FLOP *** [Th Qs 2s]
anebodil: bets $3
Agrotait: folds
Uncalled bet ($3) returned to anebodil
anebodil collected $11.76 from pot
*** SUMMARY ***
Total pot $12 | Rake $0.24
Board [Th Qs 2s]
Seat 1: anebodil (big blind) collected ($11.76)
Seat 4: Agrotait (button) (small blind) folded on the Flop


PokerStars Hand #170022815123:  Hold'em Limit ($3/$6 USD) - 2017/05/06 5:09:32 ET
Table 'Neoptolemus' 6-max Seat #1 is the button
Seat 1: anebodil ($50.20 in chips)
Seat 4: Agrotait ($105.68 in chips)
anebodil: posts small blind $1
Agrotait: posts big blind $3
*** HOLE CARDS ***
anebodil: calls $2
Agrotait: raises $3 to $6
anebodil: calls $3
*** FLOP *** [2s Jh Qs]
Agrotait: bets $3
anebodil: calls $3
*** TURN *** [2s Jh Qs] [6d]
Agrotait: checks
anebodil: bets $6
Agrotait: calls $6
*** RIVER *** [2s Jh Qs 6d] [Ks]
Agrotait: bets $6
anebodil: calls $6
*** SHOW DOWN ***
Agrotait: shows [Kh Ac] (a pair of Kings)
anebodil: mucks hand
Agrotait collected $41.50 from pot
*** SUMMARY ***
Total pot $42 | Rake $0.50
Board [2s Jh Qs 6d Ks]
Seat 1: anebodil (button) (small blind) mucked
Seat 4: Agrotait (big blind) showed [Kh Ac] and won ($41.50) with a pair of Kings


PokerStars Hand #170022812770:  Hold'em Limit ($3/$6 USD) - 2017/05/06 5:09:26 ET
Table 'Neoptolemus' 6-max Seat #4 is the button
Seat 1: anebodil ($49.20 in chips)
Seat 4: Agrotait ($106.68 in chips)
Agrotait: posts small blind $1
anebodil: posts big blind $3
*** HOLE CARDS ***
Agrotait: folds
Uncalled bet ($2) returned to anebodil
anebodil collected $2 from pot
*** SUMMARY ***
Total pot $2 | Rake $0
Seat 1: anebodil (big blind) collected ($2)
Seat 4: Agrotait (button) (small blind) folded before Flop


PokerStars Hand #170022808267:  Hold'em Limit ($3/$6 USD) - 2017/05/06 5:09:15 ET
Table 'Neoptolemus' 6-max Seat #1 is the button
Seat 1: anebodil ($46.20 in chips)
Seat 4: Agrotait ($109.68 in chips)
anebodil: posts small blind $1
Agrotait: posts big blind $3
*** HOLE CARDS ***
anebodil: raises $3 to $6
Agrotait: folds
Uncalled bet ($3) returned to anebodil
anebodil collected $6 from pot
*** SUMMARY ***
Total pot $6 | Rake $0
Seat 1: anebodil (button) (small blind) collected ($6)
Seat 4: Agrotait (big blind) folded before Flop


PokerStars Hand #170022804279:  Hold'em Limit ($3/$6 USD) - 2017/05/06 5:09:04 ET
Table 'Neoptolemus' 6-max Seat #4 is the button
Seat 1: anebodil ($52.20 in chips)
Seat 4: Agrotait ($103.92 in chips)
Agrotait: posts small blind $1
anebodil: posts big blind $3
*** HOLE CARDS ***
Agrotait: raises $3 to $6
anebodil: calls $3
*** FLOP *** [Jc 4h 4c]
anebodil: checks
Agrotait: bets $3
anebodil: folds
Uncalled bet ($3) returned to Agrotait
Agrotait collected $11.76 from pot
Agrotait: doesn't show hand
*** SUMMARY ***
Total pot $12 | Rake $0.24
Board [Jc 4h 4c]
Seat 1: anebodil (big blind) folded on the Flop
Seat 4: Agrotait (button) (small blind) collected ($11.76)


