PokerStars Hand #157274437634:  Hold'em Limit ($3/$6 USD) - 2016/08/14 14:46:50 ET
Table 'Nephele' 6-max Seat #4 is the button
Seat 3: acesfullwins ($57.20 in chips)
Seat 4: AzureCaper ($72 in chips)
AzureCaper: posts small blind $1
acesfullwins: posts big blind $3
*** HOLE CARDS ***
AzureCaper: raises $3 to $6
acesfullwins: calls $3
*** FLOP *** [9s 3h 5d]
acesfullwins: checks
AzureCaper: bets $3
acesfullwins: calls $3
*** TURN *** [9s 3h 5d] [Ad]
acesfullwins: checks
AzureCaper: bets $6
acesfullwins: calls $6
*** RIVER *** [9s 3h 5d Ad] [2d]
Hannibal2211 joins the table at seat #5
acesfullwins: checks
AzureCaper: checks
*** SHOW DOWN ***
acesfullwins: shows [5h Ts] (a pair of Fives)
AzureCaper: mucks hand
acesfullwins collected $29.50 from pot
*** SUMMARY ***
Total pot $30 | Rake $0.50
Board [9s 3h 5d Ad 2d]
Seat 3: acesfullwins (big blind) showed [5h Ts] and won ($29.50) with a pair of Fives
Seat 4: AzureCaper (button) (small blind) mucked


PokerStars Hand #157274417524:  Hold'em Limit ($3/$6 USD) - 2016/08/14 14:46:25 ET
Table 'Nephele' 6-max Seat #3 is the button
Seat 3: acesfullwins ($36.70 in chips)
Seat 4: AzureCaper ($72 in chips)
acesfullwins: posts small blind $1
AzureCaper: posts big blind $3
*** HOLE CARDS ***
acesfullwins: raises $3 to $6
AzureCaper: calls $3
*** FLOP *** [Ah As 5d]
AzureCaper: checks
acesfullwins: bets $3
AzureCaper: calls $3
*** TURN *** [Ah As 5d] [Jd]
AzureCaper: checks
acesfullwins: bets $6
AzureCaper: calls $6
*** RIVER *** [Ah As 5d Jd] [Kc]
AzureCaper: checks
acesfullwins: bets $6
AzureCaper: calls $6
*** SHOW DOWN ***
acesfullwins: shows [Ad Qc] (three of a kind, Aces)
AzureCaper: mucks hand
acesfullwins collected $41.50 from pot
*** SUMMARY ***
Total pot $42 | Rake $0.50
Board [Ah As 5d Jd Kc]
Seat 3: acesfullwins (button) (small blind) showed [Ad Qc] and won ($41.50) with three of a kind, Aces
Seat 4: AzureCaper (big blind) mucked


PokerStars Hand #157274467369:  Hold'em Limit ($3/$6 USD) - 2016/08/14 14:47:27 ET
Table 'Nephele' 6-max Seat #3 is the button
Seat 3: acesfullwins ($71.70 in chips)
Seat 4: AzureCaper ($72 in chips)
acesfullwins: posts small blind $1
AzureCaper: posts big blind $3
*** HOLE CARDS ***
acesfullwins: raises $3 to $6
AzureCaper: calls $3
*** FLOP *** [Qh 4c 4h]
AzureCaper: checks
acesfullwins: bets $3
AzureCaper: raises $3 to $6
acesfullwins: calls $3
*** TURN *** [Qh 4c 4h] [2s]
AzureCaper: bets $6
acesfullwins: folds
Uncalled bet ($6) returned to AzureCaper
AzureCaper collected $23.52 from pot
AzureCaper: doesn't show hand
*** SUMMARY ***
Total pot $24 | Rake $0.48
Board [Qh 4c 4h 2s]
Seat 3: acesfullwins (button) (small blind) folded on the Turn
Seat 4: AzureCaper (big blind) collected ($23.52)


PokerStars Hand #157274690722:  Hold'em Limit ($3/$6 USD) - 2016/08/14 14:52:08 ET
Table 'Nephele' 6-max Seat #3 is the button
Seat 3: acesfullwins ($13.84 in chips)
Seat 5: Hannibal2211 ($78.76 in chips)
acesfullwins: posts small blind $1
Hannibal2211: posts big blind $3
*** HOLE CARDS ***
acesfullwins: calls $2
Hannibal2211: checks
*** FLOP *** [6h 5s 8c]
Hannibal2211: bets $3
acesfullwins: calls $3
*** TURN *** [6h 5s 8c] [3c]
Hannibal2211: bets $6
acesfullwins: raises $1.84 to $7.84 and is all-in
Hannibal2211: calls $1.84
*** RIVER *** [6h 5s 8c 3c] [9h]
*** SHOW DOWN ***
Hannibal2211: shows [4s 2h] (a straight, Deuce to Six)
acesfullwins: shows [6c 2c] (a pair of Sixes)
Hannibal2211 collected $27.18 from pot
*** SUMMARY ***
Total pot $27.68 | Rake $0.50
Board [6h 5s 8c 3c 9h]
Seat 3: acesfullwins (button) (small blind) showed [6c 2c] and lost with a pair of Sixes
Seat 5: Hannibal2211 (big blind) showed [4s 2h] and won ($27.18) with a straight, Deuce to Six


PokerStars Hand #157274682163:  Hold'em Limit ($3/$6 USD) - 2016/08/14 14:51:57 ET
Table 'Nephele' 6-max Seat #5 is the button
Seat 3: acesfullwins ($19.84 in chips)
Seat 5: Hannibal2211 ($73 in chips)
Hannibal2211: posts small blind $1
acesfullwins: posts big blind $3
*** HOLE CARDS ***
Hannibal2211: raises $3 to $6
acesfullwins: calls $3
*** FLOP *** [Kd 8s 7c]
acesfullwins: checks
Hannibal2211: bets $3
acesfullwins: folds
Uncalled bet ($3) returned to Hannibal2211
Hannibal2211 collected $11.76 from pot
*** SUMMARY ***
Total pot $12 | Rake $0.24
Board [Kd 8s 7c]
Seat 3: acesfullwins (big blind) folded on the Flop
Seat 5: Hannibal2211 (button) (small blind) collected ($11.76)


PokerStars Hand #157274677908:  Hold'em Limit ($3/$6 USD) - 2016/08/14 14:51:52 ET
Table 'Nephele' 6-max Seat #3 is the button
Seat 3: acesfullwins ($20.84 in chips)
Seat 5: Hannibal2211 ($72 in chips)
acesfullwins: posts small blind $1
AzureCaper: is sitting out
Hannibal2211: posts big blind $3
*** HOLE CARDS ***
acesfullwins: folds
Uncalled bet ($2) returned to Hannibal2211
AzureCaper leaves the table
Hannibal2211 collected $2 from pot
*** SUMMARY ***
Total pot $2 | Rake $0
Seat 3: acesfullwins (button) (small blind) folded before Flop
Seat 5: Hannibal2211 (big blind) collected ($2)


