PokerStars Hand #166629802987:  Hold'em Limit ($3/$6 USD) - 2017/02/22 19:58:45 ET
Table 'Nephthys' 6-max Seat #1 is the button
Seat 1: Zubasa07 ($300 in chips)
Seat 4: FreeRoll47 ($107.79 in chips)
Zubasa07: posts small blind $1
FreeRoll47: posts big blind $3
*** HOLE CARDS ***
Zubasa07: raises $3 to $6
FreeRoll47: calls $3
*** FLOP *** [Qs Ah Ac]
FreeRoll47: checks
Zubasa07: bets $3
FreeRoll47: calls $3
*** TURN *** [Qs Ah Ac] [7c]
FreeRoll47: checks
Zubasa07: checks
*** RIVER *** [Qs Ah Ac 7c] [Tc]
FreeRoll47: bets $6
Zubasa07: calls $6
*** SHOW DOWN ***
FreeRoll47: shows [Qc 9c] (a flush, Ace high)
Zubasa07: mucks hand
FreeRoll47 collected $29.50 from pot
*** SUMMARY ***
Total pot $30 | Rake $0.50
Board [Qs Ah Ac 7c Tc]
Seat 1: Zubasa07 (button) (small blind) mucked
Seat 4: FreeRoll47 (big blind) showed [Qc 9c] and won ($29.50) with a flush, Ace high


PokerStars Hand #166629825400:  Hold'em Limit ($3/$6 USD) - 2017/02/22 19:59:32 ET
Table 'Nephthys' 6-max Seat #4 is the button
Seat 1: Zubasa07 ($285 in chips)
Seat 4: FreeRoll47 ($122.29 in chips)
FreeRoll47: posts small blind $1
Zubasa07: posts big blind $3
*** HOLE CARDS ***
FreeRoll47: raises $3 to $6
Zubasa07: calls $3
*** FLOP *** [Qh Tc 9c]
Zubasa07: checks
FreeRoll47: checks
*** TURN *** [Qh Tc 9c] [Ac]
Zubasa07: checks
FreeRoll47: bets $6
Zubasa07: folds
Uncalled bet ($6) returned to FreeRoll47
FreeRoll47 collected $11.76 from pot
FreeRoll47: doesn't show hand
*** SUMMARY ***
Total pot $12 | Rake $0.24
Board [Qh Tc 9c Ac]
Seat 1: Zubasa07 (big blind) folded on the Turn
Seat 4: FreeRoll47 (button) (small blind) collected ($11.76)


PokerStars Hand #166629841416:  Hold'em Limit ($3/$6 USD) - 2017/02/22 20:00:07 ET
Table 'Nephthys' 6-max Seat #1 is the button
Seat 1: Zubasa07 ($279 in chips)
Seat 4: FreeRoll47 ($128.05 in chips)
Zubasa07: posts small blind $1
FreeRoll47: posts big blind $3
*** HOLE CARDS ***
Zubasa07: raises $3 to $6
FreeRoll47: folds
Uncalled bet ($3) returned to Zubasa07
Zubasa07 collected $6 from pot
Zubasa07: doesn't show hand
*** SUMMARY ***
Total pot $6 | Rake $0
Seat 1: Zubasa07 (button) (small blind) collected ($6)
Seat 4: FreeRoll47 (big blind) folded before Flop


PokerStars Hand #166629846468:  Hold'em Limit ($3/$6 USD) - 2017/02/22 20:00:17 ET
Table 'Nephthys' 6-max Seat #4 is the button
Seat 1: Zubasa07 ($282 in chips)
Seat 4: FreeRoll47 ($125.05 in chips)
FreeRoll47: posts small blind $1
Zubasa07: posts big blind $3
*** HOLE CARDS ***
FreeRoll47: raises $3 to $6
Zubasa07: calls $3
*** FLOP *** [Ts 9s As]
Zubasa07: checks
FreeRoll47: bets $3
Zubasa07: calls $3
*** TURN *** [Ts 9s As] [Ah]
Zubasa07: checks
FreeRoll47: checks
*** RIVER *** [Ts 9s As Ah] [4d]
Zubasa07: checks
FreeRoll47: checks
*** SHOW DOWN ***
Zubasa07: shows [9h 3d] (two pair, Aces and Nines)
FreeRoll47: mucks hand
Zubasa07 collected $17.64 from pot
*** SUMMARY ***
Total pot $18 | Rake $0.36
Board [Ts 9s As Ah 4d]
Seat 1: Zubasa07 (big blind) showed [9h 3d] and won ($17.64) with two pair, Aces and Nines
Seat 4: FreeRoll47 (button) (small blind) mucked


PokerStars Hand #166629872490:  Hold'em Limit ($3/$6 USD) - 2017/02/22 20:01:09 ET
Table 'Nephthys' 6-max Seat #1 is the button
Seat 1: Zubasa07 ($290.64 in chips)
Seat 4: FreeRoll47 ($116.05 in chips)
Zubasa07: posts small blind $1
FreeRoll47: posts big blind $3
*** HOLE CARDS ***
Zubasa07: raises $3 to $6
FreeRoll47: folds
Uncalled bet ($3) returned to Zubasa07
Zubasa07 collected $6 from pot
Zubasa07: doesn't show hand
*** SUMMARY ***
Total pot $6 | Rake $0
Seat 1: Zubasa07 (button) (small blind) collected ($6)
Seat 4: FreeRoll47 (big blind) folded before Flop


PokerStars Hand #166629881098:  Hold'em Limit ($3/$6 USD) - 2017/02/22 20:01:25 ET
Table 'Nephthys' 6-max Seat #4 is the button
Seat 1: Zubasa07 ($293.64 in chips)
Seat 4: FreeRoll47 ($113.05 in chips)
FreeRoll47: posts small blind $1
Zubasa07: posts big blind $3
*** HOLE CARDS ***
FreeRoll47: calls $2
Zubasa07: checks
*** FLOP *** [Kc 6d Kd]
Zubasa07: checks
FreeRoll47: bets $3
Zubasa07: calls $3
*** TURN *** [Kc 6d Kd] [Ks]
Zubasa07: checks
FreeRoll47: checks
*** RIVER *** [Kc 6d Kd Ks] [4d]
Zubasa07: checks
FreeRoll47: bets $6
Zubasa07: calls $6
*** SHOW DOWN ***
FreeRoll47: shows [Jd 4c] (a full house, Kings full of Fours)
Zubasa07: mucks hand
FreeRoll47 collected $23.52 from pot
*** SUMMARY ***
Total pot $24 | Rake $0.48
Board [Kc 6d Kd Ks 4d]
Seat 1: Zubasa07 (big blind) mucked
Seat 4: FreeRoll47 (button) (small blind) showed [Jd 4c] and won ($23.52) with a full house, Kings full of Fours


PokerStars Hand #166629924756:  Hold'em Limit ($3/$6 USD) - 2017/02/22 20:02:39 ET
Table 'Nephthys' 6-max Seat #1 is the button
Seat 1: Zubasa07 ($281.64 in chips)
Seat 4: FreeRoll47 ($124.57 in chips)
Zubasa07: posts small blind $1
FreeRoll47: posts big blind $3
*** HOLE CARDS ***
Zubasa07: raises $3 to $6
FreeRoll47: calls $3
*** FLOP *** [Ad 3c 6c]
FreeRoll47: bets $3
Zubasa07: calls $3
*** TURN *** [Ad 3c 6c] [9d]
FreeRoll47: bets $6
Zubasa07: folds
Uncalled bet ($6) returned to FreeRoll47
FreeRoll47 collected $17.64 from pot
FreeRoll47: doesn't show hand
*** SUMMARY ***
Total pot $18 | Rake $0.36
Board [Ad 3c 6c 9d]
Seat 1: Zubasa07 (button) (small blind) folded on the Turn
Seat 4: FreeRoll47 (big blind) collected ($17.64)


PokerStars Hand #166629946856:  Hold'em Limit ($3/$6 USD) - 2017/02/22 20:03:21 ET
Table 'Nephthys' 6-max Seat #4 is the button
Seat 1: Zubasa07 ($276.64 in chips)
Seat 4: FreeRoll47 ($129.21 in chips)
FreeRoll47: posts small blind $1
Zubasa07: posts big blind $3
*** HOLE CARDS ***
FreeRoll47: raises $3 to $6
Zubasa07: calls $3
*** FLOP *** [Jd 9d 8c]
Zubasa07: checks
FreeRoll47: checks
*** TURN *** [Jd 9d 8c] [4d]
Zubasa07: checks
FreeRoll47: checks
*** RIVER *** [Jd 9d 8c 4d] [Qh]
Zubasa07: checks
FreeRoll47: checks
*** SHOW DOWN ***
Zubasa07: shows [6h As] (high card Ace)
FreeRoll47: mucks hand
Zubasa07 collected $11.76 from pot
*** SUMMARY ***
Total pot $12 | Rake $0.24
Board [Jd 9d 8c 4d Qh]
Seat 1: Zubasa07 (big blind) showed [6h As] and won ($11.76) with high card Ace
Seat 4: FreeRoll47 (button) (small blind) mucked


PokerStars Hand #166629939559:  Hold'em Limit ($3/$6 USD) - 2017/02/22 20:03:07 ET
Table 'Nephthys' 6-max Seat #4 is the button
Seat 1: Zubasa07 ($272.64 in chips)
Seat 4: FreeRoll47 ($133.21 in chips)
FreeRoll47: posts small blind $1
Zubasa07: posts big blind $3
*** HOLE CARDS ***
FreeRoll47: folds
Uncalled bet ($2) returned to Zubasa07
Zubasa07 collected $2 from pot
Zubasa07: doesn't show hand
*** SUMMARY ***
Total pot $2 | Rake $0
Seat 1: Zubasa07 (big blind) collected ($2)
Seat 4: FreeRoll47 (button) (small blind) folded before Flop


PokerStars Hand #166629942075:  Hold'em Limit ($3/$6 USD) - 2017/02/22 20:03:12 ET
Table 'Nephthys' 6-max Seat #1 is the button
Seat 1: Zubasa07 ($273.64 in chips)
Seat 4: FreeRoll47 ($132.21 in chips)
Zubasa07: posts small blind $1
FreeRoll47: posts big blind $3
*** HOLE CARDS ***
Zubasa07: raises $3 to $6
FreeRoll47: folds
Uncalled bet ($3) returned to Zubasa07
Zubasa07 collected $6 from pot
Zubasa07: doesn't show hand
*** SUMMARY ***
Total pot $6 | Rake $0
Seat 1: Zubasa07 (button) (small blind) collected ($6)
Seat 4: FreeRoll47 (big blind) folded before Flop


PokerStars Hand #166629978822:  Hold'em Limit ($3/$6 USD) - 2017/02/22 20:04:21 ET
Table 'Nephthys' 6-max Seat #1 is the button
Seat 1: Zubasa07 ($282.40 in chips)
Seat 4: FreeRoll47 ($123.21 in chips)
Zubasa07: posts small blind $1
FreeRoll47: posts big blind $3
*** HOLE CARDS ***
Zubasa07: raises $3 to $6
FreeRoll47: calls $3
*** FLOP *** [9s Kd Jh]
FreeRoll47: checks
Zubasa07: checks
*** TURN *** [9s Kd Jh] [5d]
FreeRoll47: checks
Zubasa07: checks
*** RIVER *** [9s Kd Jh 5d] [7s]
FreeRoll47: checks
Zubasa07: checks
*** SHOW DOWN ***
FreeRoll47: shows [2h 2c] (a pair of Deuces)
Zubasa07: mucks hand
FreeRoll47 collected $11.76 from pot
*** SUMMARY ***
Total pot $12 | Rake $0.24
Board [9s Kd Jh 5d 7s]
Seat 1: Zubasa07 (button) (small blind) mucked
Seat 4: FreeRoll47 (big blind) showed [2h 2c] and won ($11.76) with a pair of Deuces


PokerStars Hand #166629974186:  Hold'em Limit ($3/$6 USD) - 2017/02/22 20:04:13 ET
Table 'Nephthys' 6-max Seat #4 is the button
Seat 1: Zubasa07 ($285.40 in chips)
Seat 4: FreeRoll47 ($120.21 in chips)
FreeRoll47: posts small blind $1
Zubasa07: posts big blind $3
*** HOLE CARDS ***
FreeRoll47: raises $3 to $6
Zubasa07: folds
Uncalled bet ($3) returned to FreeRoll47
FreeRoll47 collected $6 from pot
FreeRoll47: doesn't show hand
*** SUMMARY ***
Total pot $6 | Rake $0
Seat 1: Zubasa07 (big blind) folded before Flop
Seat 4: FreeRoll47 (button) (small blind) collected ($6)


PokerStars Hand #166629970656:  Hold'em Limit ($3/$6 USD) - 2017/02/22 20:04:06 ET
Table 'Nephthys' 6-max Seat #1 is the button
Seat 1: Zubasa07 ($282.40 in chips)
Seat 4: FreeRoll47 ($123.21 in chips)
Zubasa07: posts small blind $1
FreeRoll47: posts big blind $3
*** HOLE CARDS ***
Zubasa07: raises $3 to $6
FreeRoll47: folds
Uncalled bet ($3) returned to Zubasa07
Zubasa07 collected $6 from pot
Zubasa07: doesn't show hand
*** SUMMARY ***
Total pot $6 | Rake $0
Seat 1: Zubasa07 (button) (small blind) collected ($6)
Seat 4: FreeRoll47 (big blind) folded before Flop


PokerStars Hand #166630000080:  Hold'em Limit ($3/$6 USD) - 2017/02/22 20:05:02 ET
Table 'Nephthys' 6-max Seat #4 is the button
Seat 1: Zubasa07 ($276.40 in chips)
Seat 4: FreeRoll47 ($128.97 in chips)
FreeRoll47: posts small blind $1
Zubasa07: posts big blind $3
*** HOLE CARDS ***
FreeRoll47: calls $2
Zubasa07: checks
*** FLOP *** [Ks 8c 9d]
Zubasa07: checks
FreeRoll47: bets $3
Zubasa07: folds
Uncalled bet ($3) returned to FreeRoll47
FreeRoll47 collected $5.88 from pot
FreeRoll47: doesn't show hand
*** SUMMARY ***
Total pot $6 | Rake $0.12
Board [Ks 8c 9d]
Seat 1: Zubasa07 (big blind) folded on the Flop
Seat 4: FreeRoll47 (button) (small blind) collected ($5.88)


PokerStars Hand #166630020643:  Hold'em Limit ($3/$6 USD) - 2017/02/22 20:05:40 ET
Table 'Nephthys' 6-max Seat #1 is the button
Seat 1: Zubasa07 ($273.40 in chips)
Seat 4: FreeRoll47 ($131.85 in chips)
Zubasa07: posts small blind $1
FreeRoll47: posts big blind $3
*** HOLE CARDS ***
Zubasa07: raises $3 to $6
FreeRoll47: calls $3
*** FLOP *** [2d 2s 5c]
FreeRoll47: checks
Zubasa07: bets $3
FreeRoll47: calls $3
*** TURN *** [2d 2s 5c] [Qd]
FreeRoll47: checks
Zubasa07: bets $6
FreeRoll47: raises $6 to $12
Zubasa07: calls $6
*** RIVER *** [2d 2s 5c Qd] [Th]
FreeRoll47: checks
Zubasa07: checks
*** SHOW DOWN ***
FreeRoll47: shows [7s 4d] (a pair of Deuces)
Zubasa07: shows [7h 5d] (two pair, Fives and Deuces)
Zubasa07 collected $41.50 from pot
*** SUMMARY ***
Total pot $42 | Rake $0.50
Board [2d 2s 5c Qd Th]
Seat 1: Zubasa07 (button) (small blind) showed [7h 5d] and won ($41.50) with two pair, Fives and Deuces
Seat 4: FreeRoll47 (big blind) showed [7s 4d] and lost with a pair of Deuces


PokerStars Hand #166630058000:  Hold'em Limit ($3/$6 USD) - 2017/02/22 20:06:51 ET
Table 'Nephthys' 6-max Seat #4 is the button
Seat 1: Zubasa07 ($293.90 in chips)
Seat 4: FreeRoll47 ($110.85 in chips)
FreeRoll47: posts small blind $1
Zubasa07: posts big blind $3
*** HOLE CARDS ***
FreeRoll47: raises $3 to $6
Zubasa07: calls $3
*** FLOP *** [Tc 2c 8h]
Zubasa07: checks
FreeRoll47: bets $3
Zubasa07: calls $3
*** TURN *** [Tc 2c 8h] [6h]
Zubasa07: checks
FreeRoll47: bets $6
Zubasa07: calls $6
*** RIVER *** [Tc 2c 8h 6h] [4d]
Zubasa07: checks
FreeRoll47: bets $6
Zubasa07: folds
Uncalled bet ($6) returned to FreeRoll47
FreeRoll47 collected $29.50 from pot
FreeRoll47: doesn't show hand
*** SUMMARY ***
Total pot $30 | Rake $0.50
Board [Tc 2c 8h 6h 4d]
Seat 1: Zubasa07 (big blind) folded on the River
Seat 4: FreeRoll47 (button) (small blind) collected ($29.50)


PokerStars Hand #166630085561:  Hold'em Limit ($3/$6 USD) - 2017/02/22 20:07:44 ET
Table 'Nephthys' 6-max Seat #1 is the button
Seat 1: Zubasa07 ($278.90 in chips)
Seat 4: FreeRoll47 ($125.35 in chips)
Zubasa07: posts small blind $1
FreeRoll47: posts big blind $3
*** HOLE CARDS ***
Zubasa07: raises $3 to $6
FreeRoll47: calls $3
*** FLOP *** [6d 2s 2c]
FreeRoll47: bets $3
Zubasa07: folds
Uncalled bet ($3) returned to FreeRoll47
FreeRoll47 collected $11.76 from pot
FreeRoll47: doesn't show hand
*** SUMMARY ***
Total pot $12 | Rake $0.24
Board [6d 2s 2c]
Seat 1: Zubasa07 (button) (small blind) folded on the Flop
Seat 4: FreeRoll47 (big blind) collected ($11.76)


PokerStars Hand #166630093313:  Hold'em Limit ($3/$6 USD) - 2017/02/22 20:07:59 ET
Table 'Nephthys' 6-max Seat #4 is the button
Seat 1: Zubasa07 ($272.90 in chips)
Seat 4: FreeRoll47 ($131.11 in chips)
FreeRoll47: posts small blind $1
Zubasa07: posts big blind $3
*** HOLE CARDS ***
FreeRoll47: raises $3 to $6
Zubasa07: folds
Uncalled bet ($3) returned to FreeRoll47
FreeRoll47 collected $6 from pot
FreeRoll47: doesn't show hand
*** SUMMARY ***
Total pot $6 | Rake $0
Seat 1: Zubasa07 (big blind) folded before Flop
Seat 4: FreeRoll47 (button) (small blind) collected ($6)


PokerStars Hand #166630099704:  Hold'em Limit ($3/$6 USD) - 2017/02/22 20:08:11 ET
Table 'Nephthys' 6-max Seat #1 is the button
Seat 1: Zubasa07 ($269.90 in chips)
Seat 4: FreeRoll47 ($134.11 in chips)
Zubasa07: posts small blind $1
FreeRoll47: posts big blind $3
*** HOLE CARDS ***
Zubasa07: folds
Uncalled bet ($2) returned to FreeRoll47
FreeRoll47 collected $2 from pot
FreeRoll47: doesn't show hand
*** SUMMARY ***
Total pot $2 | Rake $0
Seat 1: Zubasa07 (button) (small blind) folded before Flop
Seat 4: FreeRoll47 (big blind) collected ($2)


PokerStars Hand #166630106328:  Hold'em Limit ($3/$6 USD) - 2017/02/22 20:08:24 ET
Table 'Nephthys' 6-max Seat #4 is the button
Seat 1: Zubasa07 ($268.90 in chips)
Seat 4: FreeRoll47 ($135.11 in chips)
FreeRoll47: posts small blind $1
Zubasa07: posts big blind $3
*** HOLE CARDS ***
FreeRoll47: raises $3 to $6
Zubasa07: calls $3
*** FLOP *** [9s Qc Ah]
Zubasa07: checks
FreeRoll47: bets $3
Zubasa07: raises $3 to $6
FreeRoll47: calls $3
*** TURN *** [9s Qc Ah] [3c]
Zubasa07: checks
FreeRoll47: checks
*** RIVER *** [9s Qc Ah 3c] [Ad]
Zubasa07: checks
FreeRoll47: bets $6
Zubasa07: folds
Uncalled bet ($6) returned to FreeRoll47
FreeRoll47 collected $23.52 from pot
FreeRoll47: doesn't show hand
*** SUMMARY ***
Total pot $24 | Rake $0.48
Board [9s Qc Ah 3c Ad]
Seat 1: Zubasa07 (big blind) folded on the River
Seat 4: FreeRoll47 (button) (small blind) collected ($23.52)


PokerStars Hand #166630144404:  Hold'em Limit ($3/$6 USD) - 2017/02/22 20:09:37 ET
Table 'Nephthys' 6-max Seat #4 is the button
Seat 1: Zubasa07 ($265.54 in chips)
Seat 4: FreeRoll47 ($137.63 in chips)
FreeRoll47: posts small blind $1
Zubasa07: posts big blind $3
*** HOLE CARDS ***
FreeRoll47: folds
Uncalled bet ($2) returned to Zubasa07
Zubasa07 collected $2 from pot
Zubasa07: doesn't show hand
*** SUMMARY ***
Total pot $2 | Rake $0
Seat 1: Zubasa07 (big blind) collected ($2)
Seat 4: FreeRoll47 (button) (small blind) folded before Flop


