PokerStars Hand #153874001144:  Hold'em Limit ($3/$6 USD) - 2016/05/26 13:49:14 ET
Table 'Nephele' 6-max Seat #1 is the button
Seat 1: RaisemyNut$ ($142.26 in chips)
Seat 6: igmade ($96.64 in chips)
RaisemyNut$: posts small blind $1
igmade: posts big blind $3
*** HOLE CARDS ***
RaisemyNut$: raises $3 to $6
igmade: calls $3
*** FLOP *** [2s 8d Qd]
igmade: checks
RaisemyNut$: bets $3
igmade: raises $3 to $6
RaisemyNut$: calls $3
*** TURN *** [2s 8d Qd] [Kh]
igmade: bets $6
RaisemyNut$: calls $6
*** RIVER *** [2s 8d Qd Kh] [5s]
igmade: bets $6
RaisemyNut$: calls $6
*** SHOW DOWN ***
igmade: shows [7h Qh] (a pair of Queens)
RaisemyNut$: mucks hand
igmade collected $47.50 from pot
*** SUMMARY ***
Total pot $48 | Rake $0.50
Board [2s 8d Qd Kh 5s]
Seat 1: RaisemyNut$ (button) (small blind) mucked
Seat 6: igmade (big blind) showed [7h Qh] and won ($47.50) with a pair of Queens


PokerStars Hand #153873972446:  Hold'em Limit ($3/$6 USD) - 2016/05/26 13:48:36 ET
Table 'Nephele' 6-max Seat #6 is the button
Seat 1: RaisemyNut$ ($118.76 in chips)
Seat 6: igmade ($120.64 in chips)
igmade: posts small blind $1
RaisemyNut$: posts big blind $3
*** HOLE CARDS ***
igmade: raises $3 to $6
crash19867 joins the table at seat #4
RaisemyNut$: calls $3
*** FLOP *** [9c 7h 8c]
RaisemyNut$: checks
crash19867 leaves the table
igmade: bets $3
RaisemyNut$: raises $3 to $6
igmade: calls $3
*** TURN *** [9c 7h 8c] [As]
RaisemyNut$: bets $6
igmade: calls $6
*** RIVER *** [9c 7h 8c As] [3d]
RaisemyNut$: bets $6
igmade: calls $6
*** SHOW DOWN ***
RaisemyNut$: shows [9h 6d] (a pair of Nines)
igmade: mucks hand
RaisemyNut$ collected $47.50 from pot
*** SUMMARY ***
Total pot $48 | Rake $0.50
Board [9c 7h 8c As 3d]
Seat 1: RaisemyNut$ (big blind) showed [9h 6d] and won ($47.50) with a pair of Nines
Seat 6: igmade (button) (small blind) mucked


PokerStars Hand #153874060974:  Hold'em Limit ($3/$6 USD) - 2016/05/26 13:50:33 ET
Table 'Nephele' 6-max Seat #6 is the button
Seat 1: RaisemyNut$ ($91.90 in chips)
Seat 6: igmade ($145.16 in chips)
igmade: posts small blind $1
RaisemyNut$: posts big blind $3
*** HOLE CARDS ***
igmade: folds
Uncalled bet ($2) returned to RaisemyNut$
RaisemyNut$ collected $2 from pot
RaisemyNut$: doesn't show hand
*** SUMMARY ***
Total pot $2 | Rake $0
Seat 1: RaisemyNut$ (big blind) collected ($2)
Seat 6: igmade (button) (small blind) folded before Flop


PokerStars Hand #153874048629:  Hold'em Limit ($3/$6 USD) - 2016/05/26 13:50:16 ET
Table 'Nephele' 6-max Seat #1 is the button
Seat 1: RaisemyNut$ ($103.90 in chips)
Seat 6: igmade ($133.64 in chips)
RaisemyNut$: posts small blind $1
igmade: posts big blind $3
*** HOLE CARDS ***
RaisemyNut$: raises $3 to $6
igmade: raises $3 to $9
RaisemyNut$: calls $3
*** FLOP *** [6d 6h 7c]
igmade: bets $3
RaisemyNut$: calls $3
*** TURN *** [6d 6h 7c] [8h]
igmade: bets $6
RaisemyNut$: folds
Uncalled bet ($6) returned to igmade
igmade collected $23.52 from pot
igmade: doesn't show hand
*** SUMMARY ***
Total pot $24 | Rake $0.48
Board [6d 6h 7c 8h]
Seat 1: RaisemyNut$ (button) (small blind) folded on the Turn
Seat 6: igmade (big blind) collected ($23.52)


PokerStars Hand #153874045089:  Hold'em Limit ($3/$6 USD) - 2016/05/26 13:50:12 ET
Table 'Nephele' 6-max Seat #6 is the button
Seat 1: RaisemyNut$ ($102.90 in chips)
Seat 6: igmade ($134.64 in chips)
igmade: posts small blind $1
RaisemyNut$: posts big blind $3
*** HOLE CARDS ***
igmade: folds
Uncalled bet ($2) returned to RaisemyNut$
RaisemyNut$ collected $2 from pot
RaisemyNut$: doesn't show hand
*** SUMMARY ***
Total pot $2 | Rake $0
Seat 1: RaisemyNut$ (big blind) collected ($2)
Seat 6: igmade (button) (small blind) folded before Flop


PokerStars Hand #153874019428:  Hold'em Limit ($3/$6 USD) - 2016/05/26 13:49:38 ET
Table 'Nephele' 6-max Seat #6 is the button
Seat 1: RaisemyNut$ ($118.26 in chips)
Seat 6: igmade ($120.14 in chips)
igmade: posts small blind $1
RaisemyNut$: posts big blind $3
*** HOLE CARDS ***
igmade: calls $2
RaisemyNut$: raises $3 to $6
igmade: calls $3
*** FLOP *** [3s Jc Ts]
RaisemyNut$: bets $3
igmade: calls $3
*** TURN *** [3s Jc Ts] [2h]
RaisemyNut$: bets $6
igmade: folds
Uncalled bet ($6) returned to RaisemyNut$
RaisemyNut$ collected $17.64 from pot
RaisemyNut$: doesn't show hand
*** SUMMARY ***
Total pot $18 | Rake $0.36
Board [3s Jc Ts 2h]
Seat 1: RaisemyNut$ (big blind) collected ($17.64)
Seat 6: igmade (button) (small blind) folded on the Turn


PokerStars Hand #153874143899:  Hold'em Limit ($3/$6 USD) - 2016/05/26 13:52:22 ET
Table 'Nephele' 6-max Seat #6 is the button
Seat 1: RaisemyNut$ ($133.90 in chips)
Seat 6: igmade ($101.92 in chips)
igmade: posts small blind $1
RaisemyNut$: posts big blind $3
*** HOLE CARDS ***
igmade: raises $3 to $6
RaisemyNut$: calls $3
*** FLOP *** [5s Jd 4c]
RaisemyNut$: checks
igmade: bets $3
RaisemyNut$: raises $3 to $6
igmade: raises $3 to $9
RaisemyNut$: calls $3
*** TURN *** [5s Jd 4c] [6s]
RaisemyNut$: checks
igmade: checks
*** RIVER *** [5s Jd 4c 6s] [3d]
RaisemyNut$: bets $6
igmade: folds
Uncalled bet ($6) returned to RaisemyNut$
RaisemyNut$ collected $29.50 from pot
RaisemyNut$: doesn't show hand
*** SUMMARY ***
Total pot $30 | Rake $0.50
Board [5s Jd 4c 6s 3d]
Seat 1: RaisemyNut$ (big blind) collected ($29.50)
Seat 6: igmade (button) (small blind) folded on the River


PokerStars Hand #153874128601:  Hold'em Limit ($3/$6 USD) - 2016/05/26 13:52:01 ET
Table 'Nephele' 6-max Seat #1 is the button
Seat 1: RaisemyNut$ ($113.40 in chips)
Seat 6: igmade ($122.92 in chips)
RaisemyNut$: posts small blind $1
igmade: posts big blind $3
*** HOLE CARDS ***
RaisemyNut$: raises $3 to $6
igmade: calls $3
*** FLOP *** [9d 5d 7h]
igmade: checks
RaisemyNut$: bets $3
igmade: calls $3
*** TURN *** [9d 5d 7h] [Ac]
igmade: checks
RaisemyNut$: bets $6
igmade: calls $6
*** RIVER *** [9d 5d 7h Ac] [3s]
igmade: checks
RaisemyNut$: bets $6
igmade: calls $6
*** SHOW DOWN ***
RaisemyNut$: shows [Tc Ad] (a pair of Aces)
igmade: mucks hand
RaisemyNut$ collected $41.50 from pot
*** SUMMARY ***
Total pot $42 | Rake $0.50
Board [9d 5d 7h Ac 3s]
Seat 1: RaisemyNut$ (button) (small blind) showed [Tc Ad] and won ($41.50) with a pair of Aces
Seat 6: igmade (big blind) mucked


PokerStars Hand #153874118876:  Hold'em Limit ($3/$6 USD) - 2016/05/26 13:51:49 ET
Table 'Nephele' 6-max Seat #6 is the button
Seat 1: RaisemyNut$ ($119.40 in chips)
Seat 6: igmade ($117.16 in chips)
igmade: posts small blind $1
RaisemyNut$: posts big blind $3
*** HOLE CARDS ***
igmade: raises $3 to $6
RaisemyNut$: calls $3
*** FLOP *** [Qh Tc 8c]
RaisemyNut$: checks
igmade: bets $3
RaisemyNut$: folds
Uncalled bet ($3) returned to igmade
igmade collected $11.76 from pot
igmade: doesn't show hand
*** SUMMARY ***
Total pot $12 | Rake $0.24
Board [Qh Tc 8c]
Seat 1: RaisemyNut$ (big blind) folded on the Flop
Seat 6: igmade (button) (small blind) collected ($11.76)


PokerStars Hand #153874064531:  Hold'em Limit ($3/$6 USD) - 2016/05/26 13:50:37 ET
Table 'Nephele' 6-max Seat #1 is the button
Seat 1: RaisemyNut$ ($92.90 in chips)
Seat 6: igmade ($144.16 in chips)
RaisemyNut$: posts small blind $1
igmade: posts big blind $3
*** HOLE CARDS ***
RaisemyNut$: raises $3 to $6
igmade: raises $3 to $9
RaisemyNut$: raises $3 to $12
Betting is capped
igmade: calls $3
*** FLOP *** [Jh 2d Jc]
igmade: checks
RaisemyNut$: bets $3
igmade: calls $3
*** TURN *** [Jh 2d Jc] [9s]
igmade: checks
RaisemyNut$ is disconnected
RaisemyNut$ is connected
RaisemyNut$: bets $6
igmade: calls $6
*** RIVER *** [Jh 2d Jc 9s] [5s]
igmade: bets $6
RaisemyNut$: calls $6
*** SHOW DOWN ***
igmade: shows [8d Tc] (a pair of Jacks)
RaisemyNut$: shows [Ac Th] (a pair of Jacks - Ace kicker)
RaisemyNut$ collected $53.50 from pot
*** SUMMARY ***
Total pot $54 | Rake $0.50
Board [Jh 2d Jc 9s 5s]
Seat 1: RaisemyNut$ (button) (small blind) showed [Ac Th] and won ($53.50) with a pair of Jacks
Seat 6: igmade (big blind) showed [8d Tc] and lost with a pair of Jacks


PokerStars Hand #153874173327:  Hold'em Limit ($3/$6 USD) - 2016/05/26 13:53:00 ET
Table 'Nephele' 6-max Seat #6 is the button
Seat 1: RaisemyNut$ ($130.40 in chips)
Seat 6: igmade ($141.40 in chips)
igmade: posts small blind $1
RaisemyNut$: posts big blind $3
*** HOLE CARDS ***
igmade: folds
Uncalled bet ($2) returned to RaisemyNut$
RaisemyNut$ collected $2 from pot
RaisemyNut$: doesn't show hand
*** SUMMARY ***
Total pot $2 | Rake $0
Seat 1: RaisemyNut$ (big blind) collected ($2)
Seat 6: igmade (button) (small blind) folded before Flop


PokerStars Hand #153874156665:  Hold'em Limit ($3/$6 USD) - 2016/05/26 13:52:39 ET
Table 'Nephele' 6-max Seat #1 is the button
Seat 1: RaisemyNut$ ($148.40 in chips)
Seat 6: igmade ($86.92 in chips)
RaisemyNut$: posts small blind $1
igmade: posts big blind $3
*** HOLE CARDS ***
RaisemyNut$: raises $3 to $6
igmade: raises $3 to $9
RaisemyNut$: calls $3
*** FLOP *** [3c Ac 4c]
lanås joins the table at seat #2
igmade: bets $3
RaisemyNut$: calls $3
*** TURN *** [3c Ac 4c] [9d]
igmade: bets $6
RaisemyNut$: calls $6
*** RIVER *** [3c Ac 4c 9d] [9s]
igmade: bets $6
ValeryRon joins the table at seat #3
RaisemyNut$: folds
Uncalled bet ($6) returned to igmade
igmade collected $35.50 from pot
*** SUMMARY ***
Total pot $36 | Rake $0.50
Board [3c Ac 4c 9d 9s]
Seat 1: RaisemyNut$ (button) (small blind) folded on the River
Seat 6: igmade (big blind) collected ($35.50)


