PokerStars Hand #144293810394:  Hold'em Limit ($3/$6 USD) - 2015/11/23 20:56:53 ET
Table 'Nephele' 6-max Seat #1 is the button
Seat 1: hairy1961 ($78.50 in chips)
Seat 2: BuzovaPro ($72 in chips)
hairy1961: posts small blind $1
BuzovaPro: posts big blind $3
*** HOLE CARDS ***
hairy1961: folds
Uncalled bet ($2) returned to BuzovaPro
BuzovaPro collected $2 from pot
GoliafUa leaves the table
BuzovaPro: doesn't show hand
*** SUMMARY ***
Total pot $2 | Rake $0
Seat 1: hairy1961 (button) (small blind) folded before Flop
Seat 2: BuzovaPro (big blind) collected ($2)


PokerStars Hand #144293808424:  Hold'em Limit ($3/$6 USD) - 2015/11/23 20:56:47 ET
Table 'Nephele' 6-max Seat #2 is the button
Seat 1: hairy1961 ($77.50 in chips)
Seat 2: BuzovaPro ($72 in chips)
BuzovaPro: posts small blind $1
hairy1961: posts big blind $3
*** HOLE CARDS ***
BuzovaPro: folds
Uncalled bet ($2) returned to hairy1961
hairy1961 collected $2 from pot
hairy1961: doesn't show hand
*** SUMMARY ***
Total pot $2 | Rake $0
Seat 1: hairy1961 (big blind) collected ($2)
Seat 2: BuzovaPro (button) (small blind) folded before Flop


PokerStars Hand #144293812335:  Hold'em Limit ($3/$6 USD) - 2015/11/23 20:56:58 ET
Table 'Nephele' 6-max Seat #2 is the button
Seat 1: hairy1961 ($77.50 in chips)
Seat 2: BuzovaPro ($73 in chips)
BuzovaPro: posts small blind $1
hairy1961: posts big blind $3
*** HOLE CARDS ***
BuzovaPro: raises $3 to $6
hairy1961: calls $3
*** FLOP *** [Jd Qd 9h]
hairy1961: bets $3
BuzovaPro: calls $3
*** TURN *** [Jd Qd 9h] [3h]
hairy1961: bets $6
BuzovaPro: calls $6
*** RIVER *** [Jd Qd 9h 3h] [4c]
hairy1961: bets $6
BuzovaPro: folds
Uncalled bet ($6) returned to hairy1961
hairy1961 collected $29.50 from pot
hairy1961: doesn't show hand
*** SUMMARY ***
Total pot $30 | Rake $0.50
Board [Jd Qd 9h 3h 4c]
Seat 1: hairy1961 (big blind) collected ($29.50)
Seat 2: BuzovaPro (button) (small blind) folded on the River


PokerStars Hand #144293799611:  Hold'em Limit ($3/$6 USD) - 2015/11/23 20:56:23 ET
Table 'Nephele' 6-max Seat #1 is the button
Seat 1: hairy1961 ($60 in chips)
Seat 2: BuzovaPro ($72 in chips)
hairy1961: posts small blind $1
BuzovaPro: posts big blind $3
*** HOLE CARDS ***
hairy1961: raises $3 to $6
BuzovaPro: calls $3
*** FLOP *** [Tc 8d 5h]
BuzovaPro: checks
hairy1961: checks
*** TURN *** [Tc 8d 5h] [7h]
BuzovaPro: checks
hairy1961: bets $6
BuzovaPro: calls $6
*** RIVER *** [Tc 8d 5h 7h] [2c]
BuzovaPro: checks
hairy1961: bets $6
BuzovaPro: calls $6
*** SHOW DOWN ***
hairy1961: shows [9h Jh] (a straight, Seven to Jack)
BuzovaPro: mucks hand
hairy1961 collected $35.50 from pot
*** SUMMARY ***
Total pot $36 | Rake $0.50
Board [Tc 8d 5h 7h 2c]
Seat 1: hairy1961 (button) (small blind) showed [9h Jh] and won ($35.50) with a straight, Seven to Jack
Seat 2: BuzovaPro (big blind) mucked


PokerStars Hand #144293838845:  Hold'em Limit ($3/$6 USD) - 2015/11/23 20:58:10 ET
Table 'Nephele' 6-max Seat #2 is the button
Seat 1: hairy1961 ($78 in chips)
Seat 2: BuzovaPro ($85.52 in chips)
BuzovaPro: posts small blind $1
hairy1961: posts big blind $3
*** HOLE CARDS ***
BuzovaPro: raises $3 to $6
hairy1961: folds
Uncalled bet ($3) returned to BuzovaPro
BuzovaPro collected $6 from pot
BuzovaPro: doesn't show hand
*** SUMMARY ***
Total pot $6 | Rake $0
Seat 1: hairy1961 (big blind) folded before Flop
Seat 2: BuzovaPro (button) (small blind) collected ($6)


PokerStars Hand #144293836989:  Hold'em Limit ($3/$6 USD) - 2015/11/23 20:58:04 ET
Table 'Nephele' 6-max Seat #1 is the button
Seat 1: hairy1961 ($79 in chips)
Seat 2: BuzovaPro ($84.52 in chips)
hairy1961: posts small blind $1
BuzovaPro: posts big blind $3
*** HOLE CARDS ***
hairy1961: folds
Uncalled bet ($2) returned to BuzovaPro
BuzovaPro collected $2 from pot
BuzovaPro: doesn't show hand
*** SUMMARY ***
Total pot $2 | Rake $0
Seat 1: hairy1961 (button) (small blind) folded before Flop
Seat 2: BuzovaPro (big blind) collected ($2)


PokerStars Hand #144293828784:  Hold'em Limit ($3/$6 USD) - 2015/11/23 20:57:42 ET
Table 'Nephele' 6-max Seat #2 is the button
Seat 1: hairy1961 ($91 in chips)
Seat 2: BuzovaPro ($73 in chips)
BuzovaPro: posts small blind $1
hairy1961: posts big blind $3
*** HOLE CARDS ***
BuzovaPro: raises $3 to $6
hairy1961: calls $3
*** FLOP *** [8d 3c 8s]
hairy1961: checks
BuzovaPro: checks
*** TURN *** [8d 3c 8s] [7h]
hairy1961: bets $6
BuzovaPro: raises $6 to $12
hairy1961: folds
Uncalled bet ($6) returned to BuzovaPro
BuzovaPro collected $23.52 from pot
BuzovaPro: doesn't show hand
*** SUMMARY ***
Total pot $24 | Rake $0.48
Board [8d 3c 8s 7h]
Seat 1: hairy1961 (big blind) folded on the Turn
Seat 2: BuzovaPro (button) (small blind) collected ($23.52)


PokerStars Hand #144293826873:  Hold'em Limit ($3/$6 USD) - 2015/11/23 20:57:37 ET
Table 'Nephele' 6-max Seat #1 is the button
Seat 1: hairy1961 ($92 in chips)
Seat 2: BuzovaPro ($72 in chips)
hairy1961: posts small blind $1
BuzovaPro: posts big blind $3
*** HOLE CARDS ***
hairy1961: folds
Uncalled bet ($2) returned to BuzovaPro
BuzovaPro collected $2 from pot
BuzovaPro: doesn't show hand
*** SUMMARY ***
Total pot $2 | Rake $0
Seat 1: hairy1961 (button) (small blind) folded before Flop
Seat 2: BuzovaPro (big blind) collected ($2)


PokerStars Hand #144293824181:  Hold'em Limit ($3/$6 USD) - 2015/11/23 20:57:30 ET
Table 'Nephele' 6-max Seat #2 is the button
Seat 1: hairy1961 ($91 in chips)
Seat 2: BuzovaPro ($73 in chips)
BuzovaPro: posts small blind $1
hairy1961: posts big blind $3
*** HOLE CARDS ***
BuzovaPro: folds
Uncalled bet ($2) returned to hairy1961
hairy1961 collected $2 from pot
hairy1961: doesn't show hand
*** SUMMARY ***
Total pot $2 | Rake $0
Seat 1: hairy1961 (big blind) collected ($2)
Seat 2: BuzovaPro (button) (small blind) folded before Flop


PokerStars Hand #144293822167:  Hold'em Limit ($3/$6 USD) - 2015/11/23 20:57:24 ET
Table 'Nephele' 6-max Seat #1 is the button
Seat 1: hairy1961 ($92 in chips)
Seat 2: BuzovaPro ($72 in chips)
hairy1961: posts small blind $1
BuzovaPro: posts big blind $3
*** HOLE CARDS ***
hairy1961: folds
Uncalled bet ($2) returned to BuzovaPro
BuzovaPro collected $2 from pot
BuzovaPro: doesn't show hand
*** SUMMARY ***
Total pot $2 | Rake $0
Seat 1: hairy1961 (button) (small blind) folded before Flop
Seat 2: BuzovaPro (big blind) collected ($2)


PokerStars Hand #144293853812:  Hold'em Limit ($3/$6 USD) - 2015/11/23 20:58:50 ET
Table 'Nephele' 6-max Seat #1 is the button
Seat 1: hairy1961 ($75 in chips)
Seat 2: BuzovaPro ($88.52 in chips)
hairy1961: posts small blind $1
BuzovaPro: posts big blind $3
*** HOLE CARDS ***
hairy1961: calls $2
BuzovaPro: checks
*** FLOP *** [6c 7d 4s]
BuzovaPro: checks
hairy1961: bets $3
BuzovaPro: folds
Uncalled bet ($3) returned to hairy1961
hairy1961 collected $5.88 from pot
hairy1961: doesn't show hand
*** SUMMARY ***
Total pot $6 | Rake $0.12
Board [6c 7d 4s]
Seat 1: hairy1961 (button) (small blind) collected ($5.88)
Seat 2: BuzovaPro (big blind) folded on the Flop


PokerStars Hand #144293847670:  Hold'em Limit ($3/$6 USD) - 2015/11/23 20:58:33 ET
Table 'Nephele' 6-max Seat #2 is the button
Seat 1: hairy1961 ($78 in chips)
Seat 2: BuzovaPro ($85.52 in chips)
BuzovaPro: posts small blind $1
hairy1961: posts big blind $3
*** HOLE CARDS ***
BuzovaPro: raises $3 to $6
hairy1961: folds
Uncalled bet ($3) returned to BuzovaPro
BuzovaPro collected $6 from pot
BuzovaPro: doesn't show hand
*** SUMMARY ***
Total pot $6 | Rake $0
Seat 1: hairy1961 (big blind) folded before Flop
Seat 2: BuzovaPro (button) (small blind) collected ($6)


PokerStars Hand #144293841589:  Hold'em Limit ($3/$6 USD) - 2015/11/23 20:58:17 ET
Table 'Nephele' 6-max Seat #1 is the button
Seat 1: hairy1961 ($75 in chips)
Seat 2: BuzovaPro ($88.52 in chips)
hairy1961: posts small blind $1
BuzovaPro: posts big blind $3
*** HOLE CARDS ***
hairy1961: raises $3 to $6
BuzovaPro: folds
Uncalled bet ($3) returned to hairy1961
hairy1961 collected $6 from pot
hairy1961: doesn't show hand
*** SUMMARY ***
Total pot $6 | Rake $0
Seat 1: hairy1961 (button) (small blind) collected ($6)
Seat 2: BuzovaPro (big blind) folded before Flop


PokerStars Hand #144293882679:  Hold'em Limit ($3/$6 USD) - 2015/11/23 21:00:07 ET
Table 'Nephele' 6-max Seat #1 is the button
Seat 1: hairy1961 ($90.38 in chips)
Seat 2: BuzovaPro ($76 in chips)
hairy1961: posts small blind $1
BuzovaPro: posts big blind $3
*** HOLE CARDS ***
hairy1961: raises $3 to $6
BuzovaPro: folds
Uncalled bet ($3) returned to hairy1961
hairy1961 collected $6 from pot
hairy1961: doesn't show hand
*** SUMMARY ***
Total pot $6 | Rake $0
Seat 1: hairy1961 (button) (small blind) collected ($6)
Seat 2: BuzovaPro (big blind) folded before Flop


PokerStars Hand #144293879635:  Hold'em Limit ($3/$6 USD) - 2015/11/23 21:00:01 ET
Table 'Nephele' 6-max Seat #2 is the button
Seat 1: hairy1961 ($93.38 in chips)
Seat 2: BuzovaPro ($73 in chips)
BuzovaPro: posts small blind $1
hairy1961: posts big blind $3
*** HOLE CARDS ***
BuzovaPro: raises $3 to $6
hairy1961: folds
Uncalled bet ($3) returned to BuzovaPro
BuzovaPro collected $6 from pot
BuzovaPro: doesn't show hand
*** SUMMARY ***
Total pot $6 | Rake $0
Seat 1: hairy1961 (big blind) folded before Flop
Seat 2: BuzovaPro (button) (small blind) collected ($6)


PokerStars Hand #144293877799:  Hold'em Limit ($3/$6 USD) - 2015/11/23 20:59:56 ET
Table 'Nephele' 6-max Seat #1 is the button
Seat 1: hairy1961 ($94.38 in chips)
Seat 2: BuzovaPro ($72 in chips)
hairy1961: posts small blind $1
BuzovaPro: posts big blind $3
*** HOLE CARDS ***
hairy1961: folds
Uncalled bet ($2) returned to BuzovaPro
BuzovaPro collected $2 from pot
BuzovaPro: doesn't show hand
*** SUMMARY ***
Total pot $2 | Rake $0
Seat 1: hairy1961 (button) (small blind) folded before Flop
Seat 2: BuzovaPro (big blind) collected ($2)


PokerStars Hand #144293875952:  Hold'em Limit ($3/$6 USD) - 2015/11/23 20:59:51 ET
Table 'Nephele' 6-max Seat #2 is the button
Seat 1: hairy1961 ($93.38 in chips)
Seat 2: BuzovaPro ($72 in chips)
BuzovaPro: posts small blind $1
hairy1961: posts big blind $3
*** HOLE CARDS ***
BuzovaPro: folds
Uncalled bet ($2) returned to hairy1961
hairy1961 collected $2 from pot
hairy1961: doesn't show hand
*** SUMMARY ***
Total pot $2 | Rake $0
Seat 1: hairy1961 (big blind) collected ($2)
Seat 2: BuzovaPro (button) (small blind) folded before Flop


PokerStars Hand #144293867540:  Hold'em Limit ($3/$6 USD) - 2015/11/23 20:59:28 ET
Table 'Nephele' 6-max Seat #1 is the button
Seat 1: hairy1961 ($78.88 in chips)
Seat 2: BuzovaPro ($84.52 in chips)
hairy1961: posts small blind $1
BuzovaPro: posts big blind $3
*** HOLE CARDS ***
hairy1961: calls $2
BuzovaPro: checks
*** FLOP *** [6h As 2d]
BuzovaPro: checks
hairy1961: bets $3
BuzovaPro: raises $3 to $6
hairy1961: calls $3
*** TURN *** [6h As 2d] [Qs]
BuzovaPro: bets $6
hairy1961: calls $6
*** RIVER *** [6h As 2d Qs] [6c]
BuzovaPro: checks
hairy1961: checks
*** SHOW DOWN ***
BuzovaPro: shows [2s 9s] (two pair, Sixes and Deuces)
hairy1961: shows [7d Qd] (two pair, Queens and Sixes)
hairy1961 collected $29.50 from pot
*** SUMMARY ***
Total pot $30 | Rake $0.50
Board [6h As 2d Qs 6c]
Seat 1: hairy1961 (button) (small blind) showed [7d Qd] and won ($29.50) with two pair, Queens and Sixes
Seat 2: BuzovaPro (big blind) showed [2s 9s] and lost with two pair, Sixes and Deuces


PokerStars Hand #144293860964:  Hold'em Limit ($3/$6 USD) - 2015/11/23 20:59:10 ET
Table 'Nephele' 6-max Seat #2 is the button
Seat 1: hairy1961 ($77.88 in chips)
Seat 2: BuzovaPro ($85.52 in chips)
BuzovaPro: posts small blind $1
hairy1961: posts big blind $3
*** HOLE CARDS ***
BuzovaPro: folds
Uncalled bet ($2) returned to hairy1961
hairy1961 collected $2 from pot
hairy1961: doesn't show hand
*** SUMMARY ***
Total pot $2 | Rake $0
Seat 1: hairy1961 (big blind) collected ($2)
Seat 2: BuzovaPro (button) (small blind) folded before Flop


PokerStars Hand #144293885698:  Hold'em Limit ($3/$6 USD) - 2015/11/23 21:00:15 ET
Table 'Nephele' 6-max Seat #2 is the button
Seat 1: hairy1961 ($93.38 in chips)
Seat 2: BuzovaPro ($73 in chips)
BuzovaPro: posts small blind $1
hairy1961: posts big blind $3
*** HOLE CARDS ***
BuzovaPro: raises $3 to $6
hairy1961: folds
Uncalled bet ($3) returned to BuzovaPro
BuzovaPro collected $6 from pot
BuzovaPro: doesn't show hand
*** SUMMARY ***
Total pot $6 | Rake $0
Seat 1: hairy1961 (big blind) folded before Flop
Seat 2: BuzovaPro (button) (small blind) collected ($6)


PokerStars Hand #144293898393:  Hold'em Limit ($3/$6 USD) - 2015/11/23 21:00:48 ET
Table 'Nephele' 6-max Seat #1 is the button
Seat 1: hairy1961 ($83.38 in chips)
Seat 2: BuzovaPro ($82.76 in chips)
hairy1961: posts small blind $1
BuzovaPro: posts big blind $3
*** HOLE CARDS ***
hairy1961: raises $3 to $6
BuzovaPro: calls $3
*** FLOP *** [Jh 5c 4h]
BuzovaPro: checks
hairy1961: checks
*** TURN *** [Jh 5c 4h] [Jc]
BuzovaPro: checks
hairy1961: bets $6
BuzovaPro: calls $6
*** RIVER *** [Jh 5c 4h Jc] [7d]
BuzovaPro: checks
hairy1961: bets $6
BuzovaPro: calls $6
*** SHOW DOWN ***
hairy1961: shows [Qs 3s] (a pair of Jacks)
BuzovaPro: shows [8s Ad] (a pair of Jacks - Ace kicker)
BuzovaPro collected $35.50 from pot
*** SUMMARY ***
Total pot $36 | Rake $0.50
Board [Jh 5c 4h Jc 7d]
Seat 1: hairy1961 (button) (small blind) showed [Qs 3s] and lost with a pair of Jacks
Seat 2: BuzovaPro (big blind) showed [8s Ad] and won ($35.50) with a pair of Jacks


PokerStars Hand #144293890346:  Hold'em Limit ($3/$6 USD) - 2015/11/23 21:00:27 ET
Table 'Nephele' 6-max Seat #2 is the button
Seat 1: hairy1961 ($89.38 in chips)
Seat 2: BuzovaPro ($77 in chips)
BuzovaPro: posts small blind $1
hairy1961: posts big blind $3
*** HOLE CARDS ***
BuzovaPro: raises $3 to $6
hairy1961: calls $3
*** FLOP *** [8h Jh Qs]
hairy1961: checks
BuzovaPro: bets $3
hairy1961: folds
Uncalled bet ($3) returned to BuzovaPro
BuzovaPro collected $11.76 from pot
BuzovaPro: doesn't show hand
*** SUMMARY ***
Total pot $12 | Rake $0.24
Board [8h Jh Qs]
Seat 1: hairy1961 (big blind) folded on the Flop
Seat 2: BuzovaPro (button) (small blind) collected ($11.76)


PokerStars Hand #144293888085:  Hold'em Limit ($3/$6 USD) - 2015/11/23 21:00:21 ET
Table 'Nephele' 6-max Seat #1 is the button
Seat 1: hairy1961 ($90.38 in chips)
Seat 2: BuzovaPro ($76 in chips)
hairy1961: posts small blind $1
BuzovaPro: posts big blind $3
*** HOLE CARDS ***
hairy1961: folds
Uncalled bet ($2) returned to BuzovaPro
BuzovaPro collected $2 from pot
BuzovaPro: doesn't show hand
*** SUMMARY ***
Total pot $2 | Rake $0
Seat 1: hairy1961 (button) (small blind) folded before Flop
Seat 2: BuzovaPro (big blind) collected ($2)


PokerStars Hand #144293936307:  Hold'em Limit ($3/$6 USD) - 2015/11/23 21:02:14 ET
Table 'Nephele' 6-max Seat #1 is the button
Seat 1: hairy1961 ($88.76 in chips)
Seat 2: BuzovaPro ($76.26 in chips)
hairy1961: posts small blind $1
BuzovaPro: posts big blind $3
*** HOLE CARDS ***
hairy1961: folds
Uncalled bet ($2) returned to BuzovaPro
BuzovaPro collected $2 from pot
BuzovaPro: doesn't show hand
*** SUMMARY ***
Total pot $2 | Rake $0
Seat 1: hairy1961 (button) (small blind) folded before Flop
Seat 2: BuzovaPro (big blind) collected ($2)


PokerStars Hand #144293932093:  Hold'em Limit ($3/$6 USD) - 2015/11/23 21:02:05 ET
Table 'Nephele' 6-max Seat #2 is the button
Seat 1: hairy1961 ($91.76 in chips)
Seat 2: BuzovaPro ($73.26 in chips)
BuzovaPro: posts small blind $1
hairy1961: posts big blind $3
*** HOLE CARDS ***
BuzovaPro: raises $3 to $6
hairy1961: folds
Uncalled bet ($3) returned to BuzovaPro
BuzovaPro collected $6 from pot
BuzovaPro: doesn't show hand
*** SUMMARY ***
Total pot $6 | Rake $0
Seat 1: hairy1961 (big blind) folded before Flop
Seat 2: BuzovaPro (button) (small blind) collected ($6)


PokerStars Hand #144293907756:  Hold'em Limit ($3/$6 USD) - 2015/11/23 21:01:10 ET
Table 'Nephele' 6-max Seat #2 is the button
Seat 1: hairy1961 ($65.38 in chips)
Seat 2: BuzovaPro ($100.26 in chips)
BuzovaPro: posts small blind $1
hairy1961: posts big blind $3
*** HOLE CARDS ***
BuzovaPro: raises $3 to $6
hairy1961: calls $3
*** FLOP *** [4s Jd 8d]
hairy1961: checks
BuzovaPro: checks
*** TURN *** [4s Jd 8d] [Td]
hairy1961: checks
BuzovaPro: bets $6
hairy1961: raises $6 to $12
BuzovaPro: calls $6
*** RIVER *** [4s Jd 8d Td] [As]
hairy1961: bets $6
BuzovaPro: calls $6
*** SHOW DOWN ***
hairy1961: shows [3h Ad] (a pair of Aces)
BuzovaPro: mucks hand
hairy1961 collected $47.50 from pot
*** SUMMARY ***
Total pot $48 | Rake $0.50
Board [4s Jd 8d Td As]
Seat 1: hairy1961 (big blind) showed [3h Ad] and won ($47.50) with a pair of Aces
Seat 2: BuzovaPro (button) (small blind) mucked


PokerStars Hand #144293924536:  Hold'em Limit ($3/$6 USD) - 2015/11/23 21:01:48 ET
Table 'Nephele' 6-max Seat #1 is the button
Seat 1: hairy1961 ($88.88 in chips)
Seat 2: BuzovaPro ($76.26 in chips)
hairy1961: posts small blind $1
BuzovaPro: posts big blind $3
*** HOLE CARDS ***
hairy1961: calls $2
BuzovaPro: checks
*** FLOP *** [Th 5c Ac]
BuzovaPro: checks
hairy1961: bets $3
BuzovaPro: folds
Uncalled bet ($3) returned to hairy1961
hairy1961 collected $5.88 from pot
hairy1961: doesn't show hand
*** SUMMARY ***
Total pot $6 | Rake $0.12
Board [Th 5c Ac]
Seat 1: hairy1961 (button) (small blind) collected ($5.88)
Seat 2: BuzovaPro (big blind) folded on the Flop


PokerStars Hand #144293938799:  Hold'em Limit ($3/$6 USD) - 2015/11/23 21:02:20 ET
Table 'Nephele' 6-max Seat #2 is the button
Seat 1: hairy1961 ($87.76 in chips)
Seat 2: BuzovaPro ($77.26 in chips)
BuzovaPro: posts small blind $1
hairy1961: posts big blind $3
*** HOLE CARDS ***
BuzovaPro: folds
Uncalled bet ($2) returned to hairy1961
hairy1961 collected $2 from pot
hairy1961: doesn't show hand
*** SUMMARY ***
Total pot $2 | Rake $0
Seat 1: hairy1961 (big blind) collected ($2)
Seat 2: BuzovaPro (button) (small blind) folded before Flop


PokerStars Hand #144293941283:  Hold'em Limit ($3/$6 USD) - 2015/11/23 21:02:26 ET
Table 'Nephele' 6-max Seat #1 is the button
Seat 1: hairy1961 ($88.76 in chips)
Seat 2: BuzovaPro ($76.26 in chips)
hairy1961: posts small blind $1
BuzovaPro: posts big blind $3
*** HOLE CARDS ***
hairy1961: raises $3 to $6
BuzovaPro: folds
Uncalled bet ($3) returned to hairy1961
hairy1961 collected $6 from pot
*** SUMMARY ***
Total pot $6 | Rake $0
Seat 1: hairy1961 (button) (small blind) collected ($6)
Seat 2: BuzovaPro (big blind) folded before Flop


