PokerStars Hand #174838834018:  Hold'em Limit ($3/$6 USD) - 2017/08/26 20:30:54 ET
Table 'Neptune' 6-max Seat #1 is the button
Seat 1: Chessnok ($104.92 in chips)
Seat 5: favete lin ($103.26 in chips)
Chessnok: posts small blind $1
AAAbeta: is sitting out
favete lin: posts big blind $3
*** HOLE CARDS ***
Chessnok: folds
Uncalled bet ($2) returned to favete lin
favete lin collected $2 from pot
favete lin: doesn't show hand
*** SUMMARY ***
Total pot $2 | Rake $0
Seat 1: Chessnok (button) (small blind) folded before Flop
Seat 5: favete lin (big blind) collected ($2)


PokerStars Hand #174841310950:  Hold'em Limit ($3/$6 USD) - 2017/08/26 22:15:16 ET
Table 'Neptune' 6-max Seat #1 is the button
Seat 1: Chessnok ($240.21 in chips)
Seat 4: dalton135 ($174.57 in chips)
Chessnok: posts small blind $1
dalton135: posts big blind $3
*** HOLE CARDS ***
Chessnok: raises $3 to $6
dalton135: calls $3
*** FLOP *** [Td 4h 9c]
dalton135: checks
Chessnok: bets $3
dalton135: folds
Uncalled bet ($3) returned to Chessnok
Chessnok collected $11.76 from pot
Chessnok: doesn't show hand
*** SUMMARY ***
Total pot $12 | Rake $0.24
Board [Td 4h 9c]
Seat 1: Chessnok (button) (small blind) collected ($11.76)
Seat 4: dalton135 (big blind) folded on the Flop


PokerStars Hand #174841316811:  Hold'em Limit ($3/$6 USD) - 2017/08/26 22:15:33 ET
Table 'Neptune' 6-max Seat #4 is the button
Seat 1: Chessnok ($245.97 in chips)
Seat 4: dalton135 ($168.57 in chips)
dalton135: posts small blind $1
Chessnok: posts big blind $3
*** HOLE CARDS ***
dalton135: raises $3 to $6
Chessnok: calls $3
*** FLOP *** [Kc Jh 8s]
Chessnok: checks
dalton135: bets $3
Chessnok: calls $3
*** TURN *** [Kc Jh 8s] [2s]
Chessnok: checks
dalton135: bets $6
Chessnok: folds
Uncalled bet ($6) returned to dalton135
dalton135 collected $17.64 from pot
dalton135: doesn't show hand
*** SUMMARY ***
Total pot $18 | Rake $0.36
Board [Kc Jh 8s 2s]
Seat 1: Chessnok (big blind) folded on the Turn
Seat 4: dalton135 (button) (small blind) collected ($17.64)


PokerStars Hand #174841333676:  Hold'em Limit ($3/$6 USD) - 2017/08/26 22:16:22 ET
Table 'Neptune' 6-max Seat #4 is the button
Seat 1: Chessnok ($221.97 in chips)
Seat 4: dalton135 ($191.71 in chips)
dalton135: posts small blind $1
Chessnok: posts big blind $3
*** HOLE CARDS ***
dalton135: raises $3 to $6
Chessnok: raises $3 to $9
dalton135: calls $3
*** FLOP *** [Kh 9d Ad]
Chessnok: bets $3
dalton135: calls $3
*** TURN *** [Kh 9d Ad] [3c]
Chessnok: bets $6
dalton135: folds
Uncalled bet ($6) returned to Chessnok
Chessnok collected $23.52 from pot
Chessnok: doesn't show hand
*** SUMMARY ***
Total pot $24 | Rake $0.48
Board [Kh 9d Ad 3c]
Seat 1: Chessnok (big blind) collected ($23.52)
Seat 4: dalton135 (button) (small blind) folded on the Turn


PokerStars Hand #174841325252:  Hold'em Limit ($3/$6 USD) - 2017/08/26 22:15:57 ET
Table 'Neptune' 6-max Seat #4 is the button
Seat 1: Chessnok ($235.97 in chips)
Seat 4: dalton135 ($178.21 in chips)
dalton135: posts small blind $1
Chessnok: posts big blind $3
*** HOLE CARDS ***
dalton135: folds
Uncalled bet ($2) returned to Chessnok
Chessnok collected $2 from pot
Chessnok: doesn't show hand
*** SUMMARY ***
Total pot $2 | Rake $0
Seat 1: Chessnok (big blind) collected ($2)
Seat 4: dalton135 (button) (small blind) folded before Flop


PokerStars Hand #174841323265:  Hold'em Limit ($3/$6 USD) - 2017/08/26 22:15:52 ET
Table 'Neptune' 6-max Seat #1 is the button
Seat 1: Chessnok ($236.97 in chips)
Seat 4: dalton135 ($177.21 in chips)
Chessnok: posts small blind $1
dalton135: posts big blind $3
*** HOLE CARDS ***
Chessnok: folds
Uncalled bet ($2) returned to dalton135
dalton135 collected $2 from pot
dalton135: doesn't show hand
*** SUMMARY ***
Total pot $2 | Rake $0
Seat 1: Chessnok (button) (small blind) folded before Flop
Seat 4: dalton135 (big blind) collected ($2)


PokerStars Hand #174841327080:  Hold'em Limit ($3/$6 USD) - 2017/08/26 22:16:03 ET
Table 'Neptune' 6-max Seat #1 is the button
Seat 1: Chessnok ($236.97 in chips)
Seat 4: dalton135 ($177.21 in chips)
Chessnok: posts small blind $1
dalton135: posts big blind $3
*** HOLE CARDS ***
Chessnok: raises $3 to $6
dalton135: calls $3
*** FLOP *** [Th 2d Qc]
dalton135: checks
Chessnok: bets $3
dalton135: calls $3
*** TURN *** [Th 2d Qc] [4d]
dalton135: checks
Chessnok: bets $6
dalton135: calls $6
*** RIVER *** [Th 2d Qc 4d] [8c]
dalton135: checks
Chessnok: checks
*** SHOW DOWN ***
dalton135: shows [2s 5d] (a pair of Deuces)
Chessnok: mucks hand
dalton135 collected $29.50 from pot
*** SUMMARY ***
Total pot $30 | Rake $0.50
Board [Th 2d Qc 4d 8c]
Seat 1: Chessnok (button) (small blind) mucked
Seat 4: dalton135 (big blind) showed [2s 5d] and won ($29.50) with a pair of Deuces


PokerStars Hand #174841358907:  Hold'em Limit ($3/$6 USD) - 2017/08/26 22:17:35 ET
Table 'Neptune' 6-max Seat #1 is the button
Seat 1: Chessnok ($191.49 in chips)
Seat 4: dalton135 ($220.73 in chips)
Chessnok: posts small blind $1
dalton135: posts big blind $3
*** HOLE CARDS ***
Chessnok: raises $3 to $6
dalton135: calls $3
*** FLOP *** [6c Qc Tc]
dalton135: checks
Chessnok: bets $3
dalton135: calls $3
*** TURN *** [6c Qc Tc] [Ks]
dalton135: bets $6
Chessnok: calls $6
*** RIVER *** [6c Qc Tc Ks] [4h]
dalton135: bets $6
Chessnok: calls $6
*** SHOW DOWN ***
dalton135: shows [7c Kh] (a pair of Kings)
Chessnok: mucks hand
dalton135 collected $41.50 from pot
*** SUMMARY ***
Total pot $42 | Rake $0.50
Board [6c Qc Tc Ks 4h]
Seat 1: Chessnok (button) (small blind) mucked
Seat 4: dalton135 (big blind) showed [7c Kh] and won ($41.50) with a pair of Kings


PokerStars Hand #174841341582:  Hold'em Limit ($3/$6 USD) - 2017/08/26 22:16:44 ET
Table 'Neptune' 6-max Seat #1 is the button
Seat 1: Chessnok ($233.49 in chips)
Seat 4: dalton135 ($179.71 in chips)
Chessnok: posts small blind $1
dalton135: posts big blind $3
*** HOLE CARDS ***
Chessnok: raises $3 to $6
dalton135: raises $3 to $9
Chessnok: calls $3
*** FLOP *** [6d 8h Ts]
dalton135: bets $3
Chessnok: calls $3
*** TURN *** [6d 8h Ts] [Qd]
dalton135: bets $6
Chessnok: folds
Uncalled bet ($6) returned to dalton135
dalton135 collected $23.52 from pot
dalton135: doesn't show hand
*** SUMMARY ***
Total pot $24 | Rake $0.48
Board [6d 8h Ts Qd]
Seat 1: Chessnok (button) (small blind) folded on the Turn
Seat 4: dalton135 (big blind) collected ($23.52)


PokerStars Hand #174841348967:  Hold'em Limit ($3/$6 USD) - 2017/08/26 22:17:06 ET
Table 'Neptune' 6-max Seat #4 is the button
Seat 1: Chessnok ($221.49 in chips)
Seat 4: dalton135 ($191.23 in chips)
dalton135: posts small blind $1
Chessnok: posts big blind $3
*** HOLE CARDS ***
dalton135: raises $3 to $6
Chessnok: calls $3
*** FLOP *** [9c Jh 5s]
Chessnok: checks
dalton135: bets $3
Chessnok: raises $3 to $6
dalton135: calls $3
*** TURN *** [9c Jh 5s] [6s]
Chessnok: bets $6
dalton135: calls $6
*** RIVER *** [9c Jh 5s 6s] [6h]
Chessnok: bets $6
dalton135: raises $6 to $12
Chessnok: calls $6
*** SHOW DOWN ***
dalton135: shows [6c Tc] (three of a kind, Sixes)
Chessnok: mucks hand
dalton135 collected $59.50 from pot
*** SUMMARY ***
Total pot $60 | Rake $0.50
Board [9c Jh 5s 6s 6h]
Seat 1: Chessnok (big blind) mucked
Seat 4: dalton135 (button) (small blind) showed [6c Tc] and won ($59.50) with three of a kind, Sixes


PokerStars Hand #174841369034:  Hold'em Limit ($3/$6 USD) - 2017/08/26 22:18:04 ET
Table 'Neptune' 6-max Seat #1 is the button
Seat 1: Chessnok ($164.49 in chips)
Seat 4: dalton135 ($246.99 in chips)
Chessnok: posts small blind $1
dalton135: posts big blind $3
*** HOLE CARDS ***
Chessnok: raises $3 to $6
dalton135: folds
Uncalled bet ($3) returned to Chessnok
Chessnok collected $6 from pot
Chessnok: doesn't show hand
*** SUMMARY ***
Total pot $6 | Rake $0
Seat 1: Chessnok (button) (small blind) collected ($6)
Seat 4: dalton135 (big blind) folded before Flop


PokerStars Hand #174841370839:  Hold'em Limit ($3/$6 USD) - 2017/08/26 22:18:09 ET
Table 'Neptune' 6-max Seat #4 is the button
Seat 1: Chessnok ($167.49 in chips)
Seat 4: dalton135 ($243.99 in chips)
dalton135: posts small blind $1
Chessnok: posts big blind $3
*** HOLE CARDS ***
dalton135: raises $3 to $6
Chessnok: calls $3
*** FLOP *** [5c Qs 8d]
Chessnok: checks
dalton135: bets $3
Chessnok: raises $3 to $6
dalton135: calls $3
*** TURN *** [5c Qs 8d] [Tc]
Chessnok: bets $6
dalton135: calls $6
*** RIVER *** [5c Qs 8d Tc] [4d]
Chessnok: bets $6
dalton135: calls $6
*** SHOW DOWN ***
Chessnok: shows [3c 9c] (high card Queen)
dalton135: shows [9d 8h] (a pair of Eights)
dalton135 collected $47.50 from pot
*** SUMMARY ***
Total pot $48 | Rake $0.50
Board [5c Qs 8d Tc 4d]
Seat 1: Chessnok (big blind) showed [3c 9c] and lost with high card Queen
Seat 4: dalton135 (button) (small blind) showed [9d 8h] and won ($47.50) with a pair of Eights


PokerStars Hand #174841376356:  Hold'em Limit ($3/$6 USD) - 2017/08/26 22:18:25 ET
Table 'Neptune' 6-max Seat #1 is the button
Seat 1: Chessnok ($143.49 in chips)
Seat 4: dalton135 ($267.49 in chips)
Chessnok: posts small blind $1
dalton135: posts big blind $3
*** HOLE CARDS ***
Chessnok: raises $3 to $6
dalton135: folds
Uncalled bet ($3) returned to Chessnok
Chessnok collected $6 from pot
Chessnok: doesn't show hand
*** SUMMARY ***
Total pot $6 | Rake $0
Seat 1: Chessnok (button) (small blind) collected ($6)
Seat 4: dalton135 (big blind) folded before Flop


PokerStars Hand #174841380246:  Hold'em Limit ($3/$6 USD) - 2017/08/26 22:18:36 ET
Table 'Neptune' 6-max Seat #4 is the button
Seat 1: Chessnok ($146.49 in chips)
Seat 4: dalton135 ($264.49 in chips)
dalton135: posts small blind $1
Chessnok: posts big blind $3
*** HOLE CARDS ***
dalton135: folds
Uncalled bet ($2) returned to Chessnok
Chessnok collected $2 from pot
Chessnok: doesn't show hand
*** SUMMARY ***
Total pot $2 | Rake $0
Seat 1: Chessnok (big blind) collected ($2)
Seat 4: dalton135 (button) (small blind) folded before Flop


PokerStars Hand #174841364635:  Hold'em Limit ($3/$6 USD) - 2017/08/26 22:17:51 ET
Table 'Neptune' 6-max Seat #4 is the button
Seat 1: Chessnok ($170.49 in chips)
Seat 4: dalton135 ($241.23 in chips)
dalton135: posts small blind $1
Chessnok: posts big blind $3
*** HOLE CARDS ***
dalton135: raises $3 to $6
Chessnok: calls $3
*** FLOP *** [9d 4c 9c]
Chessnok: checks
dalton135: bets $3
Chessnok: folds
Uncalled bet ($3) returned to dalton135
dalton135 collected $11.76 from pot
dalton135: doesn't show hand
*** SUMMARY ***
Total pot $12 | Rake $0.24
Board [9d 4c 9c]
Seat 1: Chessnok (big blind) folded on the Flop
Seat 4: dalton135 (button) (small blind) collected ($11.76)


PokerStars Hand #174841392727:  Hold'em Limit ($3/$6 USD) - 2017/08/26 22:19:13 ET
Table 'Neptune' 6-max Seat #4 is the button
Seat 1: Chessnok ($132.49 in chips)
Seat 4: dalton135 ($277.99 in chips)
dalton135: posts small blind $1
Chessnok: posts big blind $3
*** HOLE CARDS ***
dalton135: raises $3 to $6
Chessnok: raises $3 to $9
dalton135: calls $3
*** FLOP *** [5h 2s 6h]
Chessnok: bets $3
dalton135: calls $3
*** TURN *** [5h 2s 6h] [3s]
Chessnok: checks
dalton135: bets $6
Chessnok: raises $6 to $12
dalton135: raises $6 to $18
Chessnok: calls $6
*** RIVER *** [5h 2s 6h 3s] [4c]
Chessnok: checks
dalton135: checks
*** SHOW DOWN ***
Chessnok: shows [9c 8c] (a straight, Deuce to Six)
dalton135: shows [4d Kd] (a straight, Deuce to Six)
Chessnok collected $29.75 from pot
dalton135 collected $29.75 from pot
*** SUMMARY ***
Total pot $60 | Rake $0.50
Board [5h 2s 6h 3s 4c]
Seat 1: Chessnok (big blind) showed [9c 8c] and won ($29.75) with a straight, Deuce to Six
Seat 4: dalton135 (button) (small blind) showed [4d Kd] and won ($29.75) with a straight, Deuce to Six


PokerStars Hand #174841401408:  Hold'em Limit ($3/$6 USD) - 2017/08/26 22:19:37 ET
Table 'Neptune' 6-max Seat #1 is the button
Seat 1: Chessnok ($132.24 in chips)
Seat 4: dalton135 ($277.74 in chips)
Chessnok: posts small blind $1
dalton135: posts big blind $3
*** HOLE CARDS ***
Chessnok: raises $3 to $6
dalton135: calls $3
*** FLOP *** [6s 6d Td]
dalton135: checks
Chessnok: bets $3
dalton135: calls $3
*** TURN *** [6s 6d Td] [Jd]
dalton135: checks
Chessnok: bets $6
dalton135: folds
Uncalled bet ($6) returned to Chessnok
Chessnok collected $17.64 from pot
Chessnok: doesn't show hand
*** SUMMARY ***
Total pot $18 | Rake $0.36
Board [6s 6d Td Jd]
Seat 1: Chessnok (button) (small blind) collected ($17.64)
Seat 4: dalton135 (big blind) folded on the Turn


PokerStars Hand #174841382430:  Hold'em Limit ($3/$6 USD) - 2017/08/26 22:18:42 ET
Table 'Neptune' 6-max Seat #1 is the button
Seat 1: Chessnok ($147.49 in chips)
Seat 4: dalton135 ($263.49 in chips)
Chessnok: posts small blind $1
dalton135: posts big blind $3
*** HOLE CARDS ***
Chessnok: raises $3 to $6
dalton135: calls $3
*** FLOP *** [Qc 7s Js]
dalton135: checks
Chessnok: bets $3
dalton135: calls $3
*** TURN *** [Qc 7s Js] [4c]
dalton135: checks
Chessnok: checks
*** RIVER *** [Qc 7s Js 4c] [9h]
dalton135: bets $6
Chessnok: calls $6
*** SHOW DOWN ***
dalton135: shows [8s 9d] (a pair of Nines)
Chessnok: mucks hand
dalton135 collected $29.50 from pot
*** SUMMARY ***
Total pot $30 | Rake $0.50
Board [Qc 7s Js 4c 9h]
Seat 1: Chessnok (button) (small blind) mucked
Seat 4: dalton135 (big blind) showed [8s 9d] and won ($29.50) with a pair of Nines


PokerStars Hand #174841416653:  Hold'em Limit ($3/$6 USD) - 2017/08/26 22:20:22 ET
Table 'Neptune' 6-max Seat #4 is the button
Seat 1: Chessnok ($140.88 in chips)
Seat 4: dalton135 ($268.74 in chips)
dalton135: posts small blind $1
Chessnok: posts big blind $3
*** HOLE CARDS ***
dalton135: raises $3 to $6
Chessnok: raises $3 to $9
dalton135: calls $3
*** FLOP *** [5h 4d Js]
Chessnok: bets $3
dalton135: calls $3
*** TURN *** [5h 4d Js] [Qc]
Chessnok: bets $6
dalton135: raises $6 to $12
Chessnok: calls $6
*** RIVER *** [5h 4d Js Qc] [2c]
Chessnok: checks
dalton135: bets $6
Chessnok: calls $6
*** SHOW DOWN ***
dalton135: shows [9d Qs] (a pair of Queens)
Chessnok: mucks hand
dalton135 collected $59.50 from pot
*** SUMMARY ***
Total pot $60 | Rake $0.50
Board [5h 4d Js Qc 2c]
Seat 1: Chessnok (big blind) mucked
Seat 4: dalton135 (button) (small blind) showed [9d Qs] and won ($59.50) with a pair of Queens


PokerStars Hand #174841408062:  Hold'em Limit ($3/$6 USD) - 2017/08/26 22:19:57 ET
Table 'Neptune' 6-max Seat #4 is the button
Seat 1: Chessnok ($140.88 in chips)
Seat 4: dalton135 ($268.74 in chips)
dalton135: posts small blind $1
Chessnok: posts big blind $3
*** HOLE CARDS ***
dalton135: raises $3 to $6
Chessnok: folds
Uncalled bet ($3) returned to dalton135
dalton135 collected $6 from pot
dalton135: doesn't show hand
*** SUMMARY ***
Total pot $6 | Rake $0
Seat 1: Chessnok (big blind) folded before Flop
Seat 4: dalton135 (button) (small blind) collected ($6)


PokerStars Hand #174841411942:  Hold'em Limit ($3/$6 USD) - 2017/08/26 22:20:08 ET
Table 'Neptune' 6-max Seat #1 is the button
Seat 1: Chessnok ($137.88 in chips)
Seat 4: dalton135 ($271.74 in chips)
Chessnok: posts small blind $1
dalton135: posts big blind $3
*** HOLE CARDS ***
Chessnok: raises $3 to $6
dalton135: folds
Uncalled bet ($3) returned to Chessnok
Chessnok collected $6 from pot
Chessnok: doesn't show hand
*** SUMMARY ***
Total pot $6 | Rake $0
Seat 1: Chessnok (button) (small blind) collected ($6)
Seat 4: dalton135 (big blind) folded before Flop


PokerStars Hand #174841422421:  Hold'em Limit ($3/$6 USD) - 2017/08/26 22:20:39 ET
Table 'Neptune' 6-max Seat #1 is the button
Seat 1: Chessnok ($110.88 in chips)
Seat 4: dalton135 ($298.24 in chips)
Chessnok: posts small blind $1
dalton135: posts big blind $3
*** HOLE CARDS ***
Chessnok: raises $3 to $6
dalton135: calls $3
*** FLOP *** [8s 6h Tc]
dalton135: bets $3
Chessnok: calls $3
*** TURN *** [8s 6h Tc] [3s]
dalton135: bets $6
Chessnok: raises $6 to $12
dalton135: calls $6
*** RIVER *** [8s 6h Tc 3s] [9h]
dalton135: bets $6
Chessnok: folds
Uncalled bet ($6) returned to dalton135
dalton135 collected $41.50 from pot
dalton135: doesn't show hand
*** SUMMARY ***
Total pot $42 | Rake $0.50
Board [8s 6h Tc 3s 9h]
Seat 1: Chessnok (button) (small blind) folded on the River
Seat 4: dalton135 (big blind) collected ($41.50)


PokerStars Hand #174841428128:  Hold'em Limit ($3/$6 USD) - 2017/08/26 22:20:55 ET
Table 'Neptune' 6-max Seat #4 is the button
Seat 1: Chessnok ($89.88 in chips)
Seat 4: dalton135 ($318.74 in chips)
dalton135: posts small blind $1
Chessnok: posts big blind $3
*** HOLE CARDS ***
dalton135: raises $3 to $6
Chessnok: raises $3 to $9
dalton135: calls $3
*** FLOP *** [5s 6c Jh]
Chessnok: bets $3
dalton135: raises $3 to $6
Chessnok: raises $3 to $9
dalton135: calls $3
*** TURN *** [5s 6c Jh] [Ad]
Chessnok: bets $6
dalton135: calls $6
*** RIVER *** [5s 6c Jh Ad] [Qc]
Chessnok: bets $6
dalton135: folds
Uncalled bet ($6) returned to Chessnok
Chessnok collected $47.50 from pot
Chessnok: doesn't show hand
*** SUMMARY ***
Total pot $48 | Rake $0.50
Board [5s 6c Jh Ad Qc]
Seat 1: Chessnok (big blind) collected ($47.50)
Seat 4: dalton135 (button) (small blind) folded on the River


PokerStars Hand #174841437346:  Hold'em Limit ($3/$6 USD) - 2017/08/26 22:21:21 ET
Table 'Neptune' 6-max Seat #1 is the button
Seat 1: Chessnok ($113.38 in chips)
Seat 4: dalton135 ($294.74 in chips)
Chessnok: posts small blind $1
dalton135: posts big blind $3
*** HOLE CARDS ***
Chessnok: raises $3 to $6
dalton135: calls $3
*** FLOP *** [Td Qh Qd]
dalton135: checks
Chessnok: bets $3
dalton135: folds
Uncalled bet ($3) returned to Chessnok
Chessnok collected $11.76 from pot
Chessnok: doesn't show hand
*** SUMMARY ***
Total pot $12 | Rake $0.24
Board [Td Qh Qd]
Seat 1: Chessnok (button) (small blind) collected ($11.76)
Seat 4: dalton135 (big blind) folded on the Flop


PokerStars Hand #174841445987:  Hold'em Limit ($3/$6 USD) - 2017/08/26 22:21:47 ET
Table 'Neptune' 6-max Seat #4 is the button
Seat 1: Chessnok ($119.14 in chips)
Seat 4: dalton135 ($288.74 in chips)
dalton135: posts small blind $1
Chessnok: posts big blind $3
*** HOLE CARDS ***
dalton135: raises $3 to $6
Chessnok: calls $3
*** FLOP *** [8s 9d Kh]
Chessnok: checks
dalton135: bets $3
Chessnok: folds
Uncalled bet ($3) returned to dalton135
dalton135 collected $11.76 from pot
dalton135: doesn't show hand
*** SUMMARY ***
Total pot $12 | Rake $0.24
Board [8s 9d Kh]
Seat 1: Chessnok (big blind) folded on the Flop
Seat 4: dalton135 (button) (small blind) collected ($11.76)


PokerStars Hand #174841452287:  Hold'em Limit ($3/$6 USD) - 2017/08/26 22:22:05 ET
Table 'Neptune' 6-max Seat #1 is the button
Seat 1: Chessnok ($113.14 in chips)
Seat 4: dalton135 ($294.50 in chips)
Chessnok: posts small blind $1
dalton135: posts big blind $3
*** HOLE CARDS ***
Chessnok: raises $3 to $6
dalton135: raises $3 to $9
Chessnok: calls $3
*** FLOP *** [8s 6h 3s]
dalton135: bets $3
Chessnok: calls $3
*** TURN *** [8s 6h 3s] [Kd]
dalton135: bets $6
Chessnok: calls $6
*** RIVER *** [8s 6h 3s Kd] [As]
dalton135: checks
Chessnok: bets $6
dalton135: calls $6
*** SHOW DOWN ***
Chessnok: shows [Ac 9c] (a pair of Aces)
dalton135: mucks hand
Chessnok collected $47.50 from pot
*** SUMMARY ***
Total pot $48 | Rake $0.50
Board [8s 6h 3s Kd As]
Seat 1: Chessnok (button) (small blind) showed [Ac 9c] and won ($47.50) with a pair of Aces
Seat 4: dalton135 (big blind) mucked


PokerStars Hand #174841472991:  Hold'em Limit ($3/$6 USD) - 2017/08/26 22:23:05 ET
Table 'Neptune' 6-max Seat #4 is the button
Seat 1: Chessnok ($136.64 in chips)
Seat 4: dalton135 ($270.50 in chips)
dalton135: posts small blind $1
Chessnok: posts big blind $3
*** HOLE CARDS ***
dalton135: raises $3 to $6
Chessnok: folds
Uncalled bet ($3) returned to dalton135
dalton135 collected $6 from pot
dalton135: doesn't show hand
*** SUMMARY ***
Total pot $6 | Rake $0
Seat 1: Chessnok (big blind) folded before Flop
Seat 4: dalton135 (button) (small blind) collected ($6)


PokerStars Hand #174841476410:  Hold'em Limit ($3/$6 USD) - 2017/08/26 22:23:15 ET
Table 'Neptune' 6-max Seat #1 is the button
Seat 1: Chessnok ($133.64 in chips)
Seat 4: dalton135 ($273.50 in chips)
Chessnok: posts small blind $1
dalton135: posts big blind $3
*** HOLE CARDS ***
Chessnok: raises $3 to $6
dalton135: calls $3
*** FLOP *** [9h Kd 3h]
dalton135: checks
Chessnok: bets $3
dalton135: calls $3
*** TURN *** [9h Kd 3h] [Td]
dalton135: checks
Chessnok: checks
*** RIVER *** [9h Kd 3h Td] [Js]
dalton135: bets $6
Chessnok: calls $6
*** SHOW DOWN ***
dalton135: shows [3d 4d] (a pair of Threes)
Chessnok: shows [Jh 4c] (a pair of Jacks)
Chessnok collected $29.50 from pot
*** SUMMARY ***
Total pot $30 | Rake $0.50
Board [9h Kd 3h Td Js]
Seat 1: Chessnok (button) (small blind) showed [Jh 4c] and won ($29.50) with a pair of Jacks
Seat 4: dalton135 (big blind) showed [3d 4d] and lost with a pair of Threes


PokerStars Hand #174841488183:  Hold'em Limit ($3/$6 USD) - 2017/08/26 22:23:49 ET
Table 'Neptune' 6-max Seat #4 is the button
Seat 1: Chessnok ($148.14 in chips)
Seat 4: dalton135 ($258.50 in chips)
dalton135: posts small blind $1
Chessnok: posts big blind $3
*** HOLE CARDS ***
dalton135: raises $3 to $6
Chessnok: calls $3
*** FLOP *** [Kc 7c 4h]
Chessnok: checks
dalton135: bets $3
Chessnok: calls $3
*** TURN *** [Kc 7c 4h] [Qh]
Chessnok: checks
dalton135: checks
*** RIVER *** [Kc 7c 4h Qh] [8d]
Chessnok: bets $6
dalton135: folds
Uncalled bet ($6) returned to Chessnok
Chessnok collected $17.64 from pot
Chessnok: doesn't show hand
*** SUMMARY ***
Total pot $18 | Rake $0.36
Board [Kc 7c 4h Qh 8d]
Seat 1: Chessnok (big blind) collected ($17.64)
Seat 4: dalton135 (button) (small blind) folded on the River


PokerStars Hand #174841940296:  Hold'em Limit ($3/$6 USD) - 2017/08/26 22:46:07 ET
Table 'Neptune' 6-max Seat #1 is the button
Seat 1: Chessnok ($207.36 in chips)
Seat 5: fourthtry ($260.07 in chips)
Chessnok: posts small blind $1
fourthtry: posts big blind $3
*** HOLE CARDS ***
Chessnok: raises $3 to $6
fourthtry: calls $3
*** FLOP *** [3h 7c 2d]
Jatha09 leaves the table
fourthtry: checks
Chessnok: bets $3
fourthtry: calls $3
*** TURN *** [3h 7c 2d] [Th]
fourthtry: bets $6
Chessnok: folds
Uncalled bet ($6) returned to fourthtry
fourthtry collected $17.64 from pot
fourthtry: doesn't show hand
*** SUMMARY ***
Total pot $18 | Rake $0.36
Board [3h 7c 2d Th]
Seat 1: Chessnok (button) (small blind) folded on the Turn
Seat 5: fourthtry (big blind) collected ($17.64)


PokerStars Hand #174841957830:  Hold'em Limit ($3/$6 USD) - 2017/08/26 22:47:02 ET
Table 'Neptune' 6-max Seat #1 is the button
Seat 1: Chessnok ($207 in chips)
Seat 5: fourthtry ($259.71 in chips)
Chessnok: posts small blind $1
fourthtry: posts big blind $3
*** HOLE CARDS ***
Chessnok: raises $3 to $6
fourthtry: calls $3
*** FLOP *** [As 2d 6h]
fourthtry: checks
Chessnok: bets $3
fourthtry: calls $3
*** TURN *** [As 2d 6h] [7c]
fourthtry: checks
Chessnok: bets $6
fourthtry: calls $6
*** RIVER *** [As 2d 6h 7c] [Ks]
fourthtry: checks
Chessnok: checks
*** SHOW DOWN ***
fourthtry: shows [2c Qs] (a pair of Deuces)
Chessnok: shows [9h 7s] (a pair of Sevens)
Chessnok collected $29.50 from pot
*** SUMMARY ***
Total pot $30 | Rake $0.50
Board [As 2d 6h 7c Ks]
Seat 1: Chessnok (button) (small blind) showed [9h 7s] and won ($29.50) with a pair of Sevens
Seat 5: fourthtry (big blind) showed [2c Qs] and lost with a pair of Deuces


PokerStars Hand #174841949754:  Hold'em Limit ($3/$6 USD) - 2017/08/26 22:46:36 ET
Table 'Neptune' 6-max Seat #5 is the button
Seat 1: Chessnok ($198.36 in chips)
Seat 5: fourthtry ($268.71 in chips)
fourthtry: posts small blind $1
Chessnok: posts big blind $3
*** HOLE CARDS ***
fourthtry: raises $3 to $6
Chessnok: raises $3 to $9
fourthtry: calls $3
*** FLOP *** [Kh 4d 7d]
Chessnok: bets $3
fourthtry: folds
Uncalled bet ($3) returned to Chessnok
Chessnok collected $17.64 from pot
Chessnok: doesn't show hand
*** SUMMARY ***
Total pot $18 | Rake $0.36
Board [Kh 4d 7d]
Seat 1: Chessnok (big blind) collected ($17.64)
Seat 5: fourthtry (button) (small blind) folded on the Flop


PokerStars Hand #174841967507:  Hold'em Limit ($3/$6 USD) - 2017/08/26 22:47:32 ET
Table 'Neptune' 6-max Seat #5 is the button
Seat 1: Chessnok ($221.50 in chips)
Seat 5: fourthtry ($244.71 in chips)
fourthtry: posts small blind $1
Chessnok: posts big blind $3
*** HOLE CARDS ***
fourthtry: raises $3 to $6
Chessnok: calls $3
*** FLOP *** [4h 2h 9d]
Chessnok: checks
fourthtry: bets $3
Chessnok: folds
Uncalled bet ($3) returned to fourthtry
fourthtry collected $11.76 from pot
fourthtry: doesn't show hand
*** SUMMARY ***
Total pot $12 | Rake $0.24
Board [4h 2h 9d]
Seat 1: Chessnok (big blind) folded on the Flop
Seat 5: fourthtry (button) (small blind) collected ($11.76)


PokerStars Hand #174841984734:  Hold'em Limit ($3/$6 USD) - 2017/08/26 22:48:26 ET
Table 'Neptune' 6-max Seat #5 is the button
Seat 1: Chessnok ($206.50 in chips)
Seat 5: fourthtry ($259.11 in chips)
fourthtry: posts small blind $1
Chessnok: posts big blind $3
*** HOLE CARDS ***
fourthtry: calls $2
Chessnok: raises $3 to $6
fourthtry: calls $3
*** FLOP *** [Js 7h Kh]
Chessnok: bets $3
fourthtry: calls $3
*** TURN *** [Js 7h Kh] [8s]
Chessnok: bets $6
fourthtry: folds
Uncalled bet ($6) returned to Chessnok
Chessnok collected $17.64 from pot
Chessnok: doesn't show hand
*** SUMMARY ***
Total pot $18 | Rake $0.36
Board [Js 7h Kh 8s]
Seat 1: Chessnok (big blind) collected ($17.64)
Seat 5: fourthtry (button) (small blind) folded on the Turn


PokerStars Hand #174841994595:  Hold'em Limit ($3/$6 USD) - 2017/08/26 22:48:57 ET
Table 'Neptune' 6-max Seat #1 is the button
Seat 1: Chessnok ($215.14 in chips)
Seat 5: fourthtry ($250.11 in chips)
Chessnok: posts small blind $1
fourthtry: posts big blind $3
*** HOLE CARDS ***
Chessnok: raises $3 to $6
fourthtry: calls $3
*** FLOP *** [Tc 7s Td]
fourthtry: bets $3
Chessnok: calls $3
*** TURN *** [Tc 7s Td] [4h]
fourthtry: bets $6
Chessnok: folds
Uncalled bet ($6) returned to fourthtry
fourthtry collected $17.64 from pot
fourthtry: doesn't show hand
*** SUMMARY ***
Total pot $18 | Rake $0.36
Board [Tc 7s Td 4h]
Seat 1: Chessnok (button) (small blind) folded on the Turn
Seat 5: fourthtry (big blind) collected ($17.64)


PokerStars Hand #174842002378:  Hold'em Limit ($3/$6 USD) - 2017/08/26 22:49:21 ET
Table 'Neptune' 6-max Seat #5 is the button
Seat 1: Chessnok ($206.14 in chips)
Seat 5: fourthtry ($258.75 in chips)
fourthtry: posts small blind $1
Chessnok: posts big blind $3
*** HOLE CARDS ***
fourthtry: raises $3 to $6
Chessnok: calls $3
*** FLOP *** [2d Td 6c]
Chessnok: checks
fourthtry: bets $3
Chessnok: folds
Uncalled bet ($3) returned to fourthtry
fourthtry collected $11.76 from pot
fourthtry: doesn't show hand
*** SUMMARY ***
Total pot $12 | Rake $0.24
Board [2d Td 6c]
Seat 1: Chessnok (big blind) folded on the Flop
Seat 5: fourthtry (button) (small blind) collected ($11.76)


PokerStars Hand #174842006352:  Hold'em Limit ($3/$6 USD) - 2017/08/26 22:49:34 ET
Table 'Neptune' 6-max Seat #1 is the button
Seat 1: Chessnok ($200.14 in chips)
Seat 5: fourthtry ($264.51 in chips)
Chessnok: posts small blind $1
fourthtry: posts big blind $3
*** HOLE CARDS ***
Chessnok: raises $3 to $6
fourthtry: raises $3 to $9
Chessnok: calls $3
*** FLOP *** [Js 3c 5h]
fourthtry: bets $3
Chessnok: calls $3
*** TURN *** [Js 3c 5h] [Qs]
fourthtry: bets $6
Chessnok: calls $6
*** RIVER *** [Js 3c 5h Qs] [Qc]
fourthtry: bets $6
Chessnok: calls $6
*** SHOW DOWN ***
fourthtry: shows [Qh Ah] (three of a kind, Queens)
Chessnok: mucks hand
fourthtry collected $47.50 from pot
*** SUMMARY ***
Total pot $48 | Rake $0.50
Board [Js 3c 5h Qs Qc]
Seat 1: Chessnok (button) (small blind) mucked
Seat 5: fourthtry (big blind) showed [Qh Ah] and won ($47.50) with three of a kind, Queens


PokerStars Hand #174842015291:  Hold'em Limit ($3/$6 USD) - 2017/08/26 22:50:02 ET
Table 'Neptune' 6-max Seat #5 is the button
Seat 1: Chessnok ($176.14 in chips)
Seat 5: fourthtry ($288.01 in chips)
fourthtry: posts small blind $1
Chessnok: posts big blind $3
*** HOLE CARDS ***
fourthtry: raises $3 to $6
Chessnok: folds
Uncalled bet ($3) returned to fourthtry
fourthtry collected $6 from pot
fourthtry: doesn't show hand
*** SUMMARY ***
Total pot $6 | Rake $0
Seat 1: Chessnok (big blind) folded before Flop
Seat 5: fourthtry (button) (small blind) collected ($6)


PokerStars Hand #174842024815:  Hold'em Limit ($3/$6 USD) - 2017/08/26 22:50:32 ET
Table 'Neptune' 6-max Seat #1 is the button
Seat 1: Chessnok ($179.90 in chips)
Seat 5: fourthtry ($284.01 in chips)
Chessnok: posts small blind $1
fourthtry: posts big blind $3
*** HOLE CARDS ***
Chessnok: folds
Uncalled bet ($2) returned to fourthtry
HAL9QQQ joins the table at seat #6
fourthtry collected $2 from pot
fourthtry: doesn't show hand
*** SUMMARY ***
Total pot $2 | Rake $0
Seat 1: Chessnok (button) (small blind) folded before Flop
Seat 5: fourthtry (big blind) collected ($2)


PokerStars Hand #174842022791:  Hold'em Limit ($3/$6 USD) - 2017/08/26 22:50:26 ET
Table 'Neptune' 6-max Seat #5 is the button
Seat 1: Chessnok ($178.90 in chips)
Seat 5: fourthtry ($285.01 in chips)
fourthtry: posts small blind $1
Chessnok: posts big blind $3
*** HOLE CARDS ***
fourthtry: folds
Uncalled bet ($2) returned to Chessnok
Chessnok collected $2 from pot
Chessnok: doesn't show hand
*** SUMMARY ***
Total pot $2 | Rake $0
Seat 1: Chessnok (big blind) collected ($2)
Seat 5: fourthtry (button) (small blind) folded before Flop


PokerStars Hand #174842018251:  Hold'em Limit ($3/$6 USD) - 2017/08/26 22:50:11 ET
Table 'Neptune' 6-max Seat #1 is the button
Seat 1: Chessnok ($173.14 in chips)
Seat 5: fourthtry ($291.01 in chips)
Chessnok: posts small blind $1
fourthtry: posts big blind $3
*** HOLE CARDS ***
Chessnok: raises $3 to $6
fourthtry: calls $3
*** FLOP *** [3h Ah 7d]
fourthtry: checks
Chessnok: bets $3
fourthtry: folds
Uncalled bet ($3) returned to Chessnok
Chessnok collected $11.76 from pot
Chessnok: doesn't show hand
*** SUMMARY ***
Total pot $12 | Rake $0.24
Board [3h Ah 7d]
Seat 1: Chessnok (button) (small blind) collected ($11.76)
Seat 5: fourthtry (big blind) folded on the Flop


PokerStars Hand #174842366438:  Hold'em Limit ($3/$6 USD) - 2017/08/26 23:09:45 ET
Table 'Neptune' 6-max Seat #6 is the button
Seat 3: Bubman78 ($139.13 in chips)
Seat 6: HAL9QQQ ($168.17 in chips)
HAL9QQQ: posts small blind $1
Chessnok: is sitting out
Unogetmycash: is sitting out
Bubman78: posts big blind $3
*** HOLE CARDS ***
HAL9QQQ: raises $3 to $6
Bubman78: raises $3 to $9
Unogetmycash leaves the table
HAL9QQQ: calls $3
*** FLOP *** [9s Kd 9h]
Bubman78: bets $3
HAL9QQQ: raises $3 to $6
Bubman78: calls $3
*** TURN *** [9s Kd 9h] [8s]
Bubman78: checks
HAL9QQQ: bets $6
Bubman78: calls $6
*** RIVER *** [9s Kd 9h 8s] [Kc]
Bubman78: checks
HAL9QQQ: bets $6
Bubman78: calls $6
*** SHOW DOWN ***
HAL9QQQ: shows [7d Kh] (a full house, Kings full of Nines)
Bubman78: mucks hand
HAL9QQQ collected $53.50 from pot
*** SUMMARY ***
Total pot $54 | Rake $0.50
Board [9s Kd 9h 8s Kc]
Seat 3: Bubman78 (big blind) mucked
Seat 6: HAL9QQQ (button) (small blind) showed [7d Kh] and won ($53.50) with a full house, Kings full of Nines


