PokerStars Hand #146665703065:  Hold'em Limit ($3/$6 USD) - 2016/01/08 2:58:59 ET
Table 'Neptune II' 2-max Seat #2 is the button
Seat 1: MAGER911 ($72 in chips)
Seat 2: Looosersulze ($54 in chips)
Looosersulze: posts small blind $1
MAGER911: posts big blind $3
*** HOLE CARDS ***
Looosersulze: raises $3 to $6
MAGER911: calls $3
*** FLOP *** [Qc 7h Jc]
MAGER911: checks
Looosersulze: checks
*** TURN *** [Qc 7h Jc] [9d]
MAGER911: checks
Looosersulze: checks
*** RIVER *** [Qc 7h Jc 9d] [7d]
MAGER911: checks
Looosersulze: checks
*** SHOW DOWN ***
MAGER911: shows [Ac 5s] (a pair of Sevens)
Looosersulze: shows [Ah 2c] (a pair of Sevens)
MAGER911 collected $5.88 from pot
Looosersulze collected $5.88 from pot
*** SUMMARY ***
Total pot $12 | Rake $0.24
Board [Qc 7h Jc 9d 7d]
Seat 1: MAGER911 (big blind) showed [Ac 5s] and won ($5.88) with a pair of Sevens
Seat 2: Looosersulze (button) (small blind) showed [Ah 2c] and won ($5.88) with a pair of Sevens


PokerStars Hand #146665717537:  Hold'em Limit ($3/$6 USD) - 2016/01/08 2:59:49 ET
Table 'Neptune II' 2-max Seat #1 is the button
Seat 1: MAGER911 ($81.64 in chips)
Seat 2: Looosersulze ($43.88 in chips)
MAGER911: posts small blind $1
Looosersulze: posts big blind $3
*** HOLE CARDS ***
MAGER911: raises $3 to $6
Looosersulze: calls $3
*** FLOP *** [Ks 7c Ac]
Looosersulze: checks
MAGER911: bets $3
Looosersulze: calls $3
*** TURN *** [Ks 7c Ac] [Js]
Looosersulze: checks
MAGER911: bets $6
Looosersulze: folds
Uncalled bet ($6) returned to MAGER911
MAGER911 collected $17.64 from pot
MAGER911: doesn't show hand
*** SUMMARY ***
Total pot $18 | Rake $0.36
Board [Ks 7c Ac Js]
Seat 1: MAGER911 (button) (small blind) collected ($17.64)
Seat 2: Looosersulze (big blind) folded on the Turn


PokerStars Hand #146665716001:  Hold'em Limit ($3/$6 USD) - 2016/01/08 2:59:44 ET
Table 'Neptune II' 2-max Seat #2 is the button
Seat 1: MAGER911 ($80.64 in chips)
Seat 2: Looosersulze ($44.88 in chips)
Looosersulze: posts small blind $1
MAGER911: posts big blind $3
*** HOLE CARDS ***
Looosersulze: folds
Uncalled bet ($2) returned to MAGER911
MAGER911 collected $2 from pot
MAGER911: doesn't show hand
*** SUMMARY ***
Total pot $2 | Rake $0
Seat 1: MAGER911 (big blind) collected ($2)
Seat 2: Looosersulze (button) (small blind) folded before Flop


PokerStars Hand #146665710656:  Hold'em Limit ($3/$6 USD) - 2016/01/08 2:59:26 ET
Table 'Neptune II' 2-max Seat #1 is the button
Seat 1: MAGER911 ($72 in chips)
Seat 2: Looosersulze ($53.88 in chips)
MAGER911: posts small blind $1
Looosersulze: posts big blind $3
*** HOLE CARDS ***
MAGER911: raises $3 to $6
Looosersulze: calls $3
*** FLOP *** [Qs 8c 8d]
Looosersulze: checks
MAGER911: bets $3
Looosersulze: calls $3
*** TURN *** [Qs 8c 8d] [Qh]
Looosersulze: checks
MAGER911: bets $6
Looosersulze: folds
Uncalled bet ($6) returned to MAGER911
MAGER911 collected $17.64 from pot
MAGER911: doesn't show hand
*** SUMMARY ***
Total pot $18 | Rake $0.36
Board [Qs 8c 8d Qh]
Seat 1: MAGER911 (button) (small blind) collected ($17.64)
Seat 2: Looosersulze (big blind) folded on the Turn


PokerStars Hand #146665727787:  Hold'em Limit ($3/$6 USD) - 2016/01/08 3:00:24 ET
Table 'Neptune II' 2-max Seat #2 is the button
Seat 1: MAGER911 ($112.78 in chips)
Seat 2: Looosersulze ($11.88 in chips)
Looosersulze: posts small blind $1
MAGER911: posts big blind $3
*** HOLE CARDS ***
Looosersulze: raises $3 to $6
MAGER911: raises $3 to $9
Looosersulze: calls $3
*** FLOP *** [Js 7h 2h]
MAGER911: bets $3
Looosersulze: calls $2.88 and is all-in
Uncalled bet ($0.12) returned to MAGER911
*** TURN *** [Js 7h 2h] [Ad]
*** RIVER *** [Js 7h 2h Ad] [Ks]
*** SHOW DOWN ***
MAGER911: shows [7c 9s] (a pair of Sevens)
Looosersulze: shows [Qd 3d] (high card Ace)
MAGER911 collected $23.28 from pot
*** SUMMARY ***
Total pot $23.76 | Rake $0.48
Board [Js 7h 2h Ad Ks]
Seat 1: MAGER911 (big blind) showed [7c 9s] and won ($23.28) with a pair of Sevens
Seat 2: Looosersulze (button) (small blind) showed [Qd 3d] and lost with high card Ace


PokerStars Hand #146665725928:  Hold'em Limit ($3/$6 USD) - 2016/01/08 3:00:18 ET
Table 'Neptune II' 2-max Seat #1 is the button
Seat 1: MAGER911 ($113.78 in chips)
Seat 2: Looosersulze ($10.88 in chips)
MAGER911: posts small blind $1
Looosersulze: posts big blind $3
*** HOLE CARDS ***
MAGER911: folds
Uncalled bet ($2) returned to Looosersulze
Looosersulze collected $2 from pot
Looosersulze: doesn't show hand
*** SUMMARY ***
Total pot $2 | Rake $0
Seat 1: MAGER911 (button) (small blind) folded before Flop
Seat 2: Looosersulze (big blind) collected ($2)


PokerStars Hand #146665721494:  Hold'em Limit ($3/$6 USD) - 2016/01/08 3:00:03 ET
Table 'Neptune II' 2-max Seat #2 is the button
Seat 1: MAGER911 ($90.28 in chips)
Seat 2: Looosersulze ($34.88 in chips)
Looosersulze: posts small blind $1
MAGER911: posts big blind $3
*** HOLE CARDS ***
Looosersulze: raises $3 to $6
MAGER911: raises $3 to $9
Looosersulze: calls $3
*** FLOP *** [8d Ah Tc]
MAGER911: bets $3
Looosersulze: calls $3
*** TURN *** [8d Ah Tc] [2h]
MAGER911: bets $6
Looosersulze: calls $6
*** RIVER *** [8d Ah Tc 2h] [5d]
MAGER911: bets $6
Looosersulze: calls $6
*** SHOW DOWN ***
MAGER911: shows [Ks Ac] (a pair of Aces)
Looosersulze: mucks hand
MAGER911 collected $47.50 from pot
*** SUMMARY ***
Total pot $48 | Rake $0.50
Board [8d Ah Tc 2h 5d]
Seat 1: MAGER911 (big blind) showed [Ks Ac] and won ($47.50) with a pair of Aces
Seat 2: Looosersulze (button) (small blind) mucked


PokerStars Hand #146665753080:  Hold'em Limit ($3/$6 USD) - 2016/01/08 3:01:46 ET
Table 'Neptune II' 2-max Seat #2 is the button
Seat 1: MAGER911 ($120.82 in chips)
Seat 2: Looosersulze ($56.75 in chips)
Looosersulze: posts small blind $1
MAGER911: posts big blind $3
*** HOLE CARDS ***
Looosersulze: raises $3 to $6
MAGER911: calls $3
*** FLOP *** [2s Jc 6c]
MAGER911: checks
Looosersulze: bets $3
MAGER911: folds
Uncalled bet ($3) returned to Looosersulze
Looosersulze collected $11.76 from pot
Looosersulze: doesn't show hand
*** SUMMARY ***
Total pot $12 | Rake $0.24
Board [2s Jc 6c]
Seat 1: MAGER911 (big blind) folded on the Flop
Seat 2: Looosersulze (button) (small blind) collected ($11.76)


PokerStars Hand #146665751742:  Hold'em Limit ($3/$6 USD) - 2016/01/08 3:01:42 ET
Table 'Neptune II' 2-max Seat #1 is the button
Seat 1: MAGER911 ($121.82 in chips)
Seat 2: Looosersulze ($55.75 in chips)
MAGER911: posts small blind $1
Looosersulze: posts big blind $3
*** HOLE CARDS ***
MAGER911: folds
Uncalled bet ($2) returned to Looosersulze
Looosersulze collected $2 from pot
Looosersulze: doesn't show hand
*** SUMMARY ***
Total pot $2 | Rake $0
Seat 1: MAGER911 (button) (small blind) folded before Flop
Seat 2: Looosersulze (big blind) collected ($2)


PokerStars Hand #146665749573:  Hold'em Limit ($3/$6 USD) - 2016/01/08 3:01:35 ET
Table 'Neptune II' 2-max Seat #2 is the button
Seat 1: MAGER911 ($124.82 in chips)
Seat 2: Looosersulze ($52.75 in chips)
Looosersulze: posts small blind $1
MAGER911: posts big blind $3
*** HOLE CARDS ***
Looosersulze: raises $3 to $6
MAGER911: folds
Uncalled bet ($3) returned to Looosersulze
Looosersulze collected $6 from pot
Looosersulze: doesn't show hand
*** SUMMARY ***
Total pot $6 | Rake $0
Seat 1: MAGER911 (big blind) folded before Flop
Seat 2: Looosersulze (button) (small blind) collected ($6)


PokerStars Hand #146665745320:  Hold'em Limit ($3/$6 USD) - 2016/01/08 3:01:22 ET
Table 'Neptune II' 2-max Seat #1 is the button
Seat 1: MAGER911 ($116.18 in chips)
Seat 2: Looosersulze ($61.75 in chips)
MAGER911: posts small blind $1
Looosersulze: posts big blind $3
*** HOLE CARDS ***
MAGER911: raises $3 to $6
Looosersulze: calls $3
*** FLOP *** [6s 4d Jd]
Looosersulze: checks
MAGER911: bets $3
Looosersulze: calls $3
*** TURN *** [6s 4d Jd] [9s]
Looosersulze: checks
MAGER911: bets $6
Looosersulze: folds
Uncalled bet ($6) returned to MAGER911
MAGER911 collected $17.64 from pot
MAGER911: doesn't show hand
*** SUMMARY ***
Total pot $18 | Rake $0.36
Board [6s 4d Jd 9s]
Seat 1: MAGER911 (button) (small blind) collected ($17.64)
Seat 2: Looosersulze (big blind) folded on the Turn


PokerStars Hand #146665743805:  Hold'em Limit ($3/$6 USD) - 2016/01/08 3:01:17 ET
Table 'Neptune II' 2-max Seat #2 is the button
Seat 1: MAGER911 ($115.18 in chips)
Seat 2: Looosersulze ($62.75 in chips)
Looosersulze: posts small blind $1
MAGER911: posts big blind $3
*** HOLE CARDS ***
Looosersulze: folds
Uncalled bet ($2) returned to MAGER911
MAGER911 collected $2 from pot
MAGER911: doesn't show hand
*** SUMMARY ***
Total pot $2 | Rake $0
Seat 1: MAGER911 (big blind) collected ($2)
Seat 2: Looosersulze (button) (small blind) folded before Flop


PokerStars Hand #146665736525:  Hold'em Limit ($3/$6 USD) - 2016/01/08 3:00:53 ET
Table 'Neptune II' 2-max Seat #1 is the button
Seat 1: MAGER911 ($124.18 in chips)
Seat 2: Looosersulze ($54.11 in chips)
MAGER911: posts small blind $1
Looosersulze: posts big blind $3
*** HOLE CARDS ***
MAGER911: raises $3 to $6
Looosersulze: calls $3
*** FLOP *** [6s Td Qc]
Looosersulze: checks
MAGER911: bets $3
Looosersulze: calls $3
*** TURN *** [6s Td Qc] [6d]
Looosersulze: checks
MAGER911: checks
*** RIVER *** [6s Td Qc 6d] [2h]
Looosersulze: bets $6
MAGER911: folds
Uncalled bet ($6) returned to Looosersulze
Looosersulze collected $17.64 from pot
Looosersulze: doesn't show hand
*** SUMMARY ***
Total pot $18 | Rake $0.36
Board [6s Td Qc 6d 2h]
Seat 1: MAGER911 (button) (small blind) folded on the River
Seat 2: Looosersulze (big blind) collected ($17.64)


PokerStars Hand #146665769089:  Hold'em Limit ($3/$6 USD) - 2016/01/08 3:02:36 ET
Table 'Neptune II' 2-max Seat #1 is the button
Seat 1: MAGER911 ($102.46 in chips)
Seat 2: Looosersulze ($74.01 in chips)
MAGER911: posts small blind $1
Looosersulze: posts big blind $3
*** HOLE CARDS ***
MAGER911: raises $3 to $6
Looosersulze: raises $3 to $9
MAGER911: calls $3
*** FLOP *** [Ac 7h Jh]
Looosersulze: bets $3
MAGER911: calls $3
*** TURN *** [Ac 7h Jh] [9s]
Looosersulze: bets $6
MAGER911: calls $6
*** RIVER *** [Ac 7h Jh 9s] [Qc]
Looosersulze: bets $6
MAGER911: raises $6 to $12
Looosersulze: calls $6
*** SHOW DOWN ***
MAGER911: shows [Ah 9h] (two pair, Aces and Nines)
Looosersulze: mucks hand
MAGER911 collected $59.50 from pot
*** SUMMARY ***
Total pot $60 | Rake $0.50
Board [Ac 7h Jh 9s Qc]
Seat 1: MAGER911 (button) (small blind) showed [Ah 9h] and won ($59.50) with two pair, Aces and Nines
Seat 2: Looosersulze (big blind) mucked


PokerStars Hand #146665762264:  Hold'em Limit ($3/$6 USD) - 2016/01/08 3:02:15 ET
Table 'Neptune II' 2-max Seat #2 is the button
Seat 1: MAGER911 ($123.46 in chips)
Seat 2: Looosersulze ($53.51 in chips)
Looosersulze: posts small blind $1
MAGER911: posts big blind $3
*** HOLE CARDS ***
Looosersulze: raises $3 to $6
MAGER911: calls $3
*** FLOP *** [5s 2d 5h]
MAGER911: checks
Looosersulze: bets $3
MAGER911: calls $3
*** TURN *** [5s 2d 5h] [8s]
MAGER911: checks
Looosersulze: bets $6
MAGER911: calls $6
*** RIVER *** [5s 2d 5h 8s] [As]
MAGER911: checks
Looosersulze: bets $6
MAGER911: calls $6
*** SHOW DOWN ***
Looosersulze: shows [5d 4h] (three of a kind, Fives)
MAGER911: mucks hand
Looosersulze collected $41.50 from pot
*** SUMMARY ***
Total pot $42 | Rake $0.50
Board [5s 2d 5h 8s As]
Seat 1: MAGER911 (big blind) mucked
Seat 2: Looosersulze (button) (small blind) showed [5d 4h] and won ($41.50) with three of a kind, Fives


PokerStars Hand #146665757879:  Hold'em Limit ($3/$6 USD) - 2016/01/08 3:02:01 ET
Table 'Neptune II' 2-max Seat #1 is the button
Seat 1: MAGER911 ($114.82 in chips)
Seat 2: Looosersulze ($62.51 in chips)
MAGER911: posts small blind $1
Looosersulze: posts big blind $3
*** HOLE CARDS ***
MAGER911: raises $3 to $6
Looosersulze: calls $3
*** FLOP *** [8s Ah 4c]
Looosersulze: checks
MAGER911: bets $3
Looosersulze: calls $3
*** TURN *** [8s Ah 4c] [Js]
Looosersulze: checks
MAGER911: bets $6
Looosersulze: folds
Uncalled bet ($6) returned to MAGER911
MAGER911 collected $17.64 from pot
MAGER911: doesn't show hand
*** SUMMARY ***
Total pot $18 | Rake $0.36
Board [8s Ah 4c Js]
Seat 1: MAGER911 (button) (small blind) collected ($17.64)
Seat 2: Looosersulze (big blind) folded on the Turn


PokerStars Hand #146665795659:  Hold'em Limit ($3/$6 USD) - 2016/01/08 3:03:57 ET
Table 'Neptune II' 2-max Seat #2 is the button
Seat 1: MAGER911 ($122.48 in chips)
Seat 2: Looosersulze ($52.51 in chips)
Looosersulze: posts small blind $1
MAGER911: posts big blind $3
*** HOLE CARDS ***
Looosersulze: raises $3 to $6
MAGER911: folds
Uncalled bet ($3) returned to Looosersulze
Looosersulze collected $6 from pot
Looosersulze: doesn't show hand
*** SUMMARY ***
Total pot $6 | Rake $0
Seat 1: MAGER911 (big blind) folded before Flop
Seat 2: Looosersulze (button) (small blind) collected ($6)


PokerStars Hand #146665786169:  Hold'em Limit ($3/$6 USD) - 2016/01/08 3:03:28 ET
Table 'Neptune II' 2-max Seat #1 is the button
Seat 1: MAGER911 ($143.48 in chips)
Seat 2: Looosersulze ($32.01 in chips)
MAGER911: posts small blind $1
Looosersulze: posts big blind $3
*** HOLE CARDS ***
MAGER911: raises $3 to $6
Looosersulze: calls $3
*** FLOP *** [Qs 5s 3h]
Looosersulze: bets $3
MAGER911: calls $3
*** TURN *** [Qs 5s 3h] [Td]
Looosersulze: bets $6
MAGER911: calls $6
*** RIVER *** [Qs 5s 3h Td] [6c]
Looosersulze: bets $6
MAGER911: calls $6
*** SHOW DOWN ***
Looosersulze: shows [4d 5h] (a pair of Fives)
MAGER911: mucks hand
Looosersulze collected $41.50 from pot
*** SUMMARY ***
Total pot $42 | Rake $0.50
Board [Qs 5s 3h Td 6c]
Seat 1: MAGER911 (button) (small blind) mucked
Seat 2: Looosersulze (big blind) showed [4d 5h] and won ($41.50) with a pair of Fives


PokerStars Hand #146665777908:  Hold'em Limit ($3/$6 USD) - 2016/01/08 3:03:03 ET
Table 'Neptune II' 2-max Seat #2 is the button
Seat 1: MAGER911 ($131.96 in chips)
Seat 2: Looosersulze ($44.01 in chips)
Looosersulze: posts small blind $1
MAGER911: posts big blind $3
*** HOLE CARDS ***
Looosersulze: raises $3 to $6
MAGER911: calls $3
*** FLOP *** [Qd Qc As]
MAGER911: checks
Looosersulze: checks
*** TURN *** [Qd Qc As] [Ad]
MAGER911: checks
Looosersulze: checks
*** RIVER *** [Qd Qc As Ad] [9s]
MAGER911: checks
Looosersulze: bets $6
MAGER911: calls $6
*** SHOW DOWN ***
Looosersulze: shows [6s 9c] (two pair, Aces and Queens)
MAGER911: shows [7s Kd] (two pair, Aces and Queens - King kicker)
MAGER911 collected $23.52 from pot
*** SUMMARY ***
Total pot $24 | Rake $0.48
Board [Qd Qc As Ad 9s]
Seat 1: MAGER911 (big blind) showed [7s Kd] and won ($23.52) with two pair, Aces and Queens
Seat 2: Looosersulze (button) (small blind) showed [6s 9c] and lost with two pair, Aces and Queens


PokerStars Hand #146665806835:  Hold'em Limit ($3/$6 USD) - 2016/01/08 3:04:31 ET
Table 'Neptune II' 2-max Seat #2 is the button
Seat 1: MAGER911 ($118.48 in chips)
Seat 2: Looosersulze ($56.51 in chips)
Looosersulze: posts small blind $1
MAGER911: posts big blind $3
*** HOLE CARDS ***
Looosersulze: raises $3 to $6
MAGER911: calls $3
*** FLOP *** [4h 6h Ad]
MAGER911: checks
Looosersulze: bets $3
MAGER911: raises $3 to $6
Looosersulze: calls $3
*** TURN *** [4h 6h Ad] [Ac]
MAGER911: bets $6
Looosersulze: calls $6
*** RIVER *** [4h 6h Ad Ac] [7d]
MAGER911: bets $6
Looosersulze: calls $6
*** SHOW DOWN ***
MAGER911: shows [Jh 7h] (two pair, Aces and Sevens)
Looosersulze: mucks hand
MAGER911 collected $47.50 from pot
*** SUMMARY ***
Total pot $48 | Rake $0.50
Board [4h 6h Ad Ac 7d]
Seat 1: MAGER911 (big blind) showed [Jh 7h] and won ($47.50) with two pair, Aces and Sevens
Seat 2: Looosersulze (button) (small blind) mucked


PokerStars Hand #146665803524:  Hold'em Limit ($3/$6 USD) - 2016/01/08 3:04:21 ET
Table 'Neptune II' 2-max Seat #1 is the button
Seat 1: MAGER911 ($119.48 in chips)
Seat 2: Looosersulze ($55.51 in chips)
MAGER911: posts small blind $1
Looosersulze: posts big blind $3
*** HOLE CARDS ***
MAGER911: folds
Uncalled bet ($2) returned to Looosersulze
Looosersulze collected $2 from pot
Looosersulze: doesn't show hand
*** SUMMARY ***
Total pot $2 | Rake $0
Seat 1: MAGER911 (button) (small blind) folded before Flop
Seat 2: Looosersulze (big blind) collected ($2)


PokerStars Hand #146665801946:  Hold'em Limit ($3/$6 USD) - 2016/01/08 3:04:16 ET
Table 'Neptune II' 2-max Seat #2 is the button
Seat 1: MAGER911 ($118.48 in chips)
Seat 2: Looosersulze ($56.51 in chips)
Looosersulze: posts small blind $1
MAGER911: posts big blind $3
*** HOLE CARDS ***
Looosersulze: folds
Uncalled bet ($2) returned to MAGER911
MAGER911 collected $2 from pot
MAGER911: doesn't show hand
*** SUMMARY ***
Total pot $2 | Rake $0
Seat 1: MAGER911 (big blind) collected ($2)
Seat 2: Looosersulze (button) (small blind) folded before Flop


PokerStars Hand #146665798899:  Hold'em Limit ($3/$6 USD) - 2016/01/08 3:04:07 ET
Table 'Neptune II' 2-max Seat #1 is the button
Seat 1: MAGER911 ($119.48 in chips)
Seat 2: Looosersulze ($55.51 in chips)
MAGER911: posts small blind $1
Looosersulze: posts big blind $3
*** HOLE CARDS ***
MAGER911: folds
Uncalled bet ($2) returned to Looosersulze
Looosersulze collected $2 from pot
Looosersulze: doesn't show hand
*** SUMMARY ***
Total pot $2 | Rake $0
Seat 1: MAGER911 (button) (small blind) folded before Flop
Seat 2: Looosersulze (big blind) collected ($2)


PokerStars Hand #146665834542:  Hold'em Limit ($3/$6 USD) - 2016/01/08 3:05:56 ET
Table 'Neptune II' 2-max Seat #2 is the button
Seat 1: MAGER911 ($167.37 in chips)
Seat 2: Looosersulze ($6.40 in chips)
Looosersulze: posts small blind $1
MAGER911: posts big blind $3
*** HOLE CARDS ***
Looosersulze: raises $3 to $6
MAGER911: raises $3 to $9
Looosersulze: calls $0.40 and is all-in
Uncalled bet ($2.60) returned to MAGER911
*** FLOP *** [3d Kc 9s]
*** TURN *** [3d Kc 9s] [Td]
*** RIVER *** [3d Kc 9s Td] [Kh]
*** SHOW DOWN ***
MAGER911: shows [4c Ad] (a pair of Kings)
Looosersulze: shows [Jd 5s] (a pair of Kings - lower kicker)
MAGER911 collected $12.54 from pot
*** SUMMARY ***
Total pot $12.80 | Rake $0.26
Board [3d Kc 9s Td Kh]
Seat 1: MAGER911 (big blind) showed [4c Ad] and won ($12.54) with a pair of Kings
Seat 2: Looosersulze (button) (small blind) showed [Jd 5s] and lost with a pair of Kings


PokerStars Hand #146665829750:  Hold'em Limit ($3/$6 USD) - 2016/01/08 3:05:41 ET
Table 'Neptune II' 2-max Seat #1 is the button
Seat 1: MAGER911 ($168.37 in chips)
Seat 2: Looosersulze ($5.40 in chips)
MAGER911: posts small blind $1
Looosersulze: posts big blind $3
*** HOLE CARDS ***
MAGER911: folds
Uncalled bet ($2) returned to Looosersulze
Looosersulze collected $2 from pot
Looosersulze: doesn't show hand
*** SUMMARY ***
Total pot $2 | Rake $0
Seat 1: MAGER911 (button) (small blind) folded before Flop
Seat 2: Looosersulze (big blind) collected ($2)


PokerStars Hand #146665822088:  Hold'em Limit ($3/$6 USD) - 2016/01/08 3:05:18 ET
Table 'Neptune II' 2-max Seat #2 is the button
Seat 1: MAGER911 ($168.48 in chips)
Seat 2: Looosersulze ($5.51 in chips)
Looosersulze: posts small blind $1
MAGER911: posts big blind $3
*** HOLE CARDS ***
Looosersulze: calls $2
MAGER911: checks
*** FLOP *** [8d 6s 7c]
MAGER911: bets $3
Looosersulze: calls $2.51 and is all-in
Uncalled bet ($0.49) returned to MAGER911
*** TURN *** [8d 6s 7c] [9s]
*** RIVER *** [8d 6s 7c 9s] [Td]
*** SHOW DOWN ***
MAGER911: shows [8s 3s] (a straight, Six to Ten)
Looosersulze: shows [As 7h] (a straight, Six to Ten)
MAGER911 collected $5.40 from pot
Looosersulze collected $5.40 from pot
*** SUMMARY ***
Total pot $11.02 | Rake $0.22
Board [8d 6s 7c 9s Td]
Seat 1: MAGER911 (big blind) showed [8s 3s] and won ($5.40) with a straight, Six to Ten
Seat 2: Looosersulze (button) (small blind) showed [As 7h] and won ($5.40) with a straight, Six to Ten


PokerStars Hand #146665813941:  Hold'em Limit ($3/$6 USD) - 2016/01/08 3:04:53 ET
Table 'Neptune II' 2-max Seat #1 is the button
Seat 1: MAGER911 ($141.98 in chips)
Seat 2: Looosersulze ($32.51 in chips)
MAGER911: posts small blind $1
Looosersulze: posts big blind $3
*** HOLE CARDS ***
MAGER911: raises $3 to $6
Looosersulze: calls $3
*** FLOP *** [9d Ts Th]
Looosersulze: bets $3
MAGER911: calls $3
*** TURN *** [9d Ts Th] [As]
Looosersulze: bets $6
MAGER911: calls $6
*** RIVER *** [9d Ts Th As] [Qd]
Looosersulze: bets $6
MAGER911: raises $6 to $12
Looosersulze: calls $6
*** SHOW DOWN ***
MAGER911: shows [Jc Kd] (a straight, Ten to Ace)
Looosersulze: mucks hand
MAGER911 collected $53.50 from pot
*** SUMMARY ***
Total pot $54 | Rake $0.50
Board [9d Ts Th As Qd]
Seat 1: MAGER911 (button) (small blind) showed [Jc Kd] and won ($53.50) with a straight, Ten to Ace
Seat 2: Looosersulze (big blind) mucked


