PokerStars Hand #167519708563:  Hold'em Limit ($3/$6 USD) - 2017/03/13 5:39:22 ET
Table 'Neptune' 6-max Seat #6 is the button
Seat 1: Agrotait ($72 in chips)
Seat 6: hooverr ($120 in chips)
hooverr: posts small blind $1
Agrotait: posts big blind $3
*** HOLE CARDS ***
hooverr: folds
Uncalled bet ($2) returned to Agrotait
Agrotait collected $2 from pot
Agrotait: doesn't show hand
*** SUMMARY ***
Total pot $2 | Rake $0
Seat 1: Agrotait (big blind) collected ($2)
Seat 6: hooverr (button) (small blind) folded before Flop


PokerStars Hand #167519718692:  Hold'em Limit ($3/$6 USD) - 2017/03/13 5:39:51 ET
Table 'Neptune' 6-max Seat #6 is the button
Seat 1: Agrotait ($78.76 in chips)
Seat 6: hooverr ($113 in chips)
hooverr: posts small blind $1
Agrotait: posts big blind $3
*** HOLE CARDS ***
hooverr: raises $3 to $6
Agrotait: calls $3
*** FLOP *** [Kd 2s Th]
Agrotait: checks
hooverr: bets $3
Agrotait: folds
Uncalled bet ($3) returned to hooverr
hooverr collected $11.76 from pot
hooverr: doesn't show hand
*** SUMMARY ***
Total pot $12 | Rake $0.24
Board [Kd 2s Th]
Seat 1: Agrotait (big blind) folded on the Flop
Seat 6: hooverr (button) (small blind) collected ($11.76)


PokerStars Hand #167519712548:  Hold'em Limit ($3/$6 USD) - 2017/03/13 5:39:33 ET
Table 'Neptune' 6-max Seat #1 is the button
Seat 1: Agrotait ($73 in chips)
Seat 6: hooverr ($119 in chips)
Agrotait: posts small blind $1
hooverr: posts big blind $3
*** HOLE CARDS ***
Agrotait: raises $3 to $6
hooverr: calls $3
*** FLOP *** [Ad 8s Jh]
hooverr: checks
Agrotait: bets $3
hooverr: folds
Uncalled bet ($3) returned to Agrotait
Agrotait collected $11.76 from pot
Agrotait: doesn't show hand
*** SUMMARY ***
Total pot $12 | Rake $0.24
Board [Ad 8s Jh]
Seat 1: Agrotait (button) (small blind) collected ($11.76)
Seat 6: hooverr (big blind) folded on the Flop


PokerStars Hand #167519724500:  Hold'em Limit ($3/$6 USD) - 2017/03/13 5:40:07 ET
Table 'Neptune' 6-max Seat #1 is the button
Seat 1: Agrotait ($72.76 in chips)
Seat 6: hooverr ($118.76 in chips)
Agrotait: posts small blind $1
hooverr: posts big blind $3
*** HOLE CARDS ***
Agrotait: raises $3 to $6
hooverr: calls $3
*** FLOP *** [8h Js 8s]
hooverr: checks
Agrotait: bets $3
hooverr: folds
Uncalled bet ($3) returned to Agrotait
Agrotait collected $11.76 from pot
Agrotait: doesn't show hand
*** SUMMARY ***
Total pot $12 | Rake $0.24
Board [8h Js 8s]
Seat 1: Agrotait (button) (small blind) collected ($11.76)
Seat 6: hooverr (big blind) folded on the Flop


PokerStars Hand #167519731936:  Hold'em Limit ($3/$6 USD) - 2017/03/13 5:40:29 ET
Table 'Neptune' 6-max Seat #6 is the button
Seat 1: Agrotait ($78.52 in chips)
Seat 6: hooverr ($112.76 in chips)
hooverr: posts small blind $1
Agrotait: posts big blind $3
*** HOLE CARDS ***
hooverr: raises $3 to $6
Agrotait: calls $3
*** FLOP *** [3d Ts 4c]
Agrotait: bets $3
hooverr: calls $3
*** TURN *** [3d Ts 4c] [Qh]
Agrotait: bets $6
hooverr: folds
Uncalled bet ($6) returned to Agrotait
Agrotait collected $17.64 from pot
Agrotait: doesn't show hand
*** SUMMARY ***
Total pot $18 | Rake $0.36
Board [3d Ts 4c Qh]
Seat 1: Agrotait (big blind) collected ($17.64)
Seat 6: hooverr (button) (small blind) folded on the Turn


PokerStars Hand #167519739518:  Hold'em Limit ($3/$6 USD) - 2017/03/13 5:40:50 ET
Table 'Neptune' 6-max Seat #1 is the button
Seat 1: Agrotait ($87.16 in chips)
Seat 6: hooverr ($103.76 in chips)
Agrotait: posts small blind $1
hooverr: posts big blind $3
*** HOLE CARDS ***
Agrotait: raises $3 to $6
hooverr: raises $3 to $9
Agrotait: calls $3
*** FLOP *** [5d 4d Ac]
hooverr: bets $3
Agrotait: calls $3
*** TURN *** [5d 4d Ac] [5s]
hooverr: bets $6
Agrotait: folds
Uncalled bet ($6) returned to hooverr
hooverr collected $23.52 from pot
hooverr: doesn't show hand
*** SUMMARY ***
Total pot $24 | Rake $0.48
Board [5d 4d Ac 5s]
Seat 1: Agrotait (button) (small blind) folded on the Turn
Seat 6: hooverr (big blind) collected ($23.52)


PokerStars Hand #167519749324:  Hold'em Limit ($3/$6 USD) - 2017/03/13 5:41:19 ET
Table 'Neptune' 6-max Seat #6 is the button
Seat 1: Agrotait ($75.16 in chips)
Seat 6: hooverr ($115.28 in chips)
hooverr: posts small blind $1
Agrotait: posts big blind $3
*** HOLE CARDS ***
hooverr: raises $3 to $6
Agrotait: calls $3
*** FLOP *** [3c 6s Qh]
Agrotait: checks
hooverr: checks
*** TURN *** [3c 6s Qh] [Jd]
Agrotait: bets $6
hooverr: folds
Uncalled bet ($6) returned to Agrotait
Agrotait collected $11.76 from pot
Agrotait: doesn't show hand
*** SUMMARY ***
Total pot $12 | Rake $0.24
Board [3c 6s Qh Jd]
Seat 1: Agrotait (big blind) collected ($11.76)
Seat 6: hooverr (button) (small blind) folded on the Turn


PokerStars Hand #167519766530:  Hold'em Limit ($3/$6 USD) - 2017/03/13 5:42:08 ET
Table 'Neptune' 6-max Seat #1 is the button
Seat 1: Agrotait ($72.92 in chips)
Seat 6: hooverr ($116.92 in chips)
Agrotait: posts small blind $1
hooverr: posts big blind $3
*** HOLE CARDS ***
Agrotait: raises $3 to $6
hooverr: raises $3 to $9
Agrotait: calls $3
*** FLOP *** [5c Qc Qs]
hooverr: bets $3
Agrotait: calls $3
*** TURN *** [5c Qc Qs] [Td]
hooverr: checks
Agrotait: bets $6
hooverr: calls $6
*** RIVER *** [5c Qc Qs Td] [Ts]
hooverr: checks
Agrotait: checks
*** SHOW DOWN ***
hooverr: shows [Js Jh] (two pair, Queens and Jacks)
Agrotait: mucks hand
hooverr collected $35.50 from pot
*** SUMMARY ***
Total pot $36 | Rake $0.50
Board [5c Qc Qs Td Ts]
Seat 1: Agrotait (button) (small blind) mucked
Seat 6: hooverr (big blind) showed [Js Jh] and won ($35.50) with two pair, Queens and Jacks


PokerStars Hand #167519764394:  Hold'em Limit ($3/$6 USD) - 2017/03/13 5:42:02 ET
Table 'Neptune' 6-max Seat #6 is the button
Seat 1: Agrotait ($71.92 in chips)
Seat 6: hooverr ($117.92 in chips)
hooverr: posts small blind $1
Agrotait: posts big blind $3
*** HOLE CARDS ***
hooverr: folds
Uncalled bet ($2) returned to Agrotait
Agrotait collected $2 from pot
Agrotait: doesn't show hand
*** SUMMARY ***
Total pot $2 | Rake $0
Seat 1: Agrotait (big blind) collected ($2)
Seat 6: hooverr (button) (small blind) folded before Flop


PokerStars Hand #167519755732:  Hold'em Limit ($3/$6 USD) - 2017/03/13 5:41:37 ET
Table 'Neptune' 6-max Seat #1 is the button
Seat 1: Agrotait ($80.92 in chips)
Seat 6: hooverr ($109.28 in chips)
Agrotait: posts small blind $1
hooverr: posts big blind $3
*** HOLE CARDS ***
Agrotait: raises $3 to $6
hooverr: calls $3
*** FLOP *** [4h Ad 3h]
hooverr: checks
Agrotait: bets $3
hooverr: calls $3
*** TURN *** [4h Ad 3h] [Th]
hooverr: checks
Agrotait: checks
*** RIVER *** [4h Ad 3h Th] [6c]
hooverr: checks
Agrotait: checks
*** SHOW DOWN ***
hooverr: shows [3s 5c] (a pair of Threes)
Agrotait: mucks hand
hooverr collected $17.64 from pot
*** SUMMARY ***
Total pot $18 | Rake $0.36
Board [4h Ad 3h Th 6c]
Seat 1: Agrotait (button) (small blind) mucked
Seat 6: hooverr (big blind) showed [3s 5c] and won ($17.64) with a pair of Threes


PokerStars Hand #167519792207:  Hold'em Limit ($3/$6 USD) - 2017/03/13 5:43:22 ET
Table 'Neptune' 6-max Seat #1 is the button
Seat 1: Agrotait ($72 in chips)
Seat 6: hooverr ($148.92 in chips)
Agrotait: posts small blind $1
hooverr: posts big blind $3
*** HOLE CARDS ***
Agrotait: raises $3 to $6
hooverr: folds
Uncalled bet ($3) returned to Agrotait
Agrotait collected $6 from pot
Agrotait: doesn't show hand
*** SUMMARY ***
Total pot $6 | Rake $0
Seat 1: Agrotait (button) (small blind) collected ($6)
Seat 6: hooverr (big blind) folded before Flop


PokerStars Hand #167519773000:  Hold'em Limit ($3/$6 USD) - 2017/03/13 5:42:27 ET
Table 'Neptune' 6-max Seat #6 is the button
Seat 1: Agrotait ($72 in chips)
Seat 6: hooverr ($134.42 in chips)
hooverr: posts small blind $1
Agrotait: posts big blind $3
*** HOLE CARDS ***
hooverr: raises $3 to $6
Agrotait: raises $3 to $9
hooverr: raises $3 to $12
Betting is capped
Agrotait: calls $3
*** FLOP *** [8h Ks 2c]
Agrotait: checks
hooverr: bets $3
Agrotait: calls $3
*** TURN *** [8h Ks 2c] [7c]
Agrotait: checks
hooverr: bets $6
Agrotait: folds
Uncalled bet ($6) returned to hooverr
hooverr collected $29.50 from pot
hooverr: doesn't show hand
*** SUMMARY ***
Total pot $30 | Rake $0.50
Board [8h Ks 2c 7c]
Seat 1: Agrotait (big blind) folded on the Turn
Seat 6: hooverr (button) (small blind) collected ($29.50)


PokerStars Hand #167519794334:  Hold'em Limit ($3/$6 USD) - 2017/03/13 5:43:28 ET
Table 'Neptune' 6-max Seat #6 is the button
Seat 1: Agrotait ($75 in chips)
Seat 6: hooverr ($145.92 in chips)
hooverr: posts small blind $1
Agrotait: posts big blind $3
*** HOLE CARDS ***
hooverr: raises $3 to $6
Agrotait is disconnected
Agrotait has timed out while disconnected
Agrotait: folds
Uncalled bet ($3) returned to hooverr
hooverr collected $6 from pot
hooverr: doesn't show hand
*** SUMMARY ***
Total pot $6 | Rake $0
Seat 1: Agrotait (big blind) folded before Flop
Seat 6: hooverr (button) (small blind) collected ($6)


