PokerStars Hand #169953366325:  Hold'em Limit ($3/$6 USD) - 2017/05/04 15:28:13 ET
Table 'Nerina' 6-max Seat #2 is the button
Seat 2: igorkabmw ($51.47 in chips)
Seat 4: Ziizou13 ($50.74 in chips)
igorkabmw: posts small blind $1
Ziizou13: posts big blind $3
*** HOLE CARDS ***
igorkabmw: calls $2
Ziizou13: raises $3 to $6
igorkabmw: calls $3
*** FLOP *** [8s 5s Js]
Ziizou13: bets $3
igorkabmw: raises $3 to $6
Ziizou13: calls $3
*** TURN *** [8s 5s Js] [3d]
Ziizou13: checks
igorkabmw: bets $6
Ziizou13: calls $6
*** RIVER *** [8s 5s Js 3d] [6s]
Ziizou13: checks
igorkabmw: bets $6
Ziizou13: calls $6
*** SHOW DOWN ***
igorkabmw: shows [Qh Kd] (high card King)
Ziizou13: shows [Ac 2s] (a flush, Jack high)
Ziizou13 collected $47.50 from pot
*** SUMMARY ***
Total pot $48 | Rake $0.50
Board [8s 5s Js 3d 6s]
Seat 2: igorkabmw (button) (small blind) showed [Qh Kd] and lost with high card King
Seat 4: Ziizou13 (big blind) showed [Ac 2s] and won ($47.50) with a flush, Jack high


PokerStars Hand #169953345473:  Hold'em Limit ($3/$6 USD) - 2017/05/04 15:27:51 ET
Table 'Nerina' 6-max Seat #4 is the button
Seat 2: igorkabmw ($39.95 in chips)
Seat 4: Ziizou13 ($62.74 in chips)
Ziizou13: posts small blind $1
GoliafUa: is sitting out
igorkabmw: posts big blind $3
*** HOLE CARDS ***
Ziizou13: raises $3 to $6
igorkabmw: raises $3 to $9
Ziizou13: calls $3
*** FLOP *** [3s Jh 7d]
igorkabmw: checks
Ziizou13: bets $3
igorkabmw: calls $3
*** TURN *** [3s Jh 7d] [5c]
igorkabmw: checks
Ziizou13: checks
*** RIVER *** [3s Jh 7d 5c] [5d]
igorkabmw: bets $6
Ziizou13: folds
Uncalled bet ($6) returned to igorkabmw
igorkabmw collected $23.52 from pot
*** SUMMARY ***
Total pot $24 | Rake $0.48
Board [3s Jh 7d 5c 5d]
Seat 2: igorkabmw (big blind) collected ($23.52)
Seat 4: Ziizou13 (button) (small blind) folded on the River


PokerStars Hand #169953384438:  Hold'em Limit ($3/$6 USD) - 2017/05/04 15:28:32 ET
Table 'Nerina' 6-max Seat #4 is the button
Seat 2: igorkabmw ($27.47 in chips)
Seat 4: Ziizou13 ($74.24 in chips)
Ziizou13: posts small blind $1
igorkabmw: posts big blind $3
*** HOLE CARDS ***
Ziizou13: raises $3 to $6
igorkabmw: calls $3
*** FLOP *** [Qc Ks 6s]
igorkabmw: checks
Ziizou13: bets $3
igorkabmw: calls $3
*** TURN *** [Qc Ks 6s] [5d]
igorkabmw: checks
Ziizou13: bets $6
igorkabmw: calls $6
*** RIVER *** [Qc Ks 6s 5d] [9s]
igorkabmw: bets $6
Ziizou13: raises $6 to $12
igorkabmw: calls $6
*** SHOW DOWN ***
Ziizou13: shows [Js 5s] (a flush, King high)
igorkabmw: mucks hand
Ziizou13 collected $53.50 from pot
*** SUMMARY ***
Total pot $54 | Rake $0.50
Board [Qc Ks 6s 5d 9s]
Seat 2: igorkabmw (big blind) mucked
Seat 4: Ziizou13 (button) (small blind) showed [Js 5s] and won ($53.50) with a flush, King high


PokerStars Hand #169965191592:  Hold'em Limit ($3/$6 USD) - 2017/05/04 19:40:57 ET
Table 'Nerina' 6-max Seat #2 is the button
Seat 1: RaisemyNut$ ($221.87 in chips)
Seat 2: Qvidde ($114 in chips)
Qvidde: posts small blind $1
RaisemyNut$: posts big blind $3
*** HOLE CARDS ***
Qvidde: raises $3 to $6
RaisemyNut$: calls $3
*** FLOP *** [7c 9c Ks]
RaisemyNut$: checks
Qvidde: bets $3
RaisemyNut$: folds
Uncalled bet ($3) returned to Qvidde
Qvidde collected $11.76 from pot
Qvidde: doesn't show hand
*** SUMMARY ***
Total pot $12 | Rake $0.24
Board [7c 9c Ks]
Seat 1: RaisemyNut$ (big blind) folded on the Flop
Seat 2: Qvidde (button) (small blind) collected ($11.76)


PokerStars Hand #169965179558:  Hold'em Limit ($3/$6 USD) - 2017/05/04 19:40:35 ET
Table 'Nerina' 6-max Seat #1 is the button
Seat 1: RaisemyNut$ ($216.11 in chips)
Seat 2: Qvidde ($120 in chips)
RaisemyNut$: posts small blind $1
Qvidde: posts big blind $3
*** HOLE CARDS ***
RaisemyNut$: raises $3 to $6
Qvidde: calls $3
*** FLOP *** [Ks 5d Qh]
Qvidde: checks
RaisemyNut$: bets $3
Qvidde: folds
Uncalled bet ($3) returned to RaisemyNut$
RaisemyNut$ collected $11.76 from pot
RaisemyNut$: doesn't show hand
*** SUMMARY ***
Total pot $12 | Rake $0.24
Board [Ks 5d Qh]
Seat 1: RaisemyNut$ (button) (small blind) collected ($11.76)
Seat 2: Qvidde (big blind) folded on the Flop


