PokerStars Hand #173905430820:  Hold'em Limit ($3/$6 USD) - 2017/08/04 8:28:42 ET
Table 'Nerina' 10-max Seat #10 is the button
Seat 2: Ale4o ($119 in chips)
Seat 10: nordschrott ($49 in chips)
nordschrott: posts small blind $1
Ale4o: posts big blind $3
*** HOLE CARDS ***
nordschrott: calls $2
Ale4o: checks
*** FLOP *** [Th 7c 5d]
Ale4o: bets $3
nordschrott: calls $3
*** TURN *** [Th 7c 5d] [5s]
Ale4o: bets $6
Zooshark joins the table at seat #5
nordschrott: calls $6
*** RIVER *** [Th 7c 5d 5s] [9d]
Ale4o: bets $6
nordschrott: folds
Uncalled bet ($6) returned to Ale4o
Ale4o collected $23.52 from pot
Ale4o: doesn't show hand
*** SUMMARY ***
Total pot $24 | Rake $0.48
Board [Th 7c 5d 5s 9d]
Seat 2: Ale4o (big blind) collected ($23.52)
Seat 10: nordschrott (button) (small blind) folded on the River


PokerStars Hand #173905482335:  Hold'em Limit ($3/$6 USD) - 2017/08/04 8:30:38 ET
Table 'Nerina' 10-max Seat #2 is the button
Seat 2: Ale4o ($139.08 in chips)
Seat 5: Zooshark ($134.94 in chips)
Ale4o: posts small blind $1
Zooshark: posts big blind $3
*** HOLE CARDS ***
Ale4o: folds
Uncalled bet ($2) returned to Zooshark
Zooshark collected $2 from pot
Zooshark: doesn't show hand
*** SUMMARY ***
Total pot $2 | Rake $0
Seat 2: Ale4o (button) (small blind) folded before Flop
Seat 5: Zooshark (big blind) collected ($2)


PokerStars Hand #173905478225:  Hold'em Limit ($3/$6 USD) - 2017/08/04 8:30:29 ET
Table 'Nerina' 10-max Seat #2 is the button
Seat 2: Ale4o ($139.08 in chips)
Seat 5: Zooshark ($134.94 in chips)
Ale4o: posts small blind $1
Zooshark: posts big blind $3
*** HOLE CARDS ***
nordschrott leaves the table
Ale4o: folds
Uncalled bet ($2) returned to Zooshark
Zooshark collected $2 from pot
Zooshark: doesn't show hand
*** SUMMARY ***
Total pot $2 | Rake $0
Seat 2: Ale4o (button) (small blind) folded before Flop
Seat 5: Zooshark (big blind) collected ($2)


PokerStars Hand #173905475571:  Hold'em Limit ($3/$6 USD) - 2017/08/04 8:30:23 ET
Table 'Nerina' 10-max Seat #5 is the button
Seat 2: Ale4o ($138.08 in chips)
Seat 5: Zooshark ($135.94 in chips)
Zooshark: posts small blind $1
Ale4o: posts big blind $3
*** HOLE CARDS ***
Zooshark: folds
Uncalled bet ($2) returned to Ale4o
Ale4o collected $2 from pot
Ale4o: doesn't show hand
*** SUMMARY ***
Total pot $2 | Rake $0
Seat 2: Ale4o (big blind) collected ($2)
Seat 5: Zooshark (button) (small blind) folded before Flop


PokerStars Hand #173905490079:  Hold'em Limit ($3/$6 USD) - 2017/08/04 8:30:56 ET
Table 'Nerina' 10-max Seat #2 is the button
Seat 2: Ale4o ($146.72 in chips)
Seat 5: Zooshark ($126.94 in chips)
Ale4o: posts small blind $1
Zooshark: posts big blind $3
*** HOLE CARDS ***
Ale4o: raises $3 to $6
Zooshark: raises $3 to $9
Ale4o: calls $3
*** FLOP *** [6d 5s Qh]
Zooshark: bets $3
Ale4o: calls $3
*** TURN *** [6d 5s Qh] [9c]
Zooshark: bets $6
Ale4o: raises $6 to $12
Zooshark: calls $6
*** RIVER *** [6d 5s Qh 9c] [Td]
Zooshark: checks
Ale4o: checks
*** SHOW DOWN ***
Zooshark: shows [Qs Ah] (a pair of Queens)
Ale4o: mucks hand
Zooshark collected $47.50 from pot
*** SUMMARY ***
Total pot $48 | Rake $0.50
Board [6d 5s Qh 9c Td]
Seat 2: Ale4o (button) (small blind) mucked
Seat 5: Zooshark (big blind) showed [Qs Ah] and won ($47.50) with a pair of Queens


PokerStars Hand #173905500552:  Hold'em Limit ($3/$6 USD) - 2017/08/04 8:31:19 ET
Table 'Nerina' 10-max Seat #5 is the button
Seat 2: Ale4o ($122.72 in chips)
Seat 5: Zooshark ($150.44 in chips)
Zooshark: posts small blind $1
Ale4o: posts big blind $3
*** HOLE CARDS ***
Zooshark: calls $2
Ale4o: raises $3 to $6
Zooshark: calls $3
*** FLOP *** [Qd 8h 8c]
Ale4o: bets $3
Zooshark: raises $3 to $6
Ale4o: calls $3
*** TURN *** [Qd 8h 8c] [9d]
Ale4o: checks
Zooshark: bets $6
Ale4o: folds
Uncalled bet ($6) returned to Zooshark
Zooshark collected $23.52 from pot
Zooshark: doesn't show hand
*** SUMMARY ***
Total pot $24 | Rake $0.48
Board [Qd 8h 8c 9d]
Seat 2: Ale4o (big blind) folded on the Turn
Seat 5: Zooshark (button) (small blind) collected ($23.52)


PokerStars Hand #173905484145:  Hold'em Limit ($3/$6 USD) - 2017/08/04 8:30:42 ET
Table 'Nerina' 10-max Seat #5 is the button
Seat 2: Ale4o ($138.08 in chips)
Seat 5: Zooshark ($135.94 in chips)
Zooshark: posts small blind $1
Ale4o: posts big blind $3
*** HOLE CARDS ***
Zooshark: raises $3 to $6
Ale4o: calls $3
*** FLOP *** [7c 6d 6s]
Ale4o: checks
Zooshark: bets $3
Ale4o: raises $3 to $6
Zooshark: folds
Uncalled bet ($3) returned to Ale4o
Ale4o collected $17.64 from pot
Ale4o: doesn't show hand
*** SUMMARY ***
Total pot $18 | Rake $0.36
Board [7c 6d 6s]
Seat 2: Ale4o (big blind) collected ($17.64)
Seat 5: Zooshark (button) (small blind) folded on the Flop


PokerStars Hand #173905525793:  Hold'em Limit ($3/$6 USD) - 2017/08/04 8:32:16 ET
Table 'Nerina' 10-max Seat #2 is the button
Seat 2: Ale4o ($107.48 in chips)
Seat 5: Zooshark ($164.60 in chips)
Ale4o: posts small blind $1
Zooshark: posts big blind $3
*** HOLE CARDS ***
Ale4o: folds
Uncalled bet ($2) returned to Zooshark
Zooshark collected $2 from pot
Zooshark: doesn't show hand
*** SUMMARY ***
Total pot $2 | Rake $0
Seat 2: Ale4o (button) (small blind) folded before Flop
Seat 5: Zooshark (big blind) collected ($2)


PokerStars Hand #173905519882:  Hold'em Limit ($3/$6 USD) - 2017/08/04 8:32:03 ET
Table 'Nerina' 10-max Seat #5 is the button
Seat 2: Ale4o ($101.72 in chips)
Seat 5: Zooshark ($170.60 in chips)
Zooshark: posts small blind $1
Ale4o: posts big blind $3
*** HOLE CARDS ***
Zooshark: raises $3 to $6
Ale4o: calls $3
*** FLOP *** [5c 4s 8h]
Ale4o: checks
Zooshark: checks
*** TURN *** [5c 4s 8h] [8c]
Ale4o: bets $6
Zooshark: folds
Uncalled bet ($6) returned to Ale4o
Ale4o collected $11.76 from pot
Ale4o: doesn't show hand
*** SUMMARY ***
Total pot $12 | Rake $0.24
Board [5c 4s 8h 8c]
Seat 2: Ale4o (big blind) collected ($11.76)
Seat 5: Zooshark (button) (small blind) folded on the Turn


PokerStars Hand #173905511273:  Hold'em Limit ($3/$6 USD) - 2017/08/04 8:31:43 ET
Table 'Nerina' 10-max Seat #2 is the button
Seat 2: Ale4o ($110.72 in chips)
Seat 5: Zooshark ($161.96 in chips)
Ale4o: posts small blind $1
Zooshark: posts big blind $3
*** HOLE CARDS ***
Ale4o: raises $3 to $6
Zooshark: calls $3
*** FLOP *** [Ks Kd 9c]
Zooshark: checks
Ale4o: bets $3
Zooshark: calls $3
*** TURN *** [Ks Kd 9c] [Td]
Zooshark: checks
Ale4o: checks
*** RIVER *** [Ks Kd 9c Td] [3c]
Zooshark: bets $6
Ale4o: folds
Uncalled bet ($6) returned to Zooshark
Zooshark collected $17.64 from pot
Zooshark: doesn't show hand
*** SUMMARY ***
Total pot $18 | Rake $0.36
Board [Ks Kd 9c Td 3c]
Seat 2: Ale4o (button) (small blind) folded on the River
Seat 5: Zooshark (big blind) collected ($17.64)


PokerStars Hand #173905527934:  Hold'em Limit ($3/$6 USD) - 2017/08/04 8:32:21 ET
Table 'Nerina' 10-max Seat #5 is the button
Seat 2: Ale4o ($106.48 in chips)
Seat 5: Zooshark ($165.60 in chips)
Zooshark: posts small blind $1
Ale4o: posts big blind $3
*** HOLE CARDS ***
Zooshark: raises $3 to $6
Ale4o: raises $3 to $9
Zooshark: calls $3
*** FLOP *** [3h 7d 6h]
Ale4o: bets $3
Zooshark: calls $3
*** TURN *** [3h 7d 6h] [Qc]
Ale4o: bets $6
Zooshark: calls $6
*** RIVER *** [3h 7d 6h Qc] [3s]
Ale4o: bets $6
Zooshark: folds
Uncalled bet ($6) returned to Ale4o
Ale4o collected $35.50 from pot
Ale4o: doesn't show hand
*** SUMMARY ***
Total pot $36 | Rake $0.50
Board [3h 7d 6h Qc 3s]
Seat 2: Ale4o (big blind) collected ($35.50)
Seat 5: Zooshark (button) (small blind) folded on the River


PokerStars Hand #173905536484:  Hold'em Limit ($3/$6 USD) - 2017/08/04 8:32:40 ET
Table 'Nerina' 10-max Seat #2 is the button
Seat 2: Ale4o ($123.98 in chips)
Seat 5: Zooshark ($147.60 in chips)
Ale4o: posts small blind $1
Zooshark: posts big blind $3
*** HOLE CARDS ***
Ale4o: raises $3 to $6
Zooshark: calls $3
*** FLOP *** [Ah 6c 9d]
Zooshark: checks
Ale4o: bets $3
Zooshark: folds
Uncalled bet ($3) returned to Ale4o
Ale4o collected $11.76 from pot
Ale4o: doesn't show hand
*** SUMMARY ***
Total pot $12 | Rake $0.24
Board [Ah 6c 9d]
Seat 2: Ale4o (button) (small blind) collected ($11.76)
Seat 5: Zooshark (big blind) folded on the Flop


PokerStars Hand #173905549041:  Hold'em Limit ($3/$6 USD) - 2017/08/04 8:33:08 ET
Table 'Nerina' 10-max Seat #2 is the button
Seat 2: Ale4o ($120.74 in chips)
Seat 5: Zooshark ($150.24 in chips)
Ale4o: posts small blind $1
Zooshark: posts big blind $3
*** HOLE CARDS ***
Ale4o: raises $3 to $6
Zooshark: calls $3
*** FLOP *** [2c Ts 8d]
Zooshark: checks
Ale4o: bets $3
Zooshark: folds
Uncalled bet ($3) returned to Ale4o
Ale4o collected $11.76 from pot
Ale4o: doesn't show hand
*** SUMMARY ***
Total pot $12 | Rake $0.24
Board [2c Ts 8d]
Seat 2: Ale4o (button) (small blind) collected ($11.76)
Seat 5: Zooshark (big blind) folded on the Flop


PokerStars Hand #173905541066:  Hold'em Limit ($3/$6 USD) - 2017/08/04 8:32:50 ET
Table 'Nerina' 10-max Seat #5 is the button
Seat 2: Ale4o ($129.74 in chips)
Seat 5: Zooshark ($141.60 in chips)
Zooshark: posts small blind $1
Ale4o: posts big blind $3
*** HOLE CARDS ***
Zooshark: calls $2
Ale4o: raises $3 to $6
Zooshark: calls $3
*** FLOP *** [Js 9c 5c]
Ale4o: checks
Zooshark: bets $3
Ale4o: calls $3
*** TURN *** [Js 9c 5c] [Th]
Ale4o: checks
Zooshark: bets $6
Ale4o: folds
Uncalled bet ($6) returned to Zooshark
Zooshark collected $17.64 from pot
Zooshark: doesn't show hand
*** SUMMARY ***
Total pot $18 | Rake $0.36
Board [Js 9c 5c Th]
Seat 2: Ale4o (big blind) folded on the Turn
Seat 5: Zooshark (button) (small blind) collected ($17.64)


PokerStars Hand #173905553986:  Hold'em Limit ($3/$6 USD) - 2017/08/04 8:33:19 ET
Table 'Nerina' 10-max Seat #5 is the button
Seat 2: Ale4o ($126.50 in chips)
Seat 5: Zooshark ($144.24 in chips)
Zooshark: posts small blind $1
Ale4o: posts big blind $3
*** HOLE CARDS ***
Zooshark: raises $3 to $6
Ale4o: calls $3
*** FLOP *** [5d 2s Kd]
Ale4o: checks
Zooshark: bets $3
Ale4o: folds
Uncalled bet ($3) returned to Zooshark
Zooshark collected $11.76 from pot
Zooshark: doesn't show hand
*** SUMMARY ***
Total pot $12 | Rake $0.24
Board [5d 2s Kd]
Seat 2: Ale4o (big blind) folded on the Flop
Seat 5: Zooshark (button) (small blind) collected ($11.76)


PokerStars Hand #173905573740:  Hold'em Limit ($3/$6 USD) - 2017/08/04 8:34:03 ET
Table 'Nerina' 10-max Seat #2 is the button
Seat 2: Ale4o ($137.78 in chips)
Seat 5: Zooshark ($132 in chips)
Ale4o: posts small blind $1
Zooshark: posts big blind $3
*** HOLE CARDS ***
Ale4o: raises $3 to $6
Zooshark: calls $3
*** FLOP *** [Ac Qc 6h]
Zooshark: checks
Ale4o: checks
*** TURN *** [Ac Qc 6h] [2d]
Zooshark: checks
Ale4o: checks
*** RIVER *** [Ac Qc 6h 2d] [Ts]
Zooshark: bets $6
Ale4o: calls $6
*** SHOW DOWN ***
Zooshark: shows [Kd 5d] (high card Ace)
Ale4o: shows [Kh 5c] (high card Ace)
Zooshark collected $11.76 from pot
Ale4o collected $11.76 from pot
*** SUMMARY ***
Total pot $24 | Rake $0.48
Board [Ac Qc 6h 2d Ts]
Seat 2: Ale4o (button) (small blind) showed [Kh 5c] and won ($11.76) with high card Ace
Seat 5: Zooshark (big blind) showed [Kd 5d] and won ($11.76) with high card Ace


PokerStars Hand #173905559141:  Hold'em Limit ($3/$6 USD) - 2017/08/04 8:33:30 ET
Table 'Nerina' 10-max Seat #2 is the button
Seat 2: Ale4o ($120.50 in chips)
Seat 5: Zooshark ($150 in chips)
Ale4o: posts small blind $1
Zooshark: posts big blind $3
*** HOLE CARDS ***
Ale4o: raises $3 to $6
Zooshark: calls $3
*** FLOP *** [8s Ah Kh]
Zooshark: checks
Ale4o: checks
*** TURN *** [8s Ah Kh] [4d]
Zooshark: bets $6
Ale4o: calls $6
*** RIVER *** [8s Ah Kh 4d] [8d]
Zooshark: checks
Ale4o: bets $6
Zooshark: folds
Uncalled bet ($6) returned to Ale4o
Ale4o collected $23.52 from pot
Ale4o: doesn't show hand
*** SUMMARY ***
Total pot $24 | Rake $0.48
Board [8s Ah Kh 4d 8d]
Seat 2: Ale4o (button) (small blind) collected ($23.52)
Seat 5: Zooshark (big blind) folded on the River


PokerStars Hand #173905568572:  Hold'em Limit ($3/$6 USD) - 2017/08/04 8:33:51 ET
Table 'Nerina' 10-max Seat #5 is the button
Seat 2: Ale4o ($132.02 in chips)
Seat 5: Zooshark ($138 in chips)
Zooshark: posts small blind $1
Ale4o: posts big blind $3
*** HOLE CARDS ***
Zooshark: raises $3 to $6
Ale4o: calls $3
*** FLOP *** [Th 4h 7c]
Ale4o: bets $3
Zooshark: folds
Uncalled bet ($3) returned to Ale4o
Ale4o collected $11.76 from pot
Ale4o: doesn't show hand
*** SUMMARY ***
Total pot $12 | Rake $0.24
Board [Th 4h 7c]
Seat 2: Ale4o (big blind) collected ($11.76)
Seat 5: Zooshark (button) (small blind) folded on the Flop


PokerStars Hand #173905591687:  Hold'em Limit ($3/$6 USD) - 2017/08/04 8:34:43 ET
Table 'Nerina' 10-max Seat #2 is the button
Seat 2: Ale4o ($113.54 in chips)
Seat 5: Zooshark ($155.26 in chips)
Ale4o: posts small blind $1
Zooshark: posts big blind $3
*** HOLE CARDS ***
Ale4o: raises $3 to $6
Zooshark: calls $3
*** FLOP *** [3c 6d 2d]
Zooshark: checks
Ale4o: checks
*** TURN *** [3c 6d 2d] [5h]
Zooshark: bets $6
Ale4o: calls $6
*** RIVER *** [3c 6d 2d 5h] [6c]
Zooshark: bets $6
Ale4o: folds
Uncalled bet ($6) returned to Zooshark
Zooshark collected $23.52 from pot
Zooshark: doesn't show hand
*** SUMMARY ***
Total pot $24 | Rake $0.48
Board [3c 6d 2d 5h 6c]
Seat 2: Ale4o (button) (small blind) folded on the River
Seat 5: Zooshark (big blind) collected ($23.52)


PokerStars Hand #173905604363:  Hold'em Limit ($3/$6 USD) - 2017/08/04 8:35:11 ET
Table 'Nerina' 10-max Seat #5 is the button
Seat 2: Ale4o ($101.54 in chips)
Seat 5: Zooshark ($166.78 in chips)
Zooshark: posts small blind $1
Ale4o: posts big blind $3
*** HOLE CARDS ***
Zooshark: raises $3 to $6
Ale4o: calls $3
*** FLOP *** [5d 5h 8d]
Ale4o: checks
Zooshark: bets $3
Ale4o: calls $3
*** TURN *** [5d 5h 8d] [2h]
Ale4o: checks
Zooshark: bets $6
Ale4o: calls $6
*** RIVER *** [5d 5h 8d 2h] [5s]
Ale4o: checks
Zooshark: checks
*** SHOW DOWN ***
Ale4o: shows [9h 7s] (three of a kind, Fives)
Zooshark: mucks hand
Ale4o collected $29.50 from pot
*** SUMMARY ***
Total pot $30 | Rake $0.50
Board [5d 5h 8d 2h 5s]
Seat 2: Ale4o (big blind) showed [9h 7s] and won ($29.50) with three of a kind, Fives
Seat 5: Zooshark (button) (small blind) mucked


PokerStars Hand #173905602322:  Hold'em Limit ($3/$6 USD) - 2017/08/04 8:35:06 ET
Table 'Nerina' 10-max Seat #2 is the button
Seat 2: Ale4o ($102.54 in chips)
Seat 5: Zooshark ($165.78 in chips)
Ale4o: posts small blind $1
Zooshark: posts big blind $3
*** HOLE CARDS ***
Ale4o: folds
Uncalled bet ($2) returned to Zooshark
Zooshark collected $2 from pot
Zooshark: doesn't show hand
*** SUMMARY ***
Total pot $2 | Rake $0
Seat 2: Ale4o (button) (small blind) folded before Flop
Seat 5: Zooshark (big blind) collected ($2)


PokerStars Hand #173905614261:  Hold'em Limit ($3/$6 USD) - 2017/08/04 8:35:33 ET
Table 'Nerina' 10-max Seat #5 is the button
Seat 2: Ale4o ($119.04 in chips)
Seat 5: Zooshark ($148.78 in chips)
Zooshark: posts small blind $1
Ale4o: posts big blind $3
*** HOLE CARDS ***
Zooshark: raises $3 to $6
Ale4o: calls $3
*** FLOP *** [5d 6c 4d]
Ale4o: checks
Zooshark: checks
*** TURN *** [5d 6c 4d] [6h]
Ale4o: bets $6
Zooshark: calls $6
*** RIVER *** [5d 6c 4d 6h] [9c]
Ale4o: checks
Zooshark: checks
*** SHOW DOWN ***
Ale4o: shows [Kc 8d] (a pair of Sixes)
Zooshark: shows [Ac 3d] (a pair of Sixes - Ace kicker)
Zooshark collected $23.52 from pot
*** SUMMARY ***
Total pot $24 | Rake $0.48
Board [5d 6c 4d 6h 9c]
Seat 2: Ale4o (big blind) showed [Kc 8d] and lost with a pair of Sixes
Seat 5: Zooshark (button) (small blind) showed [Ac 3d] and won ($23.52) with a pair of Sixes


PokerStars Hand #173905625148:  Hold'em Limit ($3/$6 USD) - 2017/08/04 8:35:57 ET
Table 'Nerina' 10-max Seat #5 is the button
Seat 2: Ale4o ($106.04 in chips)
Seat 5: Zooshark ($161.30 in chips)
Zooshark: posts small blind $1
Ale4o: posts big blind $3
*** HOLE CARDS ***
Zooshark: raises $3 to $6
Ale4o: calls $3
*** FLOP *** [7s 9h Qc]
Ale4o: checks
Zooshark: checks
*** TURN *** [7s 9h Qc] [Td]
Ale4o: bets $6
Zooshark: calls $6
*** RIVER *** [7s 9h Qc Td] [Jh]
Ale4o: checks
Zooshark: bets $6
Ale4o: folds
Uncalled bet ($6) returned to Zooshark
Zooshark collected $23.52 from pot
Zooshark: doesn't show hand
*** SUMMARY ***
Total pot $24 | Rake $0.48
Board [7s 9h Qc Td Jh]
Seat 2: Ale4o (big blind) folded on the River
Seat 5: Zooshark (button) (small blind) collected ($23.52)


PokerStars Hand #173905633451:  Hold'em Limit ($3/$6 USD) - 2017/08/04 8:36:15 ET
Table 'Nerina' 10-max Seat #2 is the button
Seat 2: Ale4o ($94.04 in chips)
Seat 5: Zooshark ($172.82 in chips)
Ale4o: posts small blind $1
Zooshark: posts big blind $3
*** HOLE CARDS ***
Ale4o: raises $3 to $6
Zooshark: calls $3
*** FLOP *** [3h 9c As]
Zooshark: checks
Ale4o: bets $3
Zooshark: calls $3
*** TURN *** [3h 9c As] [Jd]
Zooshark: checks
Ale4o: checks
*** RIVER *** [3h 9c As Jd] [6d]
Zooshark: bets $6
Ale4o: folds
Uncalled bet ($6) returned to Zooshark
Zooshark collected $17.64 from pot
Zooshark: doesn't show hand
*** SUMMARY ***
Total pot $18 | Rake $0.36
Board [3h 9c As Jd 6d]
Seat 2: Ale4o (button) (small blind) folded on the River
Seat 5: Zooshark (big blind) collected ($17.64)


PokerStars Hand #173905642996:  Hold'em Limit ($3/$6 USD) - 2017/08/04 8:36:36 ET
Table 'Nerina' 10-max Seat #5 is the button
Seat 2: Ale4o ($85.04 in chips)
Seat 5: Zooshark ($181.46 in chips)
Zooshark: posts small blind $1
Ale4o: posts big blind $3
*** HOLE CARDS ***
Zooshark: raises $3 to $6
Ale4o: calls $3
*** FLOP *** [2s 6h Qd]
Ale4o: checks
Zooshark: checks
*** TURN *** [2s 6h Qd] [Kd]
Ale4o: bets $6
Zooshark: calls $6
*** RIVER *** [2s 6h Qd Kd] [2d]
Ale4o: bets $6
Zooshark: calls $6
*** SHOW DOWN ***
Ale4o: shows [6d Jd] (a flush, King high)
Zooshark: mucks hand
Ale4o collected $35.50 from pot
*** SUMMARY ***
Total pot $36 | Rake $0.50
Board [2s 6h Qd Kd 2d]
Seat 2: Ale4o (big blind) showed [6d Jd] and won ($35.50) with a flush, King high
Seat 5: Zooshark (button) (small blind) mucked


PokerStars Hand #173905658263:  Hold'em Limit ($3/$6 USD) - 2017/08/04 8:37:10 ET
Table 'Nerina' 10-max Seat #5 is the button
Seat 2: Ale4o ($105.54 in chips)
Seat 5: Zooshark ($160.46 in chips)
Zooshark: posts small blind $1
Ale4o: posts big blind $3
*** HOLE CARDS ***
Zooshark: raises $3 to $6
Ale4o: calls $3
*** FLOP *** [Ad Jc 4s]
Ale4o: checks
Zooshark: bets $3
Ale4o: calls $3
*** TURN *** [Ad Jc 4s] [2d]
Ale4o: checks
Zooshark: bets $6
Ale4o: calls $6
*** RIVER *** [Ad Jc 4s 2d] [Jh]
Ale4o: checks
Zooshark: bets $6
Ale4o: calls $6
*** SHOW DOWN ***
Zooshark: shows [Qs 8h] (a pair of Jacks)
Ale4o: shows [4h Ks] (two pair, Jacks and Fours)
Ale4o collected $41.50 from pot
*** SUMMARY ***
Total pot $42 | Rake $0.50
Board [Ad Jc 4s 2d Jh]
Seat 2: Ale4o (big blind) showed [4h Ks] and won ($41.50) with two pair, Jacks and Fours
Seat 5: Zooshark (button) (small blind) showed [Qs 8h] and lost with a pair of Jacks


PokerStars Hand #173905655554:  Hold'em Limit ($3/$6 USD) - 2017/08/04 8:37:04 ET
Table 'Nerina' 10-max Seat #2 is the button
Seat 2: Ale4o ($102.54 in chips)
Seat 5: Zooshark ($163.46 in chips)
Ale4o: posts small blind $1
Zooshark: posts big blind $3
*** HOLE CARDS ***
Ale4o: raises $3 to $6
Zooshark: folds
Uncalled bet ($3) returned to Ale4o
Ale4o collected $6 from pot
Ale4o: doesn't show hand
*** SUMMARY ***
Total pot $6 | Rake $0
Seat 2: Ale4o (button) (small blind) collected ($6)
Seat 5: Zooshark (big blind) folded before Flop


PokerStars Hand #173905653070:  Hold'em Limit ($3/$6 USD) - 2017/08/04 8:36:58 ET
Table 'Nerina' 10-max Seat #5 is the button
Seat 2: Ale4o ($101.54 in chips)
Seat 5: Zooshark ($164.46 in chips)
Zooshark: posts small blind $1
Ale4o: posts big blind $3
*** HOLE CARDS ***
Zooshark: folds
Uncalled bet ($2) returned to Ale4o
Ale4o collected $2 from pot
Ale4o: doesn't show hand
*** SUMMARY ***
Total pot $2 | Rake $0
Seat 2: Ale4o (big blind) collected ($2)
Seat 5: Zooshark (button) (small blind) folded before Flop


PokerStars Hand #173905651120:  Hold'em Limit ($3/$6 USD) - 2017/08/04 8:36:54 ET
Table 'Nerina' 10-max Seat #2 is the button
Seat 2: Ale4o ($102.54 in chips)
Seat 5: Zooshark ($163.46 in chips)
Ale4o: posts small blind $1
Zooshark: posts big blind $3
*** HOLE CARDS ***
Ale4o: folds
Uncalled bet ($2) returned to Zooshark
Zooshark collected $2 from pot
Zooshark: doesn't show hand
*** SUMMARY ***
Total pot $2 | Rake $0
Seat 2: Ale4o (button) (small blind) folded before Flop
Seat 5: Zooshark (big blind) collected ($2)


PokerStars Hand #173905668474:  Hold'em Limit ($3/$6 USD) - 2017/08/04 8:37:33 ET
Table 'Nerina' 10-max Seat #5 is the button
Seat 2: Ale4o ($125.04 in chips)
Seat 5: Zooshark ($140.46 in chips)
Zooshark: posts small blind $1
Ale4o: posts big blind $3
*** HOLE CARDS ***
Zooshark: raises $3 to $6
Ale4o: calls $3
*** FLOP *** [Tc 6h 4c]
Ale4o: checks
Zooshark: checks
*** TURN *** [Tc 6h 4c] [2s]
Ale4o: checks
Zooshark: bets $6
Ale4o: calls $6
*** RIVER *** [Tc 6h 4c 2s] [8h]
Ale4o: checks
Zooshark: checks
*** SHOW DOWN ***
Ale4o: shows [5h Kh] (high card King)
Zooshark: mucks hand
Ale4o collected $23.52 from pot
*** SUMMARY ***
Total pot $24 | Rake $0.48
Board [Tc 6h 4c 2s 8h]
Seat 2: Ale4o (big blind) showed [5h Kh] and won ($23.52) with high card King
Seat 5: Zooshark (button) (small blind) mucked


PokerStars Hand #173905675889:  Hold'em Limit ($3/$6 USD) - 2017/08/04 8:37:49 ET
Table 'Nerina' 10-max Seat #2 is the button
Seat 2: Ale4o ($136.56 in chips)
Seat 5: Zooshark ($128.46 in chips)
Ale4o: posts small blind $1
Zooshark: posts big blind $3
*** HOLE CARDS ***
Ale4o: raises $3 to $6
Zooshark: raises $3 to $9
Ale4o: calls $3
*** FLOP *** [2s 8s 7d]
Zooshark: bets $3
Ale4o: calls $3
*** TURN *** [2s 8s 7d] [8d]
Zooshark: checks
Ale4o: bets $6
Zooshark: calls $6
*** RIVER *** [2s 8s 7d 8d] [3s]
Zooshark: checks
Ale4o: bets $6
Zooshark: calls $6
*** SHOW DOWN ***
Ale4o: shows [7c Ac] (two pair, Eights and Sevens)
Zooshark: mucks hand
Ale4o collected $47.50 from pot
*** SUMMARY ***
Total pot $48 | Rake $0.50
Board [2s 8s 7d 8d 3s]
Seat 2: Ale4o (button) (small blind) showed [7c Ac] and won ($47.50) with two pair, Eights and Sevens
Seat 5: Zooshark (big blind) mucked


PokerStars Hand #173905686243:  Hold'em Limit ($3/$6 USD) - 2017/08/04 8:38:12 ET
Table 'Nerina' 10-max Seat #5 is the button
Seat 2: Ale4o ($160.06 in chips)
Seat 5: Zooshark ($104.46 in chips)
Zooshark: posts small blind $1
Ale4o: posts big blind $3
*** HOLE CARDS ***
Zooshark: folds
Uncalled bet ($2) returned to Ale4o
Ale4o collected $2 from pot
Ale4o: doesn't show hand
*** SUMMARY ***
Total pot $2 | Rake $0
Seat 2: Ale4o (big blind) collected ($2)
Seat 5: Zooshark (button) (small blind) folded before Flop


PokerStars Hand #173905688403:  Hold'em Limit ($3/$6 USD) - 2017/08/04 8:38:17 ET
Table 'Nerina' 10-max Seat #2 is the button
Seat 2: Ale4o ($161.06 in chips)
Seat 5: Zooshark ($103.46 in chips)
Ale4o: posts small blind $1
Zooshark: posts big blind $3
*** HOLE CARDS ***
Ale4o: raises $3 to $6
Zooshark: calls $3
*** FLOP *** [Qd As 4c]
Zooshark: checks
Ale4o: checks
*** TURN *** [Qd As 4c] [Ts]
Zooshark: bets $6
Ale4o: calls $6
*** RIVER *** [Qd As 4c Ts] [Kd]
Zooshark: bets $6
Ale4o: raises $6 to $12
Zooshark: folds
Uncalled bet ($6) returned to Ale4o
Ale4o collected $35.50 from pot
Ale4o: doesn't show hand
*** SUMMARY ***
Total pot $36 | Rake $0.50
Board [Qd As 4c Ts Kd]
Seat 2: Ale4o (button) (small blind) collected ($35.50)
Seat 5: Zooshark (big blind) folded on the River


PokerStars Hand #173905705526:  Hold'em Limit ($3/$6 USD) - 2017/08/04 8:38:55 ET
Table 'Nerina' 10-max Seat #5 is the button
Seat 2: Ale4o ($184.44 in chips)
Seat 5: Zooshark ($79.46 in chips)
Zooshark: posts small blind $1
Ale4o: posts big blind $3
*** HOLE CARDS ***
Zooshark: raises $3 to $6
Ale4o: calls $3
*** FLOP *** [3h 2h Qh]
Ale4o: bets $3
Zooshark: folds
Uncalled bet ($3) returned to Ale4o
Ale4o collected $11.76 from pot
Ale4o: doesn't show hand
*** SUMMARY ***
Total pot $12 | Rake $0.24
Board [3h 2h Qh]
Seat 2: Ale4o (big blind) collected ($11.76)
Seat 5: Zooshark (button) (small blind) folded on the Flop


PokerStars Hand #173905702861:  Hold'em Limit ($3/$6 USD) - 2017/08/04 8:38:49 ET
Table 'Nerina' 10-max Seat #2 is the button
Seat 2: Ale4o ($181.44 in chips)
Seat 5: Zooshark ($82.46 in chips)
Ale4o: posts small blind $1
Zooshark: posts big blind $3
*** HOLE CARDS ***
Ale4o: raises $3 to $6
Zooshark: folds
Uncalled bet ($3) returned to Ale4o
Ale4o collected $6 from pot
Ale4o: doesn't show hand
*** SUMMARY ***
Total pot $6 | Rake $0
Seat 2: Ale4o (button) (small blind) collected ($6)
Seat 5: Zooshark (big blind) folded before Flop


PokerStars Hand #173905698024:  Hold'em Limit ($3/$6 USD) - 2017/08/04 8:38:38 ET
Table 'Nerina' 10-max Seat #5 is the button
Seat 2: Ale4o ($178.56 in chips)
Seat 5: Zooshark ($85.46 in chips)
Zooshark: posts small blind $1
Ale4o: posts big blind $3
*** HOLE CARDS ***
Zooshark: calls $2
Ale4o: checks
*** FLOP *** [Kc Qs 8h]
Ale4o: bets $3
Zooshark: folds
Uncalled bet ($3) returned to Ale4o
Ale4o collected $5.88 from pot
Ale4o: doesn't show hand
*** SUMMARY ***
Total pot $6 | Rake $0.12
Board [Kc Qs 8h]
Seat 2: Ale4o (big blind) collected ($5.88)
Seat 5: Zooshark (button) (small blind) folded on the Flop


PokerStars Hand #173905709883:  Hold'em Limit ($3/$6 USD) - 2017/08/04 8:39:04 ET
Table 'Nerina' 10-max Seat #2 is the button
Seat 2: Ale4o ($190.20 in chips)
Seat 5: Zooshark ($73.46 in chips)
Ale4o: posts small blind $1
Zooshark: posts big blind $3
*** HOLE CARDS ***
Ale4o: raises $3 to $6
Zooshark: raises $3 to $9
Ale4o: calls $3
*** FLOP *** [5h Ad 8c]
Zooshark: bets $3
Ale4o: calls $3
*** TURN *** [5h Ad 8c] [7s]
Zooshark: checks
Ale4o: checks
*** RIVER *** [5h Ad 8c 7s] [Qd]
Zooshark: bets $6
Ale4o: raises $6 to $12
Zooshark: folds
Uncalled bet ($6) returned to Ale4o
Ale4o collected $35.50 from pot
Ale4o: doesn't show hand
*** SUMMARY ***
Total pot $36 | Rake $0.50
Board [5h Ad 8c 7s Qd]
Seat 2: Ale4o (button) (small blind) collected ($35.50)
Seat 5: Zooshark (big blind) folded on the River


PokerStars Hand #173905718528:  Hold'em Limit ($3/$6 USD) - 2017/08/04 8:39:24 ET
Table 'Nerina' 10-max Seat #5 is the button
Seat 2: Ale4o ($207.70 in chips)
Seat 5: Zooshark ($55.46 in chips)
Zooshark: posts small blind $1
Ale4o: posts big blind $3
*** HOLE CARDS ***
Zooshark: raises $3 to $6
Ale4o: calls $3
*** FLOP *** [Qd 6d Kh]
Ale4o: checks
Zooshark: bets $3
Ale4o: folds
Uncalled bet ($3) returned to Zooshark
Zooshark collected $11.76 from pot
Zooshark: doesn't show hand
*** SUMMARY ***
Total pot $12 | Rake $0.24
Board [Qd 6d Kh]
Seat 2: Ale4o (big blind) folded on the Flop
Seat 5: Zooshark (button) (small blind) collected ($11.76)


PokerStars Hand #173905740142:  Hold'em Limit ($3/$6 USD) - 2017/08/04 8:40:11 ET
Table 'Nerina' 10-max Seat #5 is the button
Seat 2: Ale4o ($182.70 in chips)
Seat 5: Zooshark ($79.72 in chips)
Zooshark: posts small blind $1
Ale4o: posts big blind $3
*** HOLE CARDS ***
Zooshark: raises $3 to $6
Ale4o: calls $3
*** FLOP *** [9c Jh Ad]
Ale4o: checks
Zooshark: bets $3
Ale4o: calls $3
*** TURN *** [9c Jh Ad] [Ks]
Ale4o: checks
Zooshark: bets $6
Ale4o: raises $6 to $12
Zooshark: calls $6
*** RIVER *** [9c Jh Ad Ks] [2c]
Ale4o: bets $6
Zooshark: calls $6
*** SHOW DOWN ***
Ale4o: shows [Kd 9d] (two pair, Kings and Nines)
Zooshark: mucks hand
Ale4o collected $53.50 from pot
*** SUMMARY ***
Total pot $54 | Rake $0.50
Board [9c Jh Ad Ks 2c]
Seat 2: Ale4o (big blind) showed [Kd 9d] and won ($53.50) with two pair, Kings and Nines
Seat 5: Zooshark (button) (small blind) mucked


PokerStars Hand #173905738342:  Hold'em Limit ($3/$6 USD) - 2017/08/04 8:40:07 ET
Table 'Nerina' 10-max Seat #2 is the button
Seat 2: Ale4o ($183.70 in chips)
Seat 5: Zooshark ($78.72 in chips)
Ale4o: posts small blind $1
Zooshark: posts big blind $3
*** HOLE CARDS ***
Ale4o: folds
Uncalled bet ($2) returned to Zooshark
Zooshark collected $2 from pot
Zooshark: doesn't show hand
*** SUMMARY ***
Total pot $2 | Rake $0
Seat 2: Ale4o (button) (small blind) folded before Flop
Seat 5: Zooshark (big blind) collected ($2)


PokerStars Hand #173905735430:  Hold'em Limit ($3/$6 USD) - 2017/08/04 8:40:01 ET
Table 'Nerina' 10-max Seat #5 is the button
Seat 2: Ale4o ($186.70 in chips)
Seat 5: Zooshark ($75.72 in chips)
Zooshark: posts small blind $1
Ale4o: posts big blind $3
*** HOLE CARDS ***
Zooshark: raises $3 to $6
Ale4o: folds
Uncalled bet ($3) returned to Zooshark
Zooshark collected $6 from pot
Zooshark: doesn't show hand
*** SUMMARY ***
Total pot $6 | Rake $0
Seat 2: Ale4o (big blind) folded before Flop
Seat 5: Zooshark (button) (small blind) collected ($6)


PokerStars Hand #173905723644:  Hold'em Limit ($3/$6 USD) - 2017/08/04 8:39:35 ET
Table 'Nerina' 10-max Seat #2 is the button
Seat 2: Ale4o ($201.70 in chips)
Seat 5: Zooshark ($61.22 in chips)
Ale4o: posts small blind $1
Zooshark: posts big blind $3
*** HOLE CARDS ***
Ale4o: raises $3 to $6
Zooshark: calls $3
*** FLOP *** [Ac 2d 9h]
Zooshark: checks
Ale4o: bets $3
Zooshark: raises $3 to $6
Ale4o: raises $3 to $9
Zooshark: calls $3
*** TURN *** [Ac 2d 9h] [7d]
Zooshark: checks
Ale4o: checks
*** RIVER *** [Ac 2d 9h 7d] [8c]
Zooshark: bets $6
Ale4o: folds
Uncalled bet ($6) returned to Zooshark
Zooshark collected $29.50 from pot
Zooshark: doesn't show hand
*** SUMMARY ***
Total pot $30 | Rake $0.50
Board [Ac 2d 9h 7d 8c]
Seat 2: Ale4o (button) (small blind) folded on the River
Seat 5: Zooshark (big blind) collected ($29.50)


PokerStars Hand #173905771375:  Hold'em Limit ($3/$6 USD) - 2017/08/04 8:41:20 ET
Table 'Nerina' 10-max Seat #2 is the button
Seat 2: Ale4o ($216.70 in chips)
Seat 5: Zooshark ($44.24 in chips)
Ale4o: posts small blind $1
Zooshark: posts big blind $3
*** HOLE CARDS ***
Ale4o: folds
Uncalled bet ($2) returned to Zooshark
Zooshark collected $2 from pot
Zooshark: doesn't show hand
*** SUMMARY ***
Total pot $2 | Rake $0
Seat 2: Ale4o (button) (small blind) folded before Flop
Seat 5: Zooshark (big blind) collected ($2)


PokerStars Hand #173905765690:  Hold'em Limit ($3/$6 USD) - 2017/08/04 8:41:07 ET
Table 'Nerina' 10-max Seat #5 is the button
Seat 2: Ale4o ($222.70 in chips)
Seat 5: Zooshark ($38.48 in chips)
Zooshark: posts small blind $1
Ale4o: posts big blind $3
*** HOLE CARDS ***
Zooshark: raises $3 to $6
Ale4o: calls $3
*** FLOP *** [Tc Th 7c]
Ale4o: checks
Zooshark: bets $3
Ale4o: folds
Uncalled bet ($3) returned to Zooshark
Zooshark collected $11.76 from pot
Zooshark: doesn't show hand
*** SUMMARY ***
Total pot $12 | Rake $0.24
Board [Tc Th 7c]
Seat 2: Ale4o (big blind) folded on the Flop
Seat 5: Zooshark (button) (small blind) collected ($11.76)


PokerStars Hand #173905758107:  Hold'em Limit ($3/$6 USD) - 2017/08/04 8:40:50 ET
Table 'Nerina' 10-max Seat #5 is the button
Seat 2: Ale4o ($229.70 in chips)
Seat 5: Zooshark ($31.72 in chips)
Zooshark: posts small blind $1
Ale4o: posts big blind $3
*** HOLE CARDS ***
Zooshark: raises $3 to $6
Ale4o: calls $3
*** FLOP *** [Ks Ac As]
Ale4o: checks
Zooshark: checks
*** TURN *** [Ks Ac As] [Jh]
Ale4o: checks
Zooshark: bets $6
Ale4o: folds
Uncalled bet ($6) returned to Zooshark
Zooshark collected $11.76 from pot
Zooshark: doesn't show hand
*** SUMMARY ***
Total pot $12 | Rake $0.24
Board [Ks Ac As Jh]
Seat 2: Ale4o (big blind) folded on the Turn
Seat 5: Zooshark (button) (small blind) collected ($11.76)


PokerStars Hand #173905748350:  Hold'em Limit ($3/$6 USD) - 2017/08/04 8:40:29 ET
Table 'Nerina' 10-max Seat #2 is the button
Seat 2: Ale4o ($209.20 in chips)
Seat 5: Zooshark ($52.72 in chips)
Ale4o: posts small blind $1
Zooshark: posts big blind $3
*** HOLE CARDS ***
Ale4o: raises $3 to $6
Zooshark: calls $3
*** FLOP *** [Th Ah Jd]
Zooshark: checks
Ale4o: bets $3
Zooshark: calls $3
*** TURN *** [Th Ah Jd] [5c]
Zooshark: checks
Ale4o: bets $6
Zooshark: calls $6
*** RIVER *** [Th Ah Jd 5c] [Td]
Zooshark: bets $6
Ale4o: calls $6
*** SHOW DOWN ***
Zooshark: shows [Jc 6d] (two pair, Jacks and Tens)
Ale4o: shows [Ac 5h] (two pair, Aces and Tens)
Ale4o collected $41.50 from pot
*** SUMMARY ***
Total pot $42 | Rake $0.50
Board [Th Ah Jd 5c Td]
Seat 2: Ale4o (button) (small blind) showed [Ac 5h] and won ($41.50) with two pair, Aces and Tens
Seat 5: Zooshark (big blind) showed [Jc 6d] and lost with two pair, Jacks and Tens


PokerStars Hand #173905780359:  Hold'em Limit ($3/$6 USD) - 2017/08/04 8:41:39 ET
Table 'Nerina' 10-max Seat #2 is the button
Seat 2: Ale4o ($194.70 in chips)
Seat 5: Zooshark ($65.74 in chips)
Ale4o: posts small blind $1
Zooshark: posts big blind $3
*** HOLE CARDS ***
Ale4o: raises $3 to $6
Zooshark: folds
Uncalled bet ($3) returned to Ale4o
Ale4o collected $6 from pot
Ale4o: doesn't show hand
*** SUMMARY ***
Total pot $6 | Rake $0
Seat 2: Ale4o (button) (small blind) collected ($6)
Seat 5: Zooshark (big blind) folded before Flop


PokerStars Hand #173905773314:  Hold'em Limit ($3/$6 USD) - 2017/08/04 8:41:24 ET
Table 'Nerina' 10-max Seat #5 is the button
Seat 2: Ale4o ($215.70 in chips)
Seat 5: Zooshark ($45.24 in chips)
Zooshark: posts small blind $1
Ale4o: posts big blind $3
*** HOLE CARDS ***
Zooshark: raises $3 to $6
Ale4o: calls $3
*** FLOP *** [Kd 5d 3d]
Ale4o: bets $3
Zooshark: calls $3
*** TURN *** [Kd 5d 3d] [7d]
Ale4o: bets $6
Zooshark: calls $6
*** RIVER *** [Kd 5d 3d 7d] [4d]
Ale4o: bets $6
Zooshark: calls $6
*** SHOW DOWN ***
Ale4o: shows [6c 8h] (a flush, King high)
Zooshark: shows [6s 6d] (a straight flush, Three to Seven)
Zooshark collected $41.50 from pot
*** SUMMARY ***
Total pot $42 | Rake $0.50
Board [Kd 5d 3d 7d 4d]
Seat 2: Ale4o (big blind) showed [6c 8h] and lost with a flush, King high
Seat 5: Zooshark (button) (small blind) showed [6s 6d] and won ($41.50) with a straight flush, Three to Seven


PokerStars Hand #173905791346:  Hold'em Limit ($3/$6 USD) - 2017/08/04 8:42:03 ET
Table 'Nerina' 10-max Seat #5 is the button
Seat 2: Ale4o ($209.34 in chips)
Seat 5: Zooshark ($50.74 in chips)
Zooshark: posts small blind $1
Ale4o: posts big blind $3
*** HOLE CARDS ***
Zooshark: raises $3 to $6
Ale4o: calls $3
*** FLOP *** [Kh Td Qs]
Ale4o: checks
Zooshark: checks
*** TURN *** [Kh Td Qs] [7h]
Ale4o: checks
Zooshark: bets $6
Ale4o: folds
Uncalled bet ($6) returned to Zooshark
Zooshark collected $11.76 from pot
Zooshark: doesn't show hand
*** SUMMARY ***
Total pot $12 | Rake $0.24
Board [Kh Td Qs 7h]
Seat 2: Ale4o (big blind) folded on the Turn
Seat 5: Zooshark (button) (small blind) collected ($11.76)


PokerStars Hand #173905788687:  Hold'em Limit ($3/$6 USD) - 2017/08/04 8:41:57 ET
Table 'Nerina' 10-max Seat #2 is the button
Seat 2: Ale4o ($206.34 in chips)
Seat 5: Zooshark ($53.74 in chips)
Ale4o: posts small blind $1
Zooshark: posts big blind $3
*** HOLE CARDS ***
Ale4o: raises $3 to $6
Zooshark: folds
Uncalled bet ($3) returned to Ale4o
Ale4o collected $6 from pot
Ale4o: doesn't show hand
*** SUMMARY ***
Total pot $6 | Rake $0
Seat 2: Ale4o (button) (small blind) collected ($6)
Seat 5: Zooshark (big blind) folded before Flop


PokerStars Hand #173905783400:  Hold'em Limit ($3/$6 USD) - 2017/08/04 8:41:46 ET
Table 'Nerina' 10-max Seat #5 is the button
Seat 2: Ale4o ($197.70 in chips)
Seat 5: Zooshark ($62.74 in chips)
Zooshark: posts small blind $1
Ale4o: posts big blind $3
*** HOLE CARDS ***
Zooshark: raises $3 to $6
Ale4o: raises $3 to $9
Zooshark: calls $3
*** FLOP *** [8c Jc 6s]
Ale4o: bets $3
Zooshark: folds
Uncalled bet ($3) returned to Ale4o
Ale4o collected $17.64 from pot
Ale4o: doesn't show hand
*** SUMMARY ***
Total pot $18 | Rake $0.36
Board [8c Jc 6s]
Seat 2: Ale4o (big blind) collected ($17.64)
Seat 5: Zooshark (button) (small blind) folded on the Flop


PokerStars Hand #173905797025:  Hold'em Limit ($3/$6 USD) - 2017/08/04 8:42:15 ET
Table 'Nerina' 10-max Seat #2 is the button
Seat 2: Ale4o ($203.34 in chips)
Seat 5: Zooshark ($56.50 in chips)
Ale4o: posts small blind $1
Zooshark: posts big blind $3
*** HOLE CARDS ***
Ale4o: raises $3 to $6
Zooshark: calls $3
*** FLOP *** [Qc 9c 4h]
Zooshark: checks
Ale4o: bets $3
Zooshark: raises $3 to $6
Ale4o: raises $3 to $9
Zooshark: folds
Uncalled bet ($3) returned to Ale4o
Ale4o collected $23.52 from pot
Ale4o: doesn't show hand
*** SUMMARY ***
Total pot $24 | Rake $0.48
Board [Qc 9c 4h]
Seat 2: Ale4o (button) (small blind) collected ($23.52)
Seat 5: Zooshark (big blind) folded on the Flop


PokerStars Hand #173905816332:  Hold'em Limit ($3/$6 USD) - 2017/08/04 8:42:57 ET
Table 'Nerina' 10-max Seat #2 is the button
Seat 2: Ale4o ($190.86 in chips)
Seat 5: Zooshark ($68 in chips)
Ale4o: posts small blind $1
Zooshark: posts big blind $3
*** HOLE CARDS ***
Ale4o: raises $3 to $6
Zooshark: calls $3
*** FLOP *** [Js Ts 4d]
Zooshark: bets $3
Ale4o: calls $3
*** TURN *** [Js Ts 4d] [5c]
Zooshark: bets $6
Ale4o: calls $6
*** RIVER *** [Js Ts 4d 5c] [Kd]
Zooshark: bets $6
Ale4o: folds
Uncalled bet ($6) returned to Zooshark
Zooshark collected $29.50 from pot
Zooshark: doesn't show hand
*** SUMMARY ***
Total pot $30 | Rake $0.50
Board [Js Ts 4d 5c Kd]
Seat 2: Ale4o (button) (small blind) folded on the River
Seat 5: Zooshark (big blind) collected ($29.50)


PokerStars Hand #173905806382:  Hold'em Limit ($3/$6 USD) - 2017/08/04 8:42:36 ET
Table 'Nerina' 10-max Seat #5 is the button
Seat 2: Ale4o ($214.86 in chips)
Seat 5: Zooshark ($44.50 in chips)
Zooshark: posts small blind $1
Ale4o: posts big blind $3
*** HOLE CARDS ***
Zooshark: raises $3 to $6
Ale4o: calls $3
*** FLOP *** [3d Kc 2h]
Ale4o: checks
Zooshark: bets $3
Ale4o: raises $3 to $6
Zooshark: calls $3
*** TURN *** [3d Kc 2h] [Jd]
Ale4o: bets $6
Zooshark: calls $6
*** RIVER *** [3d Kc 2h Jd] [8c]
Ale4o: checks
Zooshark: bets $6
Ale4o: calls $6
*** SHOW DOWN ***
Zooshark: shows [9c 9s] (a pair of Nines)
Ale4o: mucks hand
Zooshark collected $47.50 from pot
*** SUMMARY ***
Total pot $48 | Rake $0.50
Board [3d Kc 2h Jd 8c]
Seat 2: Ale4o (big blind) mucked
Seat 5: Zooshark (button) (small blind) showed [9c 9s] and won ($47.50) with a pair of Nines


PokerStars Hand #173905824758:  Hold'em Limit ($3/$6 USD) - 2017/08/04 8:43:15 ET
Table 'Nerina' 10-max Seat #5 is the button
Seat 2: Ale4o ($175.86 in chips)
Seat 5: Zooshark ($82.50 in chips)
Zooshark: posts small blind $1
Ale4o: posts big blind $3
*** HOLE CARDS ***
Zooshark: raises $3 to $6
Ale4o: calls $3
*** FLOP *** [4d 6d Tc]
Ale4o: checks
Zooshark: bets $3
Ale4o: calls $3
*** TURN *** [4d 6d Tc] [Kh]
Ale4o: checks
Zooshark: checks
*** RIVER *** [4d 6d Tc Kh] [6c]
Ale4o: bets $6
Zooshark: folds
Uncalled bet ($6) returned to Ale4o
Ale4o collected $17.64 from pot
Ale4o: doesn't show hand
*** SUMMARY ***
Total pot $18 | Rake $0.36
Board [4d 6d Tc Kh 6c]
Seat 2: Ale4o (big blind) collected ($17.64)
Seat 5: Zooshark (button) (small blind) folded on the River


PokerStars Hand #173905849964:  Hold'em Limit ($3/$6 USD) - 2017/08/04 8:44:09 ET
Table 'Nerina' 10-max Seat #2 is the button
Seat 2: Ale4o ($199 in chips)
Seat 5: Zooshark ($58.50 in chips)
Ale4o: posts small blind $1
Zooshark: posts big blind $3
*** HOLE CARDS ***
Ale4o: raises $3 to $6
Zooshark: calls $3
*** FLOP *** [8c Ah 4h]
Zooshark: checks
Ale4o: bets $3
Zooshark: calls $3
*** TURN *** [8c Ah 4h] [5c]
Zooshark: checks
Ale4o: bets $6
Zooshark: calls $6
*** RIVER *** [8c Ah 4h 5c] [6d]
Zooshark: bets $6
Ale4o: calls $6
*** SHOW DOWN ***
Zooshark: shows [8h 6s] (two pair, Eights and Sixes)
Ale4o: mucks hand
Zooshark collected $41.50 from pot
*** SUMMARY ***
Total pot $42 | Rake $0.50
Board [8c Ah 4h 5c 6d]
Seat 2: Ale4o (button) (small blind) mucked
Seat 5: Zooshark (big blind) showed [8h 6s] and won ($41.50) with two pair, Eights and Sixes


PokerStars Hand #173905847166:  Hold'em Limit ($3/$6 USD) - 2017/08/04 8:44:03 ET
Table 'Nerina' 10-max Seat #5 is the button
Seat 2: Ale4o ($202 in chips)
Seat 5: Zooshark ($55.50 in chips)
Zooshark: posts small blind $1
Ale4o: posts big blind $3
*** HOLE CARDS ***
Zooshark: raises $3 to $6
Ale4o: folds
Uncalled bet ($3) returned to Zooshark
Zooshark collected $6 from pot
Zooshark: doesn't show hand
*** SUMMARY ***
Total pot $6 | Rake $0
Seat 2: Ale4o (big blind) folded before Flop
Seat 5: Zooshark (button) (small blind) collected ($6)


PokerStars Hand #173905843332:  Hold'em Limit ($3/$6 USD) - 2017/08/04 8:43:55 ET
Table 'Nerina' 10-max Seat #2 is the button
Seat 2: Ale4o ($199 in chips)
Seat 5: Zooshark ($58.50 in chips)
Ale4o: posts small blind $1
Zooshark: posts big blind $3
*** HOLE CARDS ***
Ale4o: raises $3 to $6
Zooshark: folds
Uncalled bet ($3) returned to Ale4o
Ale4o collected $6 from pot
Ale4o: doesn't show hand
*** SUMMARY ***
Total pot $6 | Rake $0
Seat 2: Ale4o (button) (small blind) collected ($6)
Seat 5: Zooshark (big blind) folded before Flop


PokerStars Hand #173905840296:  Hold'em Limit ($3/$6 USD) - 2017/08/04 8:43:48 ET
Table 'Nerina' 10-max Seat #5 is the button
Seat 2: Ale4o ($202 in chips)
Seat 5: Zooshark ($55.50 in chips)
Zooshark: posts small blind $1
Ale4o: posts big blind $3
*** HOLE CARDS ***
Zooshark: raises $3 to $6
Ale4o: folds
Uncalled bet ($3) returned to Zooshark
Zooshark collected $6 from pot
Zooshark: doesn't show hand
*** SUMMARY ***
Total pot $6 | Rake $0
Seat 2: Ale4o (big blind) folded before Flop
Seat 5: Zooshark (button) (small blind) collected ($6)


PokerStars Hand #173905831987:  Hold'em Limit ($3/$6 USD) - 2017/08/04 8:43:31 ET
Table 'Nerina' 10-max Seat #2 is the button
Seat 2: Ale4o ($184.50 in chips)
Seat 5: Zooshark ($73.50 in chips)
Ale4o: posts small blind $1
Zooshark: posts big blind $3
*** HOLE CARDS ***
Ale4o: raises $3 to $6
Zooshark: raises $3 to $9
Ale4o: calls $3
*** FLOP *** [Kd 8d 5c]
Zooshark: bets $3
Ale4o: calls $3
*** TURN *** [Kd 8d 5c] [Ac]
Zooshark: bets $6
Ale4o: raises $6 to $12
Zooshark: folds
Uncalled bet ($6) returned to Ale4o
Ale4o collected $35.50 from pot
Ale4o: doesn't show hand
*** SUMMARY ***
Total pot $36 | Rake $0.50
Board [Kd 8d 5c Ac]
Seat 2: Ale4o (button) (small blind) collected ($35.50)
Seat 5: Zooshark (big blind) folded on the Turn


PokerStars Hand #173905860191:  Hold'em Limit ($3/$6 USD) - 2017/08/04 8:44:31 ET
Table 'Nerina' 10-max Seat #5 is the button
Seat 2: Ale4o ($178 in chips)
Seat 5: Zooshark ($79 in chips)
Zooshark: posts small blind $1
Ale4o: posts big blind $3
*** HOLE CARDS ***
Great_Kang joins the table at seat #6
Zooshark: calls $2
Ale4o: raises $3 to $6
Zooshark: calls $3
*** FLOP *** [5h 6d Ts]
Ale4o: bets $3
Zooshark: raises $3 to $6
Ale4o: raises $3 to $9
Zooshark: calls $3
*** TURN *** [5h 6d Ts] [4h]
Ale4o: bets $6
Zooshark: calls $6
*** RIVER *** [5h 6d Ts 4h] [6c]
Ale4o: checks
Zooshark: bets $6
Ale4o: calls $6
*** SHOW DOWN ***
Zooshark: shows [Th 3h] (two pair, Tens and Sixes)
Ale4o: shows [Jd Jc] (two pair, Jacks and Sixes)
Ale4o collected $53.50 from pot
*** SUMMARY ***
Total pot $54 | Rake $0.50
Board [5h 6d Ts 4h 6c]
Seat 2: Ale4o (big blind) showed [Jd Jc] and won ($53.50) with two pair, Jacks and Sixes
Seat 5: Zooshark (button) (small blind) showed [Th 3h] and lost with two pair, Tens and Sixes


PokerStars Hand #173905870531:  Hold'em Limit ($3/$6 USD) - 2017/08/04 8:44:54 ET
Table 'Nerina' 10-max Seat #2 is the button
Seat 2: Ale4o ($204.50 in chips)
Seat 5: Zooshark ($52 in chips)
Ale4o: posts small blind $1
Zooshark: posts big blind $3
*** HOLE CARDS ***
Ale4o: raises $3 to $6
Zooshark: raises $3 to $9
Ale4o: calls $3
*** FLOP *** [Jd 7s Js]
Zooshark: bets $3
Ale4o: folds
Uncalled bet ($3) returned to Zooshark
Zooshark collected $17.64 from pot
Zooshark: doesn't show hand
*** SUMMARY ***
Total pot $18 | Rake $0.36
Board [Jd 7s Js]
Seat 2: Ale4o (button) (small blind) folded on the Flop
Seat 5: Zooshark (big blind) collected ($17.64)


PokerStars Hand #173905916961:  Hold'em Limit ($3/$6 USD) - 2017/08/04 8:46:33 ET
Table 'Nerina' 10-max Seat #5 is the button
Seat 5: Zooshark ($82.47 in chips)
Seat 6: Great_Kang ($128.64 in chips)
Zooshark: posts small blind $1
Great_Kang: posts big blind $3
*** HOLE CARDS ***
Zooshark: raises $3 to $6
Great_Kang: calls $3
*** FLOP *** [8c Kd Qs]
Great_Kang: checks
Zooshark: bets $3
Great_Kang: folds
Uncalled bet ($3) returned to Zooshark
Zooshark collected $11.76 from pot
Zooshark: doesn't show hand
*** SUMMARY ***
Total pot $12 | Rake $0.24
Board [8c Kd Qs]
Seat 5: Zooshark (button) (small blind) collected ($11.76)
Seat 6: Great_Kang (big blind) folded on the Flop


PokerStars Hand #173905906320:  Hold'em Limit ($3/$6 USD) - 2017/08/04 8:46:10 ET
Table 'Nerina' 10-max Seat #6 is the button
Seat 5: Zooshark ($91.47 in chips)
Seat 6: Great_Kang ($120 in chips)
Great_Kang: posts small blind $1
Ale4o: is sitting out
Zooshark: posts big blind $3
*** HOLE CARDS ***
Ale4o leaves the table
Great_Kang: raises $3 to $6
Zooshark: calls $3
*** FLOP *** [7d Qh Ks]
Zooshark: bets $3
Great_Kang: calls $3
*** TURN *** [7d Qh Ks] [Ad]
Zooshark: checks
Great_Kang: bets $6
Zooshark: folds
Uncalled bet ($6) returned to Great_Kang
Great_Kang collected $17.64 from pot
Great_Kang: doesn't show hand
*** SUMMARY ***
Total pot $18 | Rake $0.36
Board [7d Qh Ks Ad]
Seat 5: Zooshark (big blind) folded on the Turn
Seat 6: Great_Kang (button) (small blind) collected ($17.64)


PokerStars Hand #173905935590:  Hold'em Limit ($3/$6 USD) - 2017/08/04 8:47:12 ET
Table 'Nerina' 10-max Seat #6 is the button
Seat 5: Zooshark ($77.23 in chips)
Seat 6: Great_Kang ($133.16 in chips)
Great_Kang: posts small blind $1
Zooshark: posts big blind $3
*** HOLE CARDS ***
Great_Kang: raises $3 to $6
Zooshark: calls $3
*** FLOP *** [7s Jd 4d]
Zooshark: bets $3
Great_Kang: calls $3
*** TURN *** [7s Jd 4d] [Ts]
Zooshark: bets $6
Great_Kang: raises $6 to $12
Zooshark: calls $6
*** RIVER *** [7s Jd 4d Ts] [Qc]
Zooshark: checks
Great_Kang: checks
*** SHOW DOWN ***
Zooshark: shows [9c Kh] (a straight, Nine to King)
Great_Kang: mucks hand
Zooshark collected $41.50 from pot
*** SUMMARY ***
Total pot $42 | Rake $0.50
Board [7s Jd 4d Ts Qc]
Seat 5: Zooshark (big blind) showed [9c Kh] and won ($41.50) with a straight, Nine to King
Seat 6: Great_Kang (button) (small blind) mucked


PokerStars Hand #173905927039:  Hold'em Limit ($3/$6 USD) - 2017/08/04 8:46:54 ET
Table 'Nerina' 10-max Seat #5 is the button
Seat 5: Zooshark ($89.23 in chips)
Seat 6: Great_Kang ($121.64 in chips)
Zooshark: posts small blind $1
Great_Kang: posts big blind $3
*** HOLE CARDS ***
Zooshark: raises $3 to $6
Great_Kang: calls $3
*** FLOP *** [3s 2c Ks]
Great_Kang: checks
Zooshark: bets $3
Great_Kang: raises $3 to $6
Zooshark: calls $3
*** TURN *** [3s 2c Ks] [5s]
Great_Kang: bets $6
Zooshark: folds
Uncalled bet ($6) returned to Great_Kang
Great_Kang collected $23.52 from pot
Great_Kang: doesn't show hand
*** SUMMARY ***
Total pot $24 | Rake $0.48
Board [3s 2c Ks 5s]
Seat 5: Zooshark (button) (small blind) folded on the Turn
Seat 6: Great_Kang (big blind) collected ($23.52)


PokerStars Hand #173905923601:  Hold'em Limit ($3/$6 USD) - 2017/08/04 8:46:47 ET
Table 'Nerina' 10-max Seat #6 is the button
Seat 5: Zooshark ($88.23 in chips)
Seat 6: Great_Kang ($122.64 in chips)
Great_Kang: posts small blind $1
Zooshark: posts big blind $3
*** HOLE CARDS ***
Great_Kang: folds
Uncalled bet ($2) returned to Zooshark
Zooshark collected $2 from pot
Zooshark: doesn't show hand
*** SUMMARY ***
Total pot $2 | Rake $0
Seat 5: Zooshark (big blind) collected ($2)
Seat 6: Great_Kang (button) (small blind) folded before Flop


PokerStars Hand #173905969647:  Hold'em Limit ($3/$6 USD) - 2017/08/04 8:48:25 ET
Table 'Nerina' 10-max Seat #6 is the button
Seat 5: Zooshark ($82.73 in chips)
Seat 6: Great_Kang ($137.28 in chips)
Great_Kang: posts small blind $1
Zooshark: posts big blind $3
*** HOLE CARDS ***
Great_Kang: raises $3 to $6
Zooshark: calls $3
*** FLOP *** [7c Qc 9d]
Zooshark: checks
Great_Kang: bets $3
Zooshark: raises $3 to $6
Great_Kang: calls $3
*** TURN *** [7c Qc 9d] [4h]
Zooshark: checks
Great_Kang: bets $6
Zooshark: raises $6 to $12
Great_Kang: calls $6
*** RIVER *** [7c Qc 9d 4h] [9h]
Zooshark: bets $6
Great_Kang: calls $6
*** SHOW DOWN ***
Zooshark: shows [4c 4d] (a full house, Fours full of Nines)
Great_Kang: mucks hand
Zooshark collected $59.50 from pot
*** SUMMARY ***
Total pot $60 | Rake $0.50
Board [7c Qc 9d 4h 9h]
Seat 5: Zooshark (big blind) showed [4c 4d] and won ($59.50) with a full house, Fours full of Nines
Seat 6: Great_Kang (button) (small blind) mucked


PokerStars Hand #173905994500:  Hold'em Limit ($3/$6 USD) - 2017/08/04 8:49:19 ET
Table 'Nerina' 10-max Seat #5 is the button
Seat 5: Zooshark ($102.87 in chips)
Seat 6: Great_Kang ($128.50 in chips)
Zooshark: posts small blind $1
Great_Kang: posts big blind $3
*** HOLE CARDS ***
Zooshark: raises $3 to $6
Great_Kang: calls $3
*** FLOP *** [Qd 9d As]
nordschrott joins the table at seat #8
Great_Kang: checks
Zooshark: checks
*** TURN *** [Qd 9d As] [Qh]
Great_Kang: checks
Zooshark: bets $6
Great_Kang: raises $6 to $12
Zooshark: calls $6
*** RIVER *** [Qd 9d As Qh] [2s]
Great_Kang: bets $6
Zooshark: folds
Uncalled bet ($6) returned to Great_Kang
Great_Kang collected $35.50 from pot
Great_Kang: doesn't show hand
*** SUMMARY ***
Total pot $36 | Rake $0.50
Board [Qd 9d As Qh 2s]
Seat 5: Zooshark (button) (small blind) folded on the River
Seat 6: Great_Kang (big blind) collected ($35.50)


PokerStars Hand #173905982287:  Hold'em Limit ($3/$6 USD) - 2017/08/04 8:48:53 ET
Table 'Nerina' 10-max Seat #5 is the button
Seat 5: Zooshark ($112.23 in chips)
Seat 6: Great_Kang ($120 in chips)
Zooshark: posts small blind $1
Great_Kang: posts big blind $3
*** HOLE CARDS ***
Zooshark: raises $3 to $6
Great_Kang: raises $3 to $9
Zooshark: calls $3
*** FLOP *** [Qc 2c 6h]
Great_Kang: bets $3
Zooshark: calls $3
*** TURN *** [Qc 2c 6h] [3s]
Great_Kang: bets $6
Zooshark: calls $6
*** RIVER *** [Qc 2c 6h 3s] [9d]
Great_Kang: bets $6
Zooshark: folds
Uncalled bet ($6) returned to Great_Kang
Great_Kang collected $35.50 from pot
Great_Kang: doesn't show hand
*** SUMMARY ***
Total pot $36 | Rake $0.50
Board [Qc 2c 6h 3s 9d]
Seat 5: Zooshark (button) (small blind) folded on the River
Seat 6: Great_Kang (big blind) collected ($35.50)


PokerStars Hand #173905989957:  Hold'em Limit ($3/$6 USD) - 2017/08/04 8:49:09 ET
Table 'Nerina' 10-max Seat #6 is the button
Seat 5: Zooshark ($94.23 in chips)
Seat 6: Great_Kang ($137.50 in chips)
Great_Kang: posts small blind $1
Zooshark: posts big blind $3
*** HOLE CARDS ***
Great_Kang: raises $3 to $6
Zooshark: raises $3 to $9
Great_Kang: calls $3
*** FLOP *** [Ts 4s 4d]
Zooshark: bets $3
Great_Kang: folds
Uncalled bet ($3) returned to Zooshark
Zooshark collected $17.64 from pot
Zooshark: doesn't show hand
*** SUMMARY ***
Total pot $18 | Rake $0.36
Board [Ts 4s 4d]
Seat 5: Zooshark (big blind) collected ($17.64)
Seat 6: Great_Kang (button) (small blind) folded on the Flop


PokerStars Hand #173905949450:  Hold'em Limit ($3/$6 USD) - 2017/08/04 8:47:42 ET
Table 'Nerina' 10-max Seat #5 is the button
Seat 5: Zooshark ($97.73 in chips)
Seat 6: Great_Kang ($120 in chips)
Zooshark: posts small blind $1
Great_Kang: posts big blind $3
*** HOLE CARDS ***
Zooshark: raises $3 to $6
Great_Kang: folds
Uncalled bet ($3) returned to Zooshark
Zooshark collected $6 from pot
Zooshark: doesn't show hand
*** SUMMARY ***
Total pot $6 | Rake $0
Seat 5: Zooshark (button) (small blind) collected ($6)
Seat 6: Great_Kang (big blind) folded before Flop


PokerStars Hand #173905952262:  Hold'em Limit ($3/$6 USD) - 2017/08/04 8:47:48 ET
Table 'Nerina' 10-max Seat #6 is the button
Seat 5: Zooshark ($100.73 in chips)
Seat 6: Great_Kang ($120 in chips)
Great_Kang: posts small blind $1
Zooshark: posts big blind $3
*** HOLE CARDS ***
Great_Kang: raises $3 to $6
Zooshark: calls $3
*** FLOP *** [7s Ah 2d]
Zooshark: checks
Great_Kang: bets $3
Zooshark: folds
Uncalled bet ($3) returned to Great_Kang
Great_Kang collected $11.76 from pot
Great_Kang: doesn't show hand
*** SUMMARY ***
Total pot $12 | Rake $0.24
Board [7s Ah 2d]
Seat 5: Zooshark (big blind) folded on the Flop
Seat 6: Great_Kang (button) (small blind) collected ($11.76)


PokerStars Hand #173906234203:  Hold'em Limit ($3/$6 USD) - 2017/08/04 8:58:10 ET
Table 'Nerina' 10-max Seat #5 is the button
Seat 5: Zooshark ($86.42 in chips)
Seat 7: Pele24 ($116 in chips)
Zooshark: posts small blind $1
Great_Kang: is sitting out
Pele24: posts big blind $3
*** HOLE CARDS ***
Zooshark: calls $2
Great_Kang leaves the table
Pele24: checks
*** FLOP *** [2c 9h 2d]
Pele24: checks
Zooshark: checks
*** TURN *** [2c 9h 2d] [4c]
Pele24: checks
Zooshark: bets $6
Pele24: folds
Uncalled bet ($6) returned to Zooshark
Zooshark collected $5.88 from pot
Zooshark: doesn't show hand
*** SUMMARY ***
Total pot $6 | Rake $0.12
Board [2c 9h 2d 4c]
Seat 5: Zooshark (button) (small blind) collected ($5.88)
Seat 7: Pele24 (big blind) folded on the Turn


PokerStars Hand #173906243501:  Hold'em Limit ($3/$6 USD) - 2017/08/04 8:58:32 ET
Table 'Nerina' 10-max Seat #7 is the button
Seat 5: Zooshark ($89.30 in chips)
Seat 7: Pele24 ($113 in chips)
Pele24: posts small blind $1
Zooshark: posts big blind $3
*** HOLE CARDS ***
Pele24: raises $3 to $6
Zooshark: calls $3
*** FLOP *** [5h Kd Qs]
Zooshark: checks
Pele24: bets $3
Zooshark: raises $3 to $6
Pele24: raises $3 to $9
Zooshark: calls $3
*** TURN *** [5h Kd Qs] [9s]
Zooshark: checks
Pele24: bets $6
Zooshark: raises $6 to $12
Pele24: raises $6 to $18
Zooshark: calls $6
*** RIVER *** [5h Kd Qs 9s] [6h]
Zooshark: checks
Pele24: checks
*** SHOW DOWN ***
Zooshark: shows [Qh 9d] (two pair, Queens and Nines)
Pele24: mucks hand
Zooshark collected $65.50 from pot
*** SUMMARY ***
Total pot $66 | Rake $0.50
Board [5h Kd Qs 9s 6h]
Seat 5: Zooshark (big blind) showed [Qh 9d] and won ($65.50) with two pair, Queens and Nines
Seat 7: Pele24 (button) (small blind) mucked


