PokerStars Hand #156328745221:  Hold'em Limit ($3/$6 USD) - 2016/07/23 4:24:45 ET
Table 'Nerina' 10-max Seat #7 is the button
Seat 1: 35Front9 ($93 in chips)
Seat 7: VolkovDmitri ($146.50 in chips)
VolkovDmitri: posts small blind $1
35Front9: posts big blind $3
*** HOLE CARDS ***
VolkovDmitri: raises $3 to $6
35Front9: folds
Uncalled bet ($3) returned to VolkovDmitri
VolkovDmitri collected $6 from pot
VolkovDmitri: doesn't show hand
*** SUMMARY ***
Total pot $6 | Rake $0
Seat 1: 35Front9 (big blind) folded before Flop
Seat 7: VolkovDmitri (button) (small blind) collected ($6)


PokerStars Hand #156328739058:  Hold'em Limit ($3/$6 USD) - 2016/07/23 4:24:25 ET
Table 'Nerina' 10-max Seat #1 is the button
Seat 1: 35Front9 ($120 in chips)
Seat 7: VolkovDmitri ($120 in chips)
35Front9: posts small blind $1
VolkovDmitri: posts big blind $3
*** HOLE CARDS ***
35Front9: calls $2
VolkovDmitri: raises $3 to $6
35Front9: calls $3
*** FLOP *** [4d Js 6h]
VolkovDmitri: bets $3
35Front9: raises $3 to $6
VolkovDmitri: raises $3 to $9
35Front9: calls $3
*** TURN *** [4d Js 6h] [Ah]
VolkovDmitri: bets $6
35Front9: calls $6
*** RIVER *** [4d Js 6h Ah] [7h]
VolkovDmitri: bets $6
35Front9: calls $6
*** SHOW DOWN ***
VolkovDmitri: shows [Jd Ad] (two pair, Aces and Jacks)
35Front9: mucks hand
VolkovDmitri collected $53.50 from pot
*** SUMMARY ***
Total pot $54 | Rake $0.50
Board [4d Js 6h Ah 7h]
Seat 1: 35Front9 (button) (small blind) mucked
Seat 7: VolkovDmitri (big blind) showed [Jd Ad] and won ($53.50) with two pair, Aces and Jacks


PokerStars Hand #156328758844:  Hold'em Limit ($3/$6 USD) - 2016/07/23 4:25:28 ET
Table 'Nerina' 10-max Seat #7 is the button
Seat 1: 35Front9 ($95.50 in chips)
Seat 7: VolkovDmitri ($143.14 in chips)
VolkovDmitri: posts small blind $1
35Front9: posts big blind $3
*** HOLE CARDS ***
VolkovDmitri: raises $3 to $6
35Front9: calls $3
*** FLOP *** [As 4s 3d]
35Front9: checks
VolkovDmitri: bets $3
35Front9: raises $3 to $6
VolkovDmitri: calls $3
*** TURN *** [As 4s 3d] [2s]
35Front9: bets $6
VolkovDmitri: raises $6 to $12
35Front9: calls $6
*** RIVER *** [As 4s 3d 2s] [3c]
35Front9: bets $6
VolkovDmitri: raises $6 to $12
35Front9: calls $6
*** SHOW DOWN ***
VolkovDmitri: shows [5d 8h] (a straight, Ace to Five)
35Front9: shows [5c Ad] (a straight, Ace to Five)
35Front9 collected $35.75 from pot
VolkovDmitri collected $35.75 from pot
*** SUMMARY ***
Total pot $72 | Rake $0.50
Board [As 4s 3d 2s 3c]
Seat 1: 35Front9 (big blind) showed [5c Ad] and won ($35.75) with a straight, Ace to Five
Seat 7: VolkovDmitri (button) (small blind) showed [5d 8h] and won ($35.75) with a straight, Ace to Five


PokerStars Hand #156328755565:  Hold'em Limit ($3/$6 USD) - 2016/07/23 4:25:18 ET
Table 'Nerina' 10-max Seat #1 is the button
Seat 1: 35Front9 ($104.50 in chips)
Seat 7: VolkovDmitri ($134.50 in chips)
35Front9: posts small blind $1
VolkovDmitri: posts big blind $3
*** HOLE CARDS ***
35Front9: raises $3 to $6
VolkovDmitri: raises $3 to $9
35Front9: calls $3
*** FLOP *** [Th 3d Ac]
VolkovDmitri: bets $3
35Front9: folds
Uncalled bet ($3) returned to VolkovDmitri
VolkovDmitri collected $17.64 from pot
VolkovDmitri: doesn't show hand
*** SUMMARY ***
Total pot $18 | Rake $0.36
Board [Th 3d Ac]
Seat 1: 35Front9 (button) (small blind) folded on the Flop
Seat 7: VolkovDmitri (big blind) collected ($17.64)


PokerStars Hand #156328752673:  Hold'em Limit ($3/$6 USD) - 2016/07/23 4:25:09 ET
Table 'Nerina' 10-max Seat #7 is the button
Seat 1: 35Front9 ($107.50 in chips)
Seat 7: VolkovDmitri ($131.50 in chips)
VolkovDmitri: posts small blind $1
35Front9: posts big blind $3
*** HOLE CARDS ***
VolkovDmitri: raises $3 to $6
35Front9: folds
Uncalled bet ($3) returned to VolkovDmitri
VolkovDmitri collected $6 from pot
VolkovDmitri: doesn't show hand
*** SUMMARY ***
Total pot $6 | Rake $0
Seat 1: 35Front9 (big blind) folded before Flop
Seat 7: VolkovDmitri (button) (small blind) collected ($6)


PokerStars Hand #156328747022:  Hold'em Limit ($3/$6 USD) - 2016/07/23 4:24:50 ET
Table 'Nerina' 10-max Seat #1 is the button
Seat 1: 35Front9 ($90 in chips)
Seat 7: VolkovDmitri ($149.50 in chips)
35Front9: posts small blind $1
VolkovDmitri: posts big blind $3
*** HOLE CARDS ***
35Front9: raises $3 to $6
VolkovDmitri: calls $3
*** FLOP *** [8d 3h 2d]
VolkovDmitri: checks
35Front9: checks
*** TURN *** [8d 3h 2d] [6s]
VolkovDmitri: bets $6
35Front9: calls $6
*** RIVER *** [8d 3h 2d 6s] [6d]
VolkovDmitri: checks
35Front9: bets $6
VolkovDmitri: calls $6
*** SHOW DOWN ***
35Front9: shows [Ad 4c] (a pair of Sixes)
VolkovDmitri: mucks hand
35Front9 collected $35.50 from pot
*** SUMMARY ***
Total pot $36 | Rake $0.50
Board [8d 3h 2d 6s 6d]
Seat 1: 35Front9 (button) (small blind) showed [Ad 4c] and won ($35.50) with a pair of Sixes
Seat 7: VolkovDmitri (big blind) mucked


PokerStars Hand #156328768692:  Hold'em Limit ($3/$6 USD) - 2016/07/23 4:26:00 ET
Table 'Nerina' 10-max Seat #1 is the button
Seat 1: 35Front9 ($95.25 in chips)
Seat 7: VolkovDmitri ($142.89 in chips)
35Front9: posts small blind $1
VolkovDmitri: posts big blind $3
*** HOLE CARDS ***
35Front9: folds
Uncalled bet ($2) returned to VolkovDmitri
VolkovDmitri collected $2 from pot
VolkovDmitri: doesn't show hand
*** SUMMARY ***
Total pot $2 | Rake $0
Seat 1: 35Front9 (button) (small blind) folded before Flop
Seat 7: VolkovDmitri (big blind) collected ($2)


PokerStars Hand #156328770437:  Hold'em Limit ($3/$6 USD) - 2016/07/23 4:26:06 ET
Table 'Nerina' 10-max Seat #7 is the button
Seat 1: 35Front9 ($94.25 in chips)
Seat 7: VolkovDmitri ($143.89 in chips)
VolkovDmitri: posts small blind $1
35Front9: posts big blind $3
*** HOLE CARDS ***
VolkovDmitri: raises $3 to $6
35Front9: raises $3 to $9
VolkovDmitri: calls $3
*** FLOP *** [8h Ah 7d]
35Front9: bets $3
VolkovDmitri: calls $3
*** TURN *** [8h Ah 7d] [3c]
35Front9: bets $6
VolkovDmitri: calls $6
*** RIVER *** [8h Ah 7d 3c] [Jh]
35Front9: bets $6
VolkovDmitri: calls $6
*** SHOW DOWN ***
35Front9: shows [Qc Ad] (a pair of Aces)
VolkovDmitri: mucks hand
35Front9 collected $47.50 from pot
*** SUMMARY ***
Total pot $48 | Rake $0.50
Board [8h Ah 7d 3c Jh]
Seat 1: 35Front9 (big blind) showed [Qc Ad] and won ($47.50) with a pair of Aces
Seat 7: VolkovDmitri (button) (small blind) mucked


PokerStars Hand #156328776393:  Hold'em Limit ($3/$6 USD) - 2016/07/23 4:26:25 ET
Table 'Nerina' 10-max Seat #1 is the button
Seat 1: 35Front9 ($117.75 in chips)
Seat 7: VolkovDmitri ($120 in chips)
35Front9: posts small blind $1
VolkovDmitri: posts big blind $3
*** HOLE CARDS ***
35Front9: raises $3 to $6
VolkovDmitri: folds
Uncalled bet ($3) returned to 35Front9
35Front9 collected $6 from pot
35Front9: doesn't show hand
*** SUMMARY ***
Total pot $6 | Rake $0
Seat 1: 35Front9 (button) (small blind) collected ($6)
Seat 7: VolkovDmitri (big blind) folded before Flop


PokerStars Hand #156328778290:  Hold'em Limit ($3/$6 USD) - 2016/07/23 4:26:31 ET
Table 'Nerina' 10-max Seat #7 is the button
Seat 1: 35Front9 ($120.75 in chips)
Seat 7: VolkovDmitri ($120 in chips)
VolkovDmitri: posts small blind $1
35Front9: posts big blind $3
*** HOLE CARDS ***
VolkovDmitri: raises $3 to $6
35Front9: raises $3 to $9
VolkovDmitri: calls $3
*** FLOP *** [8h 6s Jh]
35Front9: bets $3
VolkovDmitri: calls $3
*** TURN *** [8h 6s Jh] [Kc]
35Front9: bets $6
VolkovDmitri: calls $6
*** RIVER *** [8h 6s Jh Kc] [Ks]
35Front9: bets $6
VolkovDmitri: folds
Uncalled bet ($6) returned to 35Front9
35Front9 collected $35.50 from pot
35Front9: doesn't show hand
*** SUMMARY ***
Total pot $36 | Rake $0.50
Board [8h 6s Jh Kc Ks]
Seat 1: 35Front9 (big blind) collected ($35.50)
Seat 7: VolkovDmitri (button) (small blind) folded on the River


PokerStars Hand #156328786765:  Hold'em Limit ($3/$6 USD) - 2016/07/23 4:26:58 ET
Table 'Nerina' 10-max Seat #1 is the button
Seat 1: 35Front9 ($138.25 in chips)
Seat 7: VolkovDmitri ($120 in chips)
35Front9: posts small blind $1
VolkovDmitri: posts big blind $3
*** HOLE CARDS ***
35Front9: raises $3 to $6
VolkovDmitri: calls $3
*** FLOP *** [Ac Js Jd]
VolkovDmitri: checks
35Front9: checks
*** TURN *** [Ac Js Jd] [3s]
VolkovDmitri: checks
35Front9: bets $6
VolkovDmitri: folds
Uncalled bet ($6) returned to 35Front9
35Front9 collected $11.76 from pot
35Front9: doesn't show hand
*** SUMMARY ***
Total pot $12 | Rake $0.24
Board [Ac Js Jd 3s]
Seat 1: 35Front9 (button) (small blind) collected ($11.76)
Seat 7: VolkovDmitri (big blind) folded on the Turn


PokerStars Hand #156328792101:  Hold'em Limit ($3/$6 USD) - 2016/07/23 4:27:14 ET
Table 'Nerina' 10-max Seat #7 is the button
Seat 1: 35Front9 ($144.01 in chips)
Seat 7: VolkovDmitri ($120 in chips)
VolkovDmitri: posts small blind $1
35Front9: posts big blind $3
*** HOLE CARDS ***
VolkovDmitri: raises $3 to $6
35Front9: calls $3
*** FLOP *** [As Jh 5c]
35Front9: checks
VolkovDmitri: bets $3
35Front9: raises $3 to $6
VolkovDmitri: calls $3
*** TURN *** [As Jh 5c] [6s]
35Front9: bets $6
kolaz03 joins the table at seat #2
VolkovDmitri: calls $6
*** RIVER *** [As Jh 5c 6s] [8s]
35Front9: bets $6
VolkovDmitri: calls $6
*** SHOW DOWN ***
35Front9: shows [7s Ah] (a pair of Aces)
VolkovDmitri: mucks hand
35Front9 collected $47.50 from pot
*** SUMMARY ***
Total pot $48 | Rake $0.50
Board [As Jh 5c 6s 8s]
Seat 1: 35Front9 (big blind) showed [7s Ah] and won ($47.50) with a pair of Aces
Seat 7: VolkovDmitri (button) (small blind) mucked


PokerStars Hand #156328858324:  Hold'em Limit ($3/$6 USD) - 2016/07/23 4:30:41 ET
Table 'Nerina' 10-max Seat #1 is the button
Seat 1: 35Front9 ($200.84 in chips)
Seat 2: kolaz03 ($72 in chips)
35Front9: posts small blind $1
kolaz03: posts big blind $3
*** HOLE CARDS ***
VolkovDmitri leaves the table
35Front9: raises $3 to $6
kolaz03: raises $3 to $9
35Front9: calls $3
*** FLOP *** [Td 7d 2s]
kolaz03: bets $3
35Front9: raises $3 to $6
kolaz03: calls $3
*** TURN *** [Td 7d 2s] [Ts]
kolaz03: checks
35Front9: bets $6
kolaz03: calls $6
*** RIVER *** [Td 7d 2s Ts] [4s]
kolaz03: checks
35Front9: bets $6
kolaz03: calls $6
*** SHOW DOWN ***
35Front9: shows [Th Qd] (three of a kind, Tens)
kolaz03: mucks hand
35Front9 collected $53.50 from pot
*** SUMMARY ***
Total pot $54 | Rake $0.50
Board [Td 7d 2s Ts 4s]
Seat 1: 35Front9 (button) (small blind) showed [Th Qd] and won ($53.50) with three of a kind, Tens
Seat 2: kolaz03 (big blind) mucked


PokerStars Hand #156328863983:  Hold'em Limit ($3/$6 USD) - 2016/07/23 4:30:59 ET
Table 'Nerina' 10-max Seat #2 is the button
Seat 1: 35Front9 ($227.34 in chips)
Seat 2: kolaz03 ($72 in chips)
kolaz03: posts small blind $1
35Front9: posts big blind $3
*** HOLE CARDS ***
kolaz03: folds
Uncalled bet ($2) returned to 35Front9
35Front9 collected $2 from pot
35Front9: doesn't show hand
*** SUMMARY ***
Total pot $2 | Rake $0
Seat 1: 35Front9 (big blind) collected ($2)
Seat 2: kolaz03 (button) (small blind) folded before Flop


PokerStars Hand #156328870178:  Hold'em Limit ($3/$6 USD) - 2016/07/23 4:31:17 ET
Table 'Nerina' 10-max Seat #2 is the button
Seat 1: 35Front9 ($231.34 in chips)
Seat 2: kolaz03 ($72 in chips)
kolaz03: posts small blind $1
35Front9: posts big blind $3
*** HOLE CARDS ***
kolaz03: raises $3 to $6
35Front9: folds
Uncalled bet ($3) returned to kolaz03
kolaz03 collected $6 from pot
kolaz03: doesn't show hand
*** SUMMARY ***
Total pot $6 | Rake $0
Seat 1: 35Front9 (big blind) folded before Flop
Seat 2: kolaz03 (button) (small blind) collected ($6)


PokerStars Hand #156328867970:  Hold'em Limit ($3/$6 USD) - 2016/07/23 4:31:11 ET
Table 'Nerina' 10-max Seat #1 is the button
Seat 1: 35Front9 ($228.34 in chips)
Seat 2: kolaz03 ($72 in chips)
35Front9: posts small blind $1
kolaz03: posts big blind $3
*** HOLE CARDS ***
35Front9: raises $3 to $6
kolaz03: folds
Uncalled bet ($3) returned to 35Front9
35Front9 collected $6 from pot
35Front9: doesn't show hand
*** SUMMARY ***
Total pot $6 | Rake $0
Seat 1: 35Front9 (button) (small blind) collected ($6)
Seat 2: kolaz03 (big blind) folded before Flop


PokerStars Hand #156328872007:  Hold'em Limit ($3/$6 USD) - 2016/07/23 4:31:23 ET
Table 'Nerina' 10-max Seat #1 is the button
Seat 1: 35Front9 ($228.34 in chips)
Seat 2: kolaz03 ($75 in chips)
35Front9: posts small blind $1
kolaz03: posts big blind $3
*** HOLE CARDS ***
35Front9: calls $2
kolaz03: checks
*** FLOP *** [3s Ad 7c]
kolaz03: checks
35Front9: bets $3
kolaz03: calls $3
*** TURN *** [3s Ad 7c] [2d]
kolaz03: checks
35Front9: checks
*** RIVER *** [3s Ad 7c 2d] [2c]
kolaz03: checks
35Front9: checks
*** SHOW DOWN ***
kolaz03: shows [Qc 6s] (a pair of Deuces)
35Front9: mucks hand
kolaz03 collected $11.76 from pot
*** SUMMARY ***
Total pot $12 | Rake $0.24
Board [3s Ad 7c 2d 2c]
Seat 1: 35Front9 (button) (small blind) mucked
Seat 2: kolaz03 (big blind) showed [Qc 6s] and won ($11.76) with a pair of Deuces


PokerStars Hand #156328877918:  Hold'em Limit ($3/$6 USD) - 2016/07/23 4:31:41 ET
Table 'Nerina' 10-max Seat #2 is the button
Seat 1: 35Front9 ($222.34 in chips)
Seat 2: kolaz03 ($80.76 in chips)
kolaz03: posts small blind $1
35Front9: posts big blind $3
*** HOLE CARDS ***
kolaz03: raises $3 to $6
35Front9: raises $3 to $9
kolaz03: calls $3
*** FLOP *** [Kd Ks 6h]
35Front9: bets $3
kolaz03: calls $3
*** TURN *** [Kd Ks 6h] [7h]
35Front9: bets $6
kolaz03: calls $6
*** RIVER *** [Kd Ks 6h 7h] [2c]
35Front9: checks
kolaz03: checks
*** SHOW DOWN ***
35Front9: shows [Jd Ac] (a pair of Kings)
kolaz03: mucks hand
35Front9 collected $35.50 from pot
*** SUMMARY ***
Total pot $36 | Rake $0.50
Board [Kd Ks 6h 7h 2c]
Seat 1: 35Front9 (big blind) showed [Jd Ac] and won ($35.50) with a pair of Kings
Seat 2: kolaz03 (button) (small blind) mucked


PokerStars Hand #156328882881:  Hold'em Limit ($3/$6 USD) - 2016/07/23 4:31:57 ET
Table 'Nerina' 10-max Seat #1 is the button
Seat 1: 35Front9 ($239.84 in chips)
Seat 2: kolaz03 ($72 in chips)
35Front9: posts small blind $1
kolaz03: posts big blind $3
*** HOLE CARDS ***
35Front9: raises $3 to $6
kolaz03: calls $3
*** FLOP *** [Js 3d 5s]
kolaz03: checks
35Front9: bets $3
kolaz03: calls $3
*** TURN *** [Js 3d 5s] [Jd]
kolaz03: checks
35Front9: checks
*** RIVER *** [Js 3d 5s Jd] [Ts]
kolaz03: checks
35Front9: bets $6
kolaz03: calls $6
*** SHOW DOWN ***
35Front9: shows [Tc 8s] (two pair, Jacks and Tens)
kolaz03: mucks hand
35Front9 collected $29.50 from pot
*** SUMMARY ***
Total pot $30 | Rake $0.50
Board [Js 3d 5s Jd Ts]
Seat 1: 35Front9 (button) (small blind) showed [Tc 8s] and won ($29.50) with two pair, Jacks and Tens
Seat 2: kolaz03 (big blind) mucked


PokerStars Hand #156328887727:  Hold'em Limit ($3/$6 USD) - 2016/07/23 4:32:12 ET
Table 'Nerina' 10-max Seat #2 is the button
Seat 1: 35Front9 ($254.34 in chips)
Seat 2: kolaz03 ($72 in chips)
kolaz03: posts small blind $1
35Front9: posts big blind $3
*** HOLE CARDS ***
kolaz03: raises $3 to $6
35Front9: folds
Uncalled bet ($3) returned to kolaz03
kolaz03 collected $6 from pot
kolaz03: doesn't show hand
*** SUMMARY ***
Total pot $6 | Rake $0
Seat 1: 35Front9 (big blind) folded before Flop
Seat 2: kolaz03 (button) (small blind) collected ($6)


PokerStars Hand #156328892360:  Hold'em Limit ($3/$6 USD) - 2016/07/23 4:32:26 ET
Table 'Nerina' 10-max Seat #2 is the button
Seat 1: 35Front9 ($257.10 in chips)
Seat 2: kolaz03 ($72 in chips)
kolaz03: posts small blind $1
35Front9: posts big blind $3
*** HOLE CARDS ***
kolaz03: folds
Uncalled bet ($2) returned to 35Front9
35Front9 collected $2 from pot
35Front9: doesn't show hand
*** SUMMARY ***
Total pot $2 | Rake $0
Seat 1: 35Front9 (big blind) collected ($2)
Seat 2: kolaz03 (button) (small blind) folded before Flop


PokerStars Hand #156328889281:  Hold'em Limit ($3/$6 USD) - 2016/07/23 4:32:17 ET
Table 'Nerina' 10-max Seat #1 is the button
Seat 1: 35Front9 ($251.34 in chips)
Seat 2: kolaz03 ($75 in chips)
35Front9: posts small blind $1
kolaz03: posts big blind $3
*** HOLE CARDS ***
35Front9: raises $3 to $6
kolaz03: calls $3
*** FLOP *** [Td Kc Ad]
kolaz03: checks
35Front9: bets $3
kolaz03: folds
Uncalled bet ($3) returned to 35Front9
35Front9 collected $11.76 from pot
35Front9: doesn't show hand
*** SUMMARY ***
Total pot $12 | Rake $0.24
Board [Td Kc Ad]
Seat 1: 35Front9 (button) (small blind) collected ($11.76)
Seat 2: kolaz03 (big blind) folded on the Flop


PokerStars Hand #156328893728:  Hold'em Limit ($3/$6 USD) - 2016/07/23 4:32:31 ET
Table 'Nerina' 10-max Seat #1 is the button
Seat 1: 35Front9 ($258.10 in chips)
Seat 2: kolaz03 ($72 in chips)
35Front9: posts small blind $1
kolaz03: posts big blind $3
*** HOLE CARDS ***
35Front9: raises $3 to $6
kolaz03: calls $3
*** FLOP *** [4c 8s Jd]
kolaz03: checks
35Front9: bets $3
kolaz03: folds
Uncalled bet ($3) returned to 35Front9
35Front9 collected $11.76 from pot
35Front9: doesn't show hand
*** SUMMARY ***
Total pot $12 | Rake $0.24
Board [4c 8s Jd]
Seat 1: 35Front9 (button) (small blind) collected ($11.76)
Seat 2: kolaz03 (big blind) folded on the Flop


PokerStars Hand #156328897306:  Hold'em Limit ($3/$6 USD) - 2016/07/23 4:32:42 ET
Table 'Nerina' 10-max Seat #2 is the button
Seat 1: 35Front9 ($263.86 in chips)
Seat 2: kolaz03 ($72 in chips)
kolaz03: posts small blind $1
35Front9: posts big blind $3
*** HOLE CARDS ***
kolaz03: raises $3 to $6
35Front9: calls $3
*** FLOP *** [2h 2d 9h]
35Front9: checks
kolaz03: bets $3
35Front9: raises $3 to $6
kolaz03: calls $3
*** TURN *** [2h 2d 9h] [5h]
35Front9: bets $6
kolaz03: calls $6
*** RIVER *** [2h 2d 9h 5h] [5s]
35Front9: bets $6
kolaz03: calls $6
*** SHOW DOWN ***
35Front9: shows [7s 9s] (two pair, Nines and Fives)
kolaz03: shows [9d Tc] (two pair, Nines and Fives - Ten kicker)
kolaz03 collected $47.50 from pot
*** SUMMARY ***
Total pot $48 | Rake $0.50
Board [2h 2d 9h 5h 5s]
Seat 1: 35Front9 (big blind) showed [7s 9s] and lost with two pair, Nines and Fives
Seat 2: kolaz03 (button) (small blind) showed [9d Tc] and won ($47.50) with two pair, Nines and Fives


PokerStars Hand #156328907257:  Hold'em Limit ($3/$6 USD) - 2016/07/23 4:33:13 ET
Table 'Nerina' 10-max Seat #2 is the button
Seat 1: 35Front9 ($230.86 in chips)
Seat 2: kolaz03 ($104.14 in chips)
kolaz03: posts small blind $1
35Front9: posts big blind $3
*** HOLE CARDS ***
kolaz03: raises $3 to $6
35Front9: raises $3 to $9
kolaz03: calls $3
*** FLOP *** [Ac 6h Jd]
35Front9: bets $3
kolaz03: calls $3
*** TURN *** [Ac 6h Jd] [5s]
35Front9: checks
kolaz03: bets $6
35Front9: raises $6 to $12
kolaz03: calls $6
*** RIVER *** [Ac 6h Jd 5s] [Js]
35Front9: bets $6
kolaz03: calls $6
*** SHOW DOWN ***
35Front9: shows [Jh Jc] (four of a kind, Jacks)
kolaz03: mucks hand
35Front9 collected $59.50 from pot
*** SUMMARY ***
Total pot $60 | Rake $0.50
Board [Ac 6h Jd 5s Js]
Seat 1: 35Front9 (big blind) showed [Jh Jc] and won ($59.50) with four of a kind, Jacks
Seat 2: kolaz03 (button) (small blind) mucked


PokerStars Hand #156328929061:  Hold'em Limit ($3/$6 USD) - 2016/07/23 4:34:20 ET
Table 'Nerina' 10-max Seat #2 is the button
Seat 1: 35Front9 ($254.36 in chips)
Seat 2: kolaz03 ($79.90 in chips)
kolaz03: posts small blind $1
35Front9: posts big blind $3
*** HOLE CARDS ***
kolaz03: folds
Uncalled bet ($2) returned to 35Front9
35Front9 collected $2 from pot
35Front9: doesn't show hand
*** SUMMARY ***
Total pot $2 | Rake $0
Seat 1: 35Front9 (big blind) collected ($2)
Seat 2: kolaz03 (button) (small blind) folded before Flop


PokerStars Hand #156328922254:  Hold'em Limit ($3/$6 USD) - 2016/07/23 4:33:59 ET
Table 'Nerina' 10-max Seat #1 is the button
Seat 1: 35Front9 ($260.36 in chips)
Seat 2: kolaz03 ($74.14 in chips)
35Front9: posts small blind $1
kolaz03: posts big blind $3
*** HOLE CARDS ***
35Front9: calls $2
kolaz03: checks
*** FLOP *** [Qh 2h Qd]
kolaz03: checks
35Front9: bets $3
kolaz03: calls $3
*** TURN *** [Qh 2h Qd] [6d]
kolaz03: checks
35Front9: checks
*** RIVER *** [Qh 2h Qd 6d] [3h]
kolaz03: checks
35Front9: checks
*** SHOW DOWN ***
kolaz03: shows [Jh 7d] (a pair of Queens)
35Front9: mucks hand
kolaz03 collected $11.76 from pot
*** SUMMARY ***
Total pot $12 | Rake $0.24
Board [Qh 2h Qd 6d 3h]
Seat 1: 35Front9 (button) (small blind) mucked
Seat 2: kolaz03 (big blind) showed [Jh 7d] and won ($11.76) with a pair of Queens


PokerStars Hand #156328930618:  Hold'em Limit ($3/$6 USD) - 2016/07/23 4:34:25 ET
Table 'Nerina' 10-max Seat #1 is the button
Seat 1: 35Front9 ($255.36 in chips)
Seat 2: kolaz03 ($78.90 in chips)
35Front9: posts small blind $1
kolaz03: posts big blind $3
*** HOLE CARDS ***
35Front9: folds
Uncalled bet ($2) returned to kolaz03
kolaz03 collected $2 from pot
kolaz03: doesn't show hand
*** SUMMARY ***
Total pot $2 | Rake $0
Seat 1: 35Front9 (button) (small blind) folded before Flop
Seat 2: kolaz03 (big blind) collected ($2)


PokerStars Hand #156328932356:  Hold'em Limit ($3/$6 USD) - 2016/07/23 4:34:30 ET
Table 'Nerina' 10-max Seat #2 is the button
Seat 1: 35Front9 ($254.36 in chips)
Seat 2: kolaz03 ($79.90 in chips)
kolaz03: posts small blind $1
35Front9: posts big blind $3
*** HOLE CARDS ***
kolaz03: raises $3 to $6
35Front9: raises $3 to $9
kolaz03: calls $3
*** FLOP *** [8d 9c 9s]
35Front9: checks
kolaz03: checks
*** TURN *** [8d 9c 9s] [6d]
35Front9: bets $6
kolaz03: calls $6
*** RIVER *** [8d 9c 9s 6d] [2s]
35Front9: bets $6
kolaz03: folds
Uncalled bet ($6) returned to 35Front9
35Front9 collected $29.50 from pot
35Front9: doesn't show hand
*** SUMMARY ***
Total pot $30 | Rake $0.50
Board [8d 9c 9s 6d 2s]
Seat 1: 35Front9 (big blind) collected ($29.50)
Seat 2: kolaz03 (button) (small blind) folded on the River


PokerStars Hand #156328937286:  Hold'em Limit ($3/$6 USD) - 2016/07/23 4:34:46 ET
Table 'Nerina' 10-max Seat #1 is the button
Seat 1: 35Front9 ($268.86 in chips)
Seat 2: kolaz03 ($72 in chips)
35Front9: posts small blind $1
kolaz03: posts big blind $3
*** HOLE CARDS ***
35Front9: calls $2
kolaz03: raises $3 to $6
35Front9: calls $3
*** FLOP *** [As 4s 3d]
kolaz03: bets $3
35Front9: calls $3
*** TURN *** [As 4s 3d] [3c]
kolaz03: checks
35Front9: bets $6
kolaz03: calls $6
*** RIVER *** [As 4s 3d 3c] [Jc]
kolaz03: checks
35Front9: bets $6
kolaz03: calls $6
*** SHOW DOWN ***
35Front9: shows [5s 4d] (two pair, Fours and Threes)
kolaz03: mucks hand
35Front9 collected $41.50 from pot
*** SUMMARY ***
Total pot $42 | Rake $0.50
Board [As 4s 3d 3c Jc]
Seat 1: 35Front9 (button) (small blind) showed [5s 4d] and won ($41.50) with two pair, Fours and Threes
Seat 2: kolaz03 (big blind) mucked


PokerStars Hand #156328947554:  Hold'em Limit ($3/$6 USD) - 2016/07/23 4:35:18 ET
Table 'Nerina' 10-max Seat #1 is the button
Seat 1: 35Front9 ($274.36 in chips)
Seat 2: kolaz03 ($86.50 in chips)
35Front9: posts small blind $1
kolaz03: posts big blind $3
*** HOLE CARDS ***
35Front9: folds
Uncalled bet ($2) returned to kolaz03
kolaz03 collected $2 from pot
kolaz03: doesn't show hand
*** SUMMARY ***
Total pot $2 | Rake $0
Seat 1: 35Front9 (button) (small blind) folded before Flop
Seat 2: kolaz03 (big blind) collected ($2)


PokerStars Hand #156328942213:  Hold'em Limit ($3/$6 USD) - 2016/07/23 4:35:01 ET
Table 'Nerina' 10-max Seat #2 is the button
Seat 1: 35Front9 ($289.36 in chips)
Seat 2: kolaz03 ($72 in chips)
kolaz03: posts small blind $1
35Front9: posts big blind $3
*** HOLE CARDS ***
kolaz03: raises $3 to $6
35Front9: calls $3
*** FLOP *** [5s 4s Qc]
35Front9: bets $3
kolaz03: calls $3
*** TURN *** [5s 4s Qc] [2d]
35Front9: bets $6
kolaz03: calls $6
*** RIVER *** [5s 4s Qc 2d] [Kh]
35Front9: checks
kolaz03: checks
*** SHOW DOWN ***
35Front9: shows [Js 6s] (high card King)
kolaz03: shows [7s Ah] (high card Ace)
kolaz03 collected $29.50 from pot
*** SUMMARY ***
Total pot $30 | Rake $0.50
Board [5s 4s Qc 2d Kh]
Seat 1: 35Front9 (big blind) showed [Js 6s] and lost with high card King
Seat 2: kolaz03 (button) (small blind) showed [7s Ah] and won ($29.50) with high card Ace


PokerStars Hand #156328951442:  Hold'em Limit ($3/$6 USD) - 2016/07/23 4:35:30 ET
Table 'Nerina' 10-max Seat #1 is the button
Seat 1: 35Front9 ($270.36 in chips)
Seat 2: kolaz03 ($90.50 in chips)
35Front9: posts small blind $1
kolaz03: posts big blind $3
*** HOLE CARDS ***
35Front9: folds
Uncalled bet ($2) returned to kolaz03
kolaz03 collected $2 from pot
kolaz03: doesn't show hand
*** SUMMARY ***
Total pot $2 | Rake $0
Seat 1: 35Front9 (button) (small blind) folded before Flop
Seat 2: kolaz03 (big blind) collected ($2)


PokerStars Hand #156328949061:  Hold'em Limit ($3/$6 USD) - 2016/07/23 4:35:22 ET
Table 'Nerina' 10-max Seat #2 is the button
Seat 1: 35Front9 ($273.36 in chips)
Seat 2: kolaz03 ($87.50 in chips)
kolaz03: posts small blind $1
35Front9: posts big blind $3
*** HOLE CARDS ***
kolaz03: raises $3 to $6
35Front9: folds
Uncalled bet ($3) returned to kolaz03
kolaz03 collected $6 from pot
kolaz03: doesn't show hand
*** SUMMARY ***
Total pot $6 | Rake $0
Seat 1: 35Front9 (big blind) folded before Flop
Seat 2: kolaz03 (button) (small blind) collected ($6)


PokerStars Hand #156328952996:  Hold'em Limit ($3/$6 USD) - 2016/07/23 4:35:34 ET
Table 'Nerina' 10-max Seat #2 is the button
Seat 1: 35Front9 ($269.36 in chips)
Seat 2: kolaz03 ($91.50 in chips)
kolaz03: posts small blind $1
35Front9: posts big blind $3
*** HOLE CARDS ***
kolaz03: raises $3 to $6
35Front9: calls $3
*** FLOP *** [7h Ac Jd]
35Front9: bets $3
kolaz03: folds
Uncalled bet ($3) returned to 35Front9
35Front9 collected $11.76 from pot
35Front9: doesn't show hand
*** SUMMARY ***
Total pot $12 | Rake $0.24
Board [7h Ac Jd]
Seat 1: 35Front9 (big blind) collected ($11.76)
Seat 2: kolaz03 (button) (small blind) folded on the Flop


