PokerStars Hand #145974469458:  Hold'em Limit ($3/$6 USD) - 2015/12/26 19:00:05 ET
Table 'Nerina II' 2-max Seat #1 is the button
Seat 1: BigYelloFish ($125.39 in chips)
Seat 2: GO99APE ($163.23 in chips)
BigYelloFish: posts small blind $1
GO99APE: posts big blind $3
*** HOLE CARDS ***
BigYelloFish: raises $3 to $6
GO99APE: calls $3
*** FLOP *** [8h 3s Qc]
GO99APE: checks
BigYelloFish: bets $3
GO99APE: calls $3
*** TURN *** [8h 3s Qc] [6h]
GO99APE: checks
BigYelloFish: checks
*** RIVER *** [8h 3s Qc 6h] [Kd]
GO99APE: checks
BigYelloFish: checks
*** SHOW DOWN ***
GO99APE: shows [2s 2d] (a pair of Deuces)
BigYelloFish: mucks hand
GO99APE collected $17.64 from pot
*** SUMMARY ***
Total pot $18 | Rake $0.36
Board [8h 3s Qc 6h Kd]
Seat 1: BigYelloFish (button) (small blind) mucked
Seat 2: GO99APE (big blind) showed [2s 2d] and won ($17.64) with a pair of Deuces


PokerStars Hand #145974438856:  Hold'em Limit ($3/$6 USD) - 2015/12/26 18:59:18 ET
Table 'Nerina II' 2-max Seat #2 is the button
Seat 1: BigYelloFish ($91.39 in chips)
Seat 2: GO99APE ($198.47 in chips)
GO99APE: posts small blind $1
BigYelloFish: posts big blind $3
*** HOLE CARDS ***
GO99APE: raises $3 to $6
BigYelloFish: calls $3
*** FLOP *** [8d 2h 8h]
BigYelloFish: checks
GO99APE: checks
*** TURN *** [8d 2h 8h] [9h]
BigYelloFish: checks
GO99APE: checks
*** RIVER *** [8d 2h 8h 9h] [Ad]
BigYelloFish: checks
GO99APE: bets $6
BigYelloFish: folds
Uncalled bet ($6) returned to GO99APE
GO99APE collected $11.76 from pot
GO99APE: doesn't show hand
*** SUMMARY ***
Total pot $12 | Rake $0.24
Board [8d 2h 8h 9h Ad]
Seat 1: BigYelloFish (big blind) folded on the River
Seat 2: GO99APE (button) (small blind) collected ($11.76)


PokerStars Hand #145974466280:  Hold'em Limit ($3/$6 USD) - 2015/12/26 19:00:01 ET
Table 'Nerina II' 2-max Seat #2 is the button
Seat 1: BigYelloFish ($124.39 in chips)
Seat 2: GO99APE ($164.23 in chips)
GO99APE: posts small blind $1
BigYelloFish: posts big blind $3
*** HOLE CARDS ***
GO99APE: folds
Uncalled bet ($2) returned to BigYelloFish
BigYelloFish collected $2 from pot
BigYelloFish: doesn't show hand
*** SUMMARY ***
Total pot $2 | Rake $0
Seat 1: BigYelloFish (big blind) collected ($2)
Seat 2: GO99APE (button) (small blind) folded before Flop


PokerStars Hand #145974457834:  Hold'em Limit ($3/$6 USD) - 2015/12/26 18:59:48 ET
Table 'Nerina II' 2-max Seat #1 is the button
Seat 1: BigYelloFish ($100.89 in chips)
Seat 2: GO99APE ($188.23 in chips)
BigYelloFish: posts small blind $1
GO99APE: posts big blind $3
*** HOLE CARDS ***
BigYelloFish: raises $3 to $6
GO99APE: raises $3 to $9
BigYelloFish: calls $3
*** FLOP *** [Kd Js Ah]
GO99APE: bets $3
BigYelloFish: calls $3
*** TURN *** [Kd Js Ah] [Qh]
GO99APE: bets $6
BigYelloFish: calls $6
*** RIVER *** [Kd Js Ah Qh] [7d]
GO99APE: bets $6
BigYelloFish: calls $6
*** SHOW DOWN ***
GO99APE: shows [8d 8s] (a pair of Eights)
BigYelloFish: shows [4s Ad] (a pair of Aces)
BigYelloFish collected $47.50 from pot
*** SUMMARY ***
Total pot $48 | Rake $0.50
Board [Kd Js Ah Qh 7d]
Seat 1: BigYelloFish (button) (small blind) showed [4s Ad] and won ($47.50) with a pair of Aces
Seat 2: GO99APE (big blind) showed [8d 8s] and lost with a pair of Eights


PokerStars Hand #145974454828:  Hold'em Limit ($3/$6 USD) - 2015/12/26 18:59:43 ET
Table 'Nerina II' 2-max Seat #2 is the button
Seat 1: BigYelloFish ($99.89 in chips)
Seat 2: GO99APE ($189.23 in chips)
GO99APE: posts small blind $1
BigYelloFish: posts big blind $3
*** HOLE CARDS ***
GO99APE: folds
Uncalled bet ($2) returned to BigYelloFish
BigYelloFish collected $2 from pot
BigYelloFish: doesn't show hand
*** SUMMARY ***
Total pot $2 | Rake $0
Seat 1: BigYelloFish (big blind) collected ($2)
Seat 2: GO99APE (button) (small blind) folded before Flop


PokerStars Hand #145974446162:  Hold'em Limit ($3/$6 USD) - 2015/12/26 18:59:29 ET
Table 'Nerina II' 2-max Seat #1 is the button
Seat 1: BigYelloFish ($85.39 in chips)
Seat 2: GO99APE ($204.23 in chips)
BigYelloFish: posts small blind $1
GO99APE: posts big blind $3
*** HOLE CARDS ***
BigYelloFish: raises $3 to $6
GO99APE: calls $3
*** FLOP *** [Th 3d 8h]
GO99APE: checks
BigYelloFish: bets $3
GO99APE: calls $3
*** TURN *** [Th 3d 8h] [6d]
GO99APE: checks
BigYelloFish: checks
*** RIVER *** [Th 3d 8h 6d] [Qc]
GO99APE: checks
BigYelloFish: bets $6
GO99APE: calls $6
*** SHOW DOWN ***
BigYelloFish: shows [Ac Qd] (a pair of Queens)
GO99APE: mucks hand
BigYelloFish collected $29.50 from pot
*** SUMMARY ***
Total pot $30 | Rake $0.50
Board [Th 3d 8h 6d Qc]
Seat 1: BigYelloFish (button) (small blind) showed [Ac Qd] and won ($29.50) with a pair of Queens
Seat 2: GO99APE (big blind) mucked


PokerStars Hand #145974502082:  Hold'em Limit ($3/$6 USD) - 2015/12/26 19:00:54 ET
Table 'Nerina II' 2-max Seat #1 is the button
Seat 1: BigYelloFish ($109.67 in chips)
Seat 2: GO99APE ($177.37 in chips)
BigYelloFish: posts small blind $1
GO99APE: posts big blind $3
*** HOLE CARDS ***
BigYelloFish: raises $3 to $6
GO99APE: raises $3 to $9
BigYelloFish: calls $3
*** FLOP *** [4s 4c 5c]
GO99APE: bets $3
BigYelloFish: calls $3
*** TURN *** [4s 4c 5c] [Kh]
GO99APE: bets $6
BigYelloFish: folds
Uncalled bet ($6) returned to GO99APE
GO99APE collected $23.52 from pot
GO99APE: doesn't show hand
*** SUMMARY ***
Total pot $24 | Rake $0.48
Board [4s 4c 5c Kh]
Seat 1: BigYelloFish (button) (small blind) folded on the Turn
Seat 2: GO99APE (big blind) collected ($23.52)


PokerStars Hand #145974494787:  Hold'em Limit ($3/$6 USD) - 2015/12/26 19:00:43 ET
Table 'Nerina II' 2-max Seat #2 is the button
Seat 1: BigYelloFish ($103.91 in chips)
Seat 2: GO99APE ($183.37 in chips)
GO99APE: posts small blind $1
BigYelloFish: posts big blind $3
*** HOLE CARDS ***
GO99APE: raises $3 to $6
BigYelloFish: calls $3
*** FLOP *** [4h Qs Kc]
BigYelloFish: checks
GO99APE: checks
*** TURN *** [4h Qs Kc] [9d]
BigYelloFish: bets $6
GO99APE: folds
Uncalled bet ($6) returned to BigYelloFish
BigYelloFish collected $11.76 from pot
BigYelloFish: doesn't show hand
*** SUMMARY ***
Total pot $12 | Rake $0.24
Board [4h Qs Kc 9d]
Seat 1: BigYelloFish (big blind) collected ($11.76)
Seat 2: GO99APE (button) (small blind) folded on the Turn


PokerStars Hand #145974485860:  Hold'em Limit ($3/$6 USD) - 2015/12/26 19:00:30 ET
Table 'Nerina II' 2-max Seat #1 is the button
Seat 1: BigYelloFish ($127.91 in chips)
Seat 2: GO99APE ($159.87 in chips)
BigYelloFish: posts small blind $1
GO99APE: posts big blind $3
*** HOLE CARDS ***
BigYelloFish: raises $3 to $6
GO99APE: raises $3 to $9
BigYelloFish: calls $3
*** FLOP *** [Ad 8s 4c]
GO99APE: bets $3
BigYelloFish: calls $3
*** TURN *** [Ad 8s 4c] [Ts]
GO99APE: bets $6
BigYelloFish: calls $6
*** RIVER *** [Ad 8s 4c Ts] [Jh]
GO99APE: bets $6
BigYelloFish: calls $6
*** SHOW DOWN ***
GO99APE: shows [As Kd] (a pair of Aces)
BigYelloFish: mucks hand
GO99APE collected $47.50 from pot
*** SUMMARY ***
Total pot $48 | Rake $0.50
Board [Ad 8s 4c Ts Jh]
Seat 1: BigYelloFish (button) (small blind) mucked
Seat 2: GO99APE (big blind) showed [As Kd] and won ($47.50) with a pair of Aces


PokerStars Hand #145974478828:  Hold'em Limit ($3/$6 USD) - 2015/12/26 19:00:19 ET
Table 'Nerina II' 2-max Seat #2 is the button
Seat 1: BigYelloFish ($116.39 in chips)
Seat 2: GO99APE ($171.87 in chips)
GO99APE: posts small blind $1
BigYelloFish: posts big blind $3
*** HOLE CARDS ***
GO99APE: raises $3 to $6
BigYelloFish: raises $3 to $9
GO99APE: calls $3
*** FLOP *** [As 2h 3s]
BigYelloFish: bets $3
GO99APE: calls $3
*** TURN *** [As 2h 3s] [9d]
BigYelloFish: bets $6
GO99APE: folds
Uncalled bet ($6) returned to BigYelloFish
BigYelloFish collected $23.52 from pot
BigYelloFish: doesn't show hand
*** SUMMARY ***
Total pot $24 | Rake $0.48
Board [As 2h 3s 9d]
Seat 1: BigYelloFish (big blind) collected ($23.52)
Seat 2: GO99APE (button) (small blind) folded on the Turn


PokerStars Hand #145974509699:  Hold'em Limit ($3/$6 USD) - 2015/12/26 19:01:04 ET
Table 'Nerina II' 2-max Seat #2 is the button
Seat 1: BigYelloFish ($97.67 in chips)
Seat 2: GO99APE ($188.89 in chips)
GO99APE: posts small blind $1
BigYelloFish: posts big blind $3
*** HOLE CARDS ***
GO99APE: raises $3 to $6
BigYelloFish: calls $3
*** FLOP *** [Js 4h Jc]
BigYelloFish: checks
GO99APE: checks
*** TURN *** [Js 4h Jc] [5h]
BigYelloFish: checks
GO99APE: bets $6
BigYelloFish: calls $6
*** RIVER *** [Js 4h Jc 5h] [5d]
BigYelloFish: checks
GO99APE: bets $6
BigYelloFish: calls $6
*** SHOW DOWN ***
GO99APE: shows [9h 5c] (a full house, Fives full of Jacks)
BigYelloFish: mucks hand
GO99APE collected $35.50 from pot
*** SUMMARY ***
Total pot $36 | Rake $0.50
Board [Js 4h Jc 5h 5d]
Seat 1: BigYelloFish (big blind) mucked
Seat 2: GO99APE (button) (small blind) showed [9h 5c] and won ($35.50) with a full house, Fives full of Jacks


PokerStars Hand #145974548502:  Hold'em Limit ($3/$6 USD) - 2015/12/26 19:01:56 ET
Table 'Nerina II' 2-max Seat #1 is the button
Seat 1: BigYelloFish ($97.19 in chips)
Seat 2: GO99APE ($188.39 in chips)
BigYelloFish: posts small blind $1
GO99APE: posts big blind $3
*** HOLE CARDS ***
BigYelloFish: raises $3 to $6
GO99APE: raises $3 to $9
BigYelloFish: calls $3
*** FLOP *** [8d 9s As]
GO99APE: bets $3
BigYelloFish: folds
Uncalled bet ($3) returned to GO99APE
GO99APE collected $17.64 from pot
GO99APE: doesn't show hand
*** SUMMARY ***
Total pot $18 | Rake $0.36
Board [8d 9s As]
Seat 1: BigYelloFish (button) (small blind) folded on the Flop
Seat 2: GO99APE (big blind) collected ($17.64)


PokerStars Hand #145974545064:  Hold'em Limit ($3/$6 USD) - 2015/12/26 19:01:52 ET
Table 'Nerina II' 2-max Seat #2 is the button
Seat 1: BigYelloFish ($96.19 in chips)
Seat 2: GO99APE ($189.39 in chips)
GO99APE: posts small blind $1
BigYelloFish: posts big blind $3
*** HOLE CARDS ***
GO99APE: folds
Uncalled bet ($2) returned to BigYelloFish
BigYelloFish collected $2 from pot
BigYelloFish: doesn't show hand
*** SUMMARY ***
Total pot $2 | Rake $0
Seat 1: BigYelloFish (big blind) collected ($2)
Seat 2: GO99APE (button) (small blind) folded before Flop


PokerStars Hand #145974540760:  Hold'em Limit ($3/$6 USD) - 2015/12/26 19:01:46 ET
Table 'Nerina II' 2-max Seat #1 is the button
Seat 1: BigYelloFish ($93.19 in chips)
Seat 2: GO99APE ($192.39 in chips)
BigYelloFish: posts small blind $1
GO99APE: posts big blind $3
*** HOLE CARDS ***
BigYelloFish: raises $3 to $6
GO99APE: folds
Uncalled bet ($3) returned to BigYelloFish
BigYelloFish collected $6 from pot
BigYelloFish: doesn't show hand
*** SUMMARY ***
Total pot $6 | Rake $0
Seat 1: BigYelloFish (button) (small blind) collected ($6)
Seat 2: GO99APE (big blind) folded before Flop


PokerStars Hand #145974536767:  Hold'em Limit ($3/$6 USD) - 2015/12/26 19:01:41 ET
Table 'Nerina II' 2-max Seat #2 is the button
Seat 1: BigYelloFish ($92.19 in chips)
Seat 2: GO99APE ($193.39 in chips)
GO99APE: posts small blind $1
BigYelloFish: posts big blind $3
*** HOLE CARDS ***
GO99APE: folds
Uncalled bet ($2) returned to BigYelloFish
BigYelloFish collected $2 from pot
BigYelloFish: doesn't show hand
*** SUMMARY ***
Total pot $2 | Rake $0
Seat 1: BigYelloFish (big blind) collected ($2)
Seat 2: GO99APE (button) (small blind) folded before Flop


PokerStars Hand #145974523757:  Hold'em Limit ($3/$6 USD) - 2015/12/26 19:01:24 ET
Table 'Nerina II' 2-max Seat #2 is the button
Seat 1: BigYelloFish ($85.43 in chips)
Seat 2: GO99APE ($200.39 in chips)
GO99APE: posts small blind $1
BigYelloFish: posts big blind $3
*** HOLE CARDS ***
GO99APE: folds
Uncalled bet ($2) returned to BigYelloFish
BigYelloFish collected $2 from pot
BigYelloFish: doesn't show hand
*** SUMMARY ***
Total pot $2 | Rake $0
Seat 1: BigYelloFish (big blind) collected ($2)
Seat 2: GO99APE (button) (small blind) folded before Flop


PokerStars Hand #145974517682:  Hold'em Limit ($3/$6 USD) - 2015/12/26 19:01:15 ET
Table 'Nerina II' 2-max Seat #1 is the button
Seat 1: BigYelloFish ($79.67 in chips)
Seat 2: GO99APE ($206.39 in chips)
BigYelloFish: posts small blind $1
GO99APE: posts big blind $3
*** HOLE CARDS ***
BigYelloFish: raises $3 to $6
GO99APE: calls $3
*** FLOP *** [3d 8c 3h]
GO99APE: checks
BigYelloFish: bets $3
GO99APE: folds
Uncalled bet ($3) returned to BigYelloFish
BigYelloFish collected $11.76 from pot
BigYelloFish: doesn't show hand
*** SUMMARY ***
Total pot $12 | Rake $0.24
Board [3d 8c 3h]
Seat 1: BigYelloFish (button) (small blind) collected ($11.76)
Seat 2: GO99APE (big blind) folded on the Flop


PokerStars Hand #145974555890:  Hold'em Limit ($3/$6 USD) - 2015/12/26 19:02:06 ET
Table 'Nerina II' 2-max Seat #2 is the button
Seat 1: BigYelloFish ($88.19 in chips)
Seat 2: GO99APE ($197.03 in chips)
GO99APE: posts small blind $1
BigYelloFish: posts big blind $3
*** HOLE CARDS ***
GO99APE: raises $3 to $6
BigYelloFish: raises $3 to $9
GO99APE: calls $3
*** FLOP *** [Jh 9h 4s]
BigYelloFish: bets $3
GO99APE: calls $3
*** TURN *** [Jh 9h 4s] [7s]
BigYelloFish: bets $6
GO99APE: calls $6
*** RIVER *** [Jh 9h 4s 7s] [6d]
BigYelloFish: bets $6
GO99APE: calls $6
*** SHOW DOWN ***
BigYelloFish: shows [8s 8c] (a pair of Eights)
GO99APE: shows [Jc 5d] (a pair of Jacks)
GO99APE collected $47.50 from pot
*** SUMMARY ***
Total pot $48 | Rake $0.50
Board [Jh 9h 4s 7s 6d]
Seat 1: BigYelloFish (big blind) showed [8s 8c] and lost with a pair of Eights
Seat 2: GO99APE (button) (small blind) showed [Jc 5d] and won ($47.50) with a pair of Jacks


PokerStars Hand #145974590306:  Hold'em Limit ($3/$6 USD) - 2015/12/26 19:02:52 ET
Table 'Nerina II' 2-max Seat #2 is the button
Seat 1: BigYelloFish ($8.19 in chips)
Seat 2: GO99APE ($275.53 in chips)
GO99APE: posts small blind $1
BigYelloFish: posts big blind $3
*** HOLE CARDS ***
GO99APE: raises $3 to $6
BigYelloFish: raises $2.19 to $8.19 and is all-in
GO99APE: calls $2.19
*** FLOP *** [5d 5h 6c]
*** TURN *** [5d 5h 6c] [8s]
*** RIVER *** [5d 5h 6c 8s] [9s]
*** SHOW DOWN ***
BigYelloFish: shows [8d 4h] (two pair, Eights and Fives)
GO99APE: shows [9h 4c] (two pair, Nines and Fives)
GO99APE collected $16.05 from pot
*** SUMMARY ***
Total pot $16.38 | Rake $0.33
Board [5d 5h 6c 8s 9s]
Seat 1: BigYelloFish (big blind) showed [8d 4h] and lost with two pair, Eights and Fives
Seat 2: GO99APE (button) (small blind) showed [9h 4c] and won ($16.05) with two pair, Nines and Fives


PokerStars Hand #145974580313:  Hold'em Limit ($3/$6 USD) - 2015/12/26 19:02:39 ET
Table 'Nerina II' 2-max Seat #1 is the button
Seat 1: BigYelloFish ($32.19 in chips)
Seat 2: GO99APE ($252.03 in chips)
BigYelloFish: posts small blind $1
GO99APE: posts big blind $3
*** HOLE CARDS ***
BigYelloFish: raises $3 to $6
GO99APE: calls $3
*** FLOP *** [Ad Tc 9d]
GO99APE: checks
BigYelloFish: bets $3
GO99APE: raises $3 to $6
BigYelloFish: calls $3
*** TURN *** [Ad Tc 9d] [Ac]
GO99APE: bets $6
BigYelloFish: calls $6
*** RIVER *** [Ad Tc 9d Ac] [7d]
GO99APE: bets $6
BigYelloFish: calls $6
*** SHOW DOWN ***
GO99APE: shows [4s Td] (two pair, Aces and Tens)
BigYelloFish: mucks hand
GO99APE collected $47.50 from pot
*** SUMMARY ***
Total pot $48 | Rake $0.50
Board [Ad Tc 9d Ac 7d]
Seat 1: BigYelloFish (button) (small blind) mucked
Seat 2: GO99APE (big blind) showed [4s Td] and won ($47.50) with two pair, Aces and Tens


PokerStars Hand #145974577004:  Hold'em Limit ($3/$6 USD) - 2015/12/26 19:02:34 ET
Table 'Nerina II' 2-max Seat #2 is the button
Seat 1: BigYelloFish ($31.19 in chips)
Seat 2: GO99APE ($253.03 in chips)
GO99APE: posts small blind $1
BigYelloFish: posts big blind $3
*** HOLE CARDS ***
GO99APE: folds
Uncalled bet ($2) returned to BigYelloFish
BigYelloFish collected $2 from pot
BigYelloFish: doesn't show hand
*** SUMMARY ***
Total pot $2 | Rake $0
Seat 1: BigYelloFish (big blind) collected ($2)
Seat 2: GO99APE (button) (small blind) folded before Flop


PokerStars Hand #145974565643:  Hold'em Limit ($3/$6 USD) - 2015/12/26 19:02:19 ET
Table 'Nerina II' 2-max Seat #1 is the button
Seat 1: BigYelloFish ($64.19 in chips)
Seat 2: GO99APE ($220.53 in chips)
BigYelloFish: posts small blind $1
GO99APE: posts big blind $3
*** HOLE CARDS ***
BigYelloFish: raises $3 to $6
GO99APE: calls $3
*** FLOP *** [6c 7c 6h]
GO99APE: checks
BigYelloFish: bets $3
GO99APE: calls $3
*** TURN *** [6c 7c 6h] [4c]
GO99APE: bets $6
BigYelloFish: raises $6 to $12
GO99APE: raises $6 to $18
BigYelloFish: calls $6
*** RIVER *** [6c 7c 6h 4c] [9s]
GO99APE: bets $6
BigYelloFish: calls $6
*** SHOW DOWN ***
GO99APE: shows [6d 9c] (a full house, Sixes full of Nines)
BigYelloFish: mucks hand
GO99APE collected $65.50 from pot
*** SUMMARY ***
Total pot $66 | Rake $0.50
Board [6c 7c 6h 4c 9s]
Seat 1: BigYelloFish (button) (small blind) mucked
Seat 2: GO99APE (big blind) showed [6d 9c] and won ($65.50) with a full house, Sixes full of Nines


PokerStars Hand #145974642434:  Hold'em Limit ($3/$6 USD) - 2015/12/26 19:04:00 ET
Table 'Nerina II' 2-max Seat #1 is the button
Seat 1: BigYelloFish ($128.24 in chips)
Seat 2: GO99APE ($300.53 in chips)
BigYelloFish: posts small blind $1
GO99APE: posts big blind $3
*** HOLE CARDS ***
BigYelloFish: raises $3 to $6
GO99APE: raises $3 to $9
BigYelloFish: calls $3
*** FLOP *** [8d 2c 4d]
GO99APE: bets $3
BigYelloFish: calls $3
*** TURN *** [8d 2c 4d] [9h]
GO99APE: bets $6
BigYelloFish: calls $6
*** RIVER *** [8d 2c 4d 9h] [5s]
GO99APE: bets $6
BigYelloFish: calls $6
*** SHOW DOWN ***
GO99APE: shows [Kc 9c] (a pair of Nines)
BigYelloFish: mucks hand
GO99APE collected $47.50 from pot
*** SUMMARY ***
Total pot $48 | Rake $0.50
Board [8d 2c 4d 9h 5s]
Seat 1: BigYelloFish (button) (small blind) mucked
Seat 2: GO99APE (big blind) showed [Kc 9c] and won ($47.50) with a pair of Nines


PokerStars Hand #145974632782:  Hold'em Limit ($3/$6 USD) - 2015/12/26 19:03:48 ET
Table 'Nerina II' 2-max Seat #2 is the button
Seat 1: BigYelloFish ($104.74 in chips)
Seat 2: GO99APE ($324.53 in chips)
GO99APE: posts small blind $1
BigYelloFish: posts big blind $3
*** HOLE CARDS ***
GO99APE: raises $3 to $6
BigYelloFish: raises $3 to $9
GO99APE: calls $3
*** FLOP *** [4s Th Qh]
BigYelloFish: bets $3
GO99APE: calls $3
*** TURN *** [4s Th Qh] [Kd]
BigYelloFish: bets $6
GO99APE: calls $6
*** RIVER *** [4s Th Qh Kd] [2d]
BigYelloFish: bets $6
GO99APE: calls $6
*** SHOW DOWN ***
BigYelloFish: shows [Kh 3c] (a pair of Kings)
GO99APE: mucks hand
BigYelloFish collected $47.50 from pot
*** SUMMARY ***
Total pot $48 | Rake $0.50
Board [4s Th Qh Kd 2d]
Seat 1: BigYelloFish (big blind) showed [Kh 3c] and won ($47.50) with a pair of Kings
Seat 2: GO99APE (button) (small blind) mucked


PokerStars Hand #145974626255:  Hold'em Limit ($3/$6 USD) - 2015/12/26 19:03:39 ET
Table 'Nerina II' 2-max Seat #1 is the button
Seat 1: BigYelloFish ($113.74 in chips)
Seat 2: GO99APE ($315.89 in chips)
BigYelloFish: posts small blind $1
GO99APE: posts big blind $3
*** HOLE CARDS ***
BigYelloFish: raises $3 to $6
GO99APE: raises $3 to $9
BigYelloFish: calls $3
*** FLOP *** [Kd Jh Qc]
GO99APE: bets $3
BigYelloFish: folds
Uncalled bet ($3) returned to GO99APE
GO99APE collected $17.64 from pot
GO99APE: doesn't show hand
*** SUMMARY ***
Total pot $18 | Rake $0.36
Board [Kd Jh Qc]
Seat 1: BigYelloFish (button) (small blind) folded on the Flop
Seat 2: GO99APE (big blind) collected ($17.64)


PokerStars Hand #145974614832:  Hold'em Limit ($3/$6 USD) - 2015/12/26 19:03:24 ET
Table 'Nerina II' 2-max Seat #2 is the button
Seat 1: BigYelloFish ($36.24 in chips)
Seat 2: GO99APE ($333.89 in chips)
GO99APE: posts small blind $1
BigYelloFish: posts big blind $3
*** HOLE CARDS ***
GO99APE: raises $3 to $6
BigYelloFish: raises $3 to $9
GO99APE: calls $3
*** FLOP *** [Jh 2h 9c]
BigYelloFish: bets $3
GO99APE: calls $3
*** TURN *** [Jh 2h 9c] [5c]
BigYelloFish: bets $6
GO99APE: calls $6
*** RIVER *** [Jh 2h 9c 5c] [3h]
BigYelloFish: bets $6
GO99APE: folds
Uncalled bet ($6) returned to BigYelloFish
BigYelloFish collected $35.50 from pot
BigYelloFish: doesn't show hand
*** SUMMARY ***
Total pot $36 | Rake $0.50
Board [Jh 2h 9c 5c 3h]
Seat 1: BigYelloFish (big blind) collected ($35.50)
Seat 2: GO99APE (button) (small blind) folded on the River


PokerStars Hand #145974601365:  Hold'em Limit ($3/$6 USD) - 2015/12/26 19:03:06 ET
Table 'Nerina II' 2-max Seat #1 is the button
Seat 1: BigYelloFish ($87.24 in chips)
Seat 2: GO99APE ($283.39 in chips)
BigYelloFish: posts small blind $1
GO99APE: posts big blind $3
*** HOLE CARDS ***
BigYelloFish: raises $3 to $6
GO99APE: calls $3
*** FLOP *** [8c Kh 6c]
GO99APE: checks
BigYelloFish: bets $3
GO99APE: calls $3
*** TURN *** [8c Kh 6c] [4c]
GO99APE: bets $6
BigYelloFish: raises $6 to $12
GO99APE: raises $6 to $18
BigYelloFish: raises $6 to $24
Betting is capped
GO99APE: calls $6
*** RIVER *** [8c Kh 6c 4c] [2d]
GO99APE: bets $6
BigYelloFish: raises $6 to $12
GO99APE: raises $6 to $18
BigYelloFish: calls $6
*** SHOW DOWN ***
GO99APE: shows [5c Ac] (a flush, Ace high)
BigYelloFish: mucks hand
GO99APE collected $101.50 from pot
*** SUMMARY ***
Total pot $102 | Rake $0.50
Board [8c Kh 6c 4c 2d]
Seat 1: BigYelloFish (button) (small blind) mucked
Seat 2: GO99APE (big blind) showed [5c Ac] and won ($101.50) with a flush, Ace high


PokerStars Hand #145974684988:  Hold'em Limit ($3/$6 USD) - 2015/12/26 19:04:56 ET
Table 'Nerina II' 2-max Seat #2 is the button
Seat 1: BigYelloFish ($47.24 in chips)
Seat 2: GO99APE ($379.53 in chips)
GO99APE: posts small blind $1
BigYelloFish: posts big blind $3
*** HOLE CARDS ***
GO99APE: raises $3 to $6
BigYelloFish: raises $3 to $9
GO99APE: calls $3
*** FLOP *** [3s Qd Jc]
BigYelloFish: bets $3
GO99APE: calls $3
*** TURN *** [3s Qd Jc] [6c]
BigYelloFish: bets $6
GO99APE: folds
Uncalled bet ($6) returned to BigYelloFish
BigYelloFish collected $23.52 from pot
BigYelloFish: doesn't show hand
*** SUMMARY ***
Total pot $24 | Rake $0.48
Board [3s Qd Jc 6c]
Seat 1: BigYelloFish (big blind) collected ($23.52)
Seat 2: GO99APE (button) (small blind) folded on the Turn


PokerStars Hand #145974673143:  Hold'em Limit ($3/$6 USD) - 2015/12/26 19:04:41 ET
Table 'Nerina II' 2-max Seat #1 is the button
Seat 1: BigYelloFish ($68.24 in chips)
Seat 2: GO99APE ($359.03 in chips)
BigYelloFish: posts small blind $1
GO99APE: posts big blind $3
*** HOLE CARDS ***
BigYelloFish: raises $3 to $6
GO99APE: raises $3 to $9
BigYelloFish: raises $3 to $12
Betting is capped
GO99APE: calls $3
*** FLOP *** [2s 4d 9s]
GO99APE: checks
BigYelloFish: bets $3
GO99APE: calls $3
*** TURN *** [2s 4d 9s] [8s]
GO99APE: checks
BigYelloFish: bets $6
GO99APE: calls $6
*** RIVER *** [2s 4d 9s 8s] [Qd]
GO99APE: checks
BigYelloFish: checks
*** SHOW DOWN ***
GO99APE: shows [Kc Ah] (high card Ace)
BigYelloFish: mucks hand
GO99APE collected $41.50 from pot
*** SUMMARY ***
Total pot $42 | Rake $0.50
Board [2s 4d 9s 8s Qd]
Seat 1: BigYelloFish (button) (small blind) mucked
Seat 2: GO99APE (big blind) showed [Kc Ah] and won ($41.50) with high card Ace


PokerStars Hand #145974664124:  Hold'em Limit ($3/$6 USD) - 2015/12/26 19:04:29 ET
Table 'Nerina II' 2-max Seat #2 is the button
Seat 1: BigYelloFish ($92.24 in chips)
Seat 2: GO99APE ($335.53 in chips)
GO99APE: posts small blind $1
BigYelloFish: posts big blind $3
*** HOLE CARDS ***
GO99APE: raises $3 to $6
BigYelloFish: raises $3 to $9
GO99APE: calls $3
*** FLOP *** [5h 3d Jc]
BigYelloFish: bets $3
GO99APE: calls $3
*** TURN *** [5h 3d Jc] [8c]
BigYelloFish: bets $6
GO99APE: calls $6
*** RIVER *** [5h 3d Jc 8c] [5s]
BigYelloFish: bets $6
GO99APE: calls $6
*** SHOW DOWN ***
BigYelloFish: shows [9c 6c] (a pair of Fives)
GO99APE: shows [8h Td] (two pair, Eights and Fives)
GO99APE collected $47.50 from pot
*** SUMMARY ***
Total pot $48 | Rake $0.50
Board [5h 3d Jc 8c 5s]
Seat 1: BigYelloFish (big blind) showed [9c 6c] and lost with a pair of Fives
Seat 2: GO99APE (button) (small blind) showed [8h Td] and won ($47.50) with two pair, Eights and Fives


PokerStars Hand #145974660571:  Hold'em Limit ($3/$6 USD) - 2015/12/26 19:04:24 ET
Table 'Nerina II' 2-max Seat #1 is the button
Seat 1: BigYelloFish ($89.24 in chips)
Seat 2: GO99APE ($338.53 in chips)
BigYelloFish: posts small blind $1
GO99APE: posts big blind $3
*** HOLE CARDS ***
BigYelloFish: raises $3 to $6
GO99APE: folds
Uncalled bet ($3) returned to BigYelloFish
BigYelloFish collected $6 from pot
BigYelloFish: doesn't show hand
*** SUMMARY ***
Total pot $6 | Rake $0
Seat 1: BigYelloFish (button) (small blind) collected ($6)
Seat 2: GO99APE (big blind) folded before Flop


PokerStars Hand #145974651543:  Hold'em Limit ($3/$6 USD) - 2015/12/26 19:04:12 ET
Table 'Nerina II' 2-max Seat #2 is the button
Seat 1: BigYelloFish ($104.24 in chips)
Seat 2: GO99APE ($324.03 in chips)
GO99APE: posts small blind $1
BigYelloFish: posts big blind $3
*** HOLE CARDS ***
GO99APE: raises $3 to $6
BigYelloFish: calls $3
*** FLOP *** [9s 4h 6s]
BigYelloFish: checks
GO99APE: bets $3
BigYelloFish: calls $3
*** TURN *** [9s 4h 6s] [7s]
BigYelloFish: checks
GO99APE: checks
*** RIVER *** [9s 4h 6s 7s] [6c]
BigYelloFish: bets $6
GO99APE: raises $6 to $12
BigYelloFish: folds
Uncalled bet ($6) returned to GO99APE
GO99APE collected $29.50 from pot
GO99APE: doesn't show hand
*** SUMMARY ***
Total pot $30 | Rake $0.50
Board [9s 4h 6s 7s 6c]
Seat 1: BigYelloFish (big blind) folded on the River
Seat 2: GO99APE (button) (small blind) collected ($29.50)


PokerStars Hand #145974692931:  Hold'em Limit ($3/$6 USD) - 2015/12/26 19:05:07 ET
Table 'Nerina II' 2-max Seat #1 is the button
Seat 1: BigYelloFish ($58.76 in chips)
Seat 2: GO99APE ($367.53 in chips)
BigYelloFish: posts small blind $1
GO99APE: posts big blind $3
*** HOLE CARDS ***
BigYelloFish: raises $3 to $6
GO99APE: calls $3
*** FLOP *** [4c 6h Kc]
GO99APE: checks
BigYelloFish: bets $3
GO99APE: calls $3
*** TURN *** [4c 6h Kc] [Qs]
GO99APE: checks
BigYelloFish: bets $6
GO99APE: calls $6
*** RIVER *** [4c 6h Kc Qs] [Qh]
GO99APE: checks
BigYelloFish: bets $6
GO99APE: calls $6
*** SHOW DOWN ***
BigYelloFish: shows [Qc 6c] (a full house, Queens full of Sixes)
GO99APE: mucks hand
BigYelloFish collected $41.50 from pot
*** SUMMARY ***
Total pot $42 | Rake $0.50
Board [4c 6h Kc Qs Qh]
Seat 1: BigYelloFish (button) (small blind) showed [Qc 6c] and won ($41.50) with a full house, Queens full of Sixes
Seat 2: GO99APE (big blind) mucked


PokerStars Hand #145974727576:  Hold'em Limit ($3/$6 USD) - 2015/12/26 19:05:52 ET
Table 'Nerina II' 2-max Seat #1 is the button
Seat 1: BigYelloFish ($81.54 in chips)
Seat 2: GO99APE ($343.03 in chips)
BigYelloFish: posts small blind $1
GO99APE: posts big blind $3
*** HOLE CARDS ***
BigYelloFish: raises $3 to $6
GO99APE: calls $3
*** FLOP *** [6d 3d 2s]
GO99APE: checks
BigYelloFish: bets $3
GO99APE: calls $3
*** TURN *** [6d 3d 2s] [Tc]
GO99APE: checks
BigYelloFish: bets $6
GO99APE: folds
Uncalled bet ($6) returned to BigYelloFish
BigYelloFish collected $17.64 from pot
BigYelloFish: doesn't show hand
*** SUMMARY ***
Total pot $18 | Rake $0.36
Board [6d 3d 2s Tc]
Seat 1: BigYelloFish (button) (small blind) collected ($17.64)
Seat 2: GO99APE (big blind) folded on the Turn


PokerStars Hand #145974718991:  Hold'em Limit ($3/$6 USD) - 2015/12/26 19:05:40 ET
Table 'Nerina II' 2-max Seat #2 is the button
Seat 1: BigYelloFish ($96.54 in chips)
Seat 2: GO99APE ($328.53 in chips)
GO99APE: posts small blind $1
BigYelloFish: posts big blind $3
*** HOLE CARDS ***
GO99APE: raises $3 to $6
BigYelloFish: calls $3
*** FLOP *** [Ad Qc Tc]
BigYelloFish: checks
GO99APE: bets $3
BigYelloFish: calls $3
*** TURN *** [Ad Qc Tc] [9d]
BigYelloFish: checks
GO99APE: bets $6
BigYelloFish: calls $6
*** RIVER *** [Ad Qc Tc 9d] [8h]
BigYelloFish: checks
GO99APE: checks
*** SHOW DOWN ***
BigYelloFish: shows [3s Ts] (a pair of Tens)
GO99APE: shows [Ah 4d] (a pair of Aces)
GO99APE collected $29.50 from pot
*** SUMMARY ***
Total pot $30 | Rake $0.50
Board [Ad Qc Tc 9d 8h]
Seat 1: BigYelloFish (big blind) showed [3s Ts] and lost with a pair of Tens
Seat 2: GO99APE (button) (small blind) showed [Ah 4d] and won ($29.50) with a pair of Aces


PokerStars Hand #145974712185:  Hold'em Limit ($3/$6 USD) - 2015/12/26 19:05:31 ET
Table 'Nerina II' 2-max Seat #1 is the button
Seat 1: BigYelloFish ($90.78 in chips)
Seat 2: GO99APE ($334.53 in chips)
BigYelloFish: posts small blind $1
GO99APE: posts big blind $3
*** HOLE CARDS ***
BigYelloFish: raises $3 to $6
GO99APE: calls $3
*** FLOP *** [Ah 7c Qd]
GO99APE: checks
BigYelloFish: bets $3
GO99APE: folds
Uncalled bet ($3) returned to BigYelloFish
BigYelloFish collected $11.76 from pot
BigYelloFish: doesn't show hand
*** SUMMARY ***
Total pot $12 | Rake $0.24
Board [Ah 7c Qd]
Seat 1: BigYelloFish (button) (small blind) collected ($11.76)
Seat 2: GO99APE (big blind) folded on the Flop


PokerStars Hand #145974704489:  Hold'em Limit ($3/$6 USD) - 2015/12/26 19:05:22 ET
Table 'Nerina II' 2-max Seat #2 is the button
Seat 1: BigYelloFish ($79.26 in chips)
Seat 2: GO99APE ($346.53 in chips)
GO99APE: posts small blind $1
BigYelloFish: posts big blind $3
*** HOLE CARDS ***
GO99APE: raises $3 to $6
BigYelloFish: calls $3
*** FLOP *** [2h 7s 5d]
BigYelloFish: checks
GO99APE: checks
*** TURN *** [2h 7s 5d] [2d]
BigYelloFish: bets $6
GO99APE: calls $6
*** RIVER *** [2h 7s 5d 2d] [6c]
BigYelloFish: bets $6
GO99APE: folds
Uncalled bet ($6) returned to BigYelloFish
BigYelloFish collected $23.52 from pot
BigYelloFish: doesn't show hand
*** SUMMARY ***
Total pot $24 | Rake $0.48
Board [2h 7s 5d 2d 6c]
Seat 1: BigYelloFish (big blind) collected ($23.52)
Seat 2: GO99APE (button) (small blind) folded on the River


PokerStars Hand #145974737168:  Hold'em Limit ($3/$6 USD) - 2015/12/26 19:06:04 ET
Table 'Nerina II' 2-max Seat #2 is the button
Seat 1: BigYelloFish ($90.18 in chips)
Seat 2: GO99APE ($334.03 in chips)
GO99APE: posts small blind $1
BigYelloFish: posts big blind $3
*** HOLE CARDS ***
GO99APE: raises $3 to $6
BigYelloFish: raises $3 to $9
GO99APE: calls $3
*** FLOP *** [Ts 9d Js]
BigYelloFish: bets $3
GO99APE: calls $3
*** TURN *** [Ts 9d Js] [4c]
BigYelloFish: bets $6
GO99APE: calls $6
*** RIVER *** [Ts 9d Js 4c] [7d]
BigYelloFish: bets $6
GO99APE: calls $6
*** SHOW DOWN ***
BigYelloFish: shows [Qs Tc] (a pair of Tens)
GO99APE: mucks hand
BigYelloFish collected $47.50 from pot
*** SUMMARY ***
Total pot $48 | Rake $0.50
Board [Ts 9d Js 4c 7d]
Seat 1: BigYelloFish (big blind) showed [Qs Tc] and won ($47.50) with a pair of Tens
Seat 2: GO99APE (button) (small blind) mucked


PokerStars Hand #145974772012:  Hold'em Limit ($3/$6 USD) - 2015/12/26 19:06:50 ET
Table 'Nerina II' 2-max Seat #1 is the button
Seat 1: BigYelloFish ($82.68 in chips)
Seat 2: GO99APE ($340.17 in chips)
BigYelloFish: posts small blind $1
GO99APE: posts big blind $3
*** HOLE CARDS ***
BigYelloFish: raises $3 to $6
GO99APE: calls $3
*** FLOP *** [Ah Kd 9s]
GO99APE: checks
BigYelloFish: bets $3
GO99APE: folds
Uncalled bet ($3) returned to BigYelloFish
BigYelloFish collected $11.76 from pot
BigYelloFish: doesn't show hand
*** SUMMARY ***
Total pot $12 | Rake $0.24
Board [Ah Kd 9s]
Seat 1: BigYelloFish (button) (small blind) collected ($11.76)
Seat 2: GO99APE (big blind) folded on the Flop


PokerStars Hand #145974768751:  Hold'em Limit ($3/$6 USD) - 2015/12/26 19:06:46 ET
Table 'Nerina II' 2-max Seat #2 is the button
Seat 1: BigYelloFish ($81.68 in chips)
Seat 2: GO99APE ($341.17 in chips)
GO99APE: posts small blind $1
BigYelloFish: posts big blind $3
*** HOLE CARDS ***
GO99APE: folds
Uncalled bet ($2) returned to BigYelloFish
BigYelloFish collected $2 from pot
BigYelloFish: doesn't show hand
*** SUMMARY ***
Total pot $2 | Rake $0
Seat 1: BigYelloFish (big blind) collected ($2)
Seat 2: GO99APE (button) (small blind) folded before Flop


PokerStars Hand #145974759107:  Hold'em Limit ($3/$6 USD) - 2015/12/26 19:06:33 ET
Table 'Nerina II' 2-max Seat #1 is the button
Seat 1: BigYelloFish ($105.68 in chips)
Seat 2: GO99APE ($317.67 in chips)
BigYelloFish: posts small blind $1
GO99APE: posts big blind $3
*** HOLE CARDS ***
BigYelloFish: raises $3 to $6
GO99APE: raises $3 to $9
BigYelloFish: calls $3
*** FLOP *** [Ad 4c 7h]
GO99APE: bets $3
BigYelloFish: calls $3
*** TURN *** [Ad 4c 7h] [5h]
GO99APE: bets $6
BigYelloFish: calls $6
*** RIVER *** [Ad 4c 7h 5h] [As]
GO99APE: bets $6
BigYelloFish: calls $6
*** SHOW DOWN ***
GO99APE: shows [Jd Ks] (a pair of Aces)
BigYelloFish: mucks hand
GO99APE collected $47.50 from pot
*** SUMMARY ***
Total pot $48 | Rake $0.50
Board [Ad 4c 7h 5h As]
Seat 1: BigYelloFish (button) (small blind) mucked
Seat 2: GO99APE (big blind) showed [Jd Ks] and won ($47.50) with a pair of Aces


PokerStars Hand #145974755862:  Hold'em Limit ($3/$6 USD) - 2015/12/26 19:06:29 ET
Table 'Nerina II' 2-max Seat #2 is the button
Seat 1: BigYelloFish ($104.68 in chips)
Seat 2: GO99APE ($318.67 in chips)
GO99APE: posts small blind $1
BigYelloFish: posts big blind $3
*** HOLE CARDS ***
GO99APE: folds
Uncalled bet ($2) returned to BigYelloFish
BigYelloFish collected $2 from pot
BigYelloFish: doesn't show hand
*** SUMMARY ***
Total pot $2 | Rake $0
Seat 1: BigYelloFish (big blind) collected ($2)
Seat 2: GO99APE (button) (small blind) folded before Flop


PokerStars Hand #145974749048:  Hold'em Limit ($3/$6 USD) - 2015/12/26 19:06:20 ET
Table 'Nerina II' 2-max Seat #1 is the button
Seat 1: BigYelloFish ($113.68 in chips)
Seat 2: GO99APE ($310.03 in chips)
BigYelloFish: posts small blind $1
GO99APE: posts big blind $3
*** HOLE CARDS ***
BigYelloFish: raises $3 to $6
GO99APE: raises $3 to $9
BigYelloFish: calls $3
*** FLOP *** [Tc 4d Ks]
GO99APE: bets $3
BigYelloFish: folds
Uncalled bet ($3) returned to GO99APE
GO99APE collected $17.64 from pot
GO99APE: doesn't show hand
*** SUMMARY ***
Total pot $18 | Rake $0.36
Board [Tc 4d Ks]
Seat 1: BigYelloFish (button) (small blind) folded on the Flop
Seat 2: GO99APE (big blind) collected ($17.64)


PokerStars Hand #145974790191:  Hold'em Limit ($3/$6 USD) - 2015/12/26 19:07:14 ET
Table 'Nerina II' 2-max Seat #1 is the button
Seat 1: BigYelloFish ($102.94 in chips)
Seat 2: GO99APE ($319.17 in chips)
BigYelloFish: posts small blind $1
GO99APE: posts big blind $3
*** HOLE CARDS ***
BigYelloFish: raises $3 to $6
GO99APE: folds
Uncalled bet ($3) returned to BigYelloFish
BigYelloFish collected $6 from pot
BigYelloFish: doesn't show hand
*** SUMMARY ***
Total pot $6 | Rake $0
Seat 1: BigYelloFish (button) (small blind) collected ($6)
Seat 2: GO99APE (big blind) folded before Flop


PokerStars Hand #145974779891:  Hold'em Limit ($3/$6 USD) - 2015/12/26 19:07:01 ET
Table 'Nerina II' 2-max Seat #2 is the button
Seat 1: BigYelloFish ($88.44 in chips)
Seat 2: GO99APE ($334.17 in chips)
GO99APE: posts small blind $1
BigYelloFish: posts big blind $3
*** HOLE CARDS ***
GO99APE: raises $3 to $6
BigYelloFish: calls $3
*** FLOP *** [3h 5d 7d]
BigYelloFish: checks
GO99APE: bets $3
BigYelloFish: calls $3
*** TURN *** [3h 5d 7d] [9s]
BigYelloFish: checks
GO99APE: bets $6
BigYelloFish: calls $6
*** RIVER *** [3h 5d 7d 9s] [9c]
BigYelloFish: checks
GO99APE: checks
*** SHOW DOWN ***
BigYelloFish: shows [3c Js] (two pair, Nines and Threes)
GO99APE: mucks hand
BigYelloFish collected $29.50 from pot
*** SUMMARY ***
Total pot $30 | Rake $0.50
Board [3h 5d 7d 9s 9c]
Seat 1: BigYelloFish (big blind) showed [3c Js] and won ($29.50) with two pair, Nines and Threes
Seat 2: GO99APE (button) (small blind) mucked


PokerStars Hand #145974824043:  Hold'em Limit ($3/$6 USD) - 2015/12/26 19:07:59 ET
Table 'Nerina II' 2-max Seat #2 is the button
Seat 1: BigYelloFish ($117.44 in chips)
Seat 2: GO99APE ($303.57 in chips)
GO99APE: posts small blind $1
BigYelloFish: posts big blind $3
*** HOLE CARDS ***
GO99APE: raises $3 to $6
BigYelloFish: calls $3
*** FLOP *** [2s 3c 2d]
BigYelloFish: checks
GO99APE: bets $3
BigYelloFish: raises $3 to $6
GO99APE: calls $3
*** TURN *** [2s 3c 2d] [4d]
BigYelloFish: bets $6
GO99APE: calls $6
*** RIVER *** [2s 3c 2d 4d] [Qc]
BigYelloFish: bets $6
GO99APE: calls $6
*** SHOW DOWN ***
BigYelloFish: shows [3h 6s] (two pair, Threes and Deuces)
GO99APE: mucks hand
BigYelloFish collected $47.50 from pot
*** SUMMARY ***
Total pot $48 | Rake $0.50
Board [2s 3c 2d 4d Qc]
Seat 1: BigYelloFish (big blind) showed [3h 6s] and won ($47.50) with two pair, Threes and Deuces
Seat 2: GO99APE (button) (small blind) mucked


PokerStars Hand #145974817058:  Hold'em Limit ($3/$6 USD) - 2015/12/26 19:07:50 ET
Table 'Nerina II' 2-max Seat #1 is the button
Seat 1: BigYelloFish ($123.44 in chips)
Seat 2: GO99APE ($297.81 in chips)
BigYelloFish: posts small blind $1
GO99APE: posts big blind $3
*** HOLE CARDS ***
BigYelloFish: raises $3 to $6
GO99APE: calls $3
*** FLOP *** [7h Qs 7s]
GO99APE: bets $3
BigYelloFish: folds
Uncalled bet ($3) returned to GO99APE
GO99APE collected $11.76 from pot
GO99APE: doesn't show hand
*** SUMMARY ***
Total pot $12 | Rake $0.24
Board [7h Qs 7s]
Seat 1: BigYelloFish (button) (small blind) folded on the Flop
Seat 2: GO99APE (big blind) collected ($11.76)


PokerStars Hand #145974806532:  Hold'em Limit ($3/$6 USD) - 2015/12/26 19:07:36 ET
Table 'Nerina II' 2-max Seat #2 is the button
Seat 1: BigYelloFish ($99.94 in chips)
Seat 2: GO99APE ($321.81 in chips)
GO99APE: posts small blind $1
BigYelloFish: posts big blind $3
*** HOLE CARDS ***
GO99APE: calls $2
BigYelloFish: checks
*** FLOP *** [5d 9c 9s]
BigYelloFish: checks
GO99APE: bets $3
BigYelloFish: calls $3
*** TURN *** [5d 9c 9s] [3s]
BigYelloFish: checks
GO99APE: bets $6
BigYelloFish: calls $6
*** RIVER *** [5d 9c 9s 3s] [Kc]
BigYelloFish: checks
GO99APE: bets $6
BigYelloFish: raises $6 to $12
GO99APE: calls $6
*** SHOW DOWN ***
BigYelloFish: shows [7s Kh] (two pair, Kings and Nines)
GO99APE: mucks hand
BigYelloFish collected $47.50 from pot
*** SUMMARY ***
Total pot $48 | Rake $0.50
Board [5d 9c 9s 3s Kc]
Seat 1: BigYelloFish (big blind) showed [7s Kh] and won ($47.50) with two pair, Kings and Nines
Seat 2: GO99APE (button) (small blind) mucked


PokerStars Hand #145974802048:  Hold'em Limit ($3/$6 USD) - 2015/12/26 19:07:30 ET
Table 'Nerina II' 2-max Seat #1 is the button
Seat 1: BigYelloFish ($96.94 in chips)
Seat 2: GO99APE ($324.81 in chips)
BigYelloFish: posts small blind $1
GO99APE: posts big blind $3
*** HOLE CARDS ***
BigYelloFish: raises $3 to $6
GO99APE: folds
Uncalled bet ($3) returned to BigYelloFish
BigYelloFish collected $6 from pot
BigYelloFish: doesn't show hand
*** SUMMARY ***
Total pot $6 | Rake $0
Seat 1: BigYelloFish (button) (small blind) collected ($6)
Seat 2: GO99APE (big blind) folded before Flop


PokerStars Hand #145974794129:  Hold'em Limit ($3/$6 USD) - 2015/12/26 19:07:20 ET
Table 'Nerina II' 2-max Seat #2 is the button
Seat 1: BigYelloFish ($105.94 in chips)
Seat 2: GO99APE ($316.17 in chips)
GO99APE: posts small blind $1
BigYelloFish: posts big blind $3
*** HOLE CARDS ***
GO99APE: raises $3 to $6
BigYelloFish: calls $3
*** FLOP *** [3d 8c 8h]
BigYelloFish: checks
GO99APE: bets $3
BigYelloFish: calls $3
*** TURN *** [3d 8c 8h] [6h]
BigYelloFish: checks
GO99APE: bets $6
BigYelloFish: folds
Uncalled bet ($6) returned to GO99APE
GO99APE collected $17.64 from pot
GO99APE: doesn't show hand
*** SUMMARY ***
Total pot $18 | Rake $0.36
Board [3d 8c 8h 6h]
Seat 1: BigYelloFish (big blind) folded on the Turn
Seat 2: GO99APE (button) (small blind) collected ($17.64)


PokerStars Hand #145974833298:  Hold'em Limit ($3/$6 USD) - 2015/12/26 19:08:12 ET
Table 'Nerina II' 2-max Seat #1 is the button
Seat 1: BigYelloFish ($140.94 in chips)
Seat 2: GO99APE ($279.57 in chips)
BigYelloFish: posts small blind $1
GO99APE: posts big blind $3
*** HOLE CARDS ***
BigYelloFish: raises $3 to $6
GO99APE: raises $3 to $9
BigYelloFish: calls $3
*** FLOP *** [5s 6c 6d]
GO99APE: bets $3
BigYelloFish: calls $3
*** TURN *** [5s 6c 6d] [9s]
GO99APE: bets $6
BigYelloFish: calls $6
*** RIVER *** [5s 6c 6d 9s] [Jh]
GO99APE: bets $6
BigYelloFish: folds
Uncalled bet ($6) returned to GO99APE
GO99APE collected $35.50 from pot
GO99APE: doesn't show hand
*** SUMMARY ***
Total pot $36 | Rake $0.50
Board [5s 6c 6d 9s Jh]
Seat 1: BigYelloFish (button) (small blind) folded on the River
Seat 2: GO99APE (big blind) collected ($35.50)


PokerStars Hand #145974870807:  Hold'em Limit ($3/$6 USD) - 2015/12/26 19:09:03 ET
Table 'Nerina II' 2-max Seat #2 is the button
Seat 1: BigYelloFish ($180.94 in chips)
Seat 2: GO99APE ($238.07 in chips)
GO99APE: posts small blind $1
BigYelloFish: posts big blind $3
*** HOLE CARDS ***
GO99APE: raises $3 to $6
BigYelloFish: raises $3 to $9
GO99APE: calls $3
*** FLOP *** [8c 4c Jc]
BigYelloFish: bets $3
GO99APE: folds
Uncalled bet ($3) returned to BigYelloFish
BigYelloFish collected $17.64 from pot
BigYelloFish: doesn't show hand
*** SUMMARY ***
Total pot $18 | Rake $0.36
Board [8c 4c Jc]
Seat 1: BigYelloFish (big blind) collected ($17.64)
Seat 2: GO99APE (button) (small blind) folded on the Flop


PokerStars Hand #145974859370:  Hold'em Limit ($3/$6 USD) - 2015/12/26 19:08:47 ET
Table 'Nerina II' 2-max Seat #1 is the button
Seat 1: BigYelloFish ($148.44 in chips)
Seat 2: GO99APE ($271.07 in chips)
BigYelloFish: posts small blind $1
GO99APE: posts big blind $3
*** HOLE CARDS ***
BigYelloFish: raises $3 to $6
GO99APE: calls $3
*** FLOP *** [9d As Ts]
GO99APE: bets $3
BigYelloFish: raises $3 to $6
GO99APE: raises $3 to $9
BigYelloFish: calls $3
*** TURN *** [9d As Ts] [Qd]
GO99APE: bets $6
BigYelloFish: raises $6 to $12
GO99APE: calls $6
*** RIVER *** [9d As Ts Qd] [2h]
GO99APE: checks
BigYelloFish: bets $6
GO99APE: calls $6
*** SHOW DOWN ***
BigYelloFish: shows [Td Qh] (two pair, Queens and Tens)
GO99APE: mucks hand
BigYelloFish collected $65.50 from pot
*** SUMMARY ***
Total pot $66 | Rake $0.50
Board [9d As Ts Qd 2h]
Seat 1: BigYelloFish (button) (small blind) showed [Td Qh] and won ($65.50) with two pair, Queens and Tens
Seat 2: GO99APE (big blind) mucked


PokerStars Hand #145974856059:  Hold'em Limit ($3/$6 USD) - 2015/12/26 19:08:42 ET
Table 'Nerina II' 2-max Seat #2 is the button
Seat 1: BigYelloFish ($147.44 in chips)
Seat 2: GO99APE ($272.07 in chips)
GO99APE: posts small blind $1
BigYelloFish: posts big blind $3
*** HOLE CARDS ***
GO99APE: folds
Uncalled bet ($2) returned to BigYelloFish
BigYelloFish collected $2 from pot
BigYelloFish: doesn't show hand
*** SUMMARY ***
Total pot $2 | Rake $0
Seat 1: BigYelloFish (big blind) collected ($2)
Seat 2: GO99APE (button) (small blind) folded before Flop


PokerStars Hand #145974845212:  Hold'em Limit ($3/$6 USD) - 2015/12/26 19:08:28 ET
Table 'Nerina II' 2-max Seat #1 is the button
Seat 1: BigYelloFish ($123.94 in chips)
Seat 2: GO99APE ($296.07 in chips)
BigYelloFish: posts small blind $1
GO99APE: posts big blind $3
*** HOLE CARDS ***
BigYelloFish: raises $3 to $6
GO99APE: calls $3
*** FLOP *** [9h 5c 8d]
GO99APE: checks
BigYelloFish: checks
*** TURN *** [9h 5c 8d] [7h]
GO99APE: bets $6
BigYelloFish: calls $6
*** RIVER *** [9h 5c 8d 7h] [6s]
GO99APE: bets $6
BigYelloFish: raises $6 to $12
GO99APE: calls $6
*** SHOW DOWN ***
BigYelloFish: shows [Th Kd] (a straight, Six to Ten)
GO99APE: mucks hand
BigYelloFish collected $47.50 from pot
*** SUMMARY ***
Total pot $48 | Rake $0.50
Board [9h 5c 8d 7h 6s]
Seat 1: BigYelloFish (button) (small blind) showed [Th Kd] and won ($47.50) with a straight, Six to Ten
Seat 2: GO99APE (big blind) mucked


PokerStars Hand #145974842059:  Hold'em Limit ($3/$6 USD) - 2015/12/26 19:08:24 ET
Table 'Nerina II' 2-max Seat #2 is the button
Seat 1: BigYelloFish ($122.94 in chips)
Seat 2: GO99APE ($297.07 in chips)
GO99APE: posts small blind $1
BigYelloFish: posts big blind $3
*** HOLE CARDS ***
GO99APE: folds
Uncalled bet ($2) returned to BigYelloFish
BigYelloFish collected $2 from pot
BigYelloFish: doesn't show hand
*** SUMMARY ***
Total pot $2 | Rake $0
Seat 1: BigYelloFish (big blind) collected ($2)
Seat 2: GO99APE (button) (small blind) folded before Flop


PokerStars Hand #145974912129:  Hold'em Limit ($3/$6 USD) - 2015/12/26 19:09:59 ET
Table 'Nerina II' 2-max Seat #2 is the button
Seat 1: BigYelloFish ($180.22 in chips)
Seat 2: GO99APE ($237.35 in chips)
GO99APE: posts small blind $1
BigYelloFish: posts big blind $3
*** HOLE CARDS ***
GO99APE: raises $3 to $6
BigYelloFish: raises $3 to $9
GO99APE: calls $3
*** FLOP *** [7s 2h 3d]
BigYelloFish: bets $3
GO99APE: calls $3
*** TURN *** [7s 2h 3d] [Qd]
BigYelloFish: bets $6
GO99APE: calls $6
*** RIVER *** [7s 2h 3d Qd] [Ac]
BigYelloFish: bets $6
GO99APE: calls $6
*** SHOW DOWN ***
BigYelloFish: shows [As Qc] (two pair, Aces and Queens)
GO99APE: mucks hand
BigYelloFish collected $47.50 from pot
*** SUMMARY ***
Total pot $48 | Rake $0.50
Board [7s 2h 3d Qd Ac]
Seat 1: BigYelloFish (big blind) showed [As Qc] and won ($47.50) with two pair, Aces and Queens
Seat 2: GO99APE (button) (small blind) mucked


PokerStars Hand #145974909001:  Hold'em Limit ($3/$6 USD) - 2015/12/26 19:09:54 ET
Table 'Nerina II' 2-max Seat #1 is the button
Seat 1: BigYelloFish ($181.22 in chips)
Seat 2: GO99APE ($236.35 in chips)
BigYelloFish: posts small blind $1
GO99APE: posts big blind $3
*** HOLE CARDS ***
BigYelloFish: folds
Uncalled bet ($2) returned to GO99APE
GO99APE collected $2 from pot
GO99APE: doesn't show hand
*** SUMMARY ***
Total pot $2 | Rake $0
Seat 1: BigYelloFish (button) (small blind) folded before Flop
Seat 2: GO99APE (big blind) collected ($2)


PokerStars Hand #145974901301:  Hold'em Limit ($3/$6 USD) - 2015/12/26 19:09:44 ET
Table 'Nerina II' 2-max Seat #2 is the button
Seat 1: BigYelloFish ($187.22 in chips)
Seat 2: GO99APE ($230.59 in chips)
GO99APE: posts small blind $1
BigYelloFish: posts big blind $3
*** HOLE CARDS ***
GO99APE: raises $3 to $6
BigYelloFish: calls $3
*** FLOP *** [2h 8c 8d]
BigYelloFish: checks
GO99APE: checks
*** TURN *** [2h 8c 8d] [Qd]
BigYelloFish: checks
GO99APE: bets $6
BigYelloFish: folds
Uncalled bet ($6) returned to GO99APE
GO99APE collected $11.76 from pot
GO99APE: doesn't show hand
*** SUMMARY ***
Total pot $12 | Rake $0.24
Board [2h 8c 8d Qd]
Seat 1: BigYelloFish (big blind) folded on the Turn
Seat 2: GO99APE (button) (small blind) collected ($11.76)


PokerStars Hand #145974893344:  Hold'em Limit ($3/$6 USD) - 2015/12/26 19:09:33 ET
Table 'Nerina II' 2-max Seat #1 is the button
Seat 1: BigYelloFish ($199.22 in chips)
Seat 2: GO99APE ($219.07 in chips)
BigYelloFish: posts small blind $1
GO99APE: posts big blind $3
*** HOLE CARDS ***
BigYelloFish: raises $3 to $6
GO99APE: raises $3 to $9
BigYelloFish: calls $3
*** FLOP *** [Tc 4s Kh]
GO99APE: bets $3
BigYelloFish: calls $3
*** TURN *** [Tc 4s Kh] [7s]
GO99APE: bets $6
BigYelloFish: folds
Uncalled bet ($6) returned to GO99APE
GO99APE collected $23.52 from pot
GO99APE: doesn't show hand
*** SUMMARY ***
Total pot $24 | Rake $0.48
Board [Tc 4s Kh 7s]
Seat 1: BigYelloFish (button) (small blind) folded on the Turn
Seat 2: GO99APE (big blind) collected ($23.52)


PokerStars Hand #145974889976:  Hold'em Limit ($3/$6 USD) - 2015/12/26 19:09:28 ET
Table 'Nerina II' 2-max Seat #2 is the button
Seat 1: BigYelloFish ($198.22 in chips)
Seat 2: GO99APE ($220.07 in chips)
GO99APE: posts small blind $1
BigYelloFish: posts big blind $3
*** HOLE CARDS ***
GO99APE: folds
Uncalled bet ($2) returned to BigYelloFish
BigYelloFish collected $2 from pot
BigYelloFish: doesn't show hand
*** SUMMARY ***
Total pot $2 | Rake $0
Seat 1: BigYelloFish (big blind) collected ($2)
Seat 2: GO99APE (button) (small blind) folded before Flop


PokerStars Hand #145974878305:  Hold'em Limit ($3/$6 USD) - 2015/12/26 19:09:13 ET
Table 'Nerina II' 2-max Seat #1 is the button
Seat 1: BigYelloFish ($189.58 in chips)
Seat 2: GO99APE ($229.07 in chips)
BigYelloFish: posts small blind $1
GO99APE: posts big blind $3
*** HOLE CARDS ***
BigYelloFish: raises $3 to $6
GO99APE: calls $3
*** FLOP *** [2c 5s Td]
GO99APE: checks
BigYelloFish: bets $3
GO99APE: calls $3
*** TURN *** [2c 5s Td] [Tc]
GO99APE: checks
BigYelloFish: bets $6
GO99APE: folds
Uncalled bet ($6) returned to BigYelloFish
BigYelloFish collected $17.64 from pot
BigYelloFish: doesn't show hand
*** SUMMARY ***
Total pot $18 | Rake $0.36
Board [2c 5s Td Tc]
Seat 1: BigYelloFish (button) (small blind) collected ($17.64)
Seat 2: GO99APE (big blind) folded on the Turn


PokerStars Hand #145974920683:  Hold'em Limit ($3/$6 USD) - 2015/12/26 19:10:10 ET
Table 'Nerina II' 2-max Seat #1 is the button
Seat 1: BigYelloFish ($203.72 in chips)
Seat 2: GO99APE ($213.35 in chips)
BigYelloFish: posts small blind $1
GO99APE: posts big blind $3
*** HOLE CARDS ***
BigYelloFish: raises $3 to $6
GO99APE: calls $3
*** FLOP *** [9c As 5d]
GO99APE: checks
BigYelloFish: bets $3
GO99APE: folds
Uncalled bet ($3) returned to BigYelloFish
BigYelloFish collected $11.76 from pot
BigYelloFish: doesn't show hand
*** SUMMARY ***
Total pot $12 | Rake $0.24
Board [9c As 5d]
Seat 1: BigYelloFish (button) (small blind) collected ($11.76)
Seat 2: GO99APE (big blind) folded on the Flop


PokerStars Hand #145974958411:  Hold'em Limit ($3/$6 USD) - 2015/12/26 19:11:02 ET
Table 'Nerina II' 2-max Seat #2 is the button
Seat 1: BigYelloFish ($224.98 in chips)
Seat 2: GO99APE ($190.99 in chips)
GO99APE: posts small blind $1
BigYelloFish: posts big blind $3
*** HOLE CARDS ***
GO99APE: raises $3 to $6
BigYelloFish: folds
Uncalled bet ($3) returned to GO99APE
GO99APE collected $6 from pot
GO99APE: doesn't show hand
*** SUMMARY ***
Total pot $6 | Rake $0
Seat 1: BigYelloFish (big blind) folded before Flop
Seat 2: GO99APE (button) (small blind) collected ($6)


PokerStars Hand #145974954572:  Hold'em Limit ($3/$6 USD) - 2015/12/26 19:10:56 ET
Table 'Nerina II' 2-max Seat #1 is the button
Seat 1: BigYelloFish ($221.98 in chips)
Seat 2: GO99APE ($193.99 in chips)
BigYelloFish: posts small blind $1
GO99APE: posts big blind $3
*** HOLE CARDS ***
BigYelloFish: raises $3 to $6
GO99APE: folds
Uncalled bet ($3) returned to BigYelloFish
BigYelloFish collected $6 from pot
BigYelloFish: doesn't show hand
*** SUMMARY ***
Total pot $6 | Rake $0
Seat 1: BigYelloFish (button) (small blind) collected ($6)
Seat 2: GO99APE (big blind) folded before Flop


PokerStars Hand #145974947613:  Hold'em Limit ($3/$6 USD) - 2015/12/26 19:10:47 ET
Table 'Nerina II' 2-max Seat #2 is the button
Seat 1: BigYelloFish ($230.98 in chips)
Seat 2: GO99APE ($185.35 in chips)
GO99APE: posts small blind $1
BigYelloFish: posts big blind $3
*** HOLE CARDS ***
GO99APE: raises $3 to $6
BigYelloFish: calls $3
*** FLOP *** [9h Td 2c]
BigYelloFish: checks
GO99APE: bets $3
BigYelloFish: calls $3
*** TURN *** [9h Td 2c] [4s]
BigYelloFish: checks
GO99APE: bets $6
BigYelloFish: folds
Uncalled bet ($6) returned to GO99APE
GO99APE collected $17.64 from pot
GO99APE: doesn't show hand
*** SUMMARY ***
Total pot $18 | Rake $0.36
Board [9h Td 2c 4s]
Seat 1: BigYelloFish (big blind) folded on the Turn
Seat 2: GO99APE (button) (small blind) collected ($17.64)


PokerStars Hand #145974943889:  Hold'em Limit ($3/$6 USD) - 2015/12/26 19:10:42 ET
Table 'Nerina II' 2-max Seat #1 is the button
Seat 1: BigYelloFish ($227.98 in chips)
Seat 2: GO99APE ($188.35 in chips)
BigYelloFish: posts small blind $1
GO99APE: posts big blind $3
*** HOLE CARDS ***
BigYelloFish: raises $3 to $6
GO99APE: folds
Uncalled bet ($3) returned to BigYelloFish
BigYelloFish collected $6 from pot
BigYelloFish: doesn't show hand
*** SUMMARY ***
Total pot $6 | Rake $0
Seat 1: BigYelloFish (button) (small blind) collected ($6)
Seat 2: GO99APE (big blind) folded before Flop


PokerStars Hand #145974940698:  Hold'em Limit ($3/$6 USD) - 2015/12/26 19:10:37 ET
Table 'Nerina II' 2-max Seat #2 is the button
Seat 1: BigYelloFish ($226.98 in chips)
Seat 2: GO99APE ($189.35 in chips)
GO99APE: posts small blind $1
BigYelloFish: posts big blind $3
*** HOLE CARDS ***
GO99APE: folds
Uncalled bet ($2) returned to BigYelloFish
BigYelloFish collected $2 from pot
BigYelloFish: doesn't show hand
*** SUMMARY ***
Total pot $2 | Rake $0
Seat 1: BigYelloFish (big blind) collected ($2)
Seat 2: GO99APE (button) (small blind) folded before Flop


PokerStars Hand #145974937066:  Hold'em Limit ($3/$6 USD) - 2015/12/26 19:10:33 ET
Table 'Nerina II' 2-max Seat #1 is the button
Seat 1: BigYelloFish ($223.98 in chips)
Seat 2: GO99APE ($192.35 in chips)
BigYelloFish: posts small blind $1
GO99APE: posts big blind $3
*** HOLE CARDS ***
BigYelloFish: raises $3 to $6
GO99APE: folds
Uncalled bet ($3) returned to BigYelloFish
BigYelloFish collected $6 from pot
BigYelloFish: doesn't show hand
*** SUMMARY ***
Total pot $6 | Rake $0
Seat 1: BigYelloFish (button) (small blind) collected ($6)
Seat 2: GO99APE (big blind) folded before Flop


PokerStars Hand #145974927130:  Hold'em Limit ($3/$6 USD) - 2015/12/26 19:10:19 ET
Table 'Nerina II' 2-max Seat #2 is the button
Seat 1: BigYelloFish ($209.48 in chips)
Seat 2: GO99APE ($207.35 in chips)
GO99APE: posts small blind $1
BigYelloFish: posts big blind $3
*** HOLE CARDS ***
GO99APE: raises $3 to $6
BigYelloFish: calls $3
*** FLOP *** [4h 8s 7d]
BigYelloFish: checks
GO99APE: bets $3
BigYelloFish: calls $3
*** TURN *** [4h 8s 7d] [4c]
BigYelloFish: checks
GO99APE: bets $6
BigYelloFish: calls $6
*** RIVER *** [4h 8s 7d 4c] [2c]
BigYelloFish: checks
GO99APE: checks
*** SHOW DOWN ***
BigYelloFish: shows [Jh 5c] (a pair of Fours)
GO99APE: mucks hand
BigYelloFish collected $29.50 from pot
*** SUMMARY ***
Total pot $30 | Rake $0.50
Board [4h 8s 7d 4c 2c]
Seat 1: BigYelloFish (big blind) showed [Jh 5c] and won ($29.50) with a pair of Fours
Seat 2: GO99APE (button) (small blind) mucked


PokerStars Hand #145974962138:  Hold'em Limit ($3/$6 USD) - 2015/12/26 19:11:07 ET
Table 'Nerina II' 2-max Seat #1 is the button
Seat 1: BigYelloFish ($221.98 in chips)
Seat 2: GO99APE ($193.99 in chips)
BigYelloFish: posts small blind $1
GO99APE: posts big blind $3
*** HOLE CARDS ***
BigYelloFish: raises $3 to $6
GO99APE: calls $3
*** FLOP *** [7h 8h 2d]
GO99APE: bets $3
BigYelloFish: raises $3 to $6
GO99APE: calls $3
*** TURN *** [7h 8h 2d] [3d]
GO99APE: bets $6
BigYelloFish: calls $6
*** RIVER *** [7h 8h 2d 3d] [4c]
GO99APE: bets $6
BigYelloFish: folds
Uncalled bet ($6) returned to GO99APE
GO99APE collected $35.50 from pot
GO99APE: doesn't show hand
*** SUMMARY ***
Total pot $36 | Rake $0.50
Board [7h 8h 2d 3d 4c]
Seat 1: BigYelloFish (button) (small blind) folded on the River
Seat 2: GO99APE (big blind) collected ($35.50)


PokerStars Hand #145975002115:  Hold'em Limit ($3/$6 USD) - 2015/12/26 19:12:01 ET
Table 'Nerina II' 2-max Seat #2 is the button
Seat 1: BigYelloFish ($253.98 in chips)
Seat 2: GO99APE ($160.49 in chips)
GO99APE: posts small blind $1
BigYelloFish: posts big blind $3
*** HOLE CARDS ***
GO99APE: raises $3 to $6
BigYelloFish: folds
Uncalled bet ($3) returned to GO99APE
GO99APE collected $6 from pot
GO99APE: doesn't show hand
*** SUMMARY ***
Total pot $6 | Rake $0
Seat 1: BigYelloFish (big blind) folded before Flop
Seat 2: GO99APE (button) (small blind) collected ($6)


PokerStars Hand #145974985323:  Hold'em Limit ($3/$6 USD) - 2015/12/26 19:11:38 ET
Table 'Nerina II' 2-max Seat #1 is the button
Seat 1: BigYelloFish ($227.48 in chips)
Seat 2: GO99APE ($187.49 in chips)
BigYelloFish: posts small blind $1
GO99APE: posts big blind $3
*** HOLE CARDS ***
BigYelloFish: raises $3 to $6
GO99APE: raises $3 to $9
BigYelloFish: raises $3 to $12
Betting is capped
GO99APE: calls $3
*** FLOP *** [Kh 9d 4d]
GO99APE: checks
BigYelloFish: bets $3
GO99APE: calls $3
*** TURN *** [Kh 9d 4d] [9s]
GO99APE: checks
BigYelloFish: bets $6
GO99APE: calls $6
*** RIVER *** [Kh 9d 4d 9s] [7d]
GO99APE: bets $6
BigYelloFish: calls $6
*** SHOW DOWN ***
GO99APE: shows [Jh Qs] (a pair of Nines)
BigYelloFish: shows [Jd Js] (two pair, Jacks and Nines)
BigYelloFish collected $53.50 from pot
*** SUMMARY ***
Total pot $54 | Rake $0.50
Board [Kh 9d 4d 9s 7d]
Seat 1: BigYelloFish (button) (small blind) showed [Jd Js] and won ($53.50) with two pair, Jacks and Nines
Seat 2: GO99APE (big blind) showed [Jh Qs] and lost with a pair of Nines


PokerStars Hand #145974971401:  Hold'em Limit ($3/$6 USD) - 2015/12/26 19:11:19 ET
Table 'Nerina II' 2-max Seat #2 is the button
Seat 1: BigYelloFish ($203.98 in chips)
Seat 2: GO99APE ($211.49 in chips)
GO99APE: posts small blind $1
BigYelloFish: posts big blind $3
*** HOLE CARDS ***
GO99APE: raises $3 to $6
BigYelloFish: raises $3 to $9
GO99APE: calls $3
*** FLOP *** [2c 7c Jh]
BigYelloFish: bets $3
GO99APE: calls $3
*** TURN *** [2c 7c Jh] [6h]
BigYelloFish: bets $6
GO99APE: calls $6
*** RIVER *** [2c 7c Jh 6h] [Qh]
BigYelloFish: bets $6
GO99APE: calls $6
*** SHOW DOWN ***
BigYelloFish: shows [7d Ah] (a pair of Sevens)
GO99APE: mucks hand
BigYelloFish collected $47.50 from pot
*** SUMMARY ***
Total pot $48 | Rake $0.50
Board [2c 7c Jh 6h Qh]
Seat 1: BigYelloFish (big blind) showed [7d Ah] and won ($47.50) with a pair of Sevens
Seat 2: GO99APE (button) (small blind) mucked


PokerStars Hand #145975016221:  Hold'em Limit ($3/$6 USD) - 2015/12/26 19:12:20 ET
Table 'Nerina II' 2-max Seat #2 is the button
Seat 1: BigYelloFish ($244.98 in chips)
Seat 2: GO99APE ($169.25 in chips)
GO99APE: posts small blind $1
BigYelloFish: posts big blind $3
*** HOLE CARDS ***
GO99APE: folds
Uncalled bet ($2) returned to BigYelloFish
BigYelloFish collected $2 from pot
BigYelloFish: doesn't show hand
*** SUMMARY ***
Total pot $2 | Rake $0
Seat 1: BigYelloFish (big blind) collected ($2)
Seat 2: GO99APE (button) (small blind) folded before Flop


PokerStars Hand #145975005767:  Hold'em Limit ($3/$6 USD) - 2015/12/26 19:12:06 ET
Table 'Nerina II' 2-max Seat #1 is the button
Seat 1: BigYelloFish ($250.98 in chips)
Seat 2: GO99APE ($163.49 in chips)
BigYelloFish: posts small blind $1
GO99APE: posts big blind $3
*** HOLE CARDS ***
BigYelloFish: raises $3 to $6
GO99APE: calls $3
*** FLOP *** [3c 6d 4s]
GO99APE: checks
BigYelloFish: checks
*** TURN *** [3c 6d 4s] [Tc]
GO99APE: checks
BigYelloFish: checks
*** RIVER *** [3c 6d 4s Tc] [3h]
GO99APE: bets $6
BigYelloFish: folds
Uncalled bet ($6) returned to GO99APE
GO99APE collected $11.76 from pot
GO99APE: doesn't show hand
*** SUMMARY ***
Total pot $12 | Rake $0.24
Board [3c 6d 4s Tc 3h]
Seat 1: BigYelloFish (button) (small blind) folded on the River
Seat 2: GO99APE (big blind) collected ($11.76)


PokerStars Hand #145975045470:  Hold'em Limit ($3/$6 USD) - 2015/12/26 19:13:00 ET
Table 'Nerina II' 2-max Seat #2 is the button
Seat 1: BigYelloFish ($311.98 in chips)
Seat 2: GO99APE ($101.25 in chips)
GO99APE: posts small blind $1
BigYelloFish: posts big blind $3
*** HOLE CARDS ***
GO99APE: folds
Uncalled bet ($2) returned to BigYelloFish
BigYelloFish collected $2 from pot
BigYelloFish: doesn't show hand
*** SUMMARY ***
Total pot $2 | Rake $0
Seat 1: BigYelloFish (big blind) collected ($2)
Seat 2: GO99APE (button) (small blind) folded before Flop


PokerStars Hand #145975033705:  Hold'em Limit ($3/$6 USD) - 2015/12/26 19:12:44 ET
Table 'Nerina II' 2-max Seat #1 is the button
Seat 1: BigYelloFish ($282.48 in chips)
Seat 2: GO99APE ($131.25 in chips)
BigYelloFish: posts small blind $1
GO99APE: posts big blind $3
*** HOLE CARDS ***
BigYelloFish: raises $3 to $6
GO99APE: raises $3 to $9
BigYelloFish: calls $3
*** FLOP *** [2d Td 7d]
GO99APE: bets $3
BigYelloFish: calls $3
*** TURN *** [2d Td 7d] [5h]
GO99APE: bets $6
BigYelloFish: calls $6
*** RIVER *** [2d Td 7d 5h] [Kd]
GO99APE: bets $6
BigYelloFish: raises $6 to $12
GO99APE: calls $6
*** SHOW DOWN ***
BigYelloFish: shows [Ad 6c] (a flush, Ace high)
GO99APE: mucks hand
BigYelloFish collected $59.50 from pot
*** SUMMARY ***
Total pot $60 | Rake $0.50
Board [2d Td 7d 5h Kd]
Seat 1: BigYelloFish (button) (small blind) showed [Ad 6c] and won ($59.50) with a flush, Ace high
Seat 2: GO99APE (big blind) mucked


PokerStars Hand #145975030431:  Hold'em Limit ($3/$6 USD) - 2015/12/26 19:12:39 ET
Table 'Nerina II' 2-max Seat #2 is the button
Seat 1: BigYelloFish ($281.48 in chips)
Seat 2: GO99APE ($132.25 in chips)
GO99APE: posts small blind $1
BigYelloFish: posts big blind $3
*** HOLE CARDS ***
GO99APE: folds
Uncalled bet ($2) returned to BigYelloFish
BigYelloFish collected $2 from pot
BigYelloFish: doesn't show hand
*** SUMMARY ***
Total pot $2 | Rake $0
Seat 1: BigYelloFish (big blind) collected ($2)
Seat 2: GO99APE (button) (small blind) folded before Flop


PokerStars Hand #145975019485:  Hold'em Limit ($3/$6 USD) - 2015/12/26 19:12:24 ET
Table 'Nerina II' 2-max Seat #1 is the button
Seat 1: BigYelloFish ($245.98 in chips)
Seat 2: GO99APE ($168.25 in chips)
BigYelloFish: posts small blind $1
GO99APE: posts big blind $3
*** HOLE CARDS ***
BigYelloFish: raises $3 to $6
GO99APE: raises $3 to $9
BigYelloFish: calls $3
*** FLOP *** [8s 3d Kd]
GO99APE: bets $3
BigYelloFish: calls $3
*** TURN *** [8s 3d Kd] [6s]
GO99APE: bets $6
BigYelloFish: raises $6 to $12
GO99APE: raises $6 to $18
BigYelloFish: calls $6
*** RIVER *** [8s 3d Kd 6s] [Qh]
GO99APE: bets $6
BigYelloFish: calls $6
*** SHOW DOWN ***
GO99APE: shows [7c 7h] (a pair of Sevens)
BigYelloFish: shows [Kh 5h] (a pair of Kings)
BigYelloFish collected $71.50 from pot
*** SUMMARY ***
Total pot $72 | Rake $0.50
Board [8s 3d Kd 6s Qh]
Seat 1: BigYelloFish (button) (small blind) showed [Kh 5h] and won ($71.50) with a pair of Kings
Seat 2: GO99APE (big blind) showed [7c 7h] and lost with a pair of Sevens


PokerStars Hand #145975059662:  Hold'em Limit ($3/$6 USD) - 2015/12/26 19:13:19 ET
Table 'Nerina II' 2-max Seat #2 is the button
Seat 1: BigYelloFish ($336.48 in chips)
Seat 2: GO99APE ($76.25 in chips)
GO99APE: posts small blind $1
BigYelloFish: posts big blind $3
*** HOLE CARDS ***
GO99APE: folds
Uncalled bet ($2) returned to BigYelloFish
BigYelloFish collected $2 from pot
BigYelloFish: doesn't show hand
*** SUMMARY ***
Total pot $2 | Rake $0
Seat 1: BigYelloFish (big blind) collected ($2)
Seat 2: GO99APE (button) (small blind) folded before Flop


PokerStars Hand #145975048869:  Hold'em Limit ($3/$6 USD) - 2015/12/26 19:13:04 ET
Table 'Nerina II' 2-max Seat #1 is the button
Seat 1: BigYelloFish ($312.98 in chips)
Seat 2: GO99APE ($100.25 in chips)
BigYelloFish: posts small blind $1
GO99APE: posts big blind $3
*** HOLE CARDS ***
BigYelloFish: raises $3 to $6
GO99APE: raises $3 to $9
BigYelloFish: calls $3
*** FLOP *** [Ad 2s 5h]
GO99APE: bets $3
BigYelloFish: calls $3
*** TURN *** [Ad 2s 5h] [Qs]
GO99APE: bets $6
BigYelloFish: calls $6
*** RIVER *** [Ad 2s 5h Qs] [Kc]
GO99APE: bets $6
BigYelloFish: calls $6
*** SHOW DOWN ***
GO99APE: shows [Js 8s] (high card Ace)
BigYelloFish: shows [9s Qd] (a pair of Queens)
BigYelloFish collected $47.50 from pot
*** SUMMARY ***
Total pot $48 | Rake $0.50
Board [Ad 2s 5h Qs Kc]
Seat 1: BigYelloFish (button) (small blind) showed [9s Qd] and won ($47.50) with a pair of Queens
Seat 2: GO99APE (big blind) showed [Js 8s] and lost with high card Ace


PokerStars Hand #145975091442:  Hold'em Limit ($3/$6 USD) - 2015/12/26 19:14:03 ET
Table 'Nerina II' 2-max Seat #1 is the button
Seat 1: BigYelloFish ($338.24 in chips)
Seat 2: GO99APE ($73.89 in chips)
BigYelloFish: posts small blind $1
GO99APE: posts big blind $3
*** HOLE CARDS ***
BigYelloFish: raises $3 to $6
GO99APE: raises $3 to $9
BigYelloFish: calls $3
*** FLOP *** [Jd 9c 5h]
GO99APE: bets $3
BigYelloFish: calls $3
*** TURN *** [Jd 9c 5h] [5s]
GO99APE: bets $6
BigYelloFish: folds
Uncalled bet ($6) returned to GO99APE
GO99APE collected $23.52 from pot
GO99APE: doesn't show hand
*** SUMMARY ***
Total pot $24 | Rake $0.48
Board [Jd 9c 5h 5s]
Seat 1: BigYelloFish (button) (small blind) folded on the Turn
Seat 2: GO99APE (big blind) collected ($23.52)


PokerStars Hand #145975077855:  Hold'em Limit ($3/$6 USD) - 2015/12/26 19:13:44 ET
Table 'Nerina II' 2-max Seat #2 is the button
Seat 1: BigYelloFish ($347.24 in chips)
Seat 2: GO99APE ($65.25 in chips)
GO99APE: posts small blind $1
BigYelloFish: posts big blind $3
*** HOLE CARDS ***
GO99APE: raises $3 to $6
BigYelloFish: calls $3
*** FLOP *** [Td Qh 4h]
BigYelloFish: checks
GO99APE: bets $3
BigYelloFish: calls $3
*** TURN *** [Td Qh 4h] [Qc]
BigYelloFish: checks
GO99APE: checks
*** RIVER *** [Td Qh 4h Qc] [6d]
BigYelloFish: checks
GO99APE: checks
*** SHOW DOWN ***
BigYelloFish: shows [7c 9h] (a pair of Queens)
GO99APE: shows [6s 5h] (two pair, Queens and Sixes)
GO99APE collected $17.64 from pot
*** SUMMARY ***
Total pot $18 | Rake $0.36
Board [Td Qh 4h Qc 6d]
Seat 1: BigYelloFish (big blind) showed [7c 9h] and lost with a pair of Queens
Seat 2: GO99APE (button) (small blind) showed [6s 5h] and won ($17.64) with two pair, Queens and Sixes


PokerStars Hand #145975074175:  Hold'em Limit ($3/$6 USD) - 2015/12/26 19:13:39 ET
Table 'Nerina II' 2-max Seat #1 is the button
Seat 1: BigYelloFish ($344.24 in chips)
Seat 2: GO99APE ($68.25 in chips)
BigYelloFish: posts small blind $1
GO99APE: posts big blind $3
*** HOLE CARDS ***
BigYelloFish: raises $3 to $6
GO99APE: folds
Uncalled bet ($3) returned to BigYelloFish
BigYelloFish collected $6 from pot
BigYelloFish: doesn't show hand
*** SUMMARY ***
Total pot $6 | Rake $0
Seat 1: BigYelloFish (button) (small blind) collected ($6)
Seat 2: GO99APE (big blind) folded before Flop


PokerStars Hand #145975070990:  Hold'em Limit ($3/$6 USD) - 2015/12/26 19:13:35 ET
Table 'Nerina II' 2-max Seat #2 is the button
Seat 1: BigYelloFish ($343.24 in chips)
Seat 2: GO99APE ($69.25 in chips)
GO99APE: posts small blind $1
BigYelloFish: posts big blind $3
*** HOLE CARDS ***
GO99APE: folds
Uncalled bet ($2) returned to BigYelloFish
BigYelloFish collected $2 from pot
BigYelloFish: doesn't show hand
*** SUMMARY ***
Total pot $2 | Rake $0
Seat 1: BigYelloFish (big blind) collected ($2)
Seat 2: GO99APE (button) (small blind) folded before Flop


PokerStars Hand #145975062922:  Hold'em Limit ($3/$6 USD) - 2015/12/26 19:13:23 ET
Table 'Nerina II' 2-max Seat #1 is the button
Seat 1: BigYelloFish ($337.48 in chips)
Seat 2: GO99APE ($75.25 in chips)
BigYelloFish: posts small blind $1
GO99APE: posts big blind $3
*** HOLE CARDS ***
BigYelloFish: raises $3 to $6
GO99APE: calls $3
*** FLOP *** [3c Kd Qc]
GO99APE: checks
BigYelloFish: bets $3
GO99APE: folds
Uncalled bet ($3) returned to BigYelloFish
BigYelloFish collected $11.76 from pot
BigYelloFish: doesn't show hand
*** SUMMARY ***
Total pot $12 | Rake $0.24
Board [3c Kd Qc]
Seat 1: BigYelloFish (button) (small blind) collected ($11.76)
Seat 2: GO99APE (big blind) folded on the Flop


PokerStars Hand #145975099821:  Hold'em Limit ($3/$6 USD) - 2015/12/26 19:14:14 ET
Table 'Nerina II' 2-max Seat #2 is the button
Seat 1: BigYelloFish ($326.24 in chips)
Seat 2: GO99APE ($85.41 in chips)
GO99APE: posts small blind $1
BigYelloFish: posts big blind $3
*** HOLE CARDS ***
GO99APE: raises $3 to $6
BigYelloFish: calls $3
*** FLOP *** [6c 2s 2h]
BigYelloFish: checks
GO99APE: bets $3
BigYelloFish: calls $3
*** TURN *** [6c 2s 2h] [Jc]
BigYelloFish: checks
GO99APE: checks
*** RIVER *** [6c 2s 2h Jc] [Qd]
BigYelloFish: checks
GO99APE: checks
*** SHOW DOWN ***
BigYelloFish: shows [Th 5c] (a pair of Deuces)
GO99APE: shows [4h As] (a pair of Deuces - Ace kicker)
GO99APE collected $17.64 from pot
*** SUMMARY ***
Total pot $18 | Rake $0.36
Board [6c 2s 2h Jc Qd]
Seat 1: BigYelloFish (big blind) showed [Th 5c] and lost with a pair of Deuces
Seat 2: GO99APE (button) (small blind) showed [4h As] and won ($17.64) with a pair of Deuces


PokerStars Hand #145975107416:  Hold'em Limit ($3/$6 USD) - 2015/12/26 19:14:25 ET
Table 'Nerina II' 2-max Seat #1 is the button
Seat 1: BigYelloFish ($317.24 in chips)
Seat 2: GO99APE ($94.05 in chips)
BigYelloFish: posts small blind $1
GO99APE: posts big blind $3
*** HOLE CARDS ***
BigYelloFish: raises $3 to $6
GO99APE: calls $3
*** FLOP *** [Kh 8c Jh]
GO99APE: bets $3
BigYelloFish: raises $3 to $6
GO99APE: raises $3 to $9
BigYelloFish: folds
Uncalled bet ($3) returned to GO99APE
GO99APE collected $23.52 from pot
GO99APE: doesn't show hand
*** SUMMARY ***
Total pot $24 | Rake $0.48
Board [Kh 8c Jh]
Seat 1: BigYelloFish (button) (small blind) folded on the Flop
Seat 2: GO99APE (big blind) collected ($23.52)


PokerStars Hand #145975142923:  Hold'em Limit ($3/$6 USD) - 2015/12/26 19:15:14 ET
Table 'Nerina II' 2-max Seat #1 is the button
Seat 1: BigYelloFish ($277.74 in chips)
Seat 2: GO99APE ($131.57 in chips)
BigYelloFish: posts small blind $1
GO99APE: posts big blind $3
*** HOLE CARDS ***
BigYelloFish: raises $3 to $6
GO99APE: folds
Uncalled bet ($3) returned to BigYelloFish
BigYelloFish collected $6 from pot
BigYelloFish: doesn't show hand
*** SUMMARY ***
Total pot $6 | Rake $0
Seat 1: BigYelloFish (button) (small blind) collected ($6)
Seat 2: GO99APE (big blind) folded before Flop


PokerStars Hand #145975114102:  Hold'em Limit ($3/$6 USD) - 2015/12/26 19:14:34 ET
Table 'Nerina II' 2-max Seat #2 is the button
Seat 1: BigYelloFish ($305.24 in chips)
Seat 2: GO99APE ($105.57 in chips)
GO99APE: posts small blind $1
BigYelloFish: posts big blind $3
*** HOLE CARDS ***
GO99APE: raises $3 to $6
BigYelloFish: raises $3 to $9
GO99APE: calls $3
*** FLOP *** [Ah 5s Tc]
BigYelloFish: bets $3
GO99APE: calls $3
*** TURN *** [Ah 5s Tc] [7h]
BigYelloFish: bets $6
GO99APE: calls $6
*** RIVER *** [Ah 5s Tc 7h] [Th]
BigYelloFish: bets $6
GO99APE: raises $6 to $12
BigYelloFish: folds
Uncalled bet ($6) returned to GO99APE
GO99APE collected $47.50 from pot
GO99APE: doesn't show hand
*** SUMMARY ***
Total pot $48 | Rake $0.50
Board [Ah 5s Tc 7h Th]
Seat 1: BigYelloFish (big blind) folded on the River
Seat 2: GO99APE (button) (small blind) collected ($47.50)


PokerStars Hand #145975123051:  Hold'em Limit ($3/$6 USD) - 2015/12/26 19:14:46 ET
Table 'Nerina II' 2-max Seat #1 is the button
Seat 1: BigYelloFish ($281.24 in chips)
Seat 2: GO99APE ($129.07 in chips)
BigYelloFish: posts small blind $1
GO99APE: posts big blind $3
*** HOLE CARDS ***
BigYelloFish: raises $3 to $6
GO99APE: raises $3 to $9
BigYelloFish: calls $3
*** FLOP *** [9s Ac 5c]
GO99APE: bets $3
BigYelloFish: calls $3
*** TURN *** [9s Ac 5c] [Ks]
GO99APE: bets $6
BigYelloFish: calls $6
*** RIVER *** [9s Ac 5c Ks] [9d]
GO99APE: checks
BigYelloFish: checks
*** SHOW DOWN ***
GO99APE: shows [7d Jd] (a pair of Nines)
BigYelloFish: shows [8s Qs] (a pair of Nines - Ace+King+Queen kicker)
BigYelloFish collected $35.50 from pot
*** SUMMARY ***
Total pot $36 | Rake $0.50
Board [9s Ac 5c Ks 9d]
Seat 1: BigYelloFish (button) (small blind) showed [8s Qs] and won ($35.50) with a pair of Nines
Seat 2: GO99APE (big blind) showed [7d Jd] and lost with a pair of Nines


PokerStars Hand #145975133822:  Hold'em Limit ($3/$6 USD) - 2015/12/26 19:15:01 ET
Table 'Nerina II' 2-max Seat #2 is the button
Seat 1: BigYelloFish ($298.74 in chips)
Seat 2: GO99APE ($111.07 in chips)
GO99APE: posts small blind $1
BigYelloFish: posts big blind $3
*** HOLE CARDS ***
GO99APE: raises $3 to $6
BigYelloFish: calls $3
*** FLOP *** [4s Qs Kd]
BigYelloFish: checks
GO99APE: bets $3
BigYelloFish: calls $3
*** TURN *** [4s Qs Kd] [9h]
BigYelloFish: checks
GO99APE: bets $6
BigYelloFish: calls $6
*** RIVER *** [4s Qs Kd 9h] [6c]
BigYelloFish: checks
GO99APE: bets $6
BigYelloFish: calls $6
*** SHOW DOWN ***
GO99APE: shows [2h Ks] (a pair of Kings)
BigYelloFish: mucks hand
GO99APE collected $41.50 from pot
*** SUMMARY ***
Total pot $42 | Rake $0.50
Board [4s Qs Kd 9h 6c]
Seat 1: BigYelloFish (big blind) mucked
Seat 2: GO99APE (button) (small blind) showed [2h Ks] and won ($41.50) with a pair of Kings


PokerStars Hand #145975160286:  Hold'em Limit ($3/$6 USD) - 2015/12/26 19:15:38 ET
Table 'Nerina II' 2-max Seat #2 is the button
Seat 1: BigYelloFish ($253.74 in chips)
Seat 2: GO99APE ($155.07 in chips)
GO99APE: posts small blind $1
BigYelloFish: posts big blind $3
*** HOLE CARDS ***
GO99APE: raises $3 to $6
BigYelloFish: folds
Uncalled bet ($3) returned to GO99APE
GO99APE collected $6 from pot
GO99APE: doesn't show hand
*** SUMMARY ***
Total pot $6 | Rake $0
Seat 1: BigYelloFish (big blind) folded before Flop
Seat 2: GO99APE (button) (small blind) collected ($6)


PokerStars Hand #145975156882:  Hold'em Limit ($3/$6 USD) - 2015/12/26 19:15:33 ET
Table 'Nerina II' 2-max Seat #1 is the button
Seat 1: BigYelloFish ($250.74 in chips)
Seat 2: GO99APE ($158.07 in chips)
BigYelloFish: posts small blind $1
GO99APE: posts big blind $3
*** HOLE CARDS ***
BigYelloFish: raises $3 to $6
GO99APE: folds
Uncalled bet ($3) returned to BigYelloFish
BigYelloFish collected $6 from pot
BigYelloFish: doesn't show hand
*** SUMMARY ***
Total pot $6 | Rake $0
Seat 1: BigYelloFish (button) (small blind) collected ($6)
Seat 2: GO99APE (big blind) folded before Flop


PokerStars Hand #145975163794:  Hold'em Limit ($3/$6 USD) - 2015/12/26 19:15:43 ET
Table 'Nerina II' 2-max Seat #1 is the button
Seat 1: BigYelloFish ($250.74 in chips)
Seat 2: GO99APE ($158.07 in chips)
BigYelloFish: posts small blind $1
GO99APE: posts big blind $3
*** HOLE CARDS ***
BigYelloFish: raises $3 to $6
GO99APE: folds
Uncalled bet ($3) returned to BigYelloFish
BigYelloFish collected $6 from pot
BigYelloFish: doesn't show hand
*** SUMMARY ***
Total pot $6 | Rake $0
Seat 1: BigYelloFish (button) (small blind) collected ($6)
Seat 2: GO99APE (big blind) folded before Flop


PokerStars Hand #145975166950:  Hold'em Limit ($3/$6 USD) - 2015/12/26 19:15:47 ET
Table 'Nerina II' 2-max Seat #2 is the button
Seat 1: BigYelloFish ($253.74 in chips)
Seat 2: GO99APE ($155.07 in chips)
GO99APE: posts small blind $1
BigYelloFish: posts big blind $3
*** HOLE CARDS ***
GO99APE: raises $3 to $6
BigYelloFish: calls $3
*** FLOP *** [Th 4c 8d]
BigYelloFish: checks
GO99APE: checks
*** TURN *** [Th 4c 8d] [2h]
BigYelloFish: bets $6
GO99APE: calls $6
*** RIVER *** [Th 4c 8d 2h] [5c]
BigYelloFish: bets $6
GO99APE: calls $6
*** SHOW DOWN ***
BigYelloFish: shows [8h 4s] (two pair, Eights and Fours)
GO99APE: mucks hand
BigYelloFish collected $35.50 from pot
*** SUMMARY ***
Total pot $36 | Rake $0.50
Board [Th 4c 8d 2h 5c]
Seat 1: BigYelloFish (big blind) showed [8h 4s] and won ($35.50) with two pair, Eights and Fours
Seat 2: GO99APE (button) (small blind) mucked


PokerStars Hand #145975174870:  Hold'em Limit ($3/$6 USD) - 2015/12/26 19:15:58 ET
Table 'Nerina II' 2-max Seat #1 is the button
Seat 1: BigYelloFish ($271.24 in chips)
Seat 2: GO99APE ($137.07 in chips)
BigYelloFish: posts small blind $1
GO99APE: posts big blind $3
*** HOLE CARDS ***
BigYelloFish: raises $3 to $6
GO99APE: raises $3 to $9
BigYelloFish: calls $3
*** FLOP *** [Ad 9d 9c]
GO99APE: bets $3
BigYelloFish: calls $3
*** TURN *** [Ad 9d 9c] [4d]
GO99APE: bets $6
BigYelloFish: raises $6 to $12
GO99APE: raises $6 to $18
BigYelloFish: raises $6 to $24
Betting is capped
GO99APE: calls $6
*** RIVER *** [Ad 9d 9c 4d] [7s]
GO99APE: checks
BigYelloFish: bets $6
GO99APE: calls $6
*** SHOW DOWN ***
BigYelloFish: shows [9h 8c] (three of a kind, Nines)
GO99APE: mucks hand
BigYelloFish collected $83.50 from pot
*** SUMMARY ***
Total pot $84 | Rake $0.50
Board [Ad 9d 9c 4d 7s]
Seat 1: BigYelloFish (button) (small blind) showed [9h 8c] and won ($83.50) with three of a kind, Nines
Seat 2: GO99APE (big blind) mucked


PokerStars Hand #145975186146:  Hold'em Limit ($3/$6 USD) - 2015/12/26 19:16:14 ET
Table 'Nerina II' 2-max Seat #2 is the button
Seat 1: BigYelloFish ($312.74 in chips)
Seat 2: GO99APE ($95.07 in chips)
GO99APE: posts small blind $1
BigYelloFish: posts big blind $3
*** HOLE CARDS ***
GO99APE: raises $3 to $6
BigYelloFish: calls $3
*** FLOP *** [4s Tc 2h]
BigYelloFish: checks
GO99APE: checks
*** TURN *** [4s Tc 2h] [Jc]
BigYelloFish: checks
GO99APE: bets $6
BigYelloFish: calls $6
*** RIVER *** [4s Tc 2h Jc] [4c]
BigYelloFish: checks
GO99APE: bets $6
BigYelloFish: raises $6 to $12
GO99APE: folds
Uncalled bet ($6) returned to BigYelloFish
BigYelloFish collected $35.50 from pot
BigYelloFish: doesn't show hand
*** SUMMARY ***
Total pot $36 | Rake $0.50
Board [4s Tc 2h Jc 4c]
Seat 1: BigYelloFish (big blind) collected ($35.50)
Seat 2: GO99APE (button) (small blind) folded on the River


PokerStars Hand #145975146509:  Hold'em Limit ($3/$6 USD) - 2015/12/26 19:15:19 ET
Table 'Nerina II' 2-max Seat #2 is the button
Seat 1: BigYelloFish ($280.74 in chips)
Seat 2: GO99APE ($128.57 in chips)
GO99APE: posts small blind $1
BigYelloFish: posts big blind $3
*** HOLE CARDS ***
GO99APE: raises $3 to $6
BigYelloFish: raises $3 to $9
GO99APE: calls $3
*** FLOP *** [5h 8s 8d]
BigYelloFish: bets $3
GO99APE: calls $3
*** TURN *** [5h 8s 8d] [Qh]
BigYelloFish: bets $6
GO99APE: raises $6 to $12
BigYelloFish: calls $6
*** RIVER *** [5h 8s 8d Qh] [2s]
BigYelloFish: checks
GO99APE: bets $6
BigYelloFish: calls $6
*** SHOW DOWN ***
GO99APE: shows [Qc Kd] (two pair, Queens and Eights)
BigYelloFish: mucks hand
GO99APE collected $59.50 from pot
*** SUMMARY ***
Total pot $60 | Rake $0.50
Board [5h 8s 8d Qh 2s]
Seat 1: BigYelloFish (big blind) mucked
Seat 2: GO99APE (button) (small blind) showed [Qc Kd] and won ($59.50) with two pair, Queens and Eights


PokerStars Hand #145975194722:  Hold'em Limit ($3/$6 USD) - 2015/12/26 19:16:26 ET
Table 'Nerina II' 2-max Seat #1 is the button
Seat 1: BigYelloFish ($330.24 in chips)
Seat 2: GO99APE ($77.07 in chips)
BigYelloFish: posts small blind $1
GO99APE: posts big blind $3
*** HOLE CARDS ***
BigYelloFish: raises $3 to $6
GO99APE: raises $3 to $9
BigYelloFish: calls $3
*** FLOP *** [6s 4h 8c]
GO99APE: bets $3
BigYelloFish: calls $3
*** TURN *** [6s 4h 8c] [Kc]
GO99APE: bets $6
BigYelloFish: calls $6
*** RIVER *** [6s 4h 8c Kc] [4s]
GO99APE: bets $6
BigYelloFish: folds
Uncalled bet ($6) returned to GO99APE
GO99APE collected $35.50 from pot
GO99APE: doesn't show hand
*** SUMMARY ***
Total pot $36 | Rake $0.50
Board [6s 4h 8c Kc 4s]
Seat 1: BigYelloFish (button) (small blind) folded on the River
Seat 2: GO99APE (big blind) collected ($35.50)


PokerStars Hand #145975203732:  Hold'em Limit ($3/$6 USD) - 2015/12/26 19:16:38 ET
Table 'Nerina II' 2-max Seat #2 is the button
Seat 1: BigYelloFish ($312.24 in chips)
Seat 2: GO99APE ($94.57 in chips)
GO99APE: posts small blind $1
BigYelloFish: posts big blind $3
*** HOLE CARDS ***
GO99APE: raises $3 to $6
BigYelloFish: calls $3
*** FLOP *** [7h 6s 9c]
BigYelloFish: checks
GO99APE: bets $3
BigYelloFish: calls $3
*** TURN *** [7h 6s 9c] [6c]
BigYelloFish: checks
GO99APE: bets $6
BigYelloFish: raises $6 to $12
GO99APE: calls $6
*** RIVER *** [7h 6s 9c 6c] [2d]
BigYelloFish: bets $6
GO99APE: calls $6
*** SHOW DOWN ***
BigYelloFish: shows [6d Ts] (three of a kind, Sixes)
GO99APE: mucks hand
BigYelloFish collected $53.50 from pot
*** SUMMARY ***
Total pot $54 | Rake $0.50
Board [7h 6s 9c 6c 2d]
Seat 1: BigYelloFish (big blind) showed [6d Ts] and won ($53.50) with three of a kind, Sixes
Seat 2: GO99APE (button) (small blind) mucked


PokerStars Hand #145975213920:  Hold'em Limit ($3/$6 USD) - 2015/12/26 19:16:52 ET
Table 'Nerina II' 2-max Seat #1 is the button
Seat 1: BigYelloFish ($338.74 in chips)
Seat 2: GO99APE ($67.57 in chips)
BigYelloFish: posts small blind $1
GO99APE: posts big blind $3
*** HOLE CARDS ***
BigYelloFish: raises $3 to $6
GO99APE: calls $3
*** FLOP *** [Jc 7s Jh]
GO99APE: checks
BigYelloFish: bets $3
GO99APE: folds
Uncalled bet ($3) returned to BigYelloFish
BigYelloFish collected $11.76 from pot
BigYelloFish: doesn't show hand
*** SUMMARY ***
Total pot $12 | Rake $0.24
Board [Jc 7s Jh]
Seat 1: BigYelloFish (button) (small blind) collected ($11.76)
Seat 2: GO99APE (big blind) folded on the Flop


PokerStars Hand #145975220122:  Hold'em Limit ($3/$6 USD) - 2015/12/26 19:17:01 ET
Table 'Nerina II' 2-max Seat #2 is the button
Seat 1: BigYelloFish ($344.50 in chips)
Seat 2: GO99APE ($61.57 in chips)
GO99APE: posts small blind $1
BigYelloFish: posts big blind $3
*** HOLE CARDS ***
GO99APE: raises $3 to $6
BigYelloFish: calls $3
*** FLOP *** [Qs 8s 4d]
BigYelloFish: checks
GO99APE: bets $3
BigYelloFish: calls $3
*** TURN *** [Qs 8s 4d] [7s]
BigYelloFish: checks
GO99APE: bets $6
BigYelloFish: calls $6
*** RIVER *** [Qs 8s 4d 7s] [5h]
BigYelloFish: checks
GO99APE: bets $6
BigYelloFish: calls $6
*** SHOW DOWN ***
GO99APE: shows [As 2s] (a flush, Ace high)
BigYelloFish: mucks hand
GO99APE collected $41.50 from pot
*** SUMMARY ***
Total pot $42 | Rake $0.50
Board [Qs 8s 4d 7s 5h]
Seat 1: BigYelloFish (big blind) mucked
Seat 2: GO99APE (button) (small blind) showed [As 2s] and won ($41.50) with a flush, Ace high


PokerStars Hand #145975244579:  Hold'em Limit ($3/$6 USD) - 2015/12/26 19:17:35 ET
Table 'Nerina II' 2-max Seat #1 is the button
Seat 1: BigYelloFish ($320.14 in chips)
Seat 2: GO99APE ($84.59 in chips)
BigYelloFish: posts small blind $1
GO99APE: posts big blind $3
*** HOLE CARDS ***
BigYelloFish: raises $3 to $6
GO99APE: raises $3 to $9
BigYelloFish: calls $3
*** FLOP *** [Jc 4d Ks]
GO99APE: bets $3
BigYelloFish: calls $3
*** TURN *** [Jc 4d Ks] [5d]
GO99APE: bets $6
BigYelloFish: calls $6
*** RIVER *** [Jc 4d Ks 5d] [Qc]
GO99APE: bets $6
BigYelloFish: folds
Uncalled bet ($6) returned to GO99APE
GO99APE collected $35.50 from pot
GO99APE: doesn't show hand
*** SUMMARY ***
Total pot $36 | Rake $0.50
Board [Jc 4d Ks 5d Qc]
Seat 1: BigYelloFish (button) (small blind) folded on the River
Seat 2: GO99APE (big blind) collected ($35.50)


PokerStars Hand #145975254425:  Hold'em Limit ($3/$6 USD) - 2015/12/26 19:17:48 ET
Table 'Nerina II' 2-max Seat #2 is the button
Seat 1: BigYelloFish ($302.14 in chips)
Seat 2: GO99APE ($102.09 in chips)
GO99APE: posts small blind $1
BigYelloFish: posts big blind $3
*** HOLE CARDS ***
GO99APE: raises $3 to $6
BigYelloFish: raises $3 to $9
GO99APE: raises $3 to $12
Betting is capped
BigYelloFish: calls $3
*** FLOP *** [6d Ah 9c]
BigYelloFish: checks
GO99APE: bets $3
BigYelloFish: calls $3
*** TURN *** [6d Ah 9c] [2c]
BigYelloFish: checks
GO99APE: bets $6
BigYelloFish: raises $6 to $12
GO99APE: raises $6 to $18
BigYelloFish: raises $6 to $24
Betting is capped
GO99APE: calls $6
*** RIVER *** [6d Ah 9c 2c] [Qs]
BigYelloFish: bets $6
GO99APE: raises $6 to $12
BigYelloFish: calls $6
*** SHOW DOWN ***
GO99APE: shows [As Qh] (two pair, Aces and Queens)
BigYelloFish: mucks hand
GO99APE collected $101.50 from pot
*** SUMMARY ***
Total pot $102 | Rake $0.50
Board [6d Ah 9c 2c Qs]
Seat 1: BigYelloFish (big blind) mucked
Seat 2: GO99APE (button) (small blind) showed [As Qh] and won ($101.50) with two pair, Aces and Queens


PokerStars Hand #145975265716:  Hold'em Limit ($3/$6 USD) - 2015/12/26 19:18:04 ET
Table 'Nerina II' 2-max Seat #1 is the button
Seat 1: BigYelloFish ($251.14 in chips)
Seat 2: GO99APE ($152.59 in chips)
BigYelloFish: posts small blind $1
GO99APE: posts big blind $3
*** HOLE CARDS ***
BigYelloFish: raises $3 to $6
GO99APE: folds
Uncalled bet ($3) returned to BigYelloFish
BigYelloFish collected $6 from pot
BigYelloFish: doesn't show hand
*** SUMMARY ***
Total pot $6 | Rake $0
Seat 1: BigYelloFish (button) (small blind) collected ($6)
Seat 2: GO99APE (big blind) folded before Flop


PokerStars Hand #145975269308:  Hold'em Limit ($3/$6 USD) - 2015/12/26 19:18:09 ET
Table 'Nerina II' 2-max Seat #2 is the button
Seat 1: BigYelloFish ($254.14 in chips)
Seat 2: GO99APE ($149.59 in chips)
GO99APE: posts small blind $1
BigYelloFish: posts big blind $3
*** HOLE CARDS ***
GO99APE: raises $3 to $6
BigYelloFish: raises $3 to $9
GO99APE: calls $3
*** FLOP *** [Th 2c 8c]
BigYelloFish: bets $3
GO99APE: calls $3
*** TURN *** [Th 2c 8c] [Js]
BigYelloFish: bets $6
GO99APE: calls $6
*** RIVER *** [Th 2c 8c Js] [Qs]
BigYelloFish: checks
GO99APE: checks
*** SHOW DOWN ***
BigYelloFish: shows [7c Kc] (high card King)
GO99APE: shows [Ts 6h] (a pair of Tens)
GO99APE collected $35.50 from pot
*** SUMMARY ***
Total pot $36 | Rake $0.50
Board [Th 2c 8c Js Qs]
Seat 1: BigYelloFish (big blind) showed [7c Kc] and lost with high card King
Seat 2: GO99APE (button) (small blind) showed [Ts 6h] and won ($35.50) with a pair of Tens


PokerStars Hand #145975239201:  Hold'em Limit ($3/$6 USD) - 2015/12/26 19:17:27 ET
Table 'Nerina II' 2-max Seat #2 is the button
Seat 1: BigYelloFish ($311.50 in chips)
Seat 2: GO99APE ($93.59 in chips)
GO99APE: posts small blind $1
BigYelloFish: posts big blind $3
*** HOLE CARDS ***
GO99APE: raises $3 to $6
BigYelloFish: raises $3 to $9
GO99APE: calls $3
*** FLOP *** [8s Qh 8d]
BigYelloFish: bets $3
GO99APE: folds
Uncalled bet ($3) returned to BigYelloFish
BigYelloFish collected $17.64 from pot
BigYelloFish: doesn't show hand
*** SUMMARY ***
Total pot $18 | Rake $0.36
Board [8s Qh 8d]
Seat 1: BigYelloFish (big blind) collected ($17.64)
Seat 2: GO99APE (button) (small blind) folded on the Flop


PokerStars Hand #145975229373:  Hold'em Limit ($3/$6 USD) - 2015/12/26 19:17:14 ET
Table 'Nerina II' 2-max Seat #1 is the button
Seat 1: BigYelloFish ($323.50 in chips)
Seat 2: GO99APE ($82.07 in chips)
BigYelloFish: posts small blind $1
GO99APE: posts big blind $3
*** HOLE CARDS ***
BigYelloFish: raises $3 to $6
GO99APE: calls $3
*** FLOP *** [9h Qd Ac]
GO99APE: checks
BigYelloFish: bets $3
GO99APE: raises $3 to $6
BigYelloFish: calls $3
*** TURN *** [9h Qd Ac] [2c]
GO99APE: bets $6
BigYelloFish: folds
Uncalled bet ($6) returned to GO99APE
GO99APE collected $23.52 from pot
GO99APE: doesn't show hand
*** SUMMARY ***
Total pot $24 | Rake $0.48
Board [9h Qd Ac 2c]
Seat 1: BigYelloFish (button) (small blind) folded on the Turn
Seat 2: GO99APE (big blind) collected ($23.52)


PokerStars Hand #145975280039:  Hold'em Limit ($3/$6 USD) - 2015/12/26 19:18:24 ET
Table 'Nerina II' 2-max Seat #1 is the button
Seat 1: BigYelloFish ($236.14 in chips)
Seat 2: GO99APE ($167.09 in chips)
BigYelloFish: posts small blind $1
GO99APE: posts big blind $3
*** HOLE CARDS ***
BigYelloFish: raises $3 to $6
GO99APE: calls $3
*** FLOP *** [2h 3h Ac]
GO99APE: checks
BigYelloFish: bets $3
GO99APE: raises $3 to $6
BigYelloFish: calls $3
*** TURN *** [2h 3h Ac] [Qc]
GO99APE: bets $6
BigYelloFish: calls $6
*** RIVER *** [2h 3h Ac Qc] [Kc]
GO99APE: bets $6
BigYelloFish: folds
Uncalled bet ($6) returned to GO99APE
GO99APE collected $35.50 from pot
GO99APE: doesn't show hand
*** SUMMARY ***
Total pot $36 | Rake $0.50
Board [2h 3h Ac Qc Kc]
Seat 1: BigYelloFish (button) (small blind) folded on the River
Seat 2: GO99APE (big blind) collected ($35.50)


PokerStars Hand #145975290120:  Hold'em Limit ($3/$6 USD) - 2015/12/26 19:18:38 ET
Table 'Nerina II' 2-max Seat #2 is the button
Seat 1: BigYelloFish ($218.14 in chips)
Seat 2: GO99APE ($184.59 in chips)
GO99APE: posts small blind $1
BigYelloFish: posts big blind $3
*** HOLE CARDS ***
GO99APE: raises $3 to $6
BigYelloFish: calls $3
*** FLOP *** [Ah 2h 7c]
BigYelloFish: checks
GO99APE: bets $3
BigYelloFish: calls $3
*** TURN *** [Ah 2h 7c] [8h]
BigYelloFish: checks
GO99APE: bets $6
BigYelloFish: calls $6
*** RIVER *** [Ah 2h 7c 8h] [9c]
BigYelloFish: checks
GO99APE: bets $6
BigYelloFish: calls $6
*** SHOW DOWN ***
GO99APE: shows [Ad 4c] (a pair of Aces)
BigYelloFish: mucks hand
GO99APE collected $41.50 from pot
*** SUMMARY ***
Total pot $42 | Rake $0.50
Board [Ah 2h 7c 8h 9c]
Seat 1: BigYelloFish (big blind) mucked
Seat 2: GO99APE (button) (small blind) showed [Ad 4c] and won ($41.50) with a pair of Aces


PokerStars Hand #145975299571:  Hold'em Limit ($3/$6 USD) - 2015/12/26 19:18:52 ET
Table 'Nerina II' 2-max Seat #1 is the button
Seat 1: BigYelloFish ($197.14 in chips)
Seat 2: GO99APE ($205.09 in chips)
BigYelloFish: posts small blind $1
GO99APE: posts big blind $3
*** HOLE CARDS ***
BigYelloFish: raises $3 to $6
GO99APE: calls $3
*** FLOP *** [Kh 6h Ks]
GO99APE: checks
BigYelloFish: bets $3
GO99APE: raises $3 to $6
BigYelloFish: calls $3
*** TURN *** [Kh 6h Ks] [Qd]
GO99APE: bets $6
BigYelloFish: calls $6
*** RIVER *** [Kh 6h Ks Qd] [9c]
GO99APE: bets $6
BigYelloFish: calls $6
*** SHOW DOWN ***
GO99APE: shows [2s Kd] (three of a kind, Kings)
BigYelloFish: mucks hand
GO99APE collected $47.50 from pot
*** SUMMARY ***
Total pot $48 | Rake $0.50
Board [Kh 6h Ks Qd 9c]
Seat 1: BigYelloFish (button) (small blind) mucked
Seat 2: GO99APE (big blind) showed [2s Kd] and won ($47.50) with three of a kind, Kings


PokerStars Hand #145975308060:  Hold'em Limit ($3/$6 USD) - 2015/12/26 19:19:03 ET
Table 'Nerina II' 2-max Seat #2 is the button
Seat 1: BigYelloFish ($173.14 in chips)
Seat 2: GO99APE ($228.59 in chips)
GO99APE: posts small blind $1
BigYelloFish: posts big blind $3
*** HOLE CARDS ***
GO99APE: raises $3 to $6
BigYelloFish: raises $3 to $9
GO99APE: calls $3
*** FLOP *** [9d Qs 5c]
BigYelloFish: bets $3
GO99APE: calls $3
*** TURN *** [9d Qs 5c] [Jh]
BigYelloFish: checks
GO99APE: checks
*** RIVER *** [9d Qs 5c Jh] [4d]
BigYelloFish: bets $6
GO99APE: calls $6
*** SHOW DOWN ***
BigYelloFish: shows [4s 7d] (a pair of Fours)
GO99APE: shows [Td 5h] (a pair of Fives)
GO99APE collected $35.50 from pot
*** SUMMARY ***
Total pot $36 | Rake $0.50
Board [9d Qs 5c Jh 4d]
Seat 1: BigYelloFish (big blind) showed [4s 7d] and lost with a pair of Fours
Seat 2: GO99APE (button) (small blind) showed [Td 5h] and won ($35.50) with a pair of Fives


PokerStars Hand #145975316402:  Hold'em Limit ($3/$6 USD) - 2015/12/26 19:19:15 ET
Table 'Nerina II' 2-max Seat #1 is the button
Seat 1: BigYelloFish ($155.14 in chips)
Seat 2: GO99APE ($246.09 in chips)
BigYelloFish: posts small blind $1
GO99APE: posts big blind $3
*** HOLE CARDS ***
BigYelloFish: raises $3 to $6
GO99APE: calls $3
*** FLOP *** [Qs 2d 4d]
GO99APE: checks
BigYelloFish: bets $3
GO99APE: calls $3
*** TURN *** [Qs 2d 4d] [3h]
GO99APE: checks
BigYelloFish: bets $6
GO99APE: folds
Uncalled bet ($6) returned to BigYelloFish
BigYelloFish collected $17.64 from pot
BigYelloFish: doesn't show hand
*** SUMMARY ***
Total pot $18 | Rake $0.36
Board [Qs 2d 4d 3h]
Seat 1: BigYelloFish (button) (small blind) collected ($17.64)
Seat 2: GO99APE (big blind) folded on the Turn


PokerStars Hand #145975330086:  Hold'em Limit ($3/$6 USD) - 2015/12/26 19:19:34 ET
Table 'Nerina II' 2-max Seat #1 is the button
Seat 1: BigYelloFish ($172.42 in chips)
Seat 2: GO99APE ($228.09 in chips)
BigYelloFish: posts small blind $1
GO99APE: posts big blind $3
*** HOLE CARDS ***
BigYelloFish: raises $3 to $6
GO99APE: calls $3
*** FLOP *** [4s 3c 2c]
GO99APE: checks
BigYelloFish: bets $3
GO99APE: raises $3 to $6
BigYelloFish: calls $3
*** TURN *** [4s 3c 2c] [Ks]
GO99APE: bets $6
BigYelloFish: calls $6
*** RIVER *** [4s 3c 2c Ks] [6d]
GO99APE: bets $6
BigYelloFish: calls $6
*** SHOW DOWN ***
GO99APE: shows [2s 2h] (three of a kind, Deuces)
BigYelloFish: mucks hand
GO99APE collected $47.50 from pot
*** SUMMARY ***
Total pot $48 | Rake $0.50
Board [4s 3c 2c Ks 6d]
Seat 1: BigYelloFish (button) (small blind) mucked
Seat 2: GO99APE (big blind) showed [2s 2h] and won ($47.50) with three of a kind, Deuces


PokerStars Hand #145975338571:  Hold'em Limit ($3/$6 USD) - 2015/12/26 19:19:46 ET
Table 'Nerina II' 2-max Seat #2 is the button
Seat 1: BigYelloFish ($148.42 in chips)
Seat 2: GO99APE ($251.59 in chips)
GO99APE: posts small blind $1
BigYelloFish: posts big blind $3
*** HOLE CARDS ***
GO99APE: raises $3 to $6
BigYelloFish: raises $3 to $9
GO99APE: calls $3
*** FLOP *** [8d 6d Tc]
BigYelloFish: bets $3
GO99APE: calls $3
*** TURN *** [8d 6d Tc] [Ah]
BigYelloFish: bets $6
GO99APE: calls $6
*** RIVER *** [8d 6d Tc Ah] [9c]
BigYelloFish: checks
GO99APE: checks
*** SHOW DOWN ***
BigYelloFish: shows [2s Ks] (high card Ace)
GO99APE: shows [8c Qc] (a pair of Eights)
GO99APE collected $35.50 from pot
*** SUMMARY ***
Total pot $36 | Rake $0.50
Board [8d 6d Tc Ah 9c]
Seat 1: BigYelloFish (big blind) showed [2s Ks] and lost with high card Ace
Seat 2: GO99APE (button) (small blind) showed [8c Qc] and won ($35.50) with a pair of Eights


PokerStars Hand #145975346452:  Hold'em Limit ($3/$6 USD) - 2015/12/26 19:19:57 ET
Table 'Nerina II' 2-max Seat #1 is the button
Seat 1: BigYelloFish ($130.42 in chips)
Seat 2: GO99APE ($269.09 in chips)
BigYelloFish: posts small blind $1
GO99APE: posts big blind $3
*** HOLE CARDS ***
BigYelloFish: raises $3 to $6
GO99APE: raises $3 to $9
BigYelloFish: calls $3
*** FLOP *** [6s 8h 7s]
GO99APE: bets $3
BigYelloFish: calls $3
*** TURN *** [6s 8h 7s] [Ks]
GO99APE: bets $6
BigYelloFish: calls $6
*** RIVER *** [6s 8h 7s Ks] [6h]
GO99APE: bets $6
BigYelloFish: folds
Uncalled bet ($6) returned to GO99APE
GO99APE collected $35.50 from pot
GO99APE: doesn't show hand
*** SUMMARY ***
Total pot $36 | Rake $0.50
Board [6s 8h 7s Ks 6h]
Seat 1: BigYelloFish (button) (small blind) folded on the River
Seat 2: GO99APE (big blind) collected ($35.50)


PokerStars Hand #145975362836:  Hold'em Limit ($3/$6 USD) - 2015/12/26 19:20:20 ET
Table 'Nerina II' 2-max Seat #1 is the button
Seat 1: BigYelloFish ($100.42 in chips)
Seat 2: GO99APE ($298.11 in chips)
BigYelloFish: posts small blind $1
GO99APE: posts big blind $3
*** HOLE CARDS ***
BigYelloFish: raises $3 to $6
GO99APE: folds
Uncalled bet ($3) returned to BigYelloFish
BigYelloFish collected $6 from pot
BigYelloFish: doesn't show hand
*** SUMMARY ***
Total pot $6 | Rake $0
Seat 1: BigYelloFish (button) (small blind) collected ($6)
Seat 2: GO99APE (big blind) folded before Flop


PokerStars Hand #145975354411:  Hold'em Limit ($3/$6 USD) - 2015/12/26 19:20:08 ET
Table 'Nerina II' 2-max Seat #2 is the button
Seat 1: BigYelloFish ($112.42 in chips)
Seat 2: GO99APE ($286.59 in chips)
GO99APE: posts small blind $1
BigYelloFish: posts big blind $3
*** HOLE CARDS ***
GO99APE: raises $3 to $6
BigYelloFish: raises $3 to $9
GO99APE: calls $3
*** FLOP *** [Kd Qc 4c]
BigYelloFish: bets $3
GO99APE: calls $3
*** TURN *** [Kd Qc 4c] [5s]
BigYelloFish: checks
GO99APE: checks
*** RIVER *** [Kd Qc 4c 5s] [4d]
BigYelloFish: checks
GO99APE: bets $6
BigYelloFish: folds
Uncalled bet ($6) returned to GO99APE
GO99APE collected $23.52 from pot
GO99APE: doesn't show hand
*** SUMMARY ***
Total pot $24 | Rake $0.48
Board [Kd Qc 4c 5s 4d]
Seat 1: BigYelloFish (big blind) folded on the River
Seat 2: GO99APE (button) (small blind) collected ($23.52)


PokerStars Hand #145975324281:  Hold'em Limit ($3/$6 USD) - 2015/12/26 19:19:26 ET
Table 'Nerina II' 2-max Seat #2 is the button
Seat 1: BigYelloFish ($163.78 in chips)
Seat 2: GO99APE ($237.09 in chips)
GO99APE: posts small blind $1
BigYelloFish: posts big blind $3
*** HOLE CARDS ***
GO99APE: raises $3 to $6
BigYelloFish: raises $3 to $9
GO99APE: calls $3
*** FLOP *** [4c 5s Kd]
BigYelloFish: bets $3
GO99APE: folds
Uncalled bet ($3) returned to BigYelloFish
BigYelloFish collected $17.64 from pot
BigYelloFish: doesn't show hand
*** SUMMARY ***
Total pot $18 | Rake $0.36
Board [4c 5s Kd]
Seat 1: BigYelloFish (big blind) collected ($17.64)
Seat 2: GO99APE (button) (small blind) folded on the Flop


PokerStars Hand #145975374010:  Hold'em Limit ($3/$6 USD) - 2015/12/26 19:20:36 ET
Table 'Nerina II' 2-max Seat #1 is the button
Seat 1: BigYelloFish ($126.92 in chips)
Seat 2: GO99APE ($271.11 in chips)
BigYelloFish: posts small blind $1
GO99APE: posts big blind $3
*** HOLE CARDS ***
BigYelloFish: raises $3 to $6
GO99APE: folds
Uncalled bet ($3) returned to BigYelloFish
BigYelloFish collected $6 from pot
BigYelloFish: doesn't show hand
*** SUMMARY ***
Total pot $6 | Rake $0
Seat 1: BigYelloFish (button) (small blind) collected ($6)
Seat 2: GO99APE (big blind) folded before Flop


PokerStars Hand #145975377715:  Hold'em Limit ($3/$6 USD) - 2015/12/26 19:20:41 ET
Table 'Nerina II' 2-max Seat #2 is the button
Seat 1: BigYelloFish ($129.92 in chips)
Seat 2: GO99APE ($268.11 in chips)
GO99APE: posts small blind $1
BigYelloFish: posts big blind $3
*** HOLE CARDS ***
GO99APE: raises $3 to $6
BigYelloFish: calls $3
*** FLOP *** [Ac 6c 2c]
BigYelloFish: checks
GO99APE: checks
*** TURN *** [Ac 6c 2c] [Th]
BigYelloFish: bets $6
GO99APE: calls $6
*** RIVER *** [Ac 6c 2c Th] [Kh]
BigYelloFish: checks
GO99APE: checks
*** SHOW DOWN ***
BigYelloFish: shows [Qc 8h] (high card Ace)
GO99APE: shows [5d Ts] (a pair of Tens)
GO99APE collected $23.52 from pot
*** SUMMARY ***
Total pot $24 | Rake $0.48
Board [Ac 6c 2c Th Kh]
Seat 1: BigYelloFish (big blind) showed [Qc 8h] and lost with high card Ace
Seat 2: GO99APE (button) (small blind) showed [5d Ts] and won ($23.52) with a pair of Tens


PokerStars Hand #145975392834:  Hold'em Limit ($3/$6 USD) - 2015/12/26 19:21:03 ET
Table 'Nerina II' 2-max Seat #2 is the button
Seat 1: BigYelloFish ($120.92 in chips)
Seat 2: GO99APE ($276.63 in chips)
GO99APE: posts small blind $1
BigYelloFish: posts big blind $3
*** HOLE CARDS ***
GO99APE: folds
Uncalled bet ($2) returned to BigYelloFish
BigYelloFish collected $2 from pot
BigYelloFish: doesn't show hand
*** SUMMARY ***
Total pot $2 | Rake $0
Seat 1: BigYelloFish (big blind) collected ($2)
Seat 2: GO99APE (button) (small blind) folded before Flop


PokerStars Hand #145975385878:  Hold'em Limit ($3/$6 USD) - 2015/12/26 19:20:53 ET
Table 'Nerina II' 2-max Seat #1 is the button
Seat 1: BigYelloFish ($117.92 in chips)
Seat 2: GO99APE ($279.63 in chips)
BigYelloFish: posts small blind $1
GO99APE: posts big blind $3
*** HOLE CARDS ***
BigYelloFish: raises $3 to $6
GO99APE: folds
Uncalled bet ($3) returned to BigYelloFish
BigYelloFish collected $6 from pot
BigYelloFish: doesn't show hand
*** SUMMARY ***
Total pot $6 | Rake $0
Seat 1: BigYelloFish (button) (small blind) collected ($6)
Seat 2: GO99APE (big blind) folded before Flop


PokerStars Hand #145975395902:  Hold'em Limit ($3/$6 USD) - 2015/12/26 19:21:07 ET
Table 'Nerina II' 2-max Seat #1 is the button
Seat 1: BigYelloFish ($121.92 in chips)
Seat 2: GO99APE ($275.63 in chips)
BigYelloFish: posts small blind $1
GO99APE: posts big blind $3
*** HOLE CARDS ***
BigYelloFish: raises $3 to $6
GO99APE: folds
Uncalled bet ($3) returned to BigYelloFish
BigYelloFish collected $6 from pot
BigYelloFish: doesn't show hand
*** SUMMARY ***
Total pot $6 | Rake $0
Seat 1: BigYelloFish (button) (small blind) collected ($6)
Seat 2: GO99APE (big blind) folded before Flop


PokerStars Hand #145975400796:  Hold'em Limit ($3/$6 USD) - 2015/12/26 19:21:14 ET
Table 'Nerina II' 2-max Seat #2 is the button
Seat 1: BigYelloFish ($124.92 in chips)
Seat 2: GO99APE ($272.63 in chips)
GO99APE: posts small blind $1
BigYelloFish: posts big blind $3
*** HOLE CARDS ***
GO99APE: raises $3 to $6
BigYelloFish: calls $3
*** FLOP *** [8d 7c 9s]
BigYelloFish: checks
GO99APE: checks
*** TURN *** [8d 7c 9s] [9d]
BigYelloFish: checks
GO99APE: checks
*** RIVER *** [8d 7c 9s 9d] [4s]
BigYelloFish: checks
GO99APE: checks
*** SHOW DOWN ***
BigYelloFish: shows [Ks 5c] (a pair of Nines)
GO99APE: shows [5s Kc] (a pair of Nines)
BigYelloFish collected $5.88 from pot
GO99APE collected $5.88 from pot
*** SUMMARY ***
Total pot $12 | Rake $0.24
Board [8d 7c 9s 9d 4s]
Seat 1: BigYelloFish (big blind) showed [Ks 5c] and won ($5.88) with a pair of Nines
Seat 2: GO99APE (button) (small blind) showed [5s Kc] and won ($5.88) with a pair of Nines


PokerStars Hand #145975365909:  Hold'em Limit ($3/$6 USD) - 2015/12/26 19:20:25 ET
Table 'Nerina II' 2-max Seat #2 is the button
Seat 1: BigYelloFish ($103.42 in chips)
Seat 2: GO99APE ($295.11 in chips)
GO99APE: posts small blind $1
BigYelloFish: posts big blind $3
*** HOLE CARDS ***
GO99APE: raises $3 to $6
BigYelloFish: raises $3 to $9
GO99APE: calls $3
*** FLOP *** [Ts 2c Td]
BigYelloFish: bets $3
GO99APE: calls $3
*** TURN *** [Ts 2c Td] [8d]
BigYelloFish: bets $6
GO99APE: calls $6
*** RIVER *** [Ts 2c Td 8d] [Jh]
BigYelloFish: bets $6
GO99APE: calls $6
*** SHOW DOWN ***
BigYelloFish: shows [Tc Qc] (three of a kind, Tens)
GO99APE: mucks hand
BigYelloFish collected $47.50 from pot
*** SUMMARY ***
Total pot $48 | Rake $0.50
Board [Ts 2c Td 8d Jh]
Seat 1: BigYelloFish (big blind) showed [Tc Qc] and won ($47.50) with three of a kind, Tens
Seat 2: GO99APE (button) (small blind) mucked


PokerStars Hand #145975417926:  Hold'em Limit ($3/$6 USD) - 2015/12/26 19:21:39 ET
Table 'Nerina II' 2-max Seat #2 is the button
Seat 1: BigYelloFish ($112.80 in chips)
Seat 2: GO99APE ($284.03 in chips)
GO99APE: posts small blind $1
BigYelloFish: posts big blind $3
*** HOLE CARDS ***
GO99APE: folds
Uncalled bet ($2) returned to BigYelloFish
BigYelloFish collected $2 from pot
BigYelloFish: doesn't show hand
*** SUMMARY ***
Total pot $2 | Rake $0
Seat 1: BigYelloFish (big blind) collected ($2)
Seat 2: GO99APE (button) (small blind) folded before Flop


PokerStars Hand #145975421007:  Hold'em Limit ($3/$6 USD) - 2015/12/26 19:21:43 ET
Table 'Nerina II' 2-max Seat #1 is the button
Seat 1: BigYelloFish ($113.80 in chips)
Seat 2: GO99APE ($283.03 in chips)
BigYelloFish: posts small blind $1
GO99APE: posts big blind $3
*** HOLE CARDS ***
BigYelloFish: raises $3 to $6
GO99APE: calls $3
*** FLOP *** [Jc Ah 5h]
GO99APE: checks
BigYelloFish: bets $3
GO99APE: calls $3
*** TURN *** [Jc Ah 5h] [6c]
GO99APE: checks
BigYelloFish: checks
*** RIVER *** [Jc Ah 5h 6c] [7s]
GO99APE: checks
BigYelloFish: checks
*** SHOW DOWN ***
GO99APE: shows [9d 5c] (a pair of Fives)
BigYelloFish: mucks hand
GO99APE collected $17.64 from pot
*** SUMMARY ***
Total pot $18 | Rake $0.36
Board [Jc Ah 5h 6c 7s]
Seat 1: BigYelloFish (button) (small blind) mucked
Seat 2: GO99APE (big blind) showed [9d 5c] and won ($17.64) with a pair of Fives


PokerStars Hand #145975429458:  Hold'em Limit ($3/$6 USD) - 2015/12/26 19:21:55 ET
Table 'Nerina II' 2-max Seat #2 is the button
Seat 1: BigYelloFish ($104.80 in chips)
Seat 2: GO99APE ($291.67 in chips)
GO99APE: posts small blind $1
BigYelloFish: posts big blind $3
*** HOLE CARDS ***
GO99APE: raises $3 to $6
BigYelloFish: calls $3
*** FLOP *** [3d 2c Kd]
BigYelloFish: checks
GO99APE: bets $3
BigYelloFish: calls $3
*** TURN *** [3d 2c Kd] [9h]
BigYelloFish: checks
GO99APE: checks
*** RIVER *** [3d 2c Kd 9h] [3s]
BigYelloFish: bets $6
GO99APE: raises $6 to $12
BigYelloFish: folds
Uncalled bet ($6) returned to GO99APE
GO99APE collected $29.50 from pot
GO99APE: doesn't show hand
*** SUMMARY ***
Total pot $30 | Rake $0.50
Board [3d 2c Kd 9h 3s]
Seat 1: BigYelloFish (big blind) folded on the River
Seat 2: GO99APE (button) (small blind) collected ($29.50)


PokerStars Hand #145975448900:  Hold'em Limit ($3/$6 USD) - 2015/12/26 19:22:23 ET
Table 'Nerina II' 2-max Seat #2 is the button
Seat 1: BigYelloFish ($80.80 in chips)
Seat 2: GO99APE ($314.81 in chips)
GO99APE: posts small blind $1
BigYelloFish: posts big blind $3
*** HOLE CARDS ***
GO99APE: folds
Uncalled bet ($2) returned to BigYelloFish
BigYelloFish collected $2 from pot
BigYelloFish: doesn't show hand
*** SUMMARY ***
Total pot $2 | Rake $0
Seat 1: BigYelloFish (big blind) collected ($2)
Seat 2: GO99APE (button) (small blind) folded before Flop


PokerStars Hand #145975439044:  Hold'em Limit ($3/$6 USD) - 2015/12/26 19:22:09 ET
Table 'Nerina II' 2-max Seat #1 is the button
Seat 1: BigYelloFish ($89.80 in chips)
Seat 2: GO99APE ($306.17 in chips)
BigYelloFish: posts small blind $1
GO99APE: posts big blind $3
*** HOLE CARDS ***
BigYelloFish: raises $3 to $6
GO99APE: calls $3
*** FLOP *** [As Td 6h]
GO99APE: checks
BigYelloFish: bets $3
GO99APE: calls $3
*** TURN *** [As Td 6h] [Ac]
GO99APE: checks
BigYelloFish: checks
*** RIVER *** [As Td 6h Ac] [6c]
GO99APE: checks
BigYelloFish: checks
*** SHOW DOWN ***
GO99APE: shows [Kh Jd] (two pair, Aces and Sixes)
BigYelloFish: mucks hand
GO99APE collected $17.64 from pot
*** SUMMARY ***
Total pot $18 | Rake $0.36
Board [As Td 6h Ac 6c]
Seat 1: BigYelloFish (button) (small blind) mucked
Seat 2: GO99APE (big blind) showed [Kh Jd] and won ($17.64) with two pair, Aces and Sixes


PokerStars Hand #145975410217:  Hold'em Limit ($3/$6 USD) - 2015/12/26 19:21:28 ET
Table 'Nerina II' 2-max Seat #1 is the button
Seat 1: BigYelloFish ($124.80 in chips)
Seat 2: GO99APE ($272.51 in chips)
BigYelloFish: posts small blind $1
GO99APE: posts big blind $3
*** HOLE CARDS ***
BigYelloFish: raises $3 to $6
GO99APE: raises $3 to $9
BigYelloFish: calls $3
*** FLOP *** [5d 5c 2h]
GO99APE: bets $3
BigYelloFish: calls $3
*** TURN *** [5d 5c 2h] [Kc]
GO99APE: bets $6
BigYelloFish: folds
Uncalled bet ($6) returned to GO99APE
GO99APE collected $23.52 from pot
GO99APE: doesn't show hand
*** SUMMARY ***
Total pot $24 | Rake $0.48
Board [5d 5c 2h Kc]
Seat 1: BigYelloFish (button) (small blind) folded on the Turn
Seat 2: GO99APE (big blind) collected ($23.52)


PokerStars Hand #145975456012:  Hold'em Limit ($3/$6 USD) - 2015/12/26 19:22:33 ET
Table 'Nerina II' 2-max Seat #2 is the button
Seat 1: BigYelloFish ($84.80 in chips)
Seat 2: GO99APE ($310.81 in chips)
GO99APE: posts small blind $1
BigYelloFish: posts big blind $3
*** HOLE CARDS ***
GO99APE: raises $3 to $6
BigYelloFish: calls $3
*** FLOP *** [Kd 5c 7c]
BigYelloFish: checks
GO99APE: bets $3
BigYelloFish: calls $3
*** TURN *** [Kd 5c 7c] [Ah]
BigYelloFish: checks
GO99APE: bets $6
BigYelloFish: raises $6 to $12
GO99APE: folds
Uncalled bet ($6) returned to BigYelloFish
BigYelloFish collected $29.50 from pot
BigYelloFish: doesn't show hand
*** SUMMARY ***
Total pot $30 | Rake $0.50
Board [Kd 5c 7c Ah]
Seat 1: BigYelloFish (big blind) collected ($29.50)
Seat 2: GO99APE (button) (small blind) folded on the Turn


PokerStars Hand #145975465728:  Hold'em Limit ($3/$6 USD) - 2015/12/26 19:22:47 ET
Table 'Nerina II' 2-max Seat #1 is the button
Seat 1: BigYelloFish ($99.30 in chips)
Seat 2: GO99APE ($295.81 in chips)
BigYelloFish: posts small blind $1
GO99APE: posts big blind $3
*** HOLE CARDS ***
BigYelloFish: raises $3 to $6
GO99APE: calls $3
*** FLOP *** [8c 9c 5c]
GO99APE: checks
BigYelloFish: bets $3
GO99APE: folds
Uncalled bet ($3) returned to BigYelloFish
BigYelloFish collected $11.76 from pot
BigYelloFish: doesn't show hand
*** SUMMARY ***
Total pot $12 | Rake $0.24
Board [8c 9c 5c]
Seat 1: BigYelloFish (button) (small blind) collected ($11.76)
Seat 2: GO99APE (big blind) folded on the Flop


PokerStars Hand #145975471627:  Hold'em Limit ($3/$6 USD) - 2015/12/26 19:22:55 ET
Table 'Nerina II' 2-max Seat #2 is the button
Seat 1: BigYelloFish ($105.06 in chips)
Seat 2: GO99APE ($289.81 in chips)
GO99APE: posts small blind $1
BigYelloFish: posts big blind $3
*** HOLE CARDS ***
GO99APE: calls $2
BigYelloFish: checks
*** FLOP *** [7h Ac 7s]
BigYelloFish: checks
GO99APE: bets $3
BigYelloFish: folds
Uncalled bet ($3) returned to GO99APE
GO99APE collected $5.88 from pot
GO99APE: doesn't show hand
*** SUMMARY ***
Total pot $6 | Rake $0.12
Board [7h Ac 7s]
Seat 1: BigYelloFish (big blind) folded on the Flop
Seat 2: GO99APE (button) (small blind) collected ($5.88)


PokerStars Hand #145975477025:  Hold'em Limit ($3/$6 USD) - 2015/12/26 19:23:03 ET
Table 'Nerina II' 2-max Seat #1 is the button
Seat 1: BigYelloFish ($102.06 in chips)
Seat 2: GO99APE ($292.69 in chips)
BigYelloFish: posts small blind $1
GO99APE: posts big blind $3
*** HOLE CARDS ***
BigYelloFish: raises $3 to $6
GO99APE: calls $3
*** FLOP *** [Jc 3c 2s]
GO99APE: checks
BigYelloFish: bets $3
GO99APE: calls $3
*** TURN *** [Jc 3c 2s] [4s]
GO99APE: checks
BigYelloFish: bets $6
GO99APE: calls $6
*** RIVER *** [Jc 3c 2s 4s] [Qc]
GO99APE: checks
BigYelloFish: bets $6
GO99APE: calls $6
*** SHOW DOWN ***
BigYelloFish: shows [6c 5c] (a flush, Queen high)
GO99APE: mucks hand
BigYelloFish collected $41.50 from pot
*** SUMMARY ***
Total pot $42 | Rake $0.50
Board [Jc 3c 2s 4s Qc]
Seat 1: BigYelloFish (button) (small blind) showed [6c 5c] and won ($41.50) with a flush, Queen high
Seat 2: GO99APE (big blind) mucked


PokerStars Hand #145975451918:  Hold'em Limit ($3/$6 USD) - 2015/12/26 19:22:27 ET
Table 'Nerina II' 2-max Seat #1 is the button
Seat 1: BigYelloFish ($81.80 in chips)
Seat 2: GO99APE ($313.81 in chips)
BigYelloFish: posts small blind $1
GO99APE: posts big blind $3
*** HOLE CARDS ***
BigYelloFish: raises $3 to $6
GO99APE: folds
Uncalled bet ($3) returned to BigYelloFish
BigYelloFish collected $6 from pot
BigYelloFish: doesn't show hand
*** SUMMARY ***
Total pot $6 | Rake $0
Seat 1: BigYelloFish (button) (small blind) collected ($6)
Seat 2: GO99APE (big blind) folded before Flop


PokerStars Hand #145975494416:  Hold'em Limit ($3/$6 USD) - 2015/12/26 19:23:28 ET
Table 'Nerina II' 2-max Seat #1 is the button
Seat 1: BigYelloFish ($122.44 in chips)
Seat 2: GO99APE ($271.57 in chips)
BigYelloFish: posts small blind $1
GO99APE: posts big blind $3
*** HOLE CARDS ***
BigYelloFish: raises $3 to $6
GO99APE: folds
Uncalled bet ($3) returned to BigYelloFish
BigYelloFish collected $6 from pot
BigYelloFish: doesn't show hand
*** SUMMARY ***
Total pot $6 | Rake $0
Seat 1: BigYelloFish (button) (small blind) collected ($6)
Seat 2: GO99APE (big blind) folded before Flop


PokerStars Hand #145975497789:  Hold'em Limit ($3/$6 USD) - 2015/12/26 19:23:33 ET
Table 'Nerina II' 2-max Seat #2 is the button
Seat 1: BigYelloFish ($125.44 in chips)
Seat 2: GO99APE ($268.57 in chips)
GO99APE: posts small blind $1
BigYelloFish: posts big blind $3
*** HOLE CARDS ***
GO99APE: raises $3 to $6
BigYelloFish: calls $3
*** FLOP *** [Qh Ks 2c]
BigYelloFish: checks
GO99APE: bets $3
BigYelloFish: calls $3
*** TURN *** [Qh Ks 2c] [Jc]
BigYelloFish: checks
GO99APE: bets $6
BigYelloFish: calls $6
*** RIVER *** [Qh Ks 2c Jc] [8d]
BigYelloFish: checks
GO99APE: checks
*** SHOW DOWN ***
BigYelloFish: shows [8s Jh] (two pair, Jacks and Eights)
GO99APE: mucks hand
BigYelloFish collected $29.50 from pot
*** SUMMARY ***
Total pot $30 | Rake $0.50
Board [Qh Ks 2c Jc 8d]
Seat 1: BigYelloFish (big blind) showed [8s Jh] and won ($29.50) with two pair, Jacks and Eights
Seat 2: GO99APE (button) (small blind) mucked


PokerStars Hand #145975506333:  Hold'em Limit ($3/$6 USD) - 2015/12/26 19:23:45 ET
Table 'Nerina II' 2-max Seat #1 is the button
Seat 1: BigYelloFish ($139.94 in chips)
Seat 2: GO99APE ($253.57 in chips)
BigYelloFish: posts small blind $1
GO99APE: posts big blind $3
*** HOLE CARDS ***
BigYelloFish: raises $3 to $6
GO99APE: raises $3 to $9
BigYelloFish: calls $3
*** FLOP *** [8d Js Qs]
GO99APE: bets $3
BigYelloFish: calls $3
*** TURN *** [8d Js Qs] [Th]
GO99APE: bets $6
BigYelloFish: calls $6
*** RIVER *** [8d Js Qs Th] [Kh]
GO99APE: bets $6
BigYelloFish: folds
Uncalled bet ($6) returned to GO99APE
GO99APE collected $35.50 from pot
GO99APE: doesn't show hand
*** SUMMARY ***
Total pot $36 | Rake $0.50
Board [8d Js Qs Th Kh]
Seat 1: BigYelloFish (button) (small blind) folded on the River
Seat 2: GO99APE (big blind) collected ($35.50)


PokerStars Hand #145975515116:  Hold'em Limit ($3/$6 USD) - 2015/12/26 19:23:58 ET
Table 'Nerina II' 2-max Seat #2 is the button
Seat 1: BigYelloFish ($121.94 in chips)
Seat 2: GO99APE ($271.07 in chips)
GO99APE: posts small blind $1
BigYelloFish: posts big blind $3
*** HOLE CARDS ***
GO99APE: folds
Uncalled bet ($2) returned to BigYelloFish
BigYelloFish collected $2 from pot
BigYelloFish: doesn't show hand
*** SUMMARY ***
Total pot $2 | Rake $0
Seat 1: BigYelloFish (big blind) collected ($2)
Seat 2: GO99APE (button) (small blind) folded before Flop


PokerStars Hand #145975487549:  Hold'em Limit ($3/$6 USD) - 2015/12/26 19:23:18 ET
Table 'Nerina II' 2-max Seat #2 is the button
Seat 1: BigYelloFish ($122.56 in chips)
Seat 2: GO99APE ($271.69 in chips)
GO99APE: posts small blind $1
BigYelloFish: posts big blind $3
*** HOLE CARDS ***
GO99APE: raises $3 to $6
BigYelloFish: calls $3
*** FLOP *** [Qh 7d 9s]
BigYelloFish: checks
GO99APE: checks
*** TURN *** [Qh 7d 9s] [Tc]
BigYelloFish: checks
GO99APE: checks
*** RIVER *** [Qh 7d 9s Tc] [8h]
BigYelloFish: checks
GO99APE: checks
*** SHOW DOWN ***
BigYelloFish: shows [Ac 5s] (high card Ace)
GO99APE: shows [4c As] (high card Ace)
BigYelloFish collected $5.88 from pot
GO99APE collected $5.88 from pot
*** SUMMARY ***
Total pot $12 | Rake $0.24
Board [Qh 7d 9s Tc 8h]
Seat 1: BigYelloFish (big blind) showed [Ac 5s] and won ($5.88) with high card Ace
Seat 2: GO99APE (button) (small blind) showed [4c As] and won ($5.88) with high card Ace


PokerStars Hand #145975533984:  Hold'em Limit ($3/$6 USD) - 2015/12/26 19:24:25 ET
Table 'Nerina II' 2-max Seat #2 is the button
Seat 1: BigYelloFish ($104.94 in chips)
Seat 2: GO99APE ($287.57 in chips)
GO99APE: posts small blind $1
BigYelloFish: posts big blind $3
*** HOLE CARDS ***
GO99APE: raises $3 to $6
BigYelloFish: raises $3 to $9
GO99APE: calls $3
*** FLOP *** [3h 3d Ts]
BigYelloFish: bets $3
GO99APE: raises $3 to $6
BigYelloFish: calls $3
*** TURN *** [3h 3d Ts] [Qc]
BigYelloFish: checks
GO99APE: checks
*** RIVER *** [3h 3d Ts Qc] [Kh]
BigYelloFish: bets $6
GO99APE: calls $6
*** SHOW DOWN ***
BigYelloFish: shows [Kd Ac] (two pair, Kings and Threes)
GO99APE: mucks hand
BigYelloFish collected $41.50 from pot
*** SUMMARY ***
Total pot $42 | Rake $0.50
Board [3h 3d Ts Qc Kh]
Seat 1: BigYelloFish (big blind) showed [Kd Ac] and won ($41.50) with two pair, Kings and Threes
Seat 2: GO99APE (button) (small blind) mucked


PokerStars Hand #145975542944:  Hold'em Limit ($3/$6 USD) - 2015/12/26 19:24:37 ET
Table 'Nerina II' 2-max Seat #1 is the button
Seat 1: BigYelloFish ($125.44 in chips)
Seat 2: GO99APE ($266.57 in chips)
BigYelloFish: posts small blind $1
GO99APE: posts big blind $3
*** HOLE CARDS ***
BigYelloFish: raises $3 to $6
GO99APE: folds
Uncalled bet ($3) returned to BigYelloFish
BigYelloFish collected $6 from pot
BigYelloFish: doesn't show hand
*** SUMMARY ***
Total pot $6 | Rake $0
Seat 1: BigYelloFish (button) (small blind) collected ($6)
Seat 2: GO99APE (big blind) folded before Flop


PokerStars Hand #145975547949:  Hold'em Limit ($3/$6 USD) - 2015/12/26 19:24:45 ET
Table 'Nerina II' 2-max Seat #2 is the button
Seat 1: BigYelloFish ($128.44 in chips)
Seat 2: GO99APE ($263.57 in chips)
GO99APE: posts small blind $1
BigYelloFish: posts big blind $3
*** HOLE CARDS ***
GO99APE: raises $3 to $6
BigYelloFish: calls $3
*** FLOP *** [Jh Ts 5d]
BigYelloFish: checks
GO99APE: bets $3
BigYelloFish: calls $3
*** TURN *** [Jh Ts 5d] [2s]
BigYelloFish: checks
GO99APE: checks
*** RIVER *** [Jh Ts 5d 2s] [4h]
BigYelloFish: checks
GO99APE: checks
*** SHOW DOWN ***
BigYelloFish: shows [9c 7h] (high card Jack)
GO99APE: shows [Th 7c] (a pair of Tens)
GO99APE collected $17.64 from pot
*** SUMMARY ***
Total pot $18 | Rake $0.36
Board [Jh Ts 5d 2s 4h]
Seat 1: BigYelloFish (big blind) showed [9c 7h] and lost with high card Jack
Seat 2: GO99APE (button) (small blind) showed [Th 7c] and won ($17.64) with a pair of Tens


PokerStars Hand #145975565888:  Hold'em Limit ($3/$6 USD) - 2015/12/26 19:25:11 ET
Table 'Nerina II' 2-max Seat #2 is the button
Seat 1: BigYelloFish ($125.20 in chips)
Seat 2: GO99APE ($266.21 in chips)
GO99APE: posts small blind $1
BigYelloFish: posts big blind $3
*** HOLE CARDS ***
GO99APE: folds
Uncalled bet ($2) returned to BigYelloFish
BigYelloFish collected $2 from pot
BigYelloFish: doesn't show hand
*** SUMMARY ***
Total pot $2 | Rake $0
Seat 1: BigYelloFish (big blind) collected ($2)
Seat 2: GO99APE (button) (small blind) folded before Flop


PokerStars Hand #145975557864:  Hold'em Limit ($3/$6 USD) - 2015/12/26 19:24:59 ET
Table 'Nerina II' 2-max Seat #1 is the button
Seat 1: BigYelloFish ($119.44 in chips)
Seat 2: GO99APE ($272.21 in chips)
BigYelloFish: posts small blind $1
GO99APE: posts big blind $3
*** HOLE CARDS ***
BigYelloFish: raises $3 to $6
GO99APE: calls $3
*** FLOP *** [6d 9d Qc]
GO99APE: checks
BigYelloFish: bets $3
GO99APE: folds
Uncalled bet ($3) returned to BigYelloFish
BigYelloFish collected $11.76 from pot
BigYelloFish: doesn't show hand
*** SUMMARY ***
Total pot $12 | Rake $0.24
Board [6d 9d Qc]
Seat 1: BigYelloFish (button) (small blind) collected ($11.76)
Seat 2: GO99APE (big blind) folded on the Flop


PokerStars Hand #145975518278:  Hold'em Limit ($3/$6 USD) - 2015/12/26 19:24:02 ET
Table 'Nerina II' 2-max Seat #1 is the button
Seat 1: BigYelloFish ($122.94 in chips)
Seat 2: GO99APE ($270.07 in chips)
BigYelloFish: posts small blind $1
GO99APE: posts big blind $3
*** HOLE CARDS ***
BigYelloFish: raises $3 to $6
GO99APE: calls $3
*** FLOP *** [4s Kh 3s]
GO99APE: checks
BigYelloFish: bets $3
GO99APE: raises $3 to $6
BigYelloFish: calls $3
*** TURN *** [4s Kh 3s] [2s]
GO99APE: bets $6
BigYelloFish: calls $6
*** RIVER *** [4s Kh 3s 2s] [9d]
GO99APE: bets $6
BigYelloFish: folds
Uncalled bet ($6) returned to GO99APE
GO99APE collected $35.50 from pot
GO99APE: doesn't show hand
*** SUMMARY ***
Total pot $36 | Rake $0.50
Board [4s Kh 3s 2s 9d]
Seat 1: BigYelloFish (button) (small blind) folded on the River
Seat 2: GO99APE (big blind) collected ($35.50)


PokerStars Hand #145975573256:  Hold'em Limit ($3/$6 USD) - 2015/12/26 19:25:21 ET
Table 'Nerina II' 2-max Seat #2 is the button
Seat 1: BigYelloFish ($129.20 in chips)
Seat 2: GO99APE ($262.21 in chips)
GO99APE: posts small blind $1
BigYelloFish: posts big blind $3
*** HOLE CARDS ***
GO99APE: raises $3 to $6
BigYelloFish: calls $3
*** FLOP *** [Th 6s 5h]
BigYelloFish: checks
GO99APE: checks
*** TURN *** [Th 6s 5h] [Jd]
BigYelloFish: bets $6
GO99APE: calls $6
*** RIVER *** [Th 6s 5h Jd] [Ks]
BigYelloFish: bets $6
GO99APE: raises $6 to $12
BigYelloFish: calls $6
*** SHOW DOWN ***
GO99APE: shows [6d 7c] (a pair of Sixes)
BigYelloFish: shows [3c Jh] (a pair of Jacks)
BigYelloFish collected $47.50 from pot
*** SUMMARY ***
Total pot $48 | Rake $0.50
Board [Th 6s 5h Jd Ks]
Seat 1: BigYelloFish (big blind) showed [3c Jh] and won ($47.50) with a pair of Jacks
Seat 2: GO99APE (button) (small blind) showed [6d 7c] and lost with a pair of Sixes


PokerStars Hand #145975589936:  Hold'em Limit ($3/$6 USD) - 2015/12/26 19:25:45 ET
Table 'Nerina II' 2-max Seat #2 is the button
Seat 1: BigYelloFish ($155.70 in chips)
Seat 2: GO99APE ($235.21 in chips)
GO99APE: posts small blind $1
BigYelloFish: posts big blind $3
*** HOLE CARDS ***
GO99APE: folds
Uncalled bet ($2) returned to BigYelloFish
BigYelloFish collected $2 from pot
BigYelloFish: doesn't show hand
*** SUMMARY ***
Total pot $2 | Rake $0
Seat 1: BigYelloFish (big blind) collected ($2)
Seat 2: GO99APE (button) (small blind) folded before Flop


PokerStars Hand #145975585110:  Hold'em Limit ($3/$6 USD) - 2015/12/26 19:25:38 ET
Table 'Nerina II' 2-max Seat #1 is the button
Seat 1: BigYelloFish ($152.70 in chips)
Seat 2: GO99APE ($238.21 in chips)
BigYelloFish: posts small blind $1
GO99APE: posts big blind $3
*** HOLE CARDS ***
BigYelloFish: raises $3 to $6
GO99APE: folds
Uncalled bet ($3) returned to BigYelloFish
BigYelloFish collected $6 from pot
BigYelloFish: doesn't show hand
*** SUMMARY ***
Total pot $6 | Rake $0
Seat 1: BigYelloFish (button) (small blind) collected ($6)
Seat 2: GO99APE (big blind) folded before Flop


PokerStars Hand #145975568714:  Hold'em Limit ($3/$6 USD) - 2015/12/26 19:25:15 ET
Table 'Nerina II' 2-max Seat #1 is the button
Seat 1: BigYelloFish ($126.20 in chips)
Seat 2: GO99APE ($265.21 in chips)
BigYelloFish: posts small blind $1
GO99APE: posts big blind $3
*** HOLE CARDS ***
BigYelloFish: raises $3 to $6
GO99APE: folds
Uncalled bet ($3) returned to BigYelloFish
BigYelloFish collected $6 from pot
BigYelloFish: doesn't show hand
*** SUMMARY ***
Total pot $6 | Rake $0
Seat 1: BigYelloFish (button) (small blind) collected ($6)
Seat 2: GO99APE (big blind) folded before Flop


PokerStars Hand #145975629577:  Hold'em Limit ($3/$6 USD) - 2015/12/26 19:26:42 ET
Table 'Nerina II' 2-max Seat #1 is the button
Seat 1: BigYelloFish ($132.70 in chips)
Seat 2: GO99APE ($257.35 in chips)
BigYelloFish: posts small blind $1
GO99APE: posts big blind $3
*** HOLE CARDS ***
BigYelloFish: raises $3 to $6
GO99APE: folds
Uncalled bet ($3) returned to BigYelloFish
BigYelloFish collected $6 from pot
BigYelloFish: doesn't show hand
*** SUMMARY ***
Total pot $6 | Rake $0
Seat 1: BigYelloFish (button) (small blind) collected ($6)
Seat 2: GO99APE (big blind) folded before Flop


PokerStars Hand #145975617761:  Hold'em Limit ($3/$6 USD) - 2015/12/26 19:26:25 ET
Table 'Nerina II' 2-max Seat #2 is the button
Seat 1: BigYelloFish ($147.70 in chips)
Seat 2: GO99APE ($242.85 in chips)
GO99APE: posts small blind $1
BigYelloFish: posts big blind $3
*** HOLE CARDS ***
GO99APE: raises $3 to $6
BigYelloFish: calls $3
*** FLOP *** [3d Jc Ah]
BigYelloFish: checks
GO99APE: bets $3
BigYelloFish: calls $3
*** TURN *** [3d Jc Ah] [Th]
BigYelloFish: checks
GO99APE: bets $6
BigYelloFish: calls $6
*** RIVER *** [3d Jc Ah Th] [2d]
BigYelloFish: checks
GO99APE: bets $6
BigYelloFish: folds
Uncalled bet ($6) returned to GO99APE
GO99APE collected $29.50 from pot
GO99APE: doesn't show hand
*** SUMMARY ***
Total pot $30 | Rake $0.50
Board [3d Jc Ah Th 2d]
Seat 1: BigYelloFish (big blind) folded on the River
Seat 2: GO99APE (button) (small blind) collected ($29.50)


PokerStars Hand #145975635218:  Hold'em Limit ($3/$6 USD) - 2015/12/26 19:26:50 ET
Table 'Nerina II' 2-max Seat #2 is the button
Seat 1: BigYelloFish ($135.70 in chips)
Seat 2: GO99APE ($254.35 in chips)
GO99APE: posts small blind $1
BigYelloFish: posts big blind $3
*** HOLE CARDS ***
GO99APE: raises $3 to $6
BigYelloFish: calls $3
*** FLOP *** [Td 5h Qs]
BigYelloFish: checks
GO99APE: bets $3
BigYelloFish: calls $3
*** TURN *** [Td 5h Qs] [6h]
BigYelloFish: checks
GO99APE: bets $6
BigYelloFish: folds
Uncalled bet ($6) returned to GO99APE
GO99APE collected $17.64 from pot
GO99APE: doesn't show hand
*** SUMMARY ***
Total pot $18 | Rake $0.36
Board [Td 5h Qs 6h]
Seat 1: BigYelloFish (big blind) folded on the Turn
Seat 2: GO99APE (button) (small blind) collected ($17.64)


PokerStars Hand #145975593304:  Hold'em Limit ($3/$6 USD) - 2015/12/26 19:25:50 ET
Table 'Nerina II' 2-max Seat #1 is the button
Seat 1: BigYelloFish ($156.70 in chips)
Seat 2: GO99APE ($234.21 in chips)
BigYelloFish: posts small blind $1
GO99APE: posts big blind $3
*** HOLE CARDS ***
BigYelloFish: raises $3 to $6
GO99APE: calls $3
*** FLOP *** [2d As 8s]
GO99APE: checks
BigYelloFish: bets $3
GO99APE: calls $3
*** TURN *** [2d As 8s] [4h]
GO99APE: checks
BigYelloFish: checks
*** RIVER *** [2d As 8s 4h] [7d]
GO99APE: bets $6
BigYelloFish: folds
Uncalled bet ($6) returned to GO99APE
GO99APE collected $17.64 from pot
GO99APE: doesn't show hand
*** SUMMARY ***
Total pot $18 | Rake $0.36
Board [2d As 8s 4h 7d]
Seat 1: BigYelloFish (button) (small blind) folded on the River
Seat 2: GO99APE (big blind) collected ($17.64)


PokerStars Hand #145975662823:  Hold'em Limit ($3/$6 USD) - 2015/12/26 19:27:30 ET
Table 'Nerina II' 2-max Seat #2 is the button
Seat 1: BigYelloFish ($117.70 in chips)
Seat 2: GO99APE ($271.63 in chips)
GO99APE: posts small blind $1
BigYelloFish: posts big blind $3
*** HOLE CARDS ***
GO99APE: raises $3 to $6
BigYelloFish: raises $3 to $9
GO99APE: raises $3 to $12
Betting is capped
BigYelloFish: calls $3
*** FLOP *** [2c Tc 5c]
BigYelloFish: checks
GO99APE: checks
*** TURN *** [2c Tc 5c] [7d]
BigYelloFish: bets $6
GO99APE: calls $6
*** RIVER *** [2c Tc 5c 7d] [7h]
BigYelloFish: bets $6
GO99APE: calls $6
*** SHOW DOWN ***
BigYelloFish: shows [Ks 5h] (two pair, Sevens and Fives)
GO99APE: mucks hand
BigYelloFish collected $47.50 from pot
*** SUMMARY ***
Total pot $48 | Rake $0.50
Board [2c Tc 5c 7d 7h]
Seat 1: BigYelloFish (big blind) showed [Ks 5h] and won ($47.50) with two pair, Sevens and Fives
Seat 2: GO99APE (button) (small blind) mucked


PokerStars Hand #145975676919:  Hold'em Limit ($3/$6 USD) - 2015/12/26 19:27:50 ET
Table 'Nerina II' 2-max Seat #1 is the button
Seat 1: BigYelloFish ($141.20 in chips)
Seat 2: GO99APE ($247.63 in chips)
BigYelloFish: posts small blind $1
GO99APE: posts big blind $3
*** HOLE CARDS ***
BigYelloFish: raises $3 to $6
GO99APE: folds
Uncalled bet ($3) returned to BigYelloFish
BigYelloFish collected $6 from pot
BigYelloFish: doesn't show hand
*** SUMMARY ***
Total pot $6 | Rake $0
Seat 1: BigYelloFish (button) (small blind) collected ($6)
Seat 2: GO99APE (big blind) folded before Flop


PokerStars Hand #145975682495:  Hold'em Limit ($3/$6 USD) - 2015/12/26 19:27:58 ET
Table 'Nerina II' 2-max Seat #2 is the button
Seat 1: BigYelloFish ($144.20 in chips)
Seat 2: GO99APE ($244.63 in chips)
GO99APE: posts small blind $1
BigYelloFish: posts big blind $3
*** HOLE CARDS ***
GO99APE: raises $3 to $6
BigYelloFish: folds
Uncalled bet ($3) returned to GO99APE
GO99APE collected $6 from pot
GO99APE: doesn't show hand
*** SUMMARY ***
Total pot $6 | Rake $0
Seat 1: BigYelloFish (big blind) folded before Flop
Seat 2: GO99APE (button) (small blind) collected ($6)


PokerStars Hand #145975648706:  Hold'em Limit ($3/$6 USD) - 2015/12/26 19:27:09 ET
Table 'Nerina II' 2-max Seat #1 is the button
Seat 1: BigYelloFish ($126.70 in chips)
Seat 2: GO99APE ($262.99 in chips)
BigYelloFish: posts small blind $1
GO99APE: posts big blind $3
*** HOLE CARDS ***
BigYelloFish: raises $3 to $6
GO99APE: calls $3
*** FLOP *** [Jc Kc Qc]
GO99APE: checks
BigYelloFish: bets $3
GO99APE: calls $3
*** TURN *** [Jc Kc Qc] [5h]
GO99APE: checks
BigYelloFish: checks
*** RIVER *** [Jc Kc Qc 5h] [Jh]
GO99APE: checks
BigYelloFish: checks
*** SHOW DOWN ***
GO99APE: shows [Qh 9h] (two pair, Queens and Jacks)
BigYelloFish: mucks hand
GO99APE collected $17.64 from pot
*** SUMMARY ***
Total pot $18 | Rake $0.36
Board [Jc Kc Qc 5h Jh]
Seat 1: BigYelloFish (button) (small blind) mucked
Seat 2: GO99APE (big blind) showed [Qh 9h] and won ($17.64) with two pair, Queens and Jacks


PokerStars Hand #145975686931:  Hold'em Limit ($3/$6 USD) - 2015/12/26 19:28:05 ET
Table 'Nerina II' 2-max Seat #1 is the button
Seat 1: BigYelloFish ($141.20 in chips)
Seat 2: GO99APE ($247.63 in chips)
BigYelloFish: posts small blind $1
GO99APE: posts big blind $3
*** HOLE CARDS ***
BigYelloFish: raises $3 to $6
GO99APE: folds
Uncalled bet ($3) returned to BigYelloFish
BigYelloFish collected $6 from pot
BigYelloFish: doesn't show hand
*** SUMMARY ***
Total pot $6 | Rake $0
Seat 1: BigYelloFish (button) (small blind) collected ($6)
Seat 2: GO99APE (big blind) folded before Flop


PokerStars Hand #145975715257:  Hold'em Limit ($3/$6 USD) - 2015/12/26 19:28:45 ET
Table 'Nerina II' 2-max Seat #1 is the button
Seat 1: BigYelloFish ($155.72 in chips)
Seat 2: GO99APE ($232.63 in chips)
BigYelloFish: posts small blind $1
GO99APE: posts big blind $3
*** HOLE CARDS ***
BigYelloFish: raises $3 to $6
GO99APE: folds
Uncalled bet ($3) returned to BigYelloFish
BigYelloFish collected $6 from pot
BigYelloFish: doesn't show hand
*** SUMMARY ***
Total pot $6 | Rake $0
Seat 1: BigYelloFish (button) (small blind) collected ($6)
Seat 2: GO99APE (big blind) folded before Flop


PokerStars Hand #145975697123:  Hold'em Limit ($3/$6 USD) - 2015/12/26 19:28:19 ET
Table 'Nerina II' 2-max Seat #2 is the button
Seat 1: BigYelloFish ($144.20 in chips)
Seat 2: GO99APE ($244.63 in chips)
GO99APE: posts small blind $1
BigYelloFish: posts big blind $3
*** HOLE CARDS ***
GO99APE: raises $3 to $6
BigYelloFish: raises $3 to $9
GO99APE: calls $3
*** FLOP *** [3d 2c 5d]
BigYelloFish: bets $3
GO99APE: calls $3
*** TURN *** [3d 2c 5d] [Th]
BigYelloFish: checks
GO99APE: checks
*** RIVER *** [3d 2c 5d Th] [7c]
BigYelloFish: checks
GO99APE: checks
*** SHOW DOWN ***
BigYelloFish: shows [9s Qh] (high card Queen)
GO99APE: mucks hand
BigYelloFish collected $23.52 from pot
*** SUMMARY ***
Total pot $24 | Rake $0.48
Board [3d 2c 5d Th 7c]
Seat 1: BigYelloFish (big blind) showed [9s Qh] and won ($23.52) with high card Queen
Seat 2: GO99APE (button) (small blind) mucked


PokerStars Hand #145975718790:  Hold'em Limit ($3/$6 USD) - 2015/12/26 19:28:50 ET
Table 'Nerina II' 2-max Seat #2 is the button
Seat 1: BigYelloFish ($158.72 in chips)
Seat 2: GO99APE ($229.63 in chips)
GO99APE: posts small blind $1
BigYelloFish: posts big blind $3
*** HOLE CARDS ***
GO99APE: raises $3 to $6
BigYelloFish: calls $3
*** FLOP *** [2h Jc 7c]
BigYelloFish: checks
GO99APE: checks
*** TURN *** [2h Jc 7c] [4s]
BigYelloFish: bets $6
GO99APE: folds
Uncalled bet ($6) returned to BigYelloFish
BigYelloFish collected $11.76 from pot
BigYelloFish: doesn't show hand
*** SUMMARY ***
Total pot $12 | Rake $0.24
Board [2h Jc 7c 4s]
Seat 1: BigYelloFish (big blind) collected ($11.76)
Seat 2: GO99APE (button) (small blind) folded on the Turn


PokerStars Hand #145975729333:  Hold'em Limit ($3/$6 USD) - 2015/12/26 19:29:05 ET
Table 'Nerina II' 2-max Seat #2 is the button
Seat 1: BigYelloFish ($167.48 in chips)
Seat 2: GO99APE ($220.63 in chips)
GO99APE: posts small blind $1
BigYelloFish: posts big blind $3
*** HOLE CARDS ***
GO99APE: folds
Uncalled bet ($2) returned to BigYelloFish
BigYelloFish collected $2 from pot
BigYelloFish: doesn't show hand
*** SUMMARY ***
Total pot $2 | Rake $0
Seat 1: BigYelloFish (big blind) collected ($2)
Seat 2: GO99APE (button) (small blind) folded before Flop


PokerStars Hand #145975725371:  Hold'em Limit ($3/$6 USD) - 2015/12/26 19:29:00 ET
Table 'Nerina II' 2-max Seat #1 is the button
Seat 1: BigYelloFish ($164.48 in chips)
Seat 2: GO99APE ($223.63 in chips)
BigYelloFish: posts small blind $1
GO99APE: posts big blind $3
*** HOLE CARDS ***
BigYelloFish: raises $3 to $6
GO99APE: folds
Uncalled bet ($3) returned to BigYelloFish
BigYelloFish collected $6 from pot
BigYelloFish: doesn't show hand
*** SUMMARY ***
Total pot $6 | Rake $0
Seat 1: BigYelloFish (button) (small blind) collected ($6)
Seat 2: GO99APE (big blind) folded before Flop


PokerStars Hand #145975775609:  Hold'em Limit ($3/$6 USD) - 2015/12/26 19:30:12 ET
Table 'Nerina II' 2-max Seat #1 is the button
Seat 1: BigYelloFish ($79.48 in chips)
Seat 2: GO99APE ($306.39 in chips)
BigYelloFish: posts small blind $1
GO99APE: posts big blind $3
*** HOLE CARDS ***
BigYelloFish: raises $3 to $6
GO99APE: calls $3
*** FLOP *** [Qc Ad 5d]
GO99APE: checks
BigYelloFish: bets $3
GO99APE: folds
Uncalled bet ($3) returned to BigYelloFish
BigYelloFish collected $11.76 from pot
BigYelloFish: doesn't show hand
*** SUMMARY ***
Total pot $12 | Rake $0.24
Board [Qc Ad 5d]
Seat 1: BigYelloFish (button) (small blind) collected ($11.76)
Seat 2: GO99APE (big blind) folded on the Flop


PokerStars Hand #145975732599:  Hold'em Limit ($3/$6 USD) - 2015/12/26 19:29:10 ET
Table 'Nerina II' 2-max Seat #1 is the button
Seat 1: BigYelloFish ($168.48 in chips)
Seat 2: GO99APE ($219.63 in chips)
BigYelloFish: posts small blind $1
GO99APE: posts big blind $3
*** HOLE CARDS ***
BigYelloFish: raises $3 to $6
GO99APE: raises $3 to $9
BigYelloFish: calls $3
*** FLOP *** [5d 5h 8s]
GO99APE: bets $3
BigYelloFish: calls $3
*** TURN *** [5d 5h 8s] [As]
GO99APE: bets $6
BigYelloFish: calls $6
*** RIVER *** [5d 5h 8s As] [Qs]
GO99APE: bets $6
BigYelloFish: calls $6
*** SHOW DOWN ***
GO99APE: shows [Qh 9h] (two pair, Queens and Fives)
BigYelloFish: mucks hand
GO99APE collected $47.50 from pot
*** SUMMARY ***
Total pot $48 | Rake $0.50
Board [5d 5h 8s As Qs]
Seat 1: BigYelloFish (button) (small blind) mucked
Seat 2: GO99APE (big blind) showed [Qh 9h] and won ($47.50) with two pair, Queens and Fives


PokerStars Hand #145975771019:  Hold'em Limit ($3/$6 USD) - 2015/12/26 19:30:05 ET
Table 'Nerina II' 2-max Seat #2 is the button
Seat 1: BigYelloFish ($85.48 in chips)
Seat 2: GO99APE ($300.63 in chips)
GO99APE: posts small blind $1
BigYelloFish: posts big blind $3
*** HOLE CARDS ***
GO99APE: raises $3 to $6
BigYelloFish: calls $3
*** FLOP *** [7s Kd As]
BigYelloFish: checks
GO99APE: bets $3
BigYelloFish: folds
Uncalled bet ($3) returned to GO99APE
GO99APE collected $11.76 from pot
GO99APE: doesn't show hand
*** SUMMARY ***
Total pot $12 | Rake $0.24
Board [7s Kd As]
Seat 1: BigYelloFish (big blind) folded on the Flop
Seat 2: GO99APE (button) (small blind) collected ($11.76)


PokerStars Hand #145975763058:  Hold'em Limit ($3/$6 USD) - 2015/12/26 19:29:54 ET
Table 'Nerina II' 2-max Seat #1 is the button
Seat 1: BigYelloFish ($106.48 in chips)
Seat 2: GO99APE ($280.13 in chips)
BigYelloFish: posts small blind $1
GO99APE: posts big blind $3
*** HOLE CARDS ***
BigYelloFish: raises $3 to $6
GO99APE: calls $3
*** FLOP *** [Qs As 8s]
GO99APE: bets $3
BigYelloFish: calls $3
*** TURN *** [Qs As 8s] [6s]
GO99APE: bets $6
BigYelloFish: calls $6
*** RIVER *** [Qs As 8s 6s] [6c]
GO99APE: bets $6
BigYelloFish: calls $6
*** SHOW DOWN ***
GO99APE: shows [Js Qh] (a flush, Ace high)
BigYelloFish: mucks hand
GO99APE collected $41.50 from pot
*** SUMMARY ***
Total pot $42 | Rake $0.50
Board [Qs As 8s 6s 6c]
Seat 1: BigYelloFish (button) (small blind) mucked
Seat 2: GO99APE (big blind) showed [Js Qh] and won ($41.50) with a flush, Ace high


PokerStars Hand #145975759419:  Hold'em Limit ($3/$6 USD) - 2015/12/26 19:29:48 ET
Table 'Nerina II' 2-max Seat #2 is the button
Seat 1: BigYelloFish ($105.48 in chips)
Seat 2: GO99APE ($281.13 in chips)
GO99APE: posts small blind $1
BigYelloFish: posts big blind $3
*** HOLE CARDS ***
GO99APE: folds
Uncalled bet ($2) returned to BigYelloFish
BigYelloFish collected $2 from pot
BigYelloFish: doesn't show hand
*** SUMMARY ***
Total pot $2 | Rake $0
Seat 1: BigYelloFish (big blind) collected ($2)
Seat 2: GO99APE (button) (small blind) folded before Flop


PokerStars Hand #145975751559:  Hold'em Limit ($3/$6 USD) - 2015/12/26 19:29:37 ET
Table 'Nerina II' 2-max Seat #1 is the button
Seat 1: BigYelloFish ($129.48 in chips)
Seat 2: GO99APE ($257.63 in chips)
BigYelloFish: posts small blind $1
GO99APE: posts big blind $3
*** HOLE CARDS ***
BigYelloFish: raises $3 to $6
GO99APE: raises $3 to $9
BigYelloFish: calls $3
*** FLOP *** [Td Kd Jc]
GO99APE: bets $3
BigYelloFish: calls $3
*** TURN *** [Td Kd Jc] [8s]
GO99APE: bets $6
BigYelloFish: calls $6
*** RIVER *** [Td Kd Jc 8s] [7h]
GO99APE: bets $6
BigYelloFish: calls $6
*** SHOW DOWN ***
GO99APE: shows [9c Ks] (a straight, Seven to Jack)
BigYelloFish: mucks hand
GO99APE collected $47.50 from pot
*** SUMMARY ***
Total pot $48 | Rake $0.50
Board [Td Kd Jc 8s 7h]
Seat 1: BigYelloFish (button) (small blind) mucked
Seat 2: GO99APE (big blind) showed [9c Ks] and won ($47.50) with a straight, Seven to Jack


PokerStars Hand #145975742794:  Hold'em Limit ($3/$6 USD) - 2015/12/26 19:29:25 ET
Table 'Nerina II' 2-max Seat #2 is the button
Seat 1: BigYelloFish ($144.48 in chips)
Seat 2: GO99APE ($243.13 in chips)
GO99APE: posts small blind $1
BigYelloFish: posts big blind $3
*** HOLE CARDS ***
GO99APE: raises $3 to $6
BigYelloFish: calls $3
*** FLOP *** [9h Kd Qh]
BigYelloFish: checks
GO99APE: bets $3
BigYelloFish: calls $3
*** TURN *** [9h Kd Qh] [As]
BigYelloFish: checks
GO99APE: bets $6
BigYelloFish: calls $6
*** RIVER *** [9h Kd Qh As] [5c]
BigYelloFish: checks
GO99APE: bets $6
BigYelloFish: folds
Uncalled bet ($6) returned to GO99APE
GO99APE collected $29.50 from pot
GO99APE: doesn't show hand
*** SUMMARY ***
Total pot $30 | Rake $0.50
Board [9h Kd Qh As 5c]
Seat 1: BigYelloFish (big blind) folded on the River
Seat 2: GO99APE (button) (small blind) collected ($29.50)


PokerStars Hand #145975811986:  Hold'em Limit ($3/$6 USD) - 2015/12/26 19:31:04 ET
Table 'Nerina II' 2-max Seat #2 is the button
Seat 1: BigYelloFish ($94.26 in chips)
Seat 2: GO99APE ($289.89 in chips)
GO99APE: posts small blind $1
BigYelloFish: posts big blind $3
*** HOLE CARDS ***
GO99APE: folds
Uncalled bet ($2) returned to BigYelloFish
BigYelloFish collected $2 from pot
BigYelloFish: doesn't show hand
*** SUMMARY ***
Total pot $2 | Rake $0
Seat 1: BigYelloFish (big blind) collected ($2)
Seat 2: GO99APE (button) (small blind) folded before Flop


PokerStars Hand #145975803409:  Hold'em Limit ($3/$6 USD) - 2015/12/26 19:30:52 ET
Table 'Nerina II' 2-max Seat #1 is the button
Seat 1: BigYelloFish ($112.26 in chips)
Seat 2: GO99APE ($272.39 in chips)
BigYelloFish: posts small blind $1
GO99APE: posts big blind $3
*** HOLE CARDS ***
BigYelloFish: raises $3 to $6
GO99APE: raises $3 to $9
BigYelloFish: calls $3
*** FLOP *** [As Th 2s]
GO99APE: bets $3
BigYelloFish: calls $3
*** TURN *** [As Th 2s] [Qh]
GO99APE: bets $6
BigYelloFish: calls $6
*** RIVER *** [As Th 2s Qh] [Qc]
GO99APE: bets $6
BigYelloFish: folds
Uncalled bet ($6) returned to GO99APE
GO99APE collected $35.50 from pot
GO99APE: doesn't show hand
*** SUMMARY ***
Total pot $36 | Rake $0.50
Board [As Th 2s Qh Qc]
Seat 1: BigYelloFish (button) (small blind) folded on the River
Seat 2: GO99APE (big blind) collected ($35.50)


PokerStars Hand #145975800372:  Hold'em Limit ($3/$6 USD) - 2015/12/26 19:30:47 ET
Table 'Nerina II' 2-max Seat #2 is the button
Seat 1: BigYelloFish ($111.26 in chips)
Seat 2: GO99APE ($273.39 in chips)
GO99APE: posts small blind $1
BigYelloFish: posts big blind $3
*** HOLE CARDS ***
GO99APE: folds
Uncalled bet ($2) returned to BigYelloFish
BigYelloFish collected $2 from pot
BigYelloFish: doesn't show hand
*** SUMMARY ***
Total pot $2 | Rake $0
Seat 1: BigYelloFish (big blind) collected ($2)
Seat 2: GO99APE (button) (small blind) folded before Flop


PokerStars Hand #145975789578:  Hold'em Limit ($3/$6 USD) - 2015/12/26 19:30:32 ET
Table 'Nerina II' 2-max Seat #1 is the button
Seat 1: BigYelloFish ($96.76 in chips)
Seat 2: GO99APE ($288.39 in chips)
BigYelloFish: posts small blind $1
GO99APE: posts big blind $3
*** HOLE CARDS ***
BigYelloFish: raises $3 to $6
GO99APE: calls $3
*** FLOP *** [Ts 3s Ks]
GO99APE: checks
BigYelloFish: bets $3
GO99APE: calls $3
*** TURN *** [Ts 3s Ks] [9c]
GO99APE: checks
BigYelloFish: bets $6
GO99APE: calls $6
*** RIVER *** [Ts 3s Ks 9c] [5c]
GO99APE: checks
BigYelloFish: bets $6
GO99APE: folds
Uncalled bet ($6) returned to BigYelloFish
BigYelloFish collected $29.50 from pot
BigYelloFish: doesn't show hand
*** SUMMARY ***
Total pot $30 | Rake $0.50
Board [Ts 3s Ks 9c 5c]
Seat 1: BigYelloFish (button) (small blind) collected ($29.50)
Seat 2: GO99APE (big blind) folded on the River


PokerStars Hand #145975781663:  Hold'em Limit ($3/$6 USD) - 2015/12/26 19:30:20 ET
Table 'Nerina II' 2-max Seat #2 is the button
Seat 1: BigYelloFish ($85.24 in chips)
Seat 2: GO99APE ($300.39 in chips)
GO99APE: posts small blind $1
BigYelloFish: posts big blind $3
*** HOLE CARDS ***
GO99APE: raises $3 to $6
BigYelloFish: raises $3 to $9
GO99APE: calls $3
*** FLOP *** [7c 9s 4s]
BigYelloFish: bets $3
GO99APE: calls $3
*** TURN *** [7c 9s 4s] [7s]
BigYelloFish: bets $6
GO99APE: folds
Uncalled bet ($6) returned to BigYelloFish
BigYelloFish collected $23.52 from pot
BigYelloFish: doesn't show hand
*** SUMMARY ***
Total pot $24 | Rake $0.48
Board [7c 9s 4s 7s]
Seat 1: BigYelloFish (big blind) collected ($23.52)
Seat 2: GO99APE (button) (small blind) folded on the Turn


PokerStars Hand #145975818792:  Hold'em Limit ($3/$6 USD) - 2015/12/26 19:31:14 ET
Table 'Nerina II' 2-max Seat #2 is the button
Seat 1: BigYelloFish ($98.26 in chips)
Seat 2: GO99APE ($285.89 in chips)
GO99APE: posts small blind $1
BigYelloFish: posts big blind $3
*** HOLE CARDS ***
GO99APE: raises $3 to $6
BigYelloFish: folds
Uncalled bet ($3) returned to GO99APE
GO99APE collected $6 from pot
GO99APE: doesn't show hand
*** SUMMARY ***
Total pot $6 | Rake $0
Seat 1: BigYelloFish (big blind) folded before Flop
Seat 2: GO99APE (button) (small blind) collected ($6)


PokerStars Hand #145975815591:  Hold'em Limit ($3/$6 USD) - 2015/12/26 19:31:09 ET
Table 'Nerina II' 2-max Seat #1 is the button
Seat 1: BigYelloFish ($95.26 in chips)
Seat 2: GO99APE ($288.89 in chips)
BigYelloFish: posts small blind $1
GO99APE: posts big blind $3
*** HOLE CARDS ***
BigYelloFish: raises $3 to $6
GO99APE: folds
Uncalled bet ($3) returned to BigYelloFish
BigYelloFish collected $6 from pot
BigYelloFish: doesn't show hand
*** SUMMARY ***
Total pot $6 | Rake $0
Seat 1: BigYelloFish (button) (small blind) collected ($6)
Seat 2: GO99APE (big blind) folded before Flop


PokerStars Hand #145975847181:  Hold'em Limit ($3/$6 USD) - 2015/12/26 19:31:55 ET
Table 'Nerina II' 2-max Seat #2 is the button
Seat 1: BigYelloFish ($59.02 in chips)
Seat 2: GO99APE ($323.89 in chips)
GO99APE: posts small blind $1
BigYelloFish: posts big blind $3
*** HOLE CARDS ***
GO99APE: raises $3 to $6
BigYelloFish: calls $3
*** FLOP *** [2c 5d 2d]
BigYelloFish: checks
GO99APE: bets $3
BigYelloFish: calls $3
*** TURN *** [2c 5d 2d] [Ac]
BigYelloFish: checks
GO99APE: bets $6
BigYelloFish: folds
Uncalled bet ($6) returned to GO99APE
GO99APE collected $17.64 from pot
GO99APE: doesn't show hand
*** SUMMARY ***
Total pot $18 | Rake $0.36
Board [2c 5d 2d Ac]
Seat 1: BigYelloFish (big blind) folded on the Turn
Seat 2: GO99APE (button) (small blind) collected ($17.64)


PokerStars Hand #145975841849:  Hold'em Limit ($3/$6 USD) - 2015/12/26 19:31:47 ET
Table 'Nerina II' 2-max Seat #1 is the button
Seat 1: BigYelloFish ($53.26 in chips)
Seat 2: GO99APE ($329.89 in chips)
BigYelloFish: posts small blind $1
GO99APE: posts big blind $3
*** HOLE CARDS ***
BigYelloFish: raises $3 to $6
GO99APE: calls $3
*** FLOP *** [Ac 6h Td]
GO99APE: checks
BigYelloFish: bets $3
GO99APE: folds
Uncalled bet ($3) returned to BigYelloFish
BigYelloFish collected $11.76 from pot
BigYelloFish: doesn't show hand
*** SUMMARY ***
Total pot $12 | Rake $0.24
Board [Ac 6h Td]
Seat 1: BigYelloFish (button) (small blind) collected ($11.76)
Seat 2: GO99APE (big blind) folded on the Flop


PokerStars Hand #145975832343:  Hold'em Limit ($3/$6 USD) - 2015/12/26 19:31:34 ET
Table 'Nerina II' 2-max Seat #2 is the button
Seat 1: BigYelloFish ($80.26 in chips)
Seat 2: GO99APE ($303.39 in chips)
GO99APE: posts small blind $1
BigYelloFish: posts big blind $3
*** HOLE CARDS ***
GO99APE: raises $3 to $6
BigYelloFish: raises $3 to $9
GO99APE: calls $3
*** FLOP *** [Ah Tc Ad]
BigYelloFish: bets $3
GO99APE: raises $3 to $6
BigYelloFish: calls $3
*** TURN *** [Ah Tc Ad] [8s]
BigYelloFish: checks
GO99APE: bets $6
BigYelloFish: calls $6
*** RIVER *** [Ah Tc Ad 8s] [2h]
BigYelloFish: checks
GO99APE: bets $6
BigYelloFish: calls $6
*** SHOW DOWN ***
GO99APE: shows [Ac Th] (a full house, Aces full of Tens)
BigYelloFish: mucks hand
GO99APE collected $53.50 from pot
*** SUMMARY ***
Total pot $54 | Rake $0.50
Board [Ah Tc Ad 8s 2h]
Seat 1: BigYelloFish (big blind) mucked
Seat 2: GO99APE (button) (small blind) showed [Ac Th] and won ($53.50) with a full house, Aces full of Tens


PokerStars Hand #145975821946:  Hold'em Limit ($3/$6 USD) - 2015/12/26 19:31:18 ET
Table 'Nerina II' 2-max Seat #1 is the button
Seat 1: BigYelloFish ($95.26 in chips)
Seat 2: GO99APE ($288.89 in chips)
BigYelloFish: posts small blind $1
GO99APE: posts big blind $3
*** HOLE CARDS ***
BigYelloFish: raises $3 to $6
GO99APE: calls $3
*** FLOP *** [7c 4h 3d]
GO99APE: checks
BigYelloFish: bets $3
GO99APE: calls $3
*** TURN *** [7c 4h 3d] [Ts]
GO99APE: checks
BigYelloFish: checks
*** RIVER *** [7c 4h 3d Ts] [Tc]
GO99APE: bets $6
BigYelloFish: calls $6
*** SHOW DOWN ***
GO99APE: shows [7h 5d] (two pair, Tens and Sevens)
BigYelloFish: mucks hand
GO99APE collected $29.50 from pot
*** SUMMARY ***
Total pot $30 | Rake $0.50
Board [7c 4h 3d Ts Tc]
Seat 1: BigYelloFish (button) (small blind) mucked
Seat 2: GO99APE (big blind) showed [7h 5d] and won ($29.50) with two pair, Tens and Sevens


PokerStars Hand #145975860138:  Hold'em Limit ($3/$6 USD) - 2015/12/26 19:32:14 ET
Table 'Nerina II' 2-max Seat #2 is the button
Seat 1: BigYelloFish ($38.02 in chips)
Seat 2: GO99APE ($344.05 in chips)
GO99APE: posts small blind $1
BigYelloFish: posts big blind $3
*** HOLE CARDS ***
GO99APE: folds
Uncalled bet ($2) returned to BigYelloFish
BigYelloFish collected $2 from pot
BigYelloFish: doesn't show hand
*** SUMMARY ***
Total pot $2 | Rake $0
Seat 1: BigYelloFish (big blind) collected ($2)
Seat 2: GO99APE (button) (small blind) folded before Flop


PokerStars Hand #145975853598:  Hold'em Limit ($3/$6 USD) - 2015/12/26 19:32:04 ET
Table 'Nerina II' 2-max Seat #1 is the button
Seat 1: BigYelloFish ($50.02 in chips)
Seat 2: GO99APE ($332.53 in chips)
BigYelloFish: posts small blind $1
GO99APE: posts big blind $3
*** HOLE CARDS ***
BigYelloFish: raises $3 to $6
GO99APE: raises $3 to $9
BigYelloFish: calls $3
*** FLOP *** [Ad 3c Jd]
GO99APE: bets $3
BigYelloFish: calls $3
*** TURN *** [Ad 3c Jd] [3d]
GO99APE: bets $6
BigYelloFish: folds
Uncalled bet ($6) returned to GO99APE
GO99APE collected $23.52 from pot
GO99APE: doesn't show hand
*** SUMMARY ***
Total pot $24 | Rake $0.48
Board [Ad 3c Jd 3d]
Seat 1: BigYelloFish (button) (small blind) folded on the Turn
Seat 2: GO99APE (big blind) collected ($23.52)


PokerStars Hand #145975891512:  Hold'em Limit ($3/$6 USD) - 2015/12/26 19:32:59 ET
Table 'Nerina II' 2-max Seat #2 is the button
Seat 1: BigYelloFish ($60.02 in chips)
Seat 2: GO99APE ($380.47 in chips)
GO99APE: posts small blind $1
BigYelloFish: posts big blind $3
*** HOLE CARDS ***
GO99APE: raises $3 to $6
BigYelloFish: calls $3
*** FLOP *** [Jc Js 2s]
BigYelloFish: checks
GO99APE: checks
*** TURN *** [Jc Js 2s] [8c]
BigYelloFish: checks
GO99APE: checks
*** RIVER *** [Jc Js 2s 8c] [Kh]
BigYelloFish: checks
GO99APE: bets $6
BigYelloFish: calls $6
*** SHOW DOWN ***
GO99APE: shows [7c Qh] (a pair of Jacks)
BigYelloFish: shows [3s Ad] (a pair of Jacks - Ace kicker)
BigYelloFish collected $23.52 from pot
*** SUMMARY ***
Total pot $24 | Rake $0.48
Board [Jc Js 2s 8c Kh]
Seat 1: BigYelloFish (big blind) showed [3s Ad] and won ($23.52) with a pair of Jacks
Seat 2: GO99APE (button) (small blind) showed [7c Qh] and lost with a pair of Jacks


PokerStars Hand #145975886337:  Hold'em Limit ($3/$6 USD) - 2015/12/26 19:32:52 ET
Table 'Nerina II' 2-max Seat #1 is the button
Seat 1: BigYelloFish ($69.02 in chips)
Seat 2: GO99APE ($371.83 in chips)
BigYelloFish: posts small blind $1
GO99APE: posts big blind $3
*** HOLE CARDS ***
BigYelloFish: raises $3 to $6
GO99APE: raises $3 to $9
BigYelloFish: calls $3
*** FLOP *** [Td Ad 5h]
GO99APE: bets $3
BigYelloFish: folds
Uncalled bet ($3) returned to GO99APE
GO99APE collected $17.64 from pot
GO99APE: doesn't show hand
*** SUMMARY ***
Total pot $18 | Rake $0.36
Board [Td Ad 5h]
Seat 1: BigYelloFish (button) (small blind) folded on the Flop
Seat 2: GO99APE (big blind) collected ($17.64)


PokerStars Hand #145975878597:  Hold'em Limit ($3/$6 USD) - 2015/12/26 19:32:40 ET
Table 'Nerina II' 2-max Seat #2 is the button
Seat 1: BigYelloFish ($84.02 in chips)
Seat 2: GO99APE ($357.33 in chips)
GO99APE: posts small blind $1
BigYelloFish: posts big blind $3
*** HOLE CARDS ***
GO99APE: raises $3 to $6
BigYelloFish: calls $3
*** FLOP *** [Js 2s Ac]
BigYelloFish: checks
GO99APE: bets $3
BigYelloFish: calls $3
*** TURN *** [Js 2s Ac] [4s]
BigYelloFish: checks
GO99APE: bets $6
BigYelloFish: calls $6
*** RIVER *** [Js 2s Ac 4s] [9s]
BigYelloFish: checks
GO99APE: bets $6
BigYelloFish: folds
Uncalled bet ($6) returned to GO99APE
GO99APE collected $29.50 from pot
GO99APE: doesn't show hand
*** SUMMARY ***
Total pot $30 | Rake $0.50
Board [Js 2s Ac 4s 9s]
Seat 1: BigYelloFish (big blind) folded on the River
Seat 2: GO99APE (button) (small blind) collected ($29.50)


PokerStars Hand #145975875099:  Hold'em Limit ($3/$6 USD) - 2015/12/26 19:32:35 ET
Table 'Nerina II' 2-max Seat #1 is the button
Seat 1: BigYelloFish ($81.02 in chips)
Seat 2: GO99APE ($360.33 in chips)
BigYelloFish: posts small blind $1
GO99APE: posts big blind $3
*** HOLE CARDS ***
BigYelloFish: raises $3 to $6
GO99APE: folds
Uncalled bet ($3) returned to BigYelloFish
BigYelloFish collected $6 from pot
BigYelloFish: doesn't show hand
*** SUMMARY ***
Total pot $6 | Rake $0
Seat 1: BigYelloFish (button) (small blind) collected ($6)
Seat 2: GO99APE (big blind) folded before Flop


PokerStars Hand #145975869968:  Hold'em Limit ($3/$6 USD) - 2015/12/26 19:32:28 ET
Table 'Nerina II' 2-max Seat #2 is the button
Seat 1: BigYelloFish ($87.02 in chips)
Seat 2: GO99APE ($354.57 in chips)
GO99APE: posts small blind $1
BigYelloFish: posts big blind $3
*** HOLE CARDS ***
GO99APE: raises $3 to $6
BigYelloFish: calls $3
*** FLOP *** [Ts Ad Ac]
BigYelloFish: checks
GO99APE: bets $3
BigYelloFish: folds
Uncalled bet ($3) returned to GO99APE
GO99APE collected $11.76 from pot
GO99APE: doesn't show hand
*** SUMMARY ***
Total pot $12 | Rake $0.24
Board [Ts Ad Ac]
Seat 1: BigYelloFish (big blind) folded on the Flop
Seat 2: GO99APE (button) (small blind) collected ($11.76)


PokerStars Hand #145975863158:  Hold'em Limit ($3/$6 USD) - 2015/12/26 19:32:18 ET
Table 'Nerina II' 2-max Seat #1 is the button
Seat 1: BigYelloFish ($99.02 in chips)
Seat 2: GO99APE ($343.05 in chips)
BigYelloFish: posts small blind $1
GO99APE: posts big blind $3
*** HOLE CARDS ***
BigYelloFish: raises $3 to $6
GO99APE: raises $3 to $9
BigYelloFish: calls $3
*** FLOP *** [6c Qh 3s]
GO99APE: bets $3
BigYelloFish: calls $3
*** TURN *** [6c Qh 3s] [Jd]
GO99APE: bets $6
BigYelloFish: folds
Uncalled bet ($6) returned to GO99APE
GO99APE collected $23.52 from pot
GO99APE: doesn't show hand
*** SUMMARY ***
Total pot $24 | Rake $0.48
Board [6c Qh 3s Jd]
Seat 1: BigYelloFish (button) (small blind) folded on the Turn
Seat 2: GO99APE (big blind) collected ($23.52)


PokerStars Hand #145975928511:  Hold'em Limit ($3/$6 USD) - 2015/12/26 19:33:53 ET
Table 'Nerina II' 2-max Seat #1 is the button
Seat 1: BigYelloFish ($71.68 in chips)
Seat 2: GO99APE ($366.97 in chips)
BigYelloFish: posts small blind $1
GO99APE: posts big blind $3
*** HOLE CARDS ***
BigYelloFish: raises $3 to $6
GO99APE: calls $3
*** FLOP *** [2d Tc Ac]
GO99APE: checks
BigYelloFish: bets $3
GO99APE: raises $3 to $6
BigYelloFish: calls $3
*** TURN *** [2d Tc Ac] [Ks]
GO99APE: bets $6
BigYelloFish: calls $6
*** RIVER *** [2d Tc Ac Ks] [9h]
GO99APE: bets $6
BigYelloFish: calls $6
*** SHOW DOWN ***
GO99APE: shows [3s Qd] (high card Ace)
BigYelloFish: shows [Td 4d] (a pair of Tens)
BigYelloFish collected $47.50 from pot
*** SUMMARY ***
Total pot $48 | Rake $0.50
Board [2d Tc Ac Ks 9h]
Seat 1: BigYelloFish (button) (small blind) showed [Td 4d] and won ($47.50) with a pair of Tens
Seat 2: GO99APE (big blind) showed [3s Qd] and lost with high card Ace


PokerStars Hand #145975925490:  Hold'em Limit ($3/$6 USD) - 2015/12/26 19:33:49 ET
Table 'Nerina II' 2-max Seat #2 is the button
Seat 1: BigYelloFish ($70.68 in chips)
Seat 2: GO99APE ($367.97 in chips)
GO99APE: posts small blind $1
BigYelloFish: posts big blind $3
*** HOLE CARDS ***
GO99APE: folds
Uncalled bet ($2) returned to BigYelloFish
BigYelloFish collected $2 from pot
BigYelloFish: doesn't show hand
*** SUMMARY ***
Total pot $2 | Rake $0
Seat 1: BigYelloFish (big blind) collected ($2)
Seat 2: GO99APE (button) (small blind) folded before Flop


PokerStars Hand #145975916302:  Hold'em Limit ($3/$6 USD) - 2015/12/26 19:33:35 ET
Table 'Nerina II' 2-max Seat #1 is the button
Seat 1: BigYelloFish ($56.18 in chips)
Seat 2: GO99APE ($382.97 in chips)
BigYelloFish: posts small blind $1
GO99APE: posts big blind $3
*** HOLE CARDS ***
BigYelloFish: raises $3 to $6
GO99APE: calls $3
*** FLOP *** [Qd Ks 5d]
GO99APE: checks
BigYelloFish: bets $3
GO99APE: calls $3
*** TURN *** [Qd Ks 5d] [9h]
GO99APE: checks
BigYelloFish: checks
*** RIVER *** [Qd Ks 5d 9h] [Th]
GO99APE: checks
BigYelloFish: bets $6
GO99APE: calls $6
*** SHOW DOWN ***
BigYelloFish: shows [Ac Tc] (a pair of Tens)
GO99APE: mucks hand
BigYelloFish collected $29.50 from pot
*** SUMMARY ***
Total pot $30 | Rake $0.50
Board [Qd Ks 5d 9h Th]
Seat 1: BigYelloFish (button) (small blind) showed [Ac Tc] and won ($29.50) with a pair of Tens
Seat 2: GO99APE (big blind) mucked


PokerStars Hand #145975907871:  Hold'em Limit ($3/$6 USD) - 2015/12/26 19:33:23 ET
Table 'Nerina II' 2-max Seat #2 is the button
Seat 1: BigYelloFish ($80.18 in chips)
Seat 2: GO99APE ($359.47 in chips)
GO99APE: posts small blind $1
BigYelloFish: posts big blind $3
*** HOLE CARDS ***
GO99APE: raises $3 to $6
BigYelloFish: raises $3 to $9
GO99APE: calls $3
*** FLOP *** [7h Kd 3d]
BigYelloFish: bets $3
GO99APE: calls $3
*** TURN *** [7h Kd 3d] [8h]
BigYelloFish: bets $6
GO99APE: calls $6
*** RIVER *** [7h Kd 3d 8h] [2h]
BigYelloFish: bets $6
GO99APE: calls $6
*** SHOW DOWN ***
BigYelloFish: shows [8c 9s] (a pair of Eights)
GO99APE: shows [5c Kh] (a pair of Kings)
GO99APE collected $47.50 from pot
*** SUMMARY ***
Total pot $48 | Rake $0.50
Board [7h Kd 3d 8h 2h]
Seat 1: BigYelloFish (big blind) showed [8c 9s] and lost with a pair of Eights
Seat 2: GO99APE (button) (small blind) showed [5c Kh] and won ($47.50) with a pair of Kings


PokerStars Hand #145975898761:  Hold'em Limit ($3/$6 USD) - 2015/12/26 19:33:10 ET
Table 'Nerina II' 2-max Seat #1 is the button
Seat 1: BigYelloFish ($71.54 in chips)
Seat 2: GO99APE ($368.47 in chips)
BigYelloFish: posts small blind $1
GO99APE: posts big blind $3
*** HOLE CARDS ***
BigYelloFish: raises $3 to $6
GO99APE: calls $3
*** FLOP *** [Js Kh 8h]
GO99APE: checks
BigYelloFish: bets $3
GO99APE: calls $3
*** TURN *** [Js Kh 8h] [Qh]
GO99APE: checks
BigYelloFish: checks
*** RIVER *** [Js Kh 8h Qh] [8d]
GO99APE: checks
BigYelloFish: checks
*** SHOW DOWN ***
GO99APE: shows [7d 9s] (a pair of Eights)
BigYelloFish: shows [7h Jc] (two pair, Jacks and Eights)
BigYelloFish collected $17.64 from pot
*** SUMMARY ***
Total pot $18 | Rake $0.36
Board [Js Kh 8h Qh 8d]
Seat 1: BigYelloFish (button) (small blind) showed [7h Jc] and won ($17.64) with two pair, Jacks and Eights
Seat 2: GO99APE (big blind) showed [7d 9s] and lost with a pair of Eights


PokerStars Hand #145975938096:  Hold'em Limit ($3/$6 USD) - 2015/12/26 19:34:07 ET
Table 'Nerina II' 2-max Seat #2 is the button
Seat 1: BigYelloFish ($95.18 in chips)
Seat 2: GO99APE ($342.97 in chips)
GO99APE: posts small blind $1
BigYelloFish: posts big blind $3
*** HOLE CARDS ***
GO99APE: raises $3 to $6
BigYelloFish: calls $3
*** FLOP *** [9d As 2d]
BigYelloFish: checks
GO99APE: bets $3
BigYelloFish: calls $3
*** TURN *** [9d As 2d] [4h]
BigYelloFish: checks
GO99APE: checks
*** RIVER *** [9d As 2d 4h] [6h]
BigYelloFish: checks
GO99APE: checks
*** SHOW DOWN ***
BigYelloFish: shows [Kh 2c] (a pair of Deuces)
GO99APE: mucks hand
BigYelloFish collected $17.64 from pot
*** SUMMARY ***
Total pot $18 | Rake $0.36
Board [9d As 2d 4h 6h]
Seat 1: BigYelloFish (big blind) showed [Kh 2c] and won ($17.64) with a pair of Deuces
Seat 2: GO99APE (button) (small blind) mucked


PokerStars Hand #145975973387:  Hold'em Limit ($3/$6 USD) - 2015/12/26 19:34:59 ET
Table 'Nerina II' 2-max Seat #2 is the button
Seat 1: BigYelloFish ($94.58 in chips)
Seat 2: GO99APE ($342.47 in chips)
GO99APE: posts small blind $1
BigYelloFish: posts big blind $3
*** HOLE CARDS ***
GO99APE: raises $3 to $6
BigYelloFish: folds
Uncalled bet ($3) returned to GO99APE
GO99APE collected $6 from pot
GO99APE: doesn't show hand
*** SUMMARY ***
Total pot $6 | Rake $0
Seat 1: BigYelloFish (big blind) folded before Flop
Seat 2: GO99APE (button) (small blind) collected ($6)


PokerStars Hand #145975970351:  Hold'em Limit ($3/$6 USD) - 2015/12/26 19:34:54 ET
Table 'Nerina II' 2-max Seat #1 is the button
Seat 1: BigYelloFish ($91.58 in chips)
Seat 2: GO99APE ($345.47 in chips)
BigYelloFish: posts small blind $1
GO99APE: posts big blind $3
*** HOLE CARDS ***
BigYelloFish: raises $3 to $6
GO99APE: folds
Uncalled bet ($3) returned to BigYelloFish
BigYelloFish collected $6 from pot
BigYelloFish: doesn't show hand
*** SUMMARY ***
Total pot $6 | Rake $0
Seat 1: BigYelloFish (button) (small blind) collected ($6)
Seat 2: GO99APE (big blind) folded before Flop


PokerStars Hand #145975962480:  Hold'em Limit ($3/$6 USD) - 2015/12/26 19:34:43 ET
Table 'Nerina II' 2-max Seat #2 is the button
Seat 1: BigYelloFish ($85.82 in chips)
Seat 2: GO99APE ($351.47 in chips)
GO99APE: posts small blind $1
BigYelloFish: posts big blind $3
*** HOLE CARDS ***
GO99APE: raises $3 to $6
BigYelloFish: calls $3
*** FLOP *** [2h Qd 5s]
BigYelloFish: checks
GO99APE: checks
*** TURN *** [2h Qd 5s] [3s]
BigYelloFish: checks
GO99APE: checks
*** RIVER *** [2h Qd 5s 3s] [As]
BigYelloFish: bets $6
GO99APE: folds
Uncalled bet ($6) returned to BigYelloFish
BigYelloFish collected $11.76 from pot
BigYelloFish: doesn't show hand
*** SUMMARY ***
Total pot $12 | Rake $0.24
Board [2h Qd 5s 3s As]
Seat 1: BigYelloFish (big blind) collected ($11.76)
Seat 2: GO99APE (button) (small blind) folded on the River


PokerStars Hand #145975953869:  Hold'em Limit ($3/$6 USD) - 2015/12/26 19:34:30 ET
Table 'Nerina II' 2-max Seat #1 is the button
Seat 1: BigYelloFish ($103.82 in chips)
Seat 2: GO99APE ($333.97 in chips)
BigYelloFish: posts small blind $1
GO99APE: posts big blind $3
*** HOLE CARDS ***
BigYelloFish: raises $3 to $6
GO99APE: raises $3 to $9
BigYelloFish: calls $3
*** FLOP *** [2s 9s 3s]
GO99APE: bets $3
BigYelloFish: calls $3
*** TURN *** [2s 9s 3s] [2h]
GO99APE: bets $6
BigYelloFish: calls $6
*** RIVER *** [2s 9s 3s 2h] [4d]
GO99APE: bets $6
BigYelloFish: folds
Uncalled bet ($6) returned to GO99APE
GO99APE collected $35.50 from pot
GO99APE: doesn't show hand
*** SUMMARY ***
Total pot $36 | Rake $0.50
Board [2s 9s 3s 2h 4d]
Seat 1: BigYelloFish (button) (small blind) folded on the River
Seat 2: GO99APE (big blind) collected ($35.50)


PokerStars Hand #145975950106:  Hold'em Limit ($3/$6 USD) - 2015/12/26 19:34:25 ET
Table 'Nerina II' 2-max Seat #2 is the button
Seat 1: BigYelloFish ($106.82 in chips)
Seat 2: GO99APE ($330.97 in chips)
GO99APE: posts small blind $1
BigYelloFish: posts big blind $3
*** HOLE CARDS ***
GO99APE: raises $3 to $6
BigYelloFish: folds
Uncalled bet ($3) returned to GO99APE
GO99APE collected $6 from pot
GO99APE: doesn't show hand
*** SUMMARY ***
Total pot $6 | Rake $0
Seat 1: BigYelloFish (big blind) folded before Flop
Seat 2: GO99APE (button) (small blind) collected ($6)


PokerStars Hand #145975946766:  Hold'em Limit ($3/$6 USD) - 2015/12/26 19:34:20 ET
Table 'Nerina II' 2-max Seat #1 is the button
Seat 1: BigYelloFish ($103.82 in chips)
Seat 2: GO99APE ($333.97 in chips)
BigYelloFish: posts small blind $1
GO99APE: posts big blind $3
*** HOLE CARDS ***
BigYelloFish: raises $3 to $6
GO99APE: folds
Uncalled bet ($3) returned to BigYelloFish
BigYelloFish collected $6 from pot
BigYelloFish: doesn't show hand
*** SUMMARY ***
Total pot $6 | Rake $0
Seat 1: BigYelloFish (button) (small blind) collected ($6)
Seat 2: GO99APE (big blind) folded before Flop


PokerStars Hand #145975976996:  Hold'em Limit ($3/$6 USD) - 2015/12/26 19:35:04 ET
Table 'Nerina II' 2-max Seat #1 is the button
Seat 1: BigYelloFish ($91.58 in chips)
Seat 2: GO99APE ($345.47 in chips)
BigYelloFish: posts small blind $1
GO99APE: posts big blind $3
*** HOLE CARDS ***
BigYelloFish: raises $3 to $6
GO99APE: calls $3
*** FLOP *** [6d 8d 9d]
GO99APE: checks
BigYelloFish: checks
*** TURN *** [6d 8d 9d] [Kc]
GO99APE: checks
BigYelloFish: bets $6
GO99APE: folds
Uncalled bet ($6) returned to BigYelloFish
BigYelloFish collected $11.76 from pot
BigYelloFish: doesn't show hand
*** SUMMARY ***
Total pot $12 | Rake $0.24
Board [6d 8d 9d Kc]
Seat 1: BigYelloFish (button) (small blind) collected ($11.76)
Seat 2: GO99APE (big blind) folded on the Turn


PokerStars Hand #145976015328:  Hold'em Limit ($3/$6 USD) - 2015/12/26 19:36:01 ET
Table 'Nerina II' 2-max Seat #2 is the button
Seat 1: BigYelloFish ($69.84 in chips)
Seat 2: GO99APE ($365.47 in chips)
GO99APE: posts small blind $1
BigYelloFish: posts big blind $3
*** HOLE CARDS ***
GO99APE: raises $3 to $6
BigYelloFish: raises $3 to $9
GO99APE: raises $3 to $12
Betting is capped
BigYelloFish: calls $3
*** FLOP *** [2h 8c 4s]
BigYelloFish: checks
GO99APE: checks
*** TURN *** [2h 8c 4s] [Ts]
BigYelloFish: checks
GO99APE: bets $6
BigYelloFish: folds
Uncalled bet ($6) returned to GO99APE
GO99APE collected $23.52 from pot
GO99APE: doesn't show hand
*** SUMMARY ***
Total pot $24 | Rake $0.48
Board [2h 8c 4s Ts]
Seat 1: BigYelloFish (big blind) folded on the Turn
Seat 2: GO99APE (button) (small blind) collected ($23.52)


PokerStars Hand #145976005823:  Hold'em Limit ($3/$6 USD) - 2015/12/26 19:35:46 ET
Table 'Nerina II' 2-max Seat #1 is the button
Seat 1: BigYelloFish ($90.84 in chips)
Seat 2: GO99APE ($344.97 in chips)
BigYelloFish: posts small blind $1
GO99APE: posts big blind $3
*** HOLE CARDS ***
BigYelloFish: raises $3 to $6
GO99APE: calls $3
*** FLOP *** [4d 6d 2h]
GO99APE: checks
BigYelloFish: bets $3
GO99APE: calls $3
*** TURN *** [4d 6d 2h] [As]
GO99APE: checks
BigYelloFish: bets $6
GO99APE: calls $6
*** RIVER *** [4d 6d 2h As] [7h]
GO99APE: checks
BigYelloFish: bets $6
GO99APE: calls $6
*** SHOW DOWN ***
BigYelloFish: shows [6c Kc] (a pair of Sixes)
GO99APE: shows [Kh 7s] (a pair of Sevens)
GO99APE collected $41.50 from pot
*** SUMMARY ***
Total pot $42 | Rake $0.50
Board [4d 6d 2h As 7h]
Seat 1: BigYelloFish (button) (small blind) showed [6c Kc] and lost with a pair of Sixes
Seat 2: GO99APE (big blind) showed [Kh 7s] and won ($41.50) with a pair of Sevens


PokerStars Hand #145976002532:  Hold'em Limit ($3/$6 USD) - 2015/12/26 19:35:42 ET
Table 'Nerina II' 2-max Seat #2 is the button
Seat 1: BigYelloFish ($93.84 in chips)
Seat 2: GO99APE ($341.97 in chips)
GO99APE: posts small blind $1
BigYelloFish: posts big blind $3
*** HOLE CARDS ***
GO99APE: raises $3 to $6
BigYelloFish: folds
Uncalled bet ($3) returned to GO99APE
GO99APE collected $6 from pot
GO99APE: doesn't show hand
*** SUMMARY ***
Total pot $6 | Rake $0
Seat 1: BigYelloFish (big blind) folded before Flop
Seat 2: GO99APE (button) (small blind) collected ($6)


PokerStars Hand #145975994488:  Hold'em Limit ($3/$6 USD) - 2015/12/26 19:35:30 ET
Table 'Nerina II' 2-max Seat #1 is the button
Seat 1: BigYelloFish ($114.84 in chips)
Seat 2: GO99APE ($321.47 in chips)
BigYelloFish: posts small blind $1
GO99APE: posts big blind $3
*** HOLE CARDS ***
BigYelloFish: raises $3 to $6
GO99APE: calls $3
*** FLOP *** [6h 7h 9d]
GO99APE: bets $3
BigYelloFish: calls $3
*** TURN *** [6h 7h 9d] [Kh]
GO99APE: bets $6
BigYelloFish: calls $6
*** RIVER *** [6h 7h 9d Kh] [Ks]
GO99APE: bets $6
BigYelloFish: calls $6
*** SHOW DOWN ***
GO99APE: shows [8c 8d] (two pair, Kings and Eights)
BigYelloFish: mucks hand
GO99APE collected $41.50 from pot
*** SUMMARY ***
Total pot $42 | Rake $0.50
Board [6h 7h 9d Kh Ks]
Seat 1: BigYelloFish (button) (small blind) mucked
Seat 2: GO99APE (big blind) showed [8c 8d] and won ($41.50) with two pair, Kings and Eights


PokerStars Hand #145975985199:  Hold'em Limit ($3/$6 USD) - 2015/12/26 19:35:16 ET
Table 'Nerina II' 2-max Seat #2 is the button
Seat 1: BigYelloFish ($97.34 in chips)
Seat 2: GO99APE ($339.47 in chips)
GO99APE: posts small blind $1
BigYelloFish: posts big blind $3
*** HOLE CARDS ***
GO99APE: raises $3 to $6
BigYelloFish: raises $3 to $9
GO99APE: calls $3
*** FLOP *** [7d 7h Jc]
BigYelloFish: bets $3
GO99APE: calls $3
*** TURN *** [7d 7h Jc] [2c]
BigYelloFish: bets $6
GO99APE: calls $6
*** RIVER *** [7d 7h Jc 2c] [3h]
BigYelloFish: checks
GO99APE: checks
*** SHOW DOWN ***
BigYelloFish: shows [Qh Kc] (a pair of Sevens)
GO99APE: mucks hand
BigYelloFish collected $35.50 from pot
*** SUMMARY ***
Total pot $36 | Rake $0.50
Board [7d 7h Jc 2c 3h]
Seat 1: BigYelloFish (big blind) showed [Qh Kc] and won ($35.50) with a pair of Sevens
Seat 2: GO99APE (button) (small blind) mucked


PokerStars Hand #145976050023:  Hold'em Limit ($3/$6 USD) - 2015/12/26 19:36:52 ET
Table 'Nerina II' 2-max Seat #2 is the button
Seat 1: BigYelloFish ($58.34 in chips)
Seat 2: GO99APE ($375.27 in chips)
GO99APE: posts small blind $1
BigYelloFish: posts big blind $3
*** HOLE CARDS ***
GO99APE: raises $3 to $6
BigYelloFish: calls $3
*** FLOP *** [7s Tc 4d]
BigYelloFish: checks
GO99APE: checks
*** TURN *** [7s Tc 4d] [5d]
BigYelloFish: checks
GO99APE: checks
*** RIVER *** [7s Tc 4d 5d] [Js]
BigYelloFish: checks
GO99APE: bets $6
BigYelloFish: folds
Uncalled bet ($6) returned to GO99APE
GO99APE collected $11.76 from pot
GO99APE: doesn't show hand
*** SUMMARY ***
Total pot $12 | Rake $0.24
Board [7s Tc 4d 5d Js]
Seat 1: BigYelloFish (big blind) folded on the River
Seat 2: GO99APE (button) (small blind) collected ($11.76)


PokerStars Hand #145976043600:  Hold'em Limit ($3/$6 USD) - 2015/12/26 19:36:42 ET
Table 'Nerina II' 2-max Seat #1 is the button
Seat 1: BigYelloFish ($70.34 in chips)
Seat 2: GO99APE ($363.75 in chips)
BigYelloFish: posts small blind $1
GO99APE: posts big blind $3
*** HOLE CARDS ***
BigYelloFish: raises $3 to $6
GO99APE: raises $3 to $9
BigYelloFish: calls $3
*** FLOP *** [4s Jc Ac]
GO99APE: bets $3
BigYelloFish: calls $3
*** TURN *** [4s Jc Ac] [Th]
GO99APE: bets $6
BigYelloFish: folds
Uncalled bet ($6) returned to GO99APE
GO99APE collected $23.52 from pot
GO99APE: doesn't show hand
*** SUMMARY ***
Total pot $24 | Rake $0.48
Board [4s Jc Ac Th]
Seat 1: BigYelloFish (button) (small blind) folded on the Turn
Seat 2: GO99APE (big blind) collected ($23.52)


PokerStars Hand #145976039042:  Hold'em Limit ($3/$6 USD) - 2015/12/26 19:36:35 ET
Table 'Nerina II' 2-max Seat #2 is the button
Seat 1: BigYelloFish ($76.34 in chips)
Seat 2: GO99APE ($357.99 in chips)
GO99APE: posts small blind $1
BigYelloFish: posts big blind $3
*** HOLE CARDS ***
GO99APE: raises $3 to $6
BigYelloFish: calls $3
*** FLOP *** [Qs As 6c]
BigYelloFish: checks
GO99APE: bets $3
BigYelloFish: folds
Uncalled bet ($3) returned to GO99APE
GO99APE collected $11.76 from pot
GO99APE: doesn't show hand
*** SUMMARY ***
Total pot $12 | Rake $0.24
Board [Qs As 6c]
Seat 1: BigYelloFish (big blind) folded on the Flop
Seat 2: GO99APE (button) (small blind) collected ($11.76)


PokerStars Hand #145976035417:  Hold'em Limit ($3/$6 USD) - 2015/12/26 19:36:30 ET
Table 'Nerina II' 2-max Seat #1 is the button
Seat 1: BigYelloFish ($73.34 in chips)
Seat 2: GO99APE ($360.99 in chips)
BigYelloFish: posts small blind $1
GO99APE: posts big blind $3
*** HOLE CARDS ***
BigYelloFish: raises $3 to $6
GO99APE: folds
Uncalled bet ($3) returned to BigYelloFish
BigYelloFish collected $6 from pot
BigYelloFish: doesn't show hand
*** SUMMARY ***
Total pot $6 | Rake $0
Seat 1: BigYelloFish (button) (small blind) collected ($6)
Seat 2: GO99APE (big blind) folded before Flop


PokerStars Hand #145976032524:  Hold'em Limit ($3/$6 USD) - 2015/12/26 19:36:26 ET
Table 'Nerina II' 2-max Seat #2 is the button
Seat 1: BigYelloFish ($72.34 in chips)
Seat 2: GO99APE ($361.99 in chips)
GO99APE: posts small blind $1
BigYelloFish: posts big blind $3
*** HOLE CARDS ***
GO99APE: folds
Uncalled bet ($2) returned to BigYelloFish
BigYelloFish collected $2 from pot
BigYelloFish: doesn't show hand
*** SUMMARY ***
Total pot $2 | Rake $0
Seat 1: BigYelloFish (big blind) collected ($2)
Seat 2: GO99APE (button) (small blind) folded before Flop


PokerStars Hand #145976023068:  Hold'em Limit ($3/$6 USD) - 2015/12/26 19:36:12 ET
Table 'Nerina II' 2-max Seat #1 is the button
Seat 1: BigYelloFish ($57.84 in chips)
Seat 2: GO99APE ($376.99 in chips)
BigYelloFish: posts small blind $1
GO99APE: posts big blind $3
*** HOLE CARDS ***
BigYelloFish: raises $3 to $6
GO99APE: calls $3
*** FLOP *** [2d 5c 5s]
GO99APE: checks
BigYelloFish: bets $3
GO99APE: calls $3
*** TURN *** [2d 5c 5s] [7c]
GO99APE: checks
BigYelloFish: bets $6
GO99APE: calls $6
*** RIVER *** [2d 5c 5s 7c] [4h]
GO99APE: checks
BigYelloFish: checks
*** SHOW DOWN ***
GO99APE: shows [8d 9c] (a pair of Fives)
BigYelloFish: shows [Ks Qh] (a pair of Fives - King kicker)
BigYelloFish collected $29.50 from pot
*** SUMMARY ***
Total pot $30 | Rake $0.50
Board [2d 5c 5s 7c 4h]
Seat 1: BigYelloFish (button) (small blind) showed [Ks Qh] and won ($29.50) with a pair of Fives
Seat 2: GO99APE (big blind) showed [8d 9c] and lost with a pair of Fives


PokerStars Hand #145976065254:  Hold'em Limit ($3/$6 USD) - 2015/12/26 19:37:15 ET
Table 'Nerina II' 2-max Seat #2 is the button
Seat 1: BigYelloFish ($43.34 in chips)
Seat 2: GO99APE ($389.67 in chips)
GO99APE: posts small blind $1
BigYelloFish: posts big blind $3
*** HOLE CARDS ***
GO99APE: folds
Uncalled bet ($2) returned to BigYelloFish
BigYelloFish collected $2 from pot
BigYelloFish: doesn't show hand
*** SUMMARY ***
Total pot $2 | Rake $0
Seat 1: BigYelloFish (big blind) collected ($2)
Seat 2: GO99APE (button) (small blind) folded before Flop


PokerStars Hand #145976057676:  Hold'em Limit ($3/$6 USD) - 2015/12/26 19:37:03 ET
Table 'Nerina II' 2-max Seat #1 is the button
Seat 1: BigYelloFish ($52.34 in chips)
Seat 2: GO99APE ($381.03 in chips)
BigYelloFish: posts small blind $1
GO99APE: posts big blind $3
*** HOLE CARDS ***
BigYelloFish: raises $3 to $6
GO99APE: calls $3
*** FLOP *** [Jh 8s 3c]
GO99APE: checks
BigYelloFish: bets $3
GO99APE: calls $3
*** TURN *** [Jh 8s 3c] [7d]
GO99APE: checks
BigYelloFish: checks
*** RIVER *** [Jh 8s 3c 7d] [Td]
GO99APE: checks
BigYelloFish: checks
*** SHOW DOWN ***
GO99APE: shows [4d Jd] (a pair of Jacks)
BigYelloFish: mucks hand
GO99APE collected $17.64 from pot
*** SUMMARY ***
Total pot $18 | Rake $0.36
Board [Jh 8s 3c 7d Td]
Seat 1: BigYelloFish (button) (small blind) mucked
Seat 2: GO99APE (big blind) showed [4d Jd] and won ($17.64) with a pair of Jacks


PokerStars Hand #145976088785:  Hold'em Limit ($3/$6 USD) - 2015/12/26 19:37:50 ET
Table 'Nerina II' 2-max Seat #2 is the button
Seat 1: BigYelloFish ($89.10 in chips)
Seat 2: GO99APE ($403.17 in chips)
GO99APE: posts small blind $1
BigYelloFish: posts big blind $3
*** HOLE CARDS ***
GO99APE: raises $3 to $6
BigYelloFish: calls $3
*** FLOP *** [Jh Jd Qs]
BigYelloFish: checks
GO99APE: checks
*** TURN *** [Jh Jd Qs] [7d]
BigYelloFish: checks
GO99APE: checks
*** RIVER *** [Jh Jd Qs 7d] [5h]
BigYelloFish: checks
GO99APE: checks
*** SHOW DOWN ***
BigYelloFish: shows [3h 4s] (a pair of Jacks)
GO99APE: shows [4h Kd] (a pair of Jacks - King kicker)
GO99APE collected $11.76 from pot
*** SUMMARY ***
Total pot $12 | Rake $0.24
Board [Jh Jd Qs 7d 5h]
Seat 1: BigYelloFish (big blind) showed [3h 4s] and lost with a pair of Jacks
Seat 2: GO99APE (button) (small blind) showed [4h Kd] and won ($11.76) with a pair of Jacks


PokerStars Hand #145976082728:  Hold'em Limit ($3/$6 USD) - 2015/12/26 19:37:41 ET
Table 'Nerina II' 2-max Seat #1 is the button
Seat 1: BigYelloFish ($83.34 in chips)
Seat 2: GO99APE ($409.17 in chips)
BigYelloFish: posts small blind $1
GO99APE: posts big blind $3
*** HOLE CARDS ***
BigYelloFish: raises $3 to $6
GO99APE: calls $3
*** FLOP *** [Th 2c As]
GO99APE: checks
BigYelloFish: bets $3
GO99APE: folds
Uncalled bet ($3) returned to BigYelloFish
BigYelloFish collected $11.76 from pot
BigYelloFish: doesn't show hand
*** SUMMARY ***
Total pot $12 | Rake $0.24
Board [Th 2c As]
Seat 1: BigYelloFish (button) (small blind) collected ($11.76)
Seat 2: GO99APE (big blind) folded on the Flop


PokerStars Hand #145976072665:  Hold'em Limit ($3/$6 USD) - 2015/12/26 19:37:26 ET
Table 'Nerina II' 2-max Seat #2 is the button
Seat 1: BigYelloFish ($47.34 in chips)
Seat 2: GO99APE ($385.67 in chips)
GO99APE: posts small blind $1
BigYelloFish: posts big blind $3
*** HOLE CARDS ***
GO99APE: raises $3 to $6
BigYelloFish: raises $3 to $9
GO99APE: calls $3
*** FLOP *** [6d Kd Kh]
BigYelloFish: bets $3
GO99APE: calls $3
*** TURN *** [6d Kd Kh] [3h]
BigYelloFish: bets $6
GO99APE: calls $6
*** RIVER *** [6d Kd Kh 3h] [5c]
BigYelloFish: bets $6
GO99APE: calls $6
*** SHOW DOWN ***
BigYelloFish: shows [Ac Jc] (a pair of Kings)
GO99APE: shows [6s 8c] (two pair, Kings and Sixes)
GO99APE collected $47.50 from pot
*** SUMMARY ***
Total pot $48 | Rake $0.50
Board [6d Kd Kh 3h 5c]
Seat 1: BigYelloFish (big blind) showed [Ac Jc] and lost with a pair of Kings
Seat 2: GO99APE (button) (small blind) showed [6s 8c] and won ($47.50) with two pair, Kings and Sixes


PokerStars Hand #145976106488:  Hold'em Limit ($3/$6 USD) - 2015/12/26 19:38:16 ET
Table 'Nerina II' 2-max Seat #2 is the button
Seat 1: BigYelloFish ($88.86 in chips)
Seat 2: GO99APE ($402.93 in chips)
GO99APE: posts small blind $1
BigYelloFish: posts big blind $3
*** HOLE CARDS ***
GO99APE: folds
Uncalled bet ($2) returned to BigYelloFish
BigYelloFish collected $2 from pot
BigYelloFish: doesn't show hand
*** SUMMARY ***
Total pot $2 | Rake $0
Seat 1: BigYelloFish (big blind) collected ($2)
Seat 2: GO99APE (button) (small blind) folded before Flop


PokerStars Hand #145976096856:  Hold'em Limit ($3/$6 USD) - 2015/12/26 19:38:02 ET
Table 'Nerina II' 2-max Seat #1 is the button
Seat 1: BigYelloFish ($83.10 in chips)
Seat 2: GO99APE ($408.93 in chips)
BigYelloFish: posts small blind $1
GO99APE: posts big blind $3
*** HOLE CARDS ***
BigYelloFish: raises $3 to $6
GO99APE: calls $3
*** FLOP *** [Td 7c Qd]
GO99APE: checks
BigYelloFish: bets $3
GO99APE: folds
Uncalled bet ($3) returned to BigYelloFish
BigYelloFish collected $11.76 from pot
BigYelloFish: doesn't show hand
*** SUMMARY ***
Total pot $12 | Rake $0.24
Board [Td 7c Qd]
Seat 1: BigYelloFish (button) (small blind) collected ($11.76)
Seat 2: GO99APE (big blind) folded on the Flop


PokerStars Hand #145976068131:  Hold'em Limit ($3/$6 USD) - 2015/12/26 19:37:19 ET
Table 'Nerina II' 2-max Seat #1 is the button
Seat 1: BigYelloFish ($44.34 in chips)
Seat 2: GO99APE ($388.67 in chips)
BigYelloFish: posts small blind $1
GO99APE: posts big blind $3
*** HOLE CARDS ***
BigYelloFish: raises $3 to $6
GO99APE: folds
Uncalled bet ($3) returned to BigYelloFish
BigYelloFish collected $6 from pot
BigYelloFish: doesn't show hand
*** SUMMARY ***
Total pot $6 | Rake $0
Seat 1: BigYelloFish (button) (small blind) collected ($6)
Seat 2: GO99APE (big blind) folded before Flop


PokerStars Hand #145976109451:  Hold'em Limit ($3/$6 USD) - 2015/12/26 19:38:21 ET
Table 'Nerina II' 2-max Seat #1 is the button
Seat 1: BigYelloFish ($89.86 in chips)
Seat 2: GO99APE ($401.93 in chips)
BigYelloFish: posts small blind $1
GO99APE: posts big blind $3
*** HOLE CARDS ***
BigYelloFish: raises $3 to $6
GO99APE: calls $3
*** FLOP *** [Jh 7h 5d]
GO99APE: checks
BigYelloFish: bets $3
GO99APE: calls $3
*** TURN *** [Jh 7h 5d] [Qh]
GO99APE: checks
BigYelloFish: checks
*** RIVER *** [Jh 7h 5d Qh] [Th]
GO99APE: checks
BigYelloFish: bets $6
GO99APE: calls $6
*** SHOW DOWN ***
BigYelloFish: shows [3s 9h] (a flush, Queen high)
GO99APE: mucks hand
BigYelloFish collected $29.50 from pot
*** SUMMARY ***
Total pot $30 | Rake $0.50
Board [Jh 7h 5d Qh Th]
Seat 1: BigYelloFish (button) (small blind) showed [3s 9h] and won ($29.50) with a flush, Queen high
Seat 2: GO99APE (big blind) mucked


PokerStars Hand #145976164688:  Hold'em Limit ($3/$6 USD) - 2015/12/26 19:39:43 ET
Table 'Nerina II' 2-max Seat #2 is the button
Seat 1: BigYelloFish ($112.86 in chips)
Seat 2: GO99APE ($377.43 in chips)
GO99APE: posts small blind $1
BigYelloFish: posts big blind $3
*** HOLE CARDS ***
GO99APE: raises $3 to $6
BigYelloFish: raises $3 to $9
GO99APE: calls $3
*** FLOP *** [6c Jc 6h]
BigYelloFish: bets $3
GO99APE: raises $3 to $6
BigYelloFish: calls $3
*** TURN *** [6c Jc 6h] [7c]
BigYelloFish: checks
GO99APE: bets $6
BigYelloFish: calls $6
*** RIVER *** [6c Jc 6h 7c] [Kh]
BigYelloFish: checks
GO99APE: bets $6
BigYelloFish: calls $6
*** SHOW DOWN ***
GO99APE: shows [6d 8c] (three of a kind, Sixes)
BigYelloFish: mucks hand
GO99APE collected $53.50 from pot
*** SUMMARY ***
Total pot $54 | Rake $0.50
Board [6c Jc 6h 7c Kh]
Seat 1: BigYelloFish (big blind) mucked
Seat 2: GO99APE (button) (small blind) showed [6d 8c] and won ($53.50) with three of a kind, Sixes


PokerStars Hand #145976152731:  Hold'em Limit ($3/$6 USD) - 2015/12/26 19:39:26 ET
Table 'Nerina II' 2-max Seat #1 is the button
Seat 1: BigYelloFish ($83.36 in chips)
Seat 2: GO99APE ($407.43 in chips)
BigYelloFish: posts small blind $1
GO99APE: posts big blind $3
*** HOLE CARDS ***
BigYelloFish: raises $3 to $6
GO99APE: calls $3
*** FLOP *** [Tc 4c 5c]
GO99APE: checks
BigYelloFish: bets $3
GO99APE: raises $3 to $6
BigYelloFish: calls $3
*** TURN *** [Tc 4c 5c] [Td]
GO99APE: bets $6
BigYelloFish: calls $6
*** RIVER *** [Tc 4c 5c Td] [6c]
GO99APE: bets $6
BigYelloFish: raises $6 to $12
GO99APE: calls $6
*** SHOW DOWN ***
BigYelloFish: shows [Ts 4d] (a full house, Tens full of Fours)
GO99APE: mucks hand
BigYelloFish collected $59.50 from pot
*** SUMMARY ***
Total pot $60 | Rake $0.50
Board [Tc 4c 5c Td 6c]
Seat 1: BigYelloFish (button) (small blind) showed [Ts 4d] and won ($59.50) with a full house, Tens full of Fours
Seat 2: GO99APE (big blind) mucked


PokerStars Hand #145976141585:  Hold'em Limit ($3/$6 USD) - 2015/12/26 19:39:09 ET
Table 'Nerina II' 2-max Seat #2 is the button
Seat 1: BigYelloFish ($104.36 in chips)
Seat 2: GO99APE ($386.93 in chips)
GO99APE: posts small blind $1
BigYelloFish: posts big blind $3
*** HOLE CARDS ***
GO99APE: raises $3 to $6
BigYelloFish: calls $3
*** FLOP *** [2c 6c 8c]
BigYelloFish: checks
GO99APE: bets $3
BigYelloFish: calls $3
*** TURN *** [2c 6c 8c] [5h]
BigYelloFish: checks
GO99APE: bets $6
BigYelloFish: calls $6
*** RIVER *** [2c 6c 8c 5h] [Js]
BigYelloFish: checks
GO99APE: bets $6
BigYelloFish: calls $6
*** SHOW DOWN ***
GO99APE: shows [5c Ac] (a flush, Ace high)
BigYelloFish: mucks hand
GO99APE collected $41.50 from pot
*** SUMMARY ***
Total pot $42 | Rake $0.50
Board [2c 6c 8c 5h Js]
Seat 1: BigYelloFish (big blind) mucked
Seat 2: GO99APE (button) (small blind) showed [5c Ac] and won ($41.50) with a flush, Ace high


PokerStars Hand #145976223566:  Hold'em Limit ($3/$6 USD) - 2015/12/26 19:41:11 ET
Table 'Nerina II' 2-max Seat #2 is the button
Seat 1: BigYelloFish ($93.36 in chips)
Seat 2: GO99APE ($395.09 in chips)
GO99APE: posts small blind $1
BigYelloFish: posts big blind $3
*** HOLE CARDS ***
GO99APE: raises $3 to $6
BigYelloFish: raises $3 to $9
GO99APE: calls $3
*** FLOP *** [Ts 3c 3d]
BigYelloFish: bets $3
GO99APE: calls $3
*** TURN *** [Ts 3c 3d] [9c]
BigYelloFish: bets $6
GO99APE: calls $6
*** RIVER *** [Ts 3c 3d 9c] [5d]
BigYelloFish: checks
GO99APE: checks
*** SHOW DOWN ***
BigYelloFish: shows [6s As] (a pair of Threes)
GO99APE: shows [4s Ah] (a pair of Threes)
BigYelloFish collected $17.75 from pot
GO99APE collected $17.75 from pot
*** SUMMARY ***
Total pot $36 | Rake $0.50
Board [Ts 3c 3d 9c 5d]
Seat 1: BigYelloFish (big blind) showed [6s As] and won ($17.75) with a pair of Threes
Seat 2: GO99APE (button) (small blind) showed [4s Ah] and won ($17.75) with a pair of Threes


PokerStars Hand #145976220524:  Hold'em Limit ($3/$6 USD) - 2015/12/26 19:41:07 ET
Table 'Nerina II' 2-max Seat #1 is the button
Seat 1: BigYelloFish ($90.36 in chips)
Seat 2: GO99APE ($398.09 in chips)
BigYelloFish: posts small blind $1
GO99APE: posts big blind $3
*** HOLE CARDS ***
BigYelloFish: raises $3 to $6
GO99APE: folds
Uncalled bet ($3) returned to BigYelloFish
BigYelloFish collected $6 from pot
BigYelloFish: doesn't show hand
*** SUMMARY ***
Total pot $6 | Rake $0
Seat 1: BigYelloFish (button) (small blind) collected ($6)
Seat 2: GO99APE (big blind) folded before Flop


PokerStars Hand #145976214263:  Hold'em Limit ($3/$6 USD) - 2015/12/26 19:40:57 ET
Table 'Nerina II' 2-max Seat #2 is the button
Seat 1: BigYelloFish ($99.36 in chips)
Seat 2: GO99APE ($389.45 in chips)
GO99APE: posts small blind $1
BigYelloFish: posts big blind $3
*** HOLE CARDS ***
GO99APE: raises $3 to $6
BigYelloFish: calls $3
*** FLOP *** [As Jc 6d]
BigYelloFish: checks
GO99APE: bets $3
BigYelloFish: calls $3
*** TURN *** [As Jc 6d] [2c]
BigYelloFish: checks
GO99APE: bets $6
BigYelloFish: folds
Uncalled bet ($6) returned to GO99APE
GO99APE collected $17.64 from pot
GO99APE: doesn't show hand
*** SUMMARY ***
Total pot $18 | Rake $0.36
Board [As Jc 6d 2c]
Seat 1: BigYelloFish (big blind) folded on the Turn
Seat 2: GO99APE (button) (small blind) collected ($17.64)


PokerStars Hand #145976210838:  Hold'em Limit ($3/$6 USD) - 2015/12/26 19:40:52 ET
Table 'Nerina II' 2-max Seat #1 is the button
Seat 1: BigYelloFish ($96.36 in chips)
Seat 2: GO99APE ($392.45 in chips)
BigYelloFish: posts small blind $1
GO99APE: posts big blind $3
*** HOLE CARDS ***
BigYelloFish: raises $3 to $6
GO99APE: folds
Uncalled bet ($3) returned to BigYelloFish
BigYelloFish collected $6 from pot
BigYelloFish: doesn't show hand
*** SUMMARY ***
Total pot $6 | Rake $0
Seat 1: BigYelloFish (button) (small blind) collected ($6)
Seat 2: GO99APE (big blind) folded before Flop


PokerStars Hand #145976207763:  Hold'em Limit ($3/$6 USD) - 2015/12/26 19:40:48 ET
Table 'Nerina II' 2-max Seat #2 is the button
Seat 1: BigYelloFish ($95.36 in chips)
Seat 2: GO99APE ($393.45 in chips)
GO99APE: posts small blind $1
BigYelloFish: posts big blind $3
*** HOLE CARDS ***
GO99APE: folds
Uncalled bet ($2) returned to BigYelloFish
BigYelloFish collected $2 from pot
BigYelloFish: doesn't show hand
*** SUMMARY ***
Total pot $2 | Rake $0
Seat 1: BigYelloFish (big blind) collected ($2)
Seat 2: GO99APE (button) (small blind) folded before Flop


PokerStars Hand #145976200755:  Hold'em Limit ($3/$6 USD) - 2015/12/26 19:40:37 ET
Table 'Nerina II' 2-max Seat #1 is the button
Seat 1: BigYelloFish ($107.36 in chips)
Seat 2: GO99APE ($381.93 in chips)
BigYelloFish: posts small blind $1
GO99APE: posts big blind $3
*** HOLE CARDS ***
BigYelloFish: raises $3 to $6
GO99APE: raises $3 to $9
BigYelloFish: calls $3
*** FLOP *** [Jh 3d Ad]
GO99APE: bets $3
BigYelloFish: calls $3
*** TURN *** [Jh 3d Ad] [7s]
GO99APE: bets $6
BigYelloFish: folds
Uncalled bet ($6) returned to GO99APE
GO99APE collected $23.52 from pot
GO99APE: doesn't show hand
*** SUMMARY ***
Total pot $24 | Rake $0.48
Board [Jh 3d Ad 7s]
Seat 1: BigYelloFish (button) (small blind) folded on the Turn
Seat 2: GO99APE (big blind) collected ($23.52)


PokerStars Hand #145976197912:  Hold'em Limit ($3/$6 USD) - 2015/12/26 19:40:33 ET
Table 'Nerina II' 2-max Seat #2 is the button
Seat 1: BigYelloFish ($106.36 in chips)
Seat 2: GO99APE ($382.93 in chips)
GO99APE: posts small blind $1
BigYelloFish: posts big blind $3
*** HOLE CARDS ***
GO99APE: folds
Uncalled bet ($2) returned to BigYelloFish
BigYelloFish collected $2 from pot
BigYelloFish: doesn't show hand
*** SUMMARY ***
Total pot $2 | Rake $0
Seat 1: BigYelloFish (big blind) collected ($2)
Seat 2: GO99APE (button) (small blind) folded before Flop


PokerStars Hand #145976181787:  Hold'em Limit ($3/$6 USD) - 2015/12/26 19:40:09 ET
Table 'Nerina II' 2-max Seat #1 is the button
Seat 1: BigYelloFish ($85.86 in chips)
Seat 2: GO99APE ($403.93 in chips)
BigYelloFish: posts small blind $1
GO99APE: posts big blind $3
*** HOLE CARDS ***
BigYelloFish: raises $3 to $6
GO99APE: calls $3
*** FLOP *** [8h 6s 9h]
GO99APE: bets $3
BigYelloFish: calls $3
*** TURN *** [8h 6s 9h] [7d]
GO99APE: bets $6
BigYelloFish: calls $6
*** RIVER *** [8h 6s 9h 7d] [Qd]
GO99APE: bets $6
BigYelloFish: calls $6
*** SHOW DOWN ***
GO99APE: shows [Kd 4h] (high card King)
BigYelloFish: shows [8c Ah] (a pair of Eights)
BigYelloFish collected $41.50 from pot
*** SUMMARY ***
Total pot $42 | Rake $0.50
Board [8h 6s 9h 7d Qd]
Seat 1: BigYelloFish (button) (small blind) showed [8c Ah] and won ($41.50) with a pair of Eights
Seat 2: GO99APE (big blind) showed [Kd 4h] and lost with high card King


PokerStars Hand #145976231495:  Hold'em Limit ($3/$6 USD) - 2015/12/26 19:41:23 ET
Table 'Nerina II' 2-max Seat #1 is the button
Seat 1: BigYelloFish ($93.11 in chips)
Seat 2: GO99APE ($394.84 in chips)
BigYelloFish: posts small blind $1
GO99APE: posts big blind $3
*** HOLE CARDS ***
BigYelloFish: raises $3 to $6
GO99APE: calls $3
*** FLOP *** [Ks 4d 9c]
GO99APE: checks
BigYelloFish: bets $3
GO99APE: folds
Uncalled bet ($3) returned to BigYelloFish
BigYelloFish collected $11.76 from pot
BigYelloFish: doesn't show hand
*** SUMMARY ***
Total pot $12 | Rake $0.24
Board [Ks 4d 9c]
Seat 1: BigYelloFish (button) (small blind) collected ($11.76)
Seat 2: GO99APE (big blind) folded on the Flop


PokerStars Hand #145976260135:  Hold'em Limit ($3/$6 USD) - 2015/12/26 19:42:06 ET
Table 'Nerina II' 2-max Seat #1 is the button
Seat 1: BigYelloFish ($130.77 in chips)
Seat 2: GO99APE ($355.84 in chips)
BigYelloFish: posts small blind $1
GO99APE: posts big blind $3
*** HOLE CARDS ***
BigYelloFish: raises $3 to $6
GO99APE: folds
Uncalled bet ($3) returned to BigYelloFish
BigYelloFish collected $6 from pot
BigYelloFish: doesn't show hand
*** SUMMARY ***
Total pot $6 | Rake $0
Seat 1: BigYelloFish (button) (small blind) collected ($6)
Seat 2: GO99APE (big blind) folded before Flop


PokerStars Hand #145976251830:  Hold'em Limit ($3/$6 USD) - 2015/12/26 19:41:54 ET
Table 'Nerina II' 2-max Seat #2 is the button
Seat 1: BigYelloFish ($122.13 in chips)
Seat 2: GO99APE ($364.84 in chips)
GO99APE: posts small blind $1
BigYelloFish: posts big blind $3
*** HOLE CARDS ***
GO99APE: raises $3 to $6
BigYelloFish: calls $3
*** FLOP *** [6d Qc Jh]
BigYelloFish: checks
GO99APE: bets $3
BigYelloFish: raises $3 to $6
GO99APE: folds
Uncalled bet ($3) returned to BigYelloFish
BigYelloFish collected $17.64 from pot
BigYelloFish: doesn't show hand
*** SUMMARY ***
Total pot $18 | Rake $0.36
Board [6d Qc Jh]
Seat 1: BigYelloFish (big blind) collected ($17.64)
Seat 2: GO99APE (button) (small blind) folded on the Flop


PokerStars Hand #145976246158:  Hold'em Limit ($3/$6 USD) - 2015/12/26 19:41:46 ET
Table 'Nerina II' 2-max Seat #1 is the button
Seat 1: BigYelloFish ($116.37 in chips)
Seat 2: GO99APE ($370.84 in chips)
BigYelloFish: posts small blind $1
GO99APE: posts big blind $3
*** HOLE CARDS ***
BigYelloFish: raises $3 to $6
GO99APE: calls $3
*** FLOP *** [7s Kh 9d]
GO99APE: checks
BigYelloFish: bets $3
GO99APE: folds
Uncalled bet ($3) returned to BigYelloFish
BigYelloFish collected $11.76 from pot
BigYelloFish: doesn't show hand
*** SUMMARY ***
Total pot $12 | Rake $0.24
Board [7s Kh 9d]
Seat 1: BigYelloFish (button) (small blind) collected ($11.76)
Seat 2: GO99APE (big blind) folded on the Flop


PokerStars Hand #145976237230:  Hold'em Limit ($3/$6 USD) - 2015/12/26 19:41:32 ET
Table 'Nerina II' 2-max Seat #2 is the button
Seat 1: BigYelloFish ($98.87 in chips)
Seat 2: GO99APE ($388.84 in chips)
GO99APE: posts small blind $1
BigYelloFish: posts big blind $3
*** HOLE CARDS ***
GO99APE: raises $3 to $6
BigYelloFish: calls $3
*** FLOP *** [3c 5h 6s]
BigYelloFish: checks
GO99APE: checks
*** TURN *** [3c 5h 6s] [Jh]
BigYelloFish: bets $6
GO99APE: calls $6
*** RIVER *** [3c 5h 6s Jh] [9s]
BigYelloFish: bets $6
GO99APE: calls $6
*** SHOW DOWN ***
BigYelloFish: shows [9h 8s] (a pair of Nines)
GO99APE: mucks hand
BigYelloFish collected $35.50 from pot
*** SUMMARY ***
Total pot $36 | Rake $0.50
Board [3c 5h 6s Jh 9s]
Seat 1: BigYelloFish (big blind) showed [9h 8s] and won ($35.50) with a pair of Nines
Seat 2: GO99APE (button) (small blind) mucked


PokerStars Hand #145976299844:  Hold'em Limit ($3/$6 USD) - 2015/12/26 19:43:07 ET
Table 'Nerina II' 2-max Seat #1 is the button
Seat 1: BigYelloFish ($187.28 in chips)
Seat 2: GO99APE ($297.59 in chips)
BigYelloFish: posts small blind $1
GO99APE: posts big blind $3
*** HOLE CARDS ***
BigYelloFish: raises $3 to $6
GO99APE: calls $3
*** FLOP *** [9d 2h 4c]
GO99APE: checks
BigYelloFish: bets $3
GO99APE: calls $3
*** TURN *** [9d 2h 4c] [4s]
GO99APE: checks
BigYelloFish: bets $6
GO99APE: calls $6
*** RIVER *** [9d 2h 4c 4s] [Kd]
GO99APE: checks
BigYelloFish: checks
*** SHOW DOWN ***
GO99APE: shows [Ac 5h] (a pair of Fours)
BigYelloFish: mucks hand
GO99APE collected $29.50 from pot
*** SUMMARY ***
Total pot $30 | Rake $0.50
Board [9d 2h 4c 4s Kd]
Seat 1: BigYelloFish (button) (small blind) mucked
Seat 2: GO99APE (big blind) showed [Ac 5h] and won ($29.50) with a pair of Fours


PokerStars Hand #145976297093:  Hold'em Limit ($3/$6 USD) - 2015/12/26 19:43:02 ET
Table 'Nerina II' 2-max Seat #2 is the button
Seat 1: BigYelloFish ($186.28 in chips)
Seat 2: GO99APE ($298.59 in chips)
GO99APE: posts small blind $1
BigYelloFish: posts big blind $3
*** HOLE CARDS ***
GO99APE: folds
Uncalled bet ($2) returned to BigYelloFish
BigYelloFish collected $2 from pot
BigYelloFish: doesn't show hand
*** SUMMARY ***
Total pot $2 | Rake $0
Seat 1: BigYelloFish (big blind) collected ($2)
Seat 2: GO99APE (button) (small blind) folded before Flop


PokerStars Hand #145976291411:  Hold'em Limit ($3/$6 USD) - 2015/12/26 19:42:54 ET
Table 'Nerina II' 2-max Seat #1 is the button
Seat 1: BigYelloFish ($180.52 in chips)
Seat 2: GO99APE ($304.59 in chips)
BigYelloFish: posts small blind $1
GO99APE: posts big blind $3
*** HOLE CARDS ***
BigYelloFish: raises $3 to $6
GO99APE: calls $3
*** FLOP *** [2d 6d 8h]
GO99APE: checks
BigYelloFish: bets $3
GO99APE: folds
Uncalled bet ($3) returned to BigYelloFish
BigYelloFish collected $11.76 from pot
BigYelloFish: doesn't show hand
*** SUMMARY ***
Total pot $12 | Rake $0.24
Board [2d 6d 8h]
Seat 1: BigYelloFish (button) (small blind) collected ($11.76)
Seat 2: GO99APE (big blind) folded on the Flop


PokerStars Hand #145976283897:  Hold'em Limit ($3/$6 USD) - 2015/12/26 19:42:42 ET
Table 'Nerina II' 2-max Seat #2 is the button
Seat 1: BigYelloFish ($157.02 in chips)
Seat 2: GO99APE ($328.59 in chips)
GO99APE: posts small blind $1
BigYelloFish: posts big blind $3
*** HOLE CARDS ***
GO99APE: raises $3 to $6
BigYelloFish: raises $3 to $9
GO99APE: calls $3
*** FLOP *** [Td Jc 8d]
BigYelloFish: bets $3
GO99APE: calls $3
*** TURN *** [Td Jc 8d] [9c]
BigYelloFish: bets $6
GO99APE: calls $6
*** RIVER *** [Td Jc 8d 9c] [2d]
BigYelloFish: bets $6
GO99APE: calls $6
*** SHOW DOWN ***
BigYelloFish: shows [Qh Tc] (a straight, Eight to Queen)
GO99APE: mucks hand
BigYelloFish collected $47.50 from pot
*** SUMMARY ***
Total pot $48 | Rake $0.50
Board [Td Jc 8d 9c 2d]
Seat 1: BigYelloFish (big blind) showed [Qh Tc] and won ($47.50) with a straight, Eight to Queen
Seat 2: GO99APE (button) (small blind) mucked


PokerStars Hand #145976266162:  Hold'em Limit ($3/$6 USD) - 2015/12/26 19:42:15 ET
Table 'Nerina II' 2-max Seat #2 is the button
Seat 1: BigYelloFish ($133.77 in chips)
Seat 2: GO99APE ($352.84 in chips)
GO99APE: posts small blind $1
BigYelloFish: posts big blind $3
*** HOLE CARDS ***
GO99APE: raises $3 to $6
BigYelloFish: calls $3
*** FLOP *** [2h Ts 5h]
BigYelloFish: checks
GO99APE: checks
*** TURN *** [2h Ts 5h] [8s]
BigYelloFish: checks
GO99APE: bets $6
BigYelloFish: calls $6
*** RIVER *** [2h Ts 5h 8s] [Js]
BigYelloFish: checks
GO99APE: bets $6
BigYelloFish: raises $6 to $12
GO99APE: calls $6
*** SHOW DOWN ***
BigYelloFish: shows [7c 9h] (a straight, Seven to Jack)
GO99APE: mucks hand
BigYelloFish collected $47.50 from pot
*** SUMMARY ***
Total pot $48 | Rake $0.50
Board [2h Ts 5h 8s Js]
Seat 1: BigYelloFish (big blind) showed [7c 9h] and won ($47.50) with a straight, Seven to Jack
Seat 2: GO99APE (button) (small blind) mucked


PokerStars Hand #145976275127:  Hold'em Limit ($3/$6 USD) - 2015/12/26 19:42:29 ET
Table 'Nerina II' 2-max Seat #1 is the button
Seat 1: BigYelloFish ($157.27 in chips)
Seat 2: GO99APE ($328.84 in chips)
BigYelloFish: posts small blind $1
GO99APE: posts big blind $3
*** HOLE CARDS ***
BigYelloFish: raises $3 to $6
GO99APE: calls $3
*** FLOP *** [Jd Jc Qs]
GO99APE: checks
BigYelloFish: bets $3
GO99APE: calls $3
*** TURN *** [Jd Jc Qs] [2s]
GO99APE: checks
BigYelloFish: checks
*** RIVER *** [Jd Jc Qs 2s] [Qh]
GO99APE: checks
BigYelloFish: bets $6
GO99APE: calls $6
*** SHOW DOWN ***
BigYelloFish: shows [Kd 9d] (two pair, Queens and Jacks)
GO99APE: shows [Kc 7d] (two pair, Queens and Jacks)
GO99APE collected $14.75 from pot
BigYelloFish collected $14.75 from pot
*** SUMMARY ***
Total pot $30 | Rake $0.50
Board [Jd Jc Qs 2s Qh]
Seat 1: BigYelloFish (button) (small blind) showed [Kd 9d] and won ($14.75) with two pair, Queens and Jacks
Seat 2: GO99APE (big blind) showed [Kc 7d] and won ($14.75) with two pair, Queens and Jacks


PokerStars Hand #145976309957:  Hold'em Limit ($3/$6 USD) - 2015/12/26 19:43:22 ET
Table 'Nerina II' 2-max Seat #2 is the button
Seat 1: BigYelloFish ($172.28 in chips)
Seat 2: GO99APE ($312.09 in chips)
GO99APE: posts small blind $1
BigYelloFish: posts big blind $3
*** HOLE CARDS ***
GO99APE: calls $2
BigYelloFish: checks
*** FLOP *** [6c Ah 7s]
BigYelloFish: checks
GO99APE: bets $3
BigYelloFish: calls $3
*** TURN *** [6c Ah 7s] [7d]
BigYelloFish: checks
GO99APE: bets $6
BigYelloFish: calls $6
*** RIVER *** [6c Ah 7s 7d] [3h]
BigYelloFish: checks
GO99APE: checks
*** SHOW DOWN ***
BigYelloFish: shows [5c 8c] (a pair of Sevens)
GO99APE: shows [2c Qs] (a pair of Sevens - Ace+Queen kicker)
GO99APE collected $23.52 from pot
*** SUMMARY ***
Total pot $24 | Rake $0.48
Board [6c Ah 7s 7d 3h]
Seat 1: BigYelloFish (big blind) showed [5c 8c] and lost with a pair of Sevens
Seat 2: GO99APE (button) (small blind) showed [2c Qs] and won ($23.52) with a pair of Sevens


