PokerStars Hand #171809983028:  Hold'em Limit ($3/$6 USD) - 2017/06/15 13:23:24 ET
Table 'Nerina II' 6-max Seat #2 is the button
Seat 1: Auge72 ($120 in chips)
Seat 2: vestimokrec ($120 in chips)
vestimokrec: posts small blind $1
Agrotait: is sitting out
Auge72: posts big blind $3
*** HOLE CARDS ***
vestimokrec: raises $3 to $6
Auge72: folds
Uncalled bet ($3) returned to vestimokrec
vestimokrec collected $6 from pot
vestimokrec: doesn't show hand
*** SUMMARY ***
Total pot $6 | Rake $0
Seat 1: Auge72 (big blind) folded before Flop
Seat 2: vestimokrec (button) (small blind) collected ($6)


PokerStars Hand #171810025273:  Hold'em Limit ($3/$6 USD) - 2017/06/15 13:24:22 ET
Table 'Nerina II' 6-max Seat #2 is the button
Seat 1: Auge72 ($128.52 in chips)
Seat 2: vestimokrec ($111 in chips)
vestimokrec: posts small blind $1
Auge72: posts big blind $3
*** HOLE CARDS ***
vestimokrec: raises $3 to $6
Auge72: folds
Uncalled bet ($3) returned to vestimokrec
vestimokrec collected $6 from pot
vestimokrec: doesn't show hand
*** SUMMARY ***
Total pot $6 | Rake $0
Seat 1: Auge72 (big blind) folded before Flop
Seat 2: vestimokrec (button) (small blind) collected ($6)


PokerStars Hand #171809994809:  Hold'em Limit ($3/$6 USD) - 2017/06/15 13:23:40 ET
Table 'Nerina II' 6-max Seat #1 is the button
Seat 1: Auge72 ($117 in chips)
Seat 2: vestimokrec ($123 in chips)
Auge72: posts small blind $1
vestimokrec: posts big blind $3
*** HOLE CARDS ***
Auge72: raises $3 to $6
vestimokrec: calls $3
*** FLOP *** [2c 2s 3s]
vestimokrec: checks
Auge72: checks
*** TURN *** [2c 2s 3s] [2h]
vestimokrec: checks
Auge72: checks
*** RIVER *** [2c 2s 3s 2h] [Kc]
vestimokrec: bets $6
Auge72: raises $6 to $12
vestimokrec: folds
Uncalled bet ($6) returned to Auge72
Auge72 collected $23.52 from pot
Auge72: doesn't show hand
*** SUMMARY ***
Total pot $24 | Rake $0.48
Board [2c 2s 3s 2h Kc]
Seat 1: Auge72 (button) (small blind) collected ($23.52)
Seat 2: vestimokrec (big blind) folded on the River


PokerStars Hand #171810052360:  Hold'em Limit ($3/$6 USD) - 2017/06/15 13:24:59 ET
Table 'Nerina II' 6-max Seat #3 is the button
Seat 3: popesxxx ($31 in chips)
Seat 4: Agrotait ($71 in chips)
popesxxx: posts small blind $1
Agrotait: posts big blind $3
*** HOLE CARDS ***
vestimokrec joins the table at seat #5
popesxxx: raises $3 to $6
Agrotait: raises $3 to $9
popesxxx: calls $3
*** FLOP *** [2h 4s Qh]
Agrotait: bets $3
popesxxx: calls $3
*** TURN *** [2h 4s Qh] [5c]
Agrotait: checks
popesxxx: checks
*** RIVER *** [2h 4s Qh 5c] [Ac]
Agrotait: bets $6
popesxxx: folds
Uncalled bet ($6) returned to Agrotait
Agrotait collected $23.52 from pot
Agrotait: doesn't show hand
*** SUMMARY ***
Total pot $24 | Rake $0.48
Board [2h 4s Qh 5c Ac]
Seat 3: popesxxx (button) (small blind) folded on the River
Seat 4: Agrotait (big blind) collected ($23.52)


PokerStars Hand #171810041630:  Hold'em Limit ($3/$6 USD) - 2017/06/15 13:24:44 ET
Table 'Nerina II' 6-max Seat #4 is the button
Seat 3: popesxxx ($30 in chips)
Seat 4: Agrotait ($72 in chips)
Agrotait: posts small blind $1
vestimokrec: is sitting out
vestimokrec leaves the table
popesxxx: posts big blind $3
*** HOLE CARDS ***
Agrotait: folds
Uncalled bet ($2) returned to popesxxx
popesxxx collected $2 from pot
*** SUMMARY ***
Total pot $2 | Rake $0
Seat 3: popesxxx (big blind) collected ($2)
Seat 4: Agrotait (button) (small blind) folded before Flop


PokerStars Hand #171810108798:  Hold'em Limit ($3/$6 USD) - 2017/06/15 13:26:16 ET
Table 'Nerina II' 6-max Seat #4 is the button
Seat 3: popesxxx ($35.81 in chips)
Seat 4: Agrotait ($106.20 in chips)
Agrotait: posts small blind $1
vestimokrec: is sitting out
popesxxx: posts big blind $3
*** HOLE CARDS ***
Agrotait: raises $3 to $6
popesxxx: raises $3 to $9
Agrotait: calls $3
*** FLOP *** [6c 9h 9d]
popesxxx: checks
Agrotait: checks
*** TURN *** [6c 9h 9d] [Th]
popesxxx: checks
Agrotait: bets $6
popesxxx: calls $6
*** RIVER *** [6c 9h 9d Th] [2s]
popesxxx: bets $6
Agrotait: raises $6 to $12
popesxxx: calls $6
*** SHOW DOWN ***
Agrotait: shows [8s 7h] (a straight, Six to Ten)
popesxxx: mucks hand
Agrotait collected $53.50 from pot
*** SUMMARY ***
Total pot $54 | Rake $0.50
Board [6c 9h 9d Th 2s]
Seat 3: popesxxx (big blind) mucked
Seat 4: Agrotait (button) (small blind) showed [8s 7h] and won ($53.50) with a straight, Six to Ten


PokerStars Hand #171810150367:  Hold'em Limit ($3/$6 USD) - 2017/06/15 13:27:13 ET
Table 'Nerina II' 6-max Seat #5 is the button
Seat 4: Agrotait ($140.16 in chips)
Seat 5: vestimokrec ($115 in chips)
vestimokrec: posts small blind $1
Agrotait: posts big blind $3
*** HOLE CARDS ***
vestimokrec: folds
Uncalled bet ($2) returned to Agrotait
Agrotait collected $2 from pot
Agrotait: doesn't show hand
*** SUMMARY ***
Total pot $2 | Rake $0
Seat 4: Agrotait (big blind) collected ($2)
Seat 5: vestimokrec (button) (small blind) folded before Flop


PokerStars Hand #171810140574:  Hold'em Limit ($3/$6 USD) - 2017/06/15 13:27:00 ET
Table 'Nerina II' 6-max Seat #4 is the button
Seat 4: Agrotait ($141.16 in chips)
Seat 5: vestimokrec ($114 in chips)
Agrotait: posts small blind $1
vestimokrec: posts big blind $3
*** HOLE CARDS ***
popesxxx leaves the table
Agrotait: folds
Uncalled bet ($2) returned to vestimokrec
vestimokrec collected $2 from pot
vestimokrec: doesn't show hand
*** SUMMARY ***
Total pot $2 | Rake $0
Seat 4: Agrotait (button) (small blind) folded before Flop
Seat 5: vestimokrec (big blind) collected ($2)


PokerStars Hand #171810130291:  Hold'em Limit ($3/$6 USD) - 2017/06/15 13:26:46 ET
Table 'Nerina II' 6-max Seat #3 is the button
Seat 3: popesxxx ($8.81 in chips)
Seat 4: Agrotait ($132.70 in chips)
popesxxx: posts small blind $1
Agrotait: posts big blind $3
*** HOLE CARDS ***
popesxxx: raises $3 to $6
Agrotait: raises $3 to $9
popesxxx: calls $2.81 and is all-in
Uncalled bet ($0.19) returned to Agrotait
*** FLOP *** [9h Kh 3h]
*** TURN *** [9h Kh 3h] [3c]
*** RIVER *** [9h Kh 3h 3c] [7c]
*** SHOW DOWN ***
Agrotait: shows [9d Ks] (two pair, Kings and Nines)
popesxxx: shows [Kc Qs] (two pair, Kings and Threes)
Agrotait collected $17.27 from pot
*** SUMMARY ***
Total pot $17.62 | Rake $0.35
Board [9h Kh 3h 3c 7c]
Seat 3: popesxxx (button) (small blind) showed [Kc Qs] and lost with two pair, Kings and Threes
Seat 4: Agrotait (big blind) showed [9d Ks] and won ($17.27) with two pair, Kings and Nines


