PokerStars Hand #145973378964:  Hold'em Limit ($3/$6 USD) - 2015/12/26 18:36:06 ET
Table 'Nerina II' 2-max Seat #1 is the button
Seat 1: BigYelloFish ($105.50 in chips)
Seat 2: GO99APE ($103.02 in chips)
BigYelloFish: posts small blind $1
GO99APE: posts big blind $3
*** HOLE CARDS ***
BigYelloFish: folds
Uncalled bet ($2) returned to GO99APE
GO99APE collected $2 from pot
GO99APE: doesn't show hand
*** SUMMARY ***
Total pot $2 | Rake $0
Seat 1: BigYelloFish (button) (small blind) folded before Flop
Seat 2: GO99APE (big blind) collected ($2)


PokerStars Hand #145973367671:  Hold'em Limit ($3/$6 USD) - 2015/12/26 18:35:52 ET
Table 'Nerina II' 2-max Seat #2 is the button
Seat 1: BigYelloFish ($120.50 in chips)
Seat 2: GO99APE ($88.52 in chips)
GO99APE: posts small blind $1
BigYelloFish: posts big blind $3
*** HOLE CARDS ***
GO99APE: raises $3 to $6
BigYelloFish: calls $3
*** FLOP *** [Ts 2s Qh]
BigYelloFish: checks
GO99APE: bets $3
BigYelloFish: calls $3
*** TURN *** [Ts 2s Qh] [As]
BigYelloFish: checks
GO99APE: bets $6
BigYelloFish: calls $6
*** RIVER *** [Ts 2s Qh As] [7d]
BigYelloFish: checks
GO99APE: bets $6
BigYelloFish: folds
Uncalled bet ($6) returned to GO99APE
GO99APE collected $29.50 from pot
GO99APE: doesn't show hand
*** SUMMARY ***
Total pot $30 | Rake $0.50
Board [Ts 2s Qh As 7d]
Seat 1: BigYelloFish (big blind) folded on the River
Seat 2: GO99APE (button) (small blind) collected ($29.50)


PokerStars Hand #145973352017:  Hold'em Limit ($3/$6 USD) - 2015/12/26 18:35:33 ET
Table 'Nerina II' 2-max Seat #1 is the button
Seat 1: BigYelloFish ($132.50 in chips)
Seat 2: GO99APE ($77 in chips)
BigYelloFish: posts small blind $1
GO99APE: posts big blind $3
*** HOLE CARDS ***
BigYelloFish: raises $3 to $6
GO99APE: raises $3 to $9
BigYelloFish: calls $3
*** FLOP *** [8c 3s 9d]
GO99APE: bets $3
BigYelloFish: calls $3
*** TURN *** [8c 3s 9d] [2d]
GO99APE: bets $6
BigYelloFish: folds
Uncalled bet ($6) returned to GO99APE
GO99APE collected $23.52 from pot
GO99APE: doesn't show hand
*** SUMMARY ***
Total pot $24 | Rake $0.48
Board [8c 3s 9d 2d]
Seat 1: BigYelloFish (button) (small blind) folded on the Turn
Seat 2: GO99APE (big blind) collected ($23.52)


PokerStars Hand #145973348109:  Hold'em Limit ($3/$6 USD) - 2015/12/26 18:35:28 ET
Table 'Nerina II' 2-max Seat #2 is the button
Seat 1: BigYelloFish ($131.50 in chips)
Seat 2: GO99APE ($78 in chips)
GO99APE: posts small blind $1
BigYelloFish: posts big blind $3
*** HOLE CARDS ***
GO99APE: folds
Uncalled bet ($2) returned to BigYelloFish
BigYelloFish collected $2 from pot
BigYelloFish: doesn't show hand
*** SUMMARY ***
Total pot $2 | Rake $0
Seat 1: BigYelloFish (big blind) collected ($2)
Seat 2: GO99APE (button) (small blind) folded before Flop


PokerStars Hand #145973403385:  Hold'em Limit ($3/$6 USD) - 2015/12/26 18:36:36 ET
Table 'Nerina II' 2-max Seat #2 is the button
Seat 1: BigYelloFish ($120.14 in chips)
Seat 2: GO99APE ($88.02 in chips)
GO99APE: posts small blind $1
BigYelloFish: posts big blind $3
*** HOLE CARDS ***
GO99APE: raises $3 to $6
BigYelloFish: calls $3
*** FLOP *** [Td 7c 6s]
BigYelloFish: checks
GO99APE: bets $3
BigYelloFish: calls $3
*** TURN *** [Td 7c 6s] [2s]
BigYelloFish: checks
GO99APE: bets $6
BigYelloFish: raises $6 to $12
GO99APE: calls $6
*** RIVER *** [Td 7c 6s 2s] [7d]
BigYelloFish: bets $6
GO99APE: raises $6 to $12
BigYelloFish: folds
Uncalled bet ($6) returned to GO99APE
GO99APE collected $53.50 from pot
GO99APE: doesn't show hand
*** SUMMARY ***
Total pot $54 | Rake $0.50
Board [Td 7c 6s 2s 7d]
Seat 1: BigYelloFish (big blind) folded on the River
Seat 2: GO99APE (button) (small blind) collected ($53.50)


PokerStars Hand #145973396850:  Hold'em Limit ($3/$6 USD) - 2015/12/26 18:36:28 ET
Table 'Nerina II' 2-max Seat #1 is the button
Seat 1: BigYelloFish ($117.14 in chips)
Seat 2: GO99APE ($91.02 in chips)
BigYelloFish: posts small blind $1
GO99APE: posts big blind $3
*** HOLE CARDS ***
BigYelloFish: raises $3 to $6
GO99APE: folds
Uncalled bet ($3) returned to BigYelloFish
BigYelloFish collected $6 from pot
BigYelloFish: doesn't show hand
*** SUMMARY ***
Total pot $6 | Rake $0
Seat 1: BigYelloFish (button) (small blind) collected ($6)
Seat 2: GO99APE (big blind) folded before Flop


PokerStars Hand #145973389971:  Hold'em Limit ($3/$6 USD) - 2015/12/26 18:36:19 ET
Table 'Nerina II' 2-max Seat #2 is the button
Seat 1: BigYelloFish ($108.50 in chips)
Seat 2: GO99APE ($100.02 in chips)
GO99APE: posts small blind $1
BigYelloFish: posts big blind $3
*** HOLE CARDS ***
GO99APE: raises $3 to $6
BigYelloFish: raises $3 to $9
GO99APE: calls $3
*** FLOP *** [7d Kc Jd]
BigYelloFish: bets $3
GO99APE: folds
Uncalled bet ($3) returned to BigYelloFish
BigYelloFish collected $17.64 from pot
BigYelloFish: doesn't show hand
*** SUMMARY ***
Total pot $18 | Rake $0.36
Board [7d Kc Jd]
Seat 1: BigYelloFish (big blind) collected ($17.64)
Seat 2: GO99APE (button) (small blind) folded on the Flop


PokerStars Hand #145973385955:  Hold'em Limit ($3/$6 USD) - 2015/12/26 18:36:14 ET
Table 'Nerina II' 2-max Seat #1 is the button
Seat 1: BigYelloFish ($105.50 in chips)
Seat 2: GO99APE ($103.02 in chips)
BigYelloFish: posts small blind $1
GO99APE: posts big blind $3
*** HOLE CARDS ***
BigYelloFish: raises $3 to $6
GO99APE: folds
Uncalled bet ($3) returned to BigYelloFish
BigYelloFish collected $6 from pot
BigYelloFish: doesn't show hand
*** SUMMARY ***
Total pot $6 | Rake $0
Seat 1: BigYelloFish (button) (small blind) collected ($6)
Seat 2: GO99APE (big blind) folded before Flop


PokerStars Hand #145973382580:  Hold'em Limit ($3/$6 USD) - 2015/12/26 18:36:10 ET
Table 'Nerina II' 2-max Seat #2 is the button
Seat 1: BigYelloFish ($104.50 in chips)
Seat 2: GO99APE ($104.02 in chips)
GO99APE: posts small blind $1
BigYelloFish: posts big blind $3
*** HOLE CARDS ***
GO99APE: folds
Uncalled bet ($2) returned to BigYelloFish
BigYelloFish collected $2 from pot
BigYelloFish: doesn't show hand
*** SUMMARY ***
Total pot $2 | Rake $0
Seat 1: BigYelloFish (big blind) collected ($2)
Seat 2: GO99APE (button) (small blind) folded before Flop


PokerStars Hand #145973477894:  Hold'em Limit ($3/$6 USD) - 2015/12/26 18:38:07 ET
Table 'Nerina II' 2-max Seat #1 is the button
Seat 1: BigYelloFish ($81.64 in chips)
Seat 2: GO99APE ($124.52 in chips)
BigYelloFish: posts small blind $1
GO99APE: posts big blind $3
*** HOLE CARDS ***
BigYelloFish: raises $3 to $6
GO99APE: folds
Uncalled bet ($3) returned to BigYelloFish
BigYelloFish collected $6 from pot
BigYelloFish: doesn't show hand
*** SUMMARY ***
Total pot $6 | Rake $0
Seat 1: BigYelloFish (button) (small blind) collected ($6)
Seat 2: GO99APE (big blind) folded before Flop


PokerStars Hand #145973474451:  Hold'em Limit ($3/$6 USD) - 2015/12/26 18:38:03 ET
Table 'Nerina II' 2-max Seat #2 is the button
Seat 1: BigYelloFish ($80.64 in chips)
Seat 2: GO99APE ($125.52 in chips)
GO99APE: posts small blind $1
BigYelloFish: posts big blind $3
*** HOLE CARDS ***
GO99APE: folds
Uncalled bet ($2) returned to BigYelloFish
BigYelloFish collected $2 from pot
BigYelloFish: doesn't show hand
*** SUMMARY ***
Total pot $2 | Rake $0
Seat 1: BigYelloFish (big blind) collected ($2)
Seat 2: GO99APE (button) (small blind) folded before Flop


PokerStars Hand #145973458687:  Hold'em Limit ($3/$6 USD) - 2015/12/26 18:37:43 ET
Table 'Nerina II' 2-max Seat #1 is the button
Seat 1: BigYelloFish ($98.64 in chips)
Seat 2: GO99APE ($108.02 in chips)
BigYelloFish: posts small blind $1
GO99APE: posts big blind $3
*** HOLE CARDS ***
BigYelloFish: raises $3 to $6
GO99APE: calls $3
*** FLOP *** [6d 7h Ac]
GO99APE: checks
BigYelloFish: bets $3
GO99APE: raises $3 to $6
BigYelloFish: calls $3
*** TURN *** [6d 7h Ac] [Kh]
GO99APE: bets $6
BigYelloFish: calls $6
*** RIVER *** [6d 7h Ac Kh] [6s]
GO99APE: bets $6
BigYelloFish: folds
Uncalled bet ($6) returned to GO99APE
GO99APE collected $35.50 from pot
GO99APE: doesn't show hand
*** SUMMARY ***
Total pot $36 | Rake $0.50
Board [6d 7h Ac Kh 6s]
Seat 1: BigYelloFish (button) (small blind) folded on the River
Seat 2: GO99APE (big blind) collected ($35.50)


PokerStars Hand #145973441390:  Hold'em Limit ($3/$6 USD) - 2015/12/26 18:37:22 ET
Table 'Nerina II' 2-max Seat #2 is the button
Seat 1: BigYelloFish ($69.14 in chips)
Seat 2: GO99APE ($138.02 in chips)
GO99APE: posts small blind $1
BigYelloFish: posts big blind $3
*** HOLE CARDS ***
GO99APE: raises $3 to $6
BigYelloFish: raises $3 to $9
GO99APE: calls $3
*** FLOP *** [6d 2c Kh]
BigYelloFish: bets $3
GO99APE: calls $3
*** TURN *** [6d 2c Kh] [3s]
BigYelloFish: checks
GO99APE: bets $6
BigYelloFish: raises $6 to $12
GO99APE: calls $6
*** RIVER *** [6d 2c Kh 3s] [9c]
BigYelloFish: bets $6
GO99APE: calls $6
*** SHOW DOWN ***
BigYelloFish: shows [Kd As] (a pair of Kings)
GO99APE: mucks hand
BigYelloFish collected $59.50 from pot
*** SUMMARY ***
Total pot $60 | Rake $0.50
Board [6d 2c Kh 3s 9c]
Seat 1: BigYelloFish (big blind) showed [Kd As] and won ($59.50) with a pair of Kings
Seat 2: GO99APE (button) (small blind) mucked


PokerStars Hand #145973425635:  Hold'em Limit ($3/$6 USD) - 2015/12/26 18:37:03 ET
Table 'Nerina II' 2-max Seat #1 is the button
Seat 1: BigYelloFish ($93.14 in chips)
Seat 2: GO99APE ($114.52 in chips)
BigYelloFish: posts small blind $1
GO99APE: posts big blind $3
*** HOLE CARDS ***
BigYelloFish: raises $3 to $6
GO99APE: raises $3 to $9
BigYelloFish: calls $3
*** FLOP *** [3h Ad Qh]
GO99APE: bets $3
BigYelloFish: calls $3
*** TURN *** [3h Ad Qh] [Th]
GO99APE: bets $6
BigYelloFish: calls $6
*** RIVER *** [3h Ad Qh Th] [7s]
GO99APE: bets $6
BigYelloFish: calls $6
*** SHOW DOWN ***
GO99APE: shows [Qd Ah] (two pair, Aces and Queens)
BigYelloFish: mucks hand
GO99APE collected $47.50 from pot
*** SUMMARY ***
Total pot $48 | Rake $0.50
Board [3h Ad Qh Th 7s]
Seat 1: BigYelloFish (button) (small blind) mucked
Seat 2: GO99APE (big blind) showed [Qd Ah] and won ($47.50) with two pair, Aces and Queens


PokerStars Hand #145973506560:  Hold'em Limit ($3/$6 USD) - 2015/12/26 18:38:42 ET
Table 'Nerina II' 2-max Seat #2 is the button
Seat 1: BigYelloFish ($105.14 in chips)
Seat 2: GO99APE ($100.04 in chips)
GO99APE: posts small blind $1
BigYelloFish: posts big blind $3
*** HOLE CARDS ***
GO99APE: raises $3 to $6
BigYelloFish: raises $3 to $9
GO99APE: calls $3
*** FLOP *** [5c Tc Ac]
BigYelloFish: bets $3
GO99APE: calls $3
*** TURN *** [5c Tc Ac] [Ks]
BigYelloFish: bets $6
GO99APE: calls $6
*** RIVER *** [5c Tc Ac Ks] [6c]
BigYelloFish: checks
GO99APE: bets $6
BigYelloFish: folds
Uncalled bet ($6) returned to GO99APE
GO99APE collected $35.50 from pot
GO99APE: doesn't show hand
*** SUMMARY ***
Total pot $36 | Rake $0.50
Board [5c Tc Ac Ks 6c]
Seat 1: BigYelloFish (big blind) folded on the River
Seat 2: GO99APE (button) (small blind) collected ($35.50)


PokerStars Hand #145973494565:  Hold'em Limit ($3/$6 USD) - 2015/12/26 18:38:27 ET
Table 'Nerina II' 2-max Seat #1 is the button
Seat 1: BigYelloFish ($117.14 in chips)
Seat 2: GO99APE ($88.52 in chips)
BigYelloFish: posts small blind $1
GO99APE: posts big blind $3
*** HOLE CARDS ***
BigYelloFish: raises $3 to $6
GO99APE: raises $3 to $9
BigYelloFish: calls $3
*** FLOP *** [6d 3h 2c]
GO99APE: bets $3
BigYelloFish: calls $3
*** TURN *** [6d 3h 2c] [Tc]
GO99APE: bets $6
BigYelloFish: folds
Uncalled bet ($6) returned to GO99APE
GO99APE collected $23.52 from pot
GO99APE: doesn't show hand
*** SUMMARY ***
Total pot $24 | Rake $0.48
Board [6d 3h 2c Tc]
Seat 1: BigYelloFish (button) (small blind) folded on the Turn
Seat 2: GO99APE (big blind) collected ($23.52)


PokerStars Hand #145973481770:  Hold'em Limit ($3/$6 USD) - 2015/12/26 18:38:12 ET
Table 'Nerina II' 2-max Seat #2 is the button
Seat 1: BigYelloFish ($84.64 in chips)
Seat 2: GO99APE ($121.52 in chips)
GO99APE: posts small blind $1
BigYelloFish: posts big blind $3
*** HOLE CARDS ***
GO99APE: raises $3 to $6
BigYelloFish: raises $3 to $9
GO99APE: raises $3 to $12
Betting is capped
BigYelloFish: calls $3
*** FLOP *** [8c 6s 7c]
BigYelloFish: checks
GO99APE: bets $3
BigYelloFish: calls $3
*** TURN *** [8c 6s 7c] [5h]
BigYelloFish: checks
GO99APE: bets $6
BigYelloFish: raises $6 to $12
GO99APE: calls $6
*** RIVER *** [8c 6s 7c 5h] [2s]
BigYelloFish: bets $6
GO99APE: calls $6
*** SHOW DOWN ***
BigYelloFish: shows [4h 4s] (a straight, Four to Eight)
GO99APE: mucks hand
BigYelloFish collected $65.50 from pot
*** SUMMARY ***
Total pot $66 | Rake $0.50
Board [8c 6s 7c 5h 2s]
Seat 1: BigYelloFish (big blind) showed [4h 4s] and won ($65.50) with a straight, Four to Eight
Seat 2: GO99APE (button) (small blind) mucked


PokerStars Hand #145973572006:  Hold'em Limit ($3/$6 USD) - 2015/12/26 18:40:03 ET
Table 'Nerina II' 2-max Seat #2 is the button
Seat 1: BigYelloFish ($134.64 in chips)
Seat 2: GO99APE ($128.68 in chips)
GO99APE: posts small blind $1
BigYelloFish: posts big blind $3
*** HOLE CARDS ***
GO99APE: folds
Uncalled bet ($2) returned to BigYelloFish
BigYelloFish collected $2 from pot
BigYelloFish: doesn't show hand
*** SUMMARY ***
Total pot $2 | Rake $0
Seat 1: BigYelloFish (big blind) collected ($2)
Seat 2: GO99APE (button) (small blind) folded before Flop


PokerStars Hand #145973556580:  Hold'em Limit ($3/$6 USD) - 2015/12/26 18:39:44 ET
Table 'Nerina II' 2-max Seat #1 is the button
Seat 1: BigYelloFish ($143.64 in chips)
Seat 2: GO99APE ($120.04 in chips)
BigYelloFish: posts small blind $1
GO99APE: posts big blind $3
*** HOLE CARDS ***
BigYelloFish: raises $3 to $6
GO99APE: calls $3
*** FLOP *** [9h 8h Ah]
GO99APE: checks
BigYelloFish: bets $3
GO99APE: calls $3
*** TURN *** [9h 8h Ah] [2c]
GO99APE: checks
BigYelloFish: checks
*** RIVER *** [9h 8h Ah 2c] [7s]
GO99APE: bets $6
BigYelloFish: folds
Uncalled bet ($6) returned to GO99APE
GO99APE collected $17.64 from pot
GO99APE: doesn't show hand
*** SUMMARY ***
Total pot $18 | Rake $0.36
Board [9h 8h Ah 2c 7s]
Seat 1: BigYelloFish (button) (small blind) folded on the River
Seat 2: GO99APE (big blind) collected ($17.64)


PokerStars Hand #145973544575:  Hold'em Limit ($3/$6 USD) - 2015/12/26 18:39:29 ET
Table 'Nerina II' 2-max Seat #2 is the button
Seat 1: BigYelloFish ($66.14 in chips)
Seat 2: GO99APE ($138.04 in chips)
GO99APE: posts small blind $1
BigYelloFish: posts big blind $3
*** HOLE CARDS ***
GO99APE: raises $3 to $6
BigYelloFish: calls $3
*** FLOP *** [3s 3h Ks]
BigYelloFish: checks
GO99APE: checks
*** TURN *** [3s 3h Ks] [Qd]
BigYelloFish: bets $6
GO99APE: raises $6 to $12
BigYelloFish: raises $6 to $18
GO99APE: folds
Uncalled bet ($6) returned to BigYelloFish
BigYelloFish collected $35.50 from pot
BigYelloFish: doesn't show hand
*** SUMMARY ***
Total pot $36 | Rake $0.50
Board [3s 3h Ks Qd]
Seat 1: BigYelloFish (big blind) collected ($35.50)
Seat 2: GO99APE (button) (small blind) folded on the Turn


PokerStars Hand #145973540988:  Hold'em Limit ($3/$6 USD) - 2015/12/26 18:39:25 ET
Table 'Nerina II' 2-max Seat #1 is the button
Seat 1: BigYelloFish ($67.14 in chips)
Seat 2: GO99APE ($137.04 in chips)
BigYelloFish: posts small blind $1
GO99APE: posts big blind $3
*** HOLE CARDS ***
BigYelloFish: folds
Uncalled bet ($2) returned to GO99APE
GO99APE collected $2 from pot
GO99APE: doesn't show hand
*** SUMMARY ***
Total pot $2 | Rake $0
Seat 1: BigYelloFish (button) (small blind) folded before Flop
Seat 2: GO99APE (big blind) collected ($2)


PokerStars Hand #145973532791:  Hold'em Limit ($3/$6 USD) - 2015/12/26 18:39:15 ET
Table 'Nerina II' 2-max Seat #2 is the button
Seat 1: BigYelloFish ($66.14 in chips)
Seat 2: GO99APE ($138.04 in chips)
GO99APE: posts small blind $1
BigYelloFish: posts big blind $3
*** HOLE CARDS ***
GO99APE: folds
Uncalled bet ($2) returned to BigYelloFish
BigYelloFish collected $2 from pot
BigYelloFish: doesn't show hand
*** SUMMARY ***
Total pot $2 | Rake $0
Seat 1: BigYelloFish (big blind) collected ($2)
Seat 2: GO99APE (button) (small blind) folded before Flop


PokerStars Hand #145973519501:  Hold'em Limit ($3/$6 USD) - 2015/12/26 18:38:58 ET
Table 'Nerina II' 2-max Seat #1 is the button
Seat 1: BigYelloFish ($87.14 in chips)
Seat 2: GO99APE ($117.54 in chips)
BigYelloFish: posts small blind $1
GO99APE: posts big blind $3
*** HOLE CARDS ***
BigYelloFish: raises $3 to $6
GO99APE: calls $3
*** FLOP *** [9h 7s 9d]
GO99APE: checks
BigYelloFish: bets $3
GO99APE: calls $3
*** TURN *** [9h 7s 9d] [Ac]
GO99APE: checks
BigYelloFish: bets $6
GO99APE: calls $6
*** RIVER *** [9h 7s 9d Ac] [7c]
GO99APE: bets $6
BigYelloFish: calls $6
*** SHOW DOWN ***
GO99APE: shows [7h Kc] (a full house, Sevens full of Nines)
BigYelloFish: mucks hand
GO99APE collected $41.50 from pot
*** SUMMARY ***
Total pot $42 | Rake $0.50
Board [9h 7s 9d Ac 7c]
Seat 1: BigYelloFish (button) (small blind) mucked
Seat 2: GO99APE (big blind) showed [7h Kc] and won ($41.50) with a full house, Sevens full of Nines


PokerStars Hand #145973613808:  Hold'em Limit ($3/$6 USD) - 2015/12/26 18:40:56 ET
Table 'Nerina II' 2-max Seat #1 is the button
Seat 1: BigYelloFish ($111.28 in chips)
Seat 2: GO99APE ($150.58 in chips)
BigYelloFish: posts small blind $1
GO99APE: posts big blind $3
*** HOLE CARDS ***
BigYelloFish: raises $3 to $6
GO99APE: calls $3
*** FLOP *** [As 4h Ah]
GO99APE: checks
BigYelloFish: bets $3
GO99APE: calls $3
*** TURN *** [As 4h Ah] [7c]
GO99APE: checks
BigYelloFish: checks
*** RIVER *** [As 4h Ah 7c] [7d]
GO99APE: checks
BigYelloFish: checks
*** SHOW DOWN ***
GO99APE: shows [Kh 5h] (two pair, Aces and Sevens)
BigYelloFish: mucks hand
GO99APE collected $17.64 from pot
*** SUMMARY ***
Total pot $18 | Rake $0.36
Board [As 4h Ah 7c 7d]
Seat 1: BigYelloFish (button) (small blind) mucked
Seat 2: GO99APE (big blind) showed [Kh 5h] and won ($17.64) with two pair, Aces and Sevens


PokerStars Hand #145973605613:  Hold'em Limit ($3/$6 USD) - 2015/12/26 18:40:45 ET
Table 'Nerina II' 2-max Seat #2 is the button
Seat 1: BigYelloFish ($117.28 in chips)
Seat 2: GO99APE ($144.82 in chips)
GO99APE: posts small blind $1
BigYelloFish: posts big blind $3
*** HOLE CARDS ***
GO99APE: raises $3 to $6
BigYelloFish: calls $3
*** FLOP *** [Jc 5d 8c]
BigYelloFish: checks
GO99APE: checks
*** TURN *** [Jc 5d 8c] [7d]
BigYelloFish: checks
GO99APE: checks
*** RIVER *** [Jc 5d 8c 7d] [2h]
BigYelloFish: checks
GO99APE: checks
*** SHOW DOWN ***
BigYelloFish: shows [4s Qh] (high card Queen)
GO99APE: shows [2c 9s] (a pair of Deuces)
GO99APE collected $11.76 from pot
*** SUMMARY ***
Total pot $12 | Rake $0.24
Board [Jc 5d 8c 7d 2h]
Seat 1: BigYelloFish (big blind) showed [4s Qh] and lost with high card Queen
Seat 2: GO99APE (button) (small blind) showed [2c 9s] and won ($11.76) with a pair of Deuces


PokerStars Hand #145973596944:  Hold'em Limit ($3/$6 USD) - 2015/12/26 18:40:35 ET
Table 'Nerina II' 2-max Seat #1 is the button
Seat 1: BigYelloFish ($126.28 in chips)
Seat 2: GO99APE ($136.18 in chips)
BigYelloFish: posts small blind $1
GO99APE: posts big blind $3
*** HOLE CARDS ***
BigYelloFish: raises $3 to $6
GO99APE: calls $3
*** FLOP *** [4d 4s 8h]
GO99APE: checks
BigYelloFish: bets $3
GO99APE: raises $3 to $6
BigYelloFish: folds
Uncalled bet ($3) returned to GO99APE
GO99APE collected $17.64 from pot
GO99APE: doesn't show hand
*** SUMMARY ***
Total pot $18 | Rake $0.36
Board [4d 4s 8h]
Seat 1: BigYelloFish (button) (small blind) folded on the Flop
Seat 2: GO99APE (big blind) collected ($17.64)


PokerStars Hand #145973586778:  Hold'em Limit ($3/$6 USD) - 2015/12/26 18:40:22 ET
Table 'Nerina II' 2-max Seat #2 is the button
Seat 1: BigYelloFish ($117.64 in chips)
Seat 2: GO99APE ($145.18 in chips)
GO99APE: posts small blind $1
BigYelloFish: posts big blind $3
*** HOLE CARDS ***
GO99APE: raises $3 to $6
BigYelloFish: calls $3
*** FLOP *** [2s Jh Kd]
BigYelloFish: checks
GO99APE: bets $3
BigYelloFish: calls $3
*** TURN *** [2s Jh Kd] [6s]
BigYelloFish: checks
GO99APE: checks
*** RIVER *** [2s Jh Kd 6s] [2d]
BigYelloFish: bets $6
GO99APE: folds
Uncalled bet ($6) returned to BigYelloFish
BigYelloFish collected $17.64 from pot
BigYelloFish: doesn't show hand
*** SUMMARY ***
Total pot $18 | Rake $0.36
Board [2s Jh Kd 6s 2d]
Seat 1: BigYelloFish (big blind) collected ($17.64)
Seat 2: GO99APE (button) (small blind) folded on the River


PokerStars Hand #145973575679:  Hold'em Limit ($3/$6 USD) - 2015/12/26 18:40:08 ET
Table 'Nerina II' 2-max Seat #1 is the button
Seat 1: BigYelloFish ($135.64 in chips)
Seat 2: GO99APE ($127.68 in chips)
BigYelloFish: posts small blind $1
GO99APE: posts big blind $3
*** HOLE CARDS ***
BigYelloFish: raises $3 to $6
GO99APE: raises $3 to $9
BigYelloFish: calls $3
*** FLOP *** [Jc 7s 6c]
GO99APE: bets $3
BigYelloFish: calls $3
*** TURN *** [Jc 7s 6c] [9s]
GO99APE: bets $6
BigYelloFish: calls $6
*** RIVER *** [Jc 7s 6c 9s] [8h]
GO99APE: bets $6
BigYelloFish: folds
Uncalled bet ($6) returned to GO99APE
GO99APE collected $35.50 from pot
GO99APE: doesn't show hand
*** SUMMARY ***
Total pot $36 | Rake $0.50
Board [Jc 7s 6c 9s 8h]
Seat 1: BigYelloFish (button) (small blind) folded on the River
Seat 2: GO99APE (big blind) collected ($35.50)


PokerStars Hand #145973661631:  Hold'em Limit ($3/$6 USD) - 2015/12/26 18:41:56 ET
Table 'Nerina II' 2-max Seat #2 is the button
Seat 1: BigYelloFish ($71.78 in chips)
Seat 2: GO99APE ($188.22 in chips)
GO99APE: posts small blind $1
BigYelloFish: posts big blind $3
*** HOLE CARDS ***
GO99APE: raises $3 to $6
BigYelloFish: calls $3
*** FLOP *** [6d Js 7h]
BigYelloFish: checks
GO99APE: checks
*** TURN *** [6d Js 7h] [9s]
BigYelloFish: checks
GO99APE: bets $6
BigYelloFish: folds
Uncalled bet ($6) returned to GO99APE
GO99APE collected $11.76 from pot
GO99APE: doesn't show hand
*** SUMMARY ***
Total pot $12 | Rake $0.24
Board [6d Js 7h 9s]
Seat 1: BigYelloFish (big blind) folded on the Turn
Seat 2: GO99APE (button) (small blind) collected ($11.76)


PokerStars Hand #145973657739:  Hold'em Limit ($3/$6 USD) - 2015/12/26 18:41:51 ET
Table 'Nerina II' 2-max Seat #1 is the button
Seat 1: BigYelloFish ($68.78 in chips)
Seat 2: GO99APE ($191.22 in chips)
BigYelloFish: posts small blind $1
GO99APE: posts big blind $3
*** HOLE CARDS ***
BigYelloFish: raises $3 to $6
GO99APE: folds
Uncalled bet ($3) returned to BigYelloFish
BigYelloFish collected $6 from pot
BigYelloFish: doesn't show hand
*** SUMMARY ***
Total pot $6 | Rake $0
Seat 1: BigYelloFish (button) (small blind) collected ($6)
Seat 2: GO99APE (big blind) folded before Flop


PokerStars Hand #145973644939:  Hold'em Limit ($3/$6 USD) - 2015/12/26 18:41:35 ET
Table 'Nerina II' 2-max Seat #2 is the button
Seat 1: BigYelloFish ($107.78 in chips)
Seat 2: GO99APE ($152.72 in chips)
GO99APE: posts small blind $1
BigYelloFish: posts big blind $3
*** HOLE CARDS ***
GO99APE: raises $3 to $6
BigYelloFish: raises $3 to $9
GO99APE: raises $3 to $12
Betting is capped
BigYelloFish: calls $3
*** FLOP *** [5h Jd Kd]
BigYelloFish: checks
GO99APE: bets $3
BigYelloFish: calls $3
*** TURN *** [5h Jd Kd] [Kc]
BigYelloFish: checks
GO99APE: bets $6
BigYelloFish: raises $6 to $12
GO99APE: raises $6 to $18
BigYelloFish: calls $6
*** RIVER *** [5h Jd Kd Kc] [8c]
BigYelloFish: checks
GO99APE: bets $6
BigYelloFish: calls $6
*** SHOW DOWN ***
GO99APE: shows [Ks Qs] (three of a kind, Kings)
BigYelloFish: mucks hand
GO99APE collected $77.50 from pot
*** SUMMARY ***
Total pot $78 | Rake $0.50
Board [5h Jd Kd Kc 8c]
Seat 1: BigYelloFish (big blind) mucked
Seat 2: GO99APE (button) (small blind) showed [Ks Qs] and won ($77.50) with three of a kind, Kings


PokerStars Hand #145973634500:  Hold'em Limit ($3/$6 USD) - 2015/12/26 18:41:22 ET
Table 'Nerina II' 2-max Seat #1 is the button
Seat 1: BigYelloFish ($84.28 in chips)
Seat 2: GO99APE ($176.72 in chips)
BigYelloFish: posts small blind $1
GO99APE: posts big blind $3
*** HOLE CARDS ***
BigYelloFish: raises $3 to $6
GO99APE: raises $3 to $9
BigYelloFish: calls $3
*** FLOP *** [2s Qh Tc]
GO99APE: bets $3
BigYelloFish: calls $3
*** TURN *** [2s Qh Tc] [6d]
GO99APE: bets $6
BigYelloFish: calls $6
*** RIVER *** [2s Qh Tc 6d] [5d]
GO99APE: bets $6
BigYelloFish: calls $6
*** SHOW DOWN ***
GO99APE: shows [Kd 8c] (high card King)
BigYelloFish: shows [4c Ts] (a pair of Tens)
BigYelloFish collected $47.50 from pot
*** SUMMARY ***
Total pot $48 | Rake $0.50
Board [2s Qh Tc 6d 5d]
Seat 1: BigYelloFish (button) (small blind) showed [4c Ts] and won ($47.50) with a pair of Tens
Seat 2: GO99APE (big blind) showed [Kd 8c] and lost with high card King


PokerStars Hand #145973624361:  Hold'em Limit ($3/$6 USD) - 2015/12/26 18:41:09 ET
Table 'Nerina II' 2-max Seat #2 is the button
Seat 1: BigYelloFish ($102.28 in chips)
Seat 2: GO99APE ($159.22 in chips)
GO99APE: posts small blind $1
BigYelloFish: posts big blind $3
*** HOLE CARDS ***
GO99APE: raises $3 to $6
BigYelloFish: raises $3 to $9
GO99APE: calls $3
*** FLOP *** [4c 2h 3s]
BigYelloFish: bets $3
GO99APE: calls $3
*** TURN *** [4c 2h 3s] [6h]
BigYelloFish: checks
GO99APE: checks
*** RIVER *** [4c 2h 3s 6h] [6d]
BigYelloFish: checks
GO99APE: bets $6
BigYelloFish: calls $6
*** SHOW DOWN ***
GO99APE: shows [6s Th] (three of a kind, Sixes)
BigYelloFish: mucks hand
GO99APE collected $35.50 from pot
*** SUMMARY ***
Total pot $36 | Rake $0.50
Board [4c 2h 3s 6h 6d]
Seat 1: BigYelloFish (big blind) mucked
Seat 2: GO99APE (button) (small blind) showed [6s Th] and won ($35.50) with three of a kind, Sixes


PokerStars Hand #145973709647:  Hold'em Limit ($3/$6 USD) - 2015/12/26 18:42:56 ET
Table 'Nerina II' 2-max Seat #1 is the button
Seat 1: BigYelloFish ($110.17 in chips)
Seat 2: GO99APE ($207.87 in chips)
BigYelloFish: posts small blind $1
GO99APE: posts big blind $3
*** HOLE CARDS ***
BigYelloFish: raises $3 to $6
GO99APE: raises $3 to $9
BigYelloFish: calls $3
*** FLOP *** [Ah 4h 2s]
GO99APE: bets $3
BigYelloFish: calls $3
*** TURN *** [Ah 4h 2s] [Ts]
GO99APE: bets $6
BigYelloFish: calls $6
*** RIVER *** [Ah 4h 2s Ts] [Jc]
GO99APE: bets $6
BigYelloFish: calls $6
*** SHOW DOWN ***
GO99APE: shows [Ac Ks] (a pair of Aces)
BigYelloFish: mucks hand
GO99APE collected $47.50 from pot
*** SUMMARY ***
Total pot $48 | Rake $0.50
Board [Ah 4h 2s Ts Jc]
Seat 1: BigYelloFish (button) (small blind) mucked
Seat 2: GO99APE (big blind) showed [Ac Ks] and won ($47.50) with a pair of Aces


PokerStars Hand #145973696147:  Hold'em Limit ($3/$6 USD) - 2015/12/26 18:42:39 ET
Table 'Nerina II' 2-max Seat #2 is the button
Seat 1: BigYelloFish ($110.42 in chips)
Seat 2: GO99APE ($208.12 in chips)
GO99APE: posts small blind $1
BigYelloFish: posts big blind $3
*** HOLE CARDS ***
GO99APE: raises $3 to $6
BigYelloFish: raises $3 to $9
GO99APE: raises $3 to $12
Betting is capped
BigYelloFish: calls $3
*** FLOP *** [4h 9h 2h]
BigYelloFish: checks
GO99APE: bets $3
BigYelloFish: calls $3
*** TURN *** [4h 9h 2h] [Ad]
BigYelloFish: checks
GO99APE: bets $6
BigYelloFish: raises $6 to $12
GO99APE: raises $6 to $18
BigYelloFish: calls $6
*** RIVER *** [4h 9h 2h Ad] [7d]
BigYelloFish: checks
GO99APE: bets $6
BigYelloFish: calls $6
*** SHOW DOWN ***
GO99APE: shows [Ac Jd] (a pair of Aces)
BigYelloFish: shows [As Js] (a pair of Aces)
BigYelloFish collected $38.75 from pot
GO99APE collected $38.75 from pot
*** SUMMARY ***
Total pot $78 | Rake $0.50
Board [4h 9h 2h Ad 7d]
Seat 1: BigYelloFish (big blind) showed [As Js] and won ($38.75) with a pair of Aces
Seat 2: GO99APE (button) (small blind) showed [Ac Jd] and won ($38.75) with a pair of Aces


PokerStars Hand #145973689446:  Hold'em Limit ($3/$6 USD) - 2015/12/26 18:42:30 ET
Table 'Nerina II' 2-max Seat #1 is the button
Seat 1: BigYelloFish ($119.42 in chips)
Seat 2: GO99APE ($199.48 in chips)
BigYelloFish: posts small blind $1
GO99APE: posts big blind $3
*** HOLE CARDS ***
BigYelloFish: raises $3 to $6
GO99APE: raises $3 to $9
BigYelloFish: calls $3
*** FLOP *** [Th Kd 8d]
GO99APE: bets $3
BigYelloFish: folds
Uncalled bet ($3) returned to GO99APE
GO99APE collected $17.64 from pot
GO99APE: doesn't show hand
*** SUMMARY ***
Total pot $18 | Rake $0.36
Board [Th Kd 8d]
Seat 1: BigYelloFish (button) (small blind) folded on the Flop
Seat 2: GO99APE (big blind) collected ($17.64)


PokerStars Hand #145973682548:  Hold'em Limit ($3/$6 USD) - 2015/12/26 18:42:22 ET
Table 'Nerina II' 2-max Seat #2 is the button
Seat 1: BigYelloFish ($110.78 in chips)
Seat 2: GO99APE ($208.48 in chips)
GO99APE: posts small blind $1
BigYelloFish: posts big blind $3
*** HOLE CARDS ***
GO99APE: raises $3 to $6
BigYelloFish: raises $3 to $9
GO99APE: calls $3
*** FLOP *** [Kd 7h 8d]
BigYelloFish: bets $3
GO99APE: folds
Uncalled bet ($3) returned to BigYelloFish
BigYelloFish collected $17.64 from pot
BigYelloFish: doesn't show hand
*** SUMMARY ***
Total pot $18 | Rake $0.36
Board [Kd 7h 8d]
Seat 1: BigYelloFish (big blind) collected ($17.64)
Seat 2: GO99APE (button) (small blind) folded on the Flop


PokerStars Hand #145973669790:  Hold'em Limit ($3/$6 USD) - 2015/12/26 18:42:06 ET
Table 'Nerina II' 2-max Seat #1 is the button
Seat 1: BigYelloFish ($65.78 in chips)
Seat 2: GO99APE ($193.98 in chips)
BigYelloFish: posts small blind $1
GO99APE: posts big blind $3
*** HOLE CARDS ***
BigYelloFish: raises $3 to $6
GO99APE: calls $3
*** FLOP *** [Th 6h Td]
GO99APE: checks
BigYelloFish: bets $3
GO99APE: calls $3
*** TURN *** [Th 6h Td] [2c]
GO99APE: checks
BigYelloFish: bets $6
GO99APE: calls $6
*** RIVER *** [Th 6h Td 2c] [9s]
GO99APE: checks
BigYelloFish: checks
*** SHOW DOWN ***
GO99APE: shows [5h Qs] (a pair of Tens)
BigYelloFish: mucks hand
GO99APE collected $29.50 from pot
*** SUMMARY ***
Total pot $30 | Rake $0.50
Board [Th 6h Td 2c 9s]
Seat 1: BigYelloFish (button) (small blind) mucked
Seat 2: GO99APE (big blind) showed [5h Qs] and won ($29.50) with a pair of Tens


PokerStars Hand #145973761846:  Hold'em Limit ($3/$6 USD) - 2015/12/26 18:44:02 ET
Table 'Nerina II' 2-max Seat #2 is the button
Seat 1: BigYelloFish ($135.93 in chips)
Seat 2: GO99APE ($180.13 in chips)
GO99APE: posts small blind $1
BigYelloFish: posts big blind $3
*** HOLE CARDS ***
GO99APE: raises $3 to $6
BigYelloFish: calls $3
*** FLOP *** [Kc 8s Jc]
BigYelloFish: checks
GO99APE: bets $3
BigYelloFish: calls $3
*** TURN *** [Kc 8s Jc] [7s]
BigYelloFish: checks
GO99APE: bets $6
BigYelloFish: folds
Uncalled bet ($6) returned to GO99APE
GO99APE collected $17.64 from pot
GO99APE: doesn't show hand
*** SUMMARY ***
Total pot $18 | Rake $0.36
Board [Kc 8s Jc 7s]
Seat 1: BigYelloFish (big blind) folded on the Turn
Seat 2: GO99APE (button) (small blind) collected ($17.64)


PokerStars Hand #145973754323:  Hold'em Limit ($3/$6 USD) - 2015/12/26 18:43:52 ET
Table 'Nerina II' 2-max Seat #1 is the button
Seat 1: BigYelloFish ($130.17 in chips)
Seat 2: GO99APE ($186.13 in chips)
BigYelloFish: posts small blind $1
GO99APE: posts big blind $3
*** HOLE CARDS ***
BigYelloFish: raises $3 to $6
GO99APE: calls $3
*** FLOP *** [8d Ad 5h]
GO99APE: checks
BigYelloFish: bets $3
GO99APE: folds
Uncalled bet ($3) returned to BigYelloFish
BigYelloFish collected $11.76 from pot
BigYelloFish: doesn't show hand
*** SUMMARY ***
Total pot $12 | Rake $0.24
Board [8d Ad 5h]
Seat 1: BigYelloFish (button) (small blind) collected ($11.76)
Seat 2: GO99APE (big blind) folded on the Flop


PokerStars Hand #145973745058:  Hold'em Limit ($3/$6 USD) - 2015/12/26 18:43:41 ET
Table 'Nerina II' 2-max Seat #2 is the button
Seat 1: BigYelloFish ($112.67 in chips)
Seat 2: GO99APE ($204.13 in chips)
GO99APE: posts small blind $1
BigYelloFish: posts big blind $3
*** HOLE CARDS ***
GO99APE: raises $3 to $6
BigYelloFish: calls $3
*** FLOP *** [7s Qs 4h]
BigYelloFish: checks
GO99APE: checks
*** TURN *** [7s Qs 4h] [Kc]
BigYelloFish: checks
GO99APE: bets $6
BigYelloFish: calls $6
*** RIVER *** [7s Qs 4h Kc] [6s]
BigYelloFish: checks
GO99APE: bets $6
BigYelloFish: calls $6
*** SHOW DOWN ***
GO99APE: shows [9h Jd] (high card King)
BigYelloFish: shows [4d Js] (a pair of Fours)
BigYelloFish collected $35.50 from pot
*** SUMMARY ***
Total pot $36 | Rake $0.50
Board [7s Qs 4h Kc 6s]
Seat 1: BigYelloFish (big blind) showed [4d Js] and won ($35.50) with a pair of Fours
Seat 2: GO99APE (button) (small blind) showed [9h Jd] and lost with high card King


PokerStars Hand #145973741330:  Hold'em Limit ($3/$6 USD) - 2015/12/26 18:43:36 ET
Table 'Nerina II' 2-max Seat #1 is the button
Seat 1: BigYelloFish ($109.67 in chips)
Seat 2: GO99APE ($207.13 in chips)
BigYelloFish: posts small blind $1
GO99APE: posts big blind $3
*** HOLE CARDS ***
BigYelloFish: raises $3 to $6
GO99APE: folds
Uncalled bet ($3) returned to BigYelloFish
BigYelloFish collected $6 from pot
BigYelloFish: doesn't show hand
*** SUMMARY ***
Total pot $6 | Rake $0
Seat 1: BigYelloFish (button) (small blind) collected ($6)
Seat 2: GO99APE (big blind) folded before Flop


PokerStars Hand #145973729530:  Hold'em Limit ($3/$6 USD) - 2015/12/26 18:43:21 ET
Table 'Nerina II' 2-max Seat #2 is the button
Seat 1: BigYelloFish ($83.17 in chips)
Seat 2: GO99APE ($234.13 in chips)
GO99APE: posts small blind $1
BigYelloFish: posts big blind $3
*** HOLE CARDS ***
GO99APE: raises $3 to $6
BigYelloFish: calls $3
*** FLOP *** [4s 6h 6c]
BigYelloFish: checks
GO99APE: bets $3
BigYelloFish: calls $3
*** TURN *** [4s 6h 6c] [2d]
BigYelloFish: checks
GO99APE: bets $6
BigYelloFish: calls $6
*** RIVER *** [4s 6h 6c 2d] [3c]
BigYelloFish: checks
GO99APE: bets $6
BigYelloFish: raises $6 to $12
GO99APE: calls $6
*** SHOW DOWN ***
BigYelloFish: shows [Js 5d] (a straight, Deuce to Six)
GO99APE: mucks hand
BigYelloFish collected $53.50 from pot
*** SUMMARY ***
Total pot $54 | Rake $0.50
Board [4s 6h 6c 2d 3c]
Seat 1: BigYelloFish (big blind) showed [Js 5d] and won ($53.50) with a straight, Deuce to Six
Seat 2: GO99APE (button) (small blind) mucked


PokerStars Hand #145973725914:  Hold'em Limit ($3/$6 USD) - 2015/12/26 18:43:16 ET
Table 'Nerina II' 2-max Seat #1 is the button
Seat 1: BigYelloFish ($80.17 in chips)
Seat 2: GO99APE ($237.13 in chips)
BigYelloFish: posts small blind $1
GO99APE: posts big blind $3
*** HOLE CARDS ***
BigYelloFish: raises $3 to $6
GO99APE: folds
Uncalled bet ($3) returned to BigYelloFish
BigYelloFish collected $6 from pot
BigYelloFish: doesn't show hand
*** SUMMARY ***
Total pot $6 | Rake $0
Seat 1: BigYelloFish (button) (small blind) collected ($6)
Seat 2: GO99APE (big blind) folded before Flop


PokerStars Hand #145973719798:  Hold'em Limit ($3/$6 USD) - 2015/12/26 18:43:09 ET
Table 'Nerina II' 2-max Seat #2 is the button
Seat 1: BigYelloFish ($86.17 in chips)
Seat 2: GO99APE ($231.37 in chips)
GO99APE: posts small blind $1
BigYelloFish: posts big blind $3
*** HOLE CARDS ***
GO99APE: raises $3 to $6
BigYelloFish: calls $3
*** FLOP *** [5c Qh Ad]
BigYelloFish: checks
GO99APE: bets $3
BigYelloFish: folds
Uncalled bet ($3) returned to GO99APE
GO99APE collected $11.76 from pot
GO99APE: doesn't show hand
*** SUMMARY ***
Total pot $12 | Rake $0.24
Board [5c Qh Ad]
Seat 1: BigYelloFish (big blind) folded on the Flop
Seat 2: GO99APE (button) (small blind) collected ($11.76)


PokerStars Hand #145973808576:  Hold'em Limit ($3/$6 USD) - 2015/12/26 18:45:01 ET
Table 'Nerina II' 2-max Seat #1 is the button
Seat 1: BigYelloFish ($84.69 in chips)
Seat 2: GO99APE ($229.41 in chips)
BigYelloFish: posts small blind $1
GO99APE: posts big blind $3
*** HOLE CARDS ***
BigYelloFish: raises $3 to $6
GO99APE: folds
Uncalled bet ($3) returned to BigYelloFish
BigYelloFish collected $6 from pot
BigYelloFish: doesn't show hand
*** SUMMARY ***
Total pot $6 | Rake $0
Seat 1: BigYelloFish (button) (small blind) collected ($6)
Seat 2: GO99APE (big blind) folded before Flop


PokerStars Hand #145973768932:  Hold'em Limit ($3/$6 USD) - 2015/12/26 18:44:11 ET
Table 'Nerina II' 2-max Seat #1 is the button
Seat 1: BigYelloFish ($126.93 in chips)
Seat 2: GO99APE ($188.77 in chips)
BigYelloFish: posts small blind $1
GO99APE: posts big blind $3
*** HOLE CARDS ***
BigYelloFish: raises $3 to $6
GO99APE: calls $3
*** FLOP *** [2d 6c Ts]
GO99APE: checks
BigYelloFish: bets $3
GO99APE: calls $3
*** TURN *** [2d 6c Ts] [Qc]
GO99APE: checks
BigYelloFish: bets $6
GO99APE: calls $6
*** RIVER *** [2d 6c Ts Qc] [7c]
GO99APE: bets $6
BigYelloFish: calls $6
*** SHOW DOWN ***
GO99APE: shows [Ac 2c] (a flush, Ace high)
BigYelloFish: mucks hand
GO99APE collected $41.50 from pot
*** SUMMARY ***
Total pot $42 | Rake $0.50
Board [2d 6c Ts Qc 7c]
Seat 1: BigYelloFish (button) (small blind) mucked
Seat 2: GO99APE (big blind) showed [Ac 2c] and won ($41.50) with a flush, Ace high


PokerStars Hand #145973780646:  Hold'em Limit ($3/$6 USD) - 2015/12/26 18:44:26 ET
Table 'Nerina II' 2-max Seat #2 is the button
Seat 1: BigYelloFish ($105.93 in chips)
Seat 2: GO99APE ($209.27 in chips)
GO99APE: posts small blind $1
BigYelloFish: posts big blind $3
*** HOLE CARDS ***
GO99APE: raises $3 to $6
BigYelloFish: calls $3
*** FLOP *** [6d 7h Tc]
BigYelloFish: checks
GO99APE: checks
*** TURN *** [6d 7h Tc] [3h]
BigYelloFish: bets $6
GO99APE: calls $6
*** RIVER *** [6d 7h Tc 3h] [As]
BigYelloFish: bets $6
GO99APE: raises $6 to $12
BigYelloFish: folds
Uncalled bet ($6) returned to GO99APE
GO99APE collected $35.50 from pot
GO99APE: doesn't show hand
*** SUMMARY ***
Total pot $36 | Rake $0.50
Board [6d 7h Tc 3h As]
Seat 1: BigYelloFish (big blind) folded on the River
Seat 2: GO99APE (button) (small blind) collected ($35.50)


PokerStars Hand #145973791258:  Hold'em Limit ($3/$6 USD) - 2015/12/26 18:44:39 ET
Table 'Nerina II' 2-max Seat #1 is the button
Seat 1: BigYelloFish ($87.93 in chips)
Seat 2: GO99APE ($226.77 in chips)
BigYelloFish: posts small blind $1
GO99APE: posts big blind $3
*** HOLE CARDS ***
BigYelloFish: raises $3 to $6
GO99APE: calls $3
*** FLOP *** [9s 6c 5d]
GO99APE: checks
BigYelloFish: checks
*** TURN *** [9s 6c 5d] [6h]
GO99APE: checks
BigYelloFish: checks
*** RIVER *** [9s 6c 5d 6h] [5c]
GO99APE: checks
BigYelloFish: checks
*** SHOW DOWN ***
GO99APE: shows [Td 7d] (two pair, Sixes and Fives)
BigYelloFish: shows [3s Js] (two pair, Sixes and Fives - Jack kicker)
BigYelloFish collected $11.76 from pot
*** SUMMARY ***
Total pot $12 | Rake $0.24
Board [9s 6c 5d 6h 5c]
Seat 1: BigYelloFish (button) (small blind) showed [3s Js] and won ($11.76) with two pair, Sixes and Fives
Seat 2: GO99APE (big blind) showed [Td 7d] and lost with two pair, Sixes and Fives


PokerStars Hand #145973800915:  Hold'em Limit ($3/$6 USD) - 2015/12/26 18:44:52 ET
Table 'Nerina II' 2-max Seat #2 is the button
Seat 1: BigYelloFish ($93.69 in chips)
Seat 2: GO99APE ($220.77 in chips)
GO99APE: posts small blind $1
BigYelloFish: posts big blind $3
*** HOLE CARDS ***
GO99APE: raises $3 to $6
BigYelloFish: calls $3
*** FLOP *** [Jd Ad 4c]
BigYelloFish: checks
GO99APE: bets $3
BigYelloFish: calls $3
*** TURN *** [Jd Ad 4c] [9c]
BigYelloFish: checks
GO99APE: bets $6
BigYelloFish: folds
Uncalled bet ($6) returned to GO99APE
GO99APE collected $17.64 from pot
GO99APE: doesn't show hand
*** SUMMARY ***
Total pot $18 | Rake $0.36
Board [Jd Ad 4c 9c]
Seat 1: BigYelloFish (big blind) folded on the Turn
Seat 2: GO99APE (button) (small blind) collected ($17.64)


PokerStars Hand #145973825916:  Hold'em Limit ($3/$6 USD) - 2015/12/26 18:45:23 ET
Table 'Nerina II' 2-max Seat #2 is the button
Seat 1: BigYelloFish ($111.19 in chips)
Seat 2: GO99APE ($202.41 in chips)
GO99APE: posts small blind $1
BigYelloFish: posts big blind $3
*** HOLE CARDS ***
GO99APE: raises $3 to $6
BigYelloFish: raises $3 to $9
GO99APE: calls $3
*** FLOP *** [Td 4h 9s]
BigYelloFish: bets $3
GO99APE: calls $3
*** TURN *** [Td 4h 9s] [2h]
BigYelloFish: bets $6
GO99APE: calls $6
*** RIVER *** [Td 4h 9s 2h] [2c]
BigYelloFish: bets $6
GO99APE: folds
Uncalled bet ($6) returned to BigYelloFish
BigYelloFish collected $35.50 from pot
BigYelloFish: doesn't show hand
*** SUMMARY ***
Total pot $36 | Rake $0.50
Board [Td 4h 9s 2h 2c]
Seat 1: BigYelloFish (big blind) collected ($35.50)
Seat 2: GO99APE (button) (small blind) folded on the River


PokerStars Hand #145973835922:  Hold'em Limit ($3/$6 USD) - 2015/12/26 18:45:36 ET
Table 'Nerina II' 2-max Seat #1 is the button
Seat 1: BigYelloFish ($128.69 in chips)
Seat 2: GO99APE ($184.41 in chips)
BigYelloFish: posts small blind $1
GO99APE: posts big blind $3
*** HOLE CARDS ***
BigYelloFish: raises $3 to $6
GO99APE: raises $3 to $9
BigYelloFish: calls $3
*** FLOP *** [9h 5s 7d]
GO99APE: bets $3
BigYelloFish: calls $3
*** TURN *** [9h 5s 7d] [6c]
GO99APE: bets $6
BigYelloFish: calls $6
*** RIVER *** [9h 5s 7d 6c] [2s]
GO99APE: bets $6
BigYelloFish: calls $6
*** SHOW DOWN ***
GO99APE: shows [5h Th] (a pair of Fives)
BigYelloFish: shows [Ks 7h] (a pair of Sevens)
BigYelloFish collected $47.50 from pot
*** SUMMARY ***
Total pot $48 | Rake $0.50
Board [9h 5s 7d 6c 2s]
Seat 1: BigYelloFish (button) (small blind) showed [Ks 7h] and won ($47.50) with a pair of Sevens
Seat 2: GO99APE (big blind) showed [5h Th] and lost with a pair of Fives


PokerStars Hand #145973845591:  Hold'em Limit ($3/$6 USD) - 2015/12/26 18:45:48 ET
Table 'Nerina II' 2-max Seat #2 is the button
Seat 1: BigYelloFish ($152.19 in chips)
Seat 2: GO99APE ($160.41 in chips)
GO99APE: posts small blind $1
BigYelloFish: posts big blind $3
*** HOLE CARDS ***
GO99APE: raises $3 to $6
BigYelloFish: calls $3
*** FLOP *** [Th 2d 4d]
BigYelloFish: checks
GO99APE: bets $3
BigYelloFish: calls $3
*** TURN *** [Th 2d 4d] [9s]
BigYelloFish: checks
GO99APE: bets $6
BigYelloFish: folds
Uncalled bet ($6) returned to GO99APE
GO99APE collected $17.64 from pot
GO99APE: doesn't show hand
*** SUMMARY ***
Total pot $18 | Rake $0.36
Board [Th 2d 4d 9s]
Seat 1: BigYelloFish (big blind) folded on the Turn
Seat 2: GO99APE (button) (small blind) collected ($17.64)


PokerStars Hand #145973853880:  Hold'em Limit ($3/$6 USD) - 2015/12/26 18:45:59 ET
Table 'Nerina II' 2-max Seat #1 is the button
Seat 1: BigYelloFish ($143.19 in chips)
Seat 2: GO99APE ($169.05 in chips)
BigYelloFish: posts small blind $1
GO99APE: posts big blind $3
*** HOLE CARDS ***
BigYelloFish: raises $3 to $6
GO99APE: raises $3 to $9
BigYelloFish: raises $3 to $12
Betting is capped
GO99APE: calls $3
*** FLOP *** [3c 4s Th]
GO99APE: bets $3
BigYelloFish: calls $3
*** TURN *** [3c 4s Th] [3s]
GO99APE: bets $6
BigYelloFish: calls $6
*** RIVER *** [3c 4s Th 3s] [9s]
GO99APE: bets $6
BigYelloFish: calls $6
*** SHOW DOWN ***
GO99APE: shows [Jd Kc] (a pair of Threes)
BigYelloFish: shows [8s 8c] (two pair, Eights and Threes)
BigYelloFish collected $53.50 from pot
*** SUMMARY ***
Total pot $54 | Rake $0.50
Board [3c 4s Th 3s 9s]
Seat 1: BigYelloFish (button) (small blind) showed [8s 8c] and won ($53.50) with two pair, Eights and Threes
Seat 2: GO99APE (big blind) showed [Jd Kc] and lost with a pair of Threes


PokerStars Hand #145973821970:  Hold'em Limit ($3/$6 USD) - 2015/12/26 18:45:18 ET
Table 'Nerina II' 2-max Seat #1 is the button
Seat 1: BigYelloFish ($108.19 in chips)
Seat 2: GO99APE ($205.41 in chips)
BigYelloFish: posts small blind $1
GO99APE: posts big blind $3
*** HOLE CARDS ***
BigYelloFish: raises $3 to $6
GO99APE: folds
Uncalled bet ($3) returned to BigYelloFish
BigYelloFish collected $6 from pot
BigYelloFish: doesn't show hand
*** SUMMARY ***
Total pot $6 | Rake $0
Seat 1: BigYelloFish (button) (small blind) collected ($6)
Seat 2: GO99APE (big blind) folded before Flop


PokerStars Hand #145973812388:  Hold'em Limit ($3/$6 USD) - 2015/12/26 18:45:06 ET
Table 'Nerina II' 2-max Seat #2 is the button
Seat 1: BigYelloFish ($87.69 in chips)
Seat 2: GO99APE ($226.41 in chips)
GO99APE: posts small blind $1
BigYelloFish: posts big blind $3
*** HOLE CARDS ***
GO99APE: raises $3 to $6
BigYelloFish: calls $3
*** FLOP *** [Ah 4h 6h]
BigYelloFish: checks
GO99APE: bets $3
BigYelloFish: calls $3
*** TURN *** [Ah 4h 6h] [Tc]
BigYelloFish: checks
GO99APE: bets $6
BigYelloFish: calls $6
*** RIVER *** [Ah 4h 6h Tc] [As]
BigYelloFish: checks
GO99APE: bets $6
BigYelloFish: calls $6
*** SHOW DOWN ***
GO99APE: shows [Kh 3c] (a pair of Aces)
BigYelloFish: shows [9d 4s] (two pair, Aces and Fours)
BigYelloFish collected $41.50 from pot
*** SUMMARY ***
Total pot $42 | Rake $0.50
Board [Ah 4h 6h Tc As]
Seat 1: BigYelloFish (big blind) showed [9d 4s] and won ($41.50) with two pair, Aces and Fours
Seat 2: GO99APE (button) (small blind) showed [Kh 3c] and lost with a pair of Aces


PokerStars Hand #145973877736:  Hold'em Limit ($3/$6 USD) - 2015/12/26 18:46:29 ET
Table 'Nerina II' 2-max Seat #2 is the button
Seat 1: BigYelloFish ($159.69 in chips)
Seat 2: GO99APE ($151.69 in chips)
GO99APE: posts small blind $1
BigYelloFish: posts big blind $3
*** HOLE CARDS ***
GO99APE: folds
Uncalled bet ($2) returned to BigYelloFish
BigYelloFish collected $2 from pot
BigYelloFish: doesn't show hand
*** SUMMARY ***
Total pot $2 | Rake $0
Seat 1: BigYelloFish (big blind) collected ($2)
Seat 2: GO99APE (button) (small blind) folded before Flop


PokerStars Hand #145973874262:  Hold'em Limit ($3/$6 USD) - 2015/12/26 18:46:24 ET
Table 'Nerina II' 2-max Seat #1 is the button
Seat 1: BigYelloFish ($160.69 in chips)
Seat 2: GO99APE ($150.69 in chips)
BigYelloFish: posts small blind $1
GO99APE: posts big blind $3
*** HOLE CARDS ***
BigYelloFish: folds
Uncalled bet ($2) returned to GO99APE
GO99APE collected $2 from pot
GO99APE: doesn't show hand
*** SUMMARY ***
Total pot $2 | Rake $0
Seat 1: BigYelloFish (button) (small blind) folded before Flop
Seat 2: GO99APE (big blind) collected ($2)


PokerStars Hand #145973881253:  Hold'em Limit ($3/$6 USD) - 2015/12/26 18:46:33 ET
Table 'Nerina II' 2-max Seat #1 is the button
Seat 1: BigYelloFish ($160.69 in chips)
Seat 2: GO99APE ($150.69 in chips)
BigYelloFish: posts small blind $1
GO99APE: posts big blind $3
*** HOLE CARDS ***
BigYelloFish: folds
Uncalled bet ($2) returned to GO99APE
GO99APE collected $2 from pot
GO99APE: doesn't show hand
*** SUMMARY ***
Total pot $2 | Rake $0
Seat 1: BigYelloFish (button) (small blind) folded before Flop
Seat 2: GO99APE (big blind) collected ($2)


PokerStars Hand #145973902013:  Hold'em Limit ($3/$6 USD) - 2015/12/26 18:47:00 ET
Table 'Nerina II' 2-max Seat #1 is the button
Seat 1: BigYelloFish ($180.19 in chips)
Seat 2: GO99APE ($130.69 in chips)
BigYelloFish: posts small blind $1
GO99APE: posts big blind $3
*** HOLE CARDS ***
BigYelloFish: folds
Uncalled bet ($2) returned to GO99APE
GO99APE collected $2 from pot
GO99APE: doesn't show hand
*** SUMMARY ***
Total pot $2 | Rake $0
Seat 1: BigYelloFish (button) (small blind) folded before Flop
Seat 2: GO99APE (big blind) collected ($2)


PokerStars Hand #145973884798:  Hold'em Limit ($3/$6 USD) - 2015/12/26 18:46:38 ET
Table 'Nerina II' 2-max Seat #2 is the button
Seat 1: BigYelloFish ($159.69 in chips)
Seat 2: GO99APE ($151.69 in chips)
GO99APE: posts small blind $1
BigYelloFish: posts big blind $3
*** HOLE CARDS ***
GO99APE: raises $3 to $6
BigYelloFish: calls $3
*** FLOP *** [7h 6s Qh]
BigYelloFish: checks
GO99APE: bets $3
BigYelloFish: calls $3
*** TURN *** [7h 6s Qh] [8s]
BigYelloFish: checks
GO99APE: bets $6
BigYelloFish: raises $6 to $12
GO99APE: calls $6
*** RIVER *** [7h 6s Qh 8s] [2c]
BigYelloFish: bets $6
GO99APE: folds
Uncalled bet ($6) returned to BigYelloFish
BigYelloFish collected $41.50 from pot
BigYelloFish: doesn't show hand
*** SUMMARY ***
Total pot $42 | Rake $0.50
Board [7h 6s Qh 8s 2c]
Seat 1: BigYelloFish (big blind) collected ($41.50)
Seat 2: GO99APE (button) (small blind) folded on the River


PokerStars Hand #145973864684:  Hold'em Limit ($3/$6 USD) - 2015/12/26 18:46:12 ET
Table 'Nerina II' 2-max Seat #2 is the button
Seat 1: BigYelloFish ($169.69 in chips)
Seat 2: GO99APE ($142.05 in chips)
GO99APE: posts small blind $1
BigYelloFish: posts big blind $3
*** HOLE CARDS ***
GO99APE: raises $3 to $6
BigYelloFish: calls $3
*** FLOP *** [9c Ks Kh]
BigYelloFish: checks
GO99APE: bets $3
BigYelloFish: calls $3
*** TURN *** [9c Ks Kh] [Td]
BigYelloFish: checks
GO99APE: checks
*** RIVER *** [9c Ks Kh Td] [Kc]
BigYelloFish: checks
GO99APE: checks
*** SHOW DOWN ***
BigYelloFish: shows [6h Qs] (three of a kind, Kings)
GO99APE: shows [Ac 5s] (three of a kind, Kings - Ace kicker)
GO99APE collected $17.64 from pot
*** SUMMARY ***
Total pot $18 | Rake $0.36
Board [9c Ks Kh Td Kc]
Seat 1: BigYelloFish (big blind) showed [6h Qs] and lost with three of a kind, Kings
Seat 2: GO99APE (button) (small blind) showed [Ac 5s] and won ($17.64) with three of a kind, Kings


PokerStars Hand #145973918501:  Hold'em Limit ($3/$6 USD) - 2015/12/26 18:47:21 ET
Table 'Nerina II' 2-max Seat #1 is the button
Seat 1: BigYelloFish ($158.19 in chips)
Seat 2: GO99APE ($152.19 in chips)
BigYelloFish: posts small blind $1
GO99APE: posts big blind $3
*** HOLE CARDS ***
BigYelloFish: raises $3 to $6
GO99APE: raises $3 to $9
BigYelloFish: raises $3 to $12
Betting is capped
GO99APE: calls $3
*** FLOP *** [2d Ts 6d]
GO99APE: checks
BigYelloFish: bets $3
GO99APE: calls $3
*** TURN *** [2d Ts 6d] [Jc]
GO99APE: checks
BigYelloFish: bets $6
GO99APE: folds
Uncalled bet ($6) returned to BigYelloFish
BigYelloFish collected $29.50 from pot
BigYelloFish: doesn't show hand
*** SUMMARY ***
Total pot $30 | Rake $0.50
Board [2d Ts 6d Jc]
Seat 1: BigYelloFish (button) (small blind) collected ($29.50)
Seat 2: GO99APE (big blind) folded on the Turn


PokerStars Hand #145973941397:  Hold'em Limit ($3/$6 USD) - 2015/12/26 18:47:49 ET
Table 'Nerina II' 2-max Seat #1 is the button
Seat 1: BigYelloFish ($202.19 in chips)
Seat 2: GO99APE ($107.19 in chips)
BigYelloFish: posts small blind $1
GO99APE: posts big blind $3
*** HOLE CARDS ***
BigYelloFish: folds
Uncalled bet ($2) returned to GO99APE
GO99APE collected $2 from pot
GO99APE: doesn't show hand
*** SUMMARY ***
Total pot $2 | Rake $0
Seat 1: BigYelloFish (button) (small blind) folded before Flop
Seat 2: GO99APE (big blind) collected ($2)


PokerStars Hand #145973930195:  Hold'em Limit ($3/$6 USD) - 2015/12/26 18:47:35 ET
Table 'Nerina II' 2-max Seat #2 is the button
Seat 1: BigYelloFish ($172.69 in chips)
Seat 2: GO99APE ($137.19 in chips)
GO99APE: posts small blind $1
BigYelloFish: posts big blind $3
*** HOLE CARDS ***
GO99APE: raises $3 to $6
BigYelloFish: calls $3
*** FLOP *** [5c 2c 3d]
BigYelloFish: checks
GO99APE: bets $3
BigYelloFish: raises $3 to $6
GO99APE: raises $3 to $9
BigYelloFish: raises $3 to $12
Betting is capped
GO99APE: calls $3
*** TURN *** [5c 2c 3d] [Th]
BigYelloFish: bets $6
GO99APE: calls $6
*** RIVER *** [5c 2c 3d Th] [8h]
BigYelloFish: bets $6
GO99APE: calls $6
*** SHOW DOWN ***
BigYelloFish: shows [5d 3h] (two pair, Fives and Threes)
GO99APE: mucks hand
BigYelloFish collected $59.50 from pot
*** SUMMARY ***
Total pot $60 | Rake $0.50
Board [5c 2c 3d Th 8h]
Seat 1: BigYelloFish (big blind) showed [5d 3h] and won ($59.50) with two pair, Fives and Threes
Seat 2: GO99APE (button) (small blind) mucked


PokerStars Hand #145973945099:  Hold'em Limit ($3/$6 USD) - 2015/12/26 18:47:54 ET
Table 'Nerina II' 2-max Seat #2 is the button
Seat 1: BigYelloFish ($201.19 in chips)
Seat 2: GO99APE ($108.19 in chips)
GO99APE: posts small blind $1
BigYelloFish: posts big blind $3
*** HOLE CARDS ***
GO99APE: raises $3 to $6
BigYelloFish: calls $3
*** FLOP *** [Kd 7s 6s]
BigYelloFish: checks
GO99APE: bets $3
BigYelloFish: calls $3
*** TURN *** [Kd 7s 6s] [Td]
BigYelloFish: checks
GO99APE: bets $6
BigYelloFish: calls $6
*** RIVER *** [Kd 7s 6s Td] [9h]
BigYelloFish: checks
GO99APE: checks
*** SHOW DOWN ***
BigYelloFish: shows [6c 4d] (a pair of Sixes)
GO99APE: shows [5d 7d] (a pair of Sevens)
GO99APE collected $29.50 from pot
*** SUMMARY ***
Total pot $30 | Rake $0.50
Board [Kd 7s 6s Td 9h]
Seat 1: BigYelloFish (big blind) showed [6c 4d] and lost with a pair of Sixes
Seat 2: GO99APE (button) (small blind) showed [5d 7d] and won ($29.50) with a pair of Sevens


PokerStars Hand #145973905599:  Hold'em Limit ($3/$6 USD) - 2015/12/26 18:47:04 ET
Table 'Nerina II' 2-max Seat #2 is the button
Seat 1: BigYelloFish ($179.19 in chips)
Seat 2: GO99APE ($131.69 in chips)
GO99APE: posts small blind $1
BigYelloFish: posts big blind $3
*** HOLE CARDS ***
GO99APE: raises $3 to $6
BigYelloFish: raises $3 to $9
GO99APE: calls $3
*** FLOP *** [2d Jh 6d]
BigYelloFish: bets $3
GO99APE: raises $3 to $6
BigYelloFish: calls $3
*** TURN *** [2d Jh 6d] [4s]
BigYelloFish: checks
GO99APE: bets $6
BigYelloFish: calls $6
*** RIVER *** [2d Jh 6d 4s] [Qh]
BigYelloFish: checks
GO99APE: bets $6
BigYelloFish: folds
Uncalled bet ($6) returned to GO99APE
GO99APE collected $41.50 from pot
GO99APE: doesn't show hand
*** SUMMARY ***
Total pot $42 | Rake $0.50
Board [2d Jh 6d 4s Qh]
Seat 1: BigYelloFish (big blind) folded on the River
Seat 2: GO99APE (button) (small blind) collected ($41.50)


PokerStars Hand #145973967207:  Hold'em Limit ($3/$6 USD) - 2015/12/26 18:48:22 ET
Table 'Nerina II' 2-max Seat #2 is the button
Seat 1: BigYelloFish ($212.69 in chips)
Seat 2: GO99APE ($95.69 in chips)
GO99APE: posts small blind $1
BigYelloFish: posts big blind $3
*** HOLE CARDS ***
GO99APE: raises $3 to $6
BigYelloFish: calls $3
*** FLOP *** [2d 2s 6c]
BigYelloFish: checks
GO99APE: bets $3
BigYelloFish: calls $3
*** TURN *** [2d 2s 6c] [Th]
BigYelloFish: checks
GO99APE: bets $6
BigYelloFish: calls $6
*** RIVER *** [2d 2s 6c Th] [3s]
BigYelloFish: checks
GO99APE: bets $6
BigYelloFish: calls $6
*** SHOW DOWN ***
GO99APE: shows [As 8d] (a pair of Deuces)
BigYelloFish: mucks hand
GO99APE collected $41.50 from pot
*** SUMMARY ***
Total pot $42 | Rake $0.50
Board [2d 2s 6c Th 3s]
Seat 1: BigYelloFish (big blind) mucked
Seat 2: GO99APE (button) (small blind) showed [As 8d] and won ($41.50) with a pair of Deuces


PokerStars Hand #145973976852:  Hold'em Limit ($3/$6 USD) - 2015/12/26 18:48:35 ET
Table 'Nerina II' 2-max Seat #1 is the button
Seat 1: BigYelloFish ($191.69 in chips)
Seat 2: GO99APE ($116.19 in chips)
BigYelloFish: posts small blind $1
GO99APE: posts big blind $3
*** HOLE CARDS ***
BigYelloFish: raises $3 to $6
GO99APE: folds
Uncalled bet ($3) returned to BigYelloFish
BigYelloFish collected $6 from pot
BigYelloFish: doesn't show hand
*** SUMMARY ***
Total pot $6 | Rake $0
Seat 1: BigYelloFish (button) (small blind) collected ($6)
Seat 2: GO99APE (big blind) folded before Flop


PokerStars Hand #145973990007:  Hold'em Limit ($3/$6 USD) - 2015/12/26 18:48:52 ET
Table 'Nerina II' 2-max Seat #1 is the button
Seat 1: BigYelloFish ($218.19 in chips)
Seat 2: GO99APE ($89.19 in chips)
BigYelloFish: posts small blind $1
GO99APE: posts big blind $3
*** HOLE CARDS ***
BigYelloFish: folds
Uncalled bet ($2) returned to GO99APE
GO99APE collected $2 from pot
GO99APE: doesn't show hand
*** SUMMARY ***
Total pot $2 | Rake $0
Seat 1: BigYelloFish (button) (small blind) folded before Flop
Seat 2: GO99APE (big blind) collected ($2)


PokerStars Hand #145973980439:  Hold'em Limit ($3/$6 USD) - 2015/12/26 18:48:39 ET
Table 'Nerina II' 2-max Seat #2 is the button
Seat 1: BigYelloFish ($194.69 in chips)
Seat 2: GO99APE ($113.19 in chips)
GO99APE: posts small blind $1
BigYelloFish: posts big blind $3
*** HOLE CARDS ***
GO99APE: raises $3 to $6
BigYelloFish: calls $3
*** FLOP *** [2s 7s 9h]
BigYelloFish: checks
GO99APE: bets $3
BigYelloFish: raises $3 to $6
GO99APE: calls $3
*** TURN *** [2s 7s 9h] [3d]
BigYelloFish: bets $6
GO99APE: calls $6
*** RIVER *** [2s 7s 9h 3d] [Ts]
BigYelloFish: bets $6
GO99APE: calls $6
*** SHOW DOWN ***
BigYelloFish: shows [Js 8s] (a flush, Jack high)
GO99APE: mucks hand
BigYelloFish collected $47.50 from pot
*** SUMMARY ***
Total pot $48 | Rake $0.50
Board [2s 7s 9h 3d Ts]
Seat 1: BigYelloFish (big blind) showed [Js 8s] and won ($47.50) with a flush, Jack high
Seat 2: GO99APE (button) (small blind) mucked


PokerStars Hand #145973993514:  Hold'em Limit ($3/$6 USD) - 2015/12/26 18:48:56 ET
Table 'Nerina II' 2-max Seat #2 is the button
Seat 1: BigYelloFish ($217.19 in chips)
Seat 2: GO99APE ($90.19 in chips)
GO99APE: posts small blind $1
BigYelloFish: posts big blind $3
*** HOLE CARDS ***
GO99APE: raises $3 to $6
BigYelloFish: calls $3
*** FLOP *** [3d 5c Ts]
BigYelloFish: checks
GO99APE: checks
*** TURN *** [3d 5c Ts] [8c]
BigYelloFish: checks
GO99APE: checks
*** RIVER *** [3d 5c Ts 8c] [As]
BigYelloFish: checks
GO99APE: bets $6
BigYelloFish: calls $6
*** SHOW DOWN ***
GO99APE: shows [9d 6d] (high card Ace)
BigYelloFish: shows [2s 3s] (a pair of Threes)
BigYelloFish collected $23.52 from pot
*** SUMMARY ***
Total pot $24 | Rake $0.48
Board [3d 5c Ts 8c As]
Seat 1: BigYelloFish (big blind) showed [2s 3s] and won ($23.52) with a pair of Threes
Seat 2: GO99APE (button) (small blind) showed [9d 6d] and lost with high card Ace


PokerStars Hand #145973954521:  Hold'em Limit ($3/$6 USD) - 2015/12/26 18:48:06 ET
Table 'Nerina II' 2-max Seat #1 is the button
Seat 1: BigYelloFish ($186.19 in chips)
Seat 2: GO99APE ($122.69 in chips)
BigYelloFish: posts small blind $1
GO99APE: posts big blind $3
*** HOLE CARDS ***
BigYelloFish: raises $3 to $6
GO99APE: raises $3 to $9
BigYelloFish: raises $3 to $12
Betting is capped
GO99APE: calls $3
*** FLOP *** [Tc 3c Ah]
GO99APE: bets $3
BigYelloFish: calls $3
*** TURN *** [Tc 3c Ah] [5h]
GO99APE: bets $6
BigYelloFish: calls $6
*** RIVER *** [Tc 3c Ah 5h] [Ks]
GO99APE: bets $6
BigYelloFish: raises $6 to $12
GO99APE: folds
Uncalled bet ($6) returned to BigYelloFish
BigYelloFish collected $53.50 from pot
BigYelloFish: doesn't show hand
*** SUMMARY ***
Total pot $54 | Rake $0.50
Board [Tc 3c Ah 5h Ks]
Seat 1: BigYelloFish (button) (small blind) collected ($53.50)
Seat 2: GO99APE (big blind) folded on the River


PokerStars Hand #145974013677:  Hold'em Limit ($3/$6 USD) - 2015/12/26 18:49:22 ET
Table 'Nerina II' 2-max Seat #2 is the button
Seat 1: BigYelloFish ($192.71 in chips)
Seat 2: GO99APE ($113.69 in chips)
GO99APE: posts small blind $1
BigYelloFish: posts big blind $3
*** HOLE CARDS ***
GO99APE: raises $3 to $6
BigYelloFish: calls $3
*** FLOP *** [Ac 5c 4h]
BigYelloFish: checks
GO99APE: bets $3
BigYelloFish: calls $3
*** TURN *** [Ac 5c 4h] [Kd]
BigYelloFish: checks
GO99APE: checks
*** RIVER *** [Ac 5c 4h Kd] [2c]
BigYelloFish: checks
GO99APE: checks
*** SHOW DOWN ***
BigYelloFish: shows [Qh 2s] (a pair of Deuces)
GO99APE: shows [5s Qd] (a pair of Fives)
GO99APE collected $17.64 from pot
*** SUMMARY ***
Total pot $18 | Rake $0.36
Board [Ac 5c 4h Kd 2c]
Seat 1: BigYelloFish (big blind) showed [Qh 2s] and lost with a pair of Deuces
Seat 2: GO99APE (button) (small blind) showed [5s Qd] and won ($17.64) with a pair of Fives


PokerStars Hand #145974023123:  Hold'em Limit ($3/$6 USD) - 2015/12/26 18:49:34 ET
Table 'Nerina II' 2-max Seat #1 is the button
Seat 1: BigYelloFish ($183.71 in chips)
Seat 2: GO99APE ($122.33 in chips)
BigYelloFish: posts small blind $1
GO99APE: posts big blind $3
*** HOLE CARDS ***
BigYelloFish: raises $3 to $6
GO99APE: calls $3
*** FLOP *** [7h 4h 8h]
GO99APE: bets $3
BigYelloFish: calls $3
*** TURN *** [7h 4h 8h] [9d]
GO99APE: bets $6
BigYelloFish: calls $6
*** RIVER *** [7h 4h 8h 9d] [Kh]
GO99APE: bets $6
BigYelloFish: folds
Uncalled bet ($6) returned to GO99APE
GO99APE collected $29.50 from pot
GO99APE: doesn't show hand
*** SUMMARY ***
Total pot $30 | Rake $0.50
Board [7h 4h 8h 9d Kh]
Seat 1: BigYelloFish (button) (small blind) folded on the River
Seat 2: GO99APE (big blind) collected ($29.50)


PokerStars Hand #145974032786:  Hold'em Limit ($3/$6 USD) - 2015/12/26 18:49:46 ET
Table 'Nerina II' 2-max Seat #2 is the button
Seat 1: BigYelloFish ($168.71 in chips)
Seat 2: GO99APE ($136.83 in chips)
GO99APE: posts small blind $1
BigYelloFish: posts big blind $3
*** HOLE CARDS ***
GO99APE: raises $3 to $6
BigYelloFish: calls $3
*** FLOP *** [Qs 6h Jh]
BigYelloFish: checks
GO99APE: checks
*** TURN *** [Qs 6h Jh] [7s]
BigYelloFish: checks
GO99APE: bets $6
BigYelloFish: folds
Uncalled bet ($6) returned to GO99APE
GO99APE collected $11.76 from pot
GO99APE: doesn't show hand
*** SUMMARY ***
Total pot $12 | Rake $0.24
Board [Qs 6h Jh 7s]
Seat 1: BigYelloFish (big blind) folded on the Turn
Seat 2: GO99APE (button) (small blind) collected ($11.76)


PokerStars Hand #145974040491:  Hold'em Limit ($3/$6 USD) - 2015/12/26 18:49:56 ET
Table 'Nerina II' 2-max Seat #1 is the button
Seat 1: BigYelloFish ($162.71 in chips)
Seat 2: GO99APE ($142.59 in chips)
BigYelloFish: posts small blind $1
GO99APE: posts big blind $3
*** HOLE CARDS ***
BigYelloFish: raises $3 to $6
GO99APE: calls $3
*** FLOP *** [Ad 3c 5h]
GO99APE: checks
BigYelloFish: bets $3
GO99APE: folds
Uncalled bet ($3) returned to BigYelloFish
BigYelloFish collected $11.76 from pot
BigYelloFish: doesn't show hand
*** SUMMARY ***
Total pot $12 | Rake $0.24
Board [Ad 3c 5h]
Seat 1: BigYelloFish (button) (small blind) collected ($11.76)
Seat 2: GO99APE (big blind) folded on the Flop


PokerStars Hand #145974046673:  Hold'em Limit ($3/$6 USD) - 2015/12/26 18:50:04 ET
Table 'Nerina II' 2-max Seat #2 is the button
Seat 1: BigYelloFish ($168.47 in chips)
Seat 2: GO99APE ($136.59 in chips)
GO99APE: posts small blind $1
BigYelloFish: posts big blind $3
*** HOLE CARDS ***
GO99APE: folds
Uncalled bet ($2) returned to BigYelloFish
BigYelloFish collected $2 from pot
BigYelloFish: doesn't show hand
*** SUMMARY ***
Total pot $2 | Rake $0
Seat 1: BigYelloFish (big blind) collected ($2)
Seat 2: GO99APE (button) (small blind) folded before Flop


PokerStars Hand #145974002450:  Hold'em Limit ($3/$6 USD) - 2015/12/26 18:49:07 ET
Table 'Nerina II' 2-max Seat #1 is the button
Seat 1: BigYelloFish ($228.71 in chips)
Seat 2: GO99APE ($78.19 in chips)
BigYelloFish: posts small blind $1
GO99APE: posts big blind $3
*** HOLE CARDS ***
BigYelloFish: raises $3 to $6
GO99APE: raises $3 to $9
BigYelloFish: calls $3
*** FLOP *** [Jh 9c 6h]
GO99APE: bets $3
BigYelloFish: calls $3
*** TURN *** [Jh 9c 6h] [2d]
GO99APE: bets $6
BigYelloFish: raises $6 to $12
GO99APE: raises $6 to $18
BigYelloFish: calls $6
*** RIVER *** [Jh 9c 6h 2d] [6d]
GO99APE: bets $6
BigYelloFish: calls $6
*** SHOW DOWN ***
GO99APE: shows [Jc Ac] (two pair, Jacks and Sixes)
BigYelloFish: mucks hand
GO99APE collected $71.50 from pot
*** SUMMARY ***
Total pot $72 | Rake $0.50
Board [Jh 9c 6h 2d 6d]
Seat 1: BigYelloFish (button) (small blind) mucked
Seat 2: GO99APE (big blind) showed [Jc Ac] and won ($71.50) with two pair, Jacks and Sixes


PokerStars Hand #145974072233:  Hold'em Limit ($3/$6 USD) - 2015/12/26 18:50:37 ET
Table 'Nerina II' 2-max Seat #1 is the button
Seat 1: BigYelloFish ($234.47 in chips)
Seat 2: GO99APE ($69.59 in chips)
BigYelloFish: posts small blind $1
GO99APE: posts big blind $3
*** HOLE CARDS ***
BigYelloFish: raises $3 to $6
GO99APE: folds
Uncalled bet ($3) returned to BigYelloFish
BigYelloFish collected $6 from pot
BigYelloFish: doesn't show hand
*** SUMMARY ***
Total pot $6 | Rake $0
Seat 1: BigYelloFish (button) (small blind) collected ($6)
Seat 2: GO99APE (big blind) folded before Flop


PokerStars Hand #145974061815:  Hold'em Limit ($3/$6 USD) - 2015/12/26 18:50:24 ET
Table 'Nerina II' 2-max Seat #2 is the button
Seat 1: BigYelloFish ($207.97 in chips)
Seat 2: GO99APE ($96.59 in chips)
GO99APE: posts small blind $1
BigYelloFish: posts big blind $3
*** HOLE CARDS ***
GO99APE: raises $3 to $6
BigYelloFish: calls $3
*** FLOP *** [9s 5h Th]
BigYelloFish: checks
GO99APE: bets $3
BigYelloFish: calls $3
*** TURN *** [9s 5h Th] [9c]
BigYelloFish: checks
GO99APE: bets $6
BigYelloFish: raises $6 to $12
GO99APE: calls $6
*** RIVER *** [9s 5h Th 9c] [4c]
BigYelloFish: bets $6
GO99APE: calls $6
*** SHOW DOWN ***
BigYelloFish: shows [9h 3s] (three of a kind, Nines)
GO99APE: mucks hand
BigYelloFish collected $53.50 from pot
*** SUMMARY ***
Total pot $54 | Rake $0.50
Board [9s 5h Th 9c 4c]
Seat 1: BigYelloFish (big blind) showed [9h 3s] and won ($53.50) with three of a kind, Nines
Seat 2: GO99APE (button) (small blind) mucked


PokerStars Hand #145974076373:  Hold'em Limit ($3/$6 USD) - 2015/12/26 18:50:43 ET
Table 'Nerina II' 2-max Seat #2 is the button
Seat 1: BigYelloFish ($237.47 in chips)
Seat 2: GO99APE ($66.59 in chips)
GO99APE: posts small blind $1
BigYelloFish: posts big blind $3
*** HOLE CARDS ***
GO99APE: raises $3 to $6
BigYelloFish: calls $3
*** FLOP *** [Ks 3c 7d]
BigYelloFish: checks
GO99APE: checks
*** TURN *** [Ks 3c 7d] [7h]
BigYelloFish: checks
GO99APE: bets $6
BigYelloFish: folds
Uncalled bet ($6) returned to GO99APE
GO99APE collected $11.76 from pot
GO99APE: doesn't show hand
*** SUMMARY ***
Total pot $12 | Rake $0.24
Board [Ks 3c 7d 7h]
Seat 1: BigYelloFish (big blind) folded on the Turn
Seat 2: GO99APE (button) (small blind) collected ($11.76)


PokerStars Hand #145974098330:  Hold'em Limit ($3/$6 USD) - 2015/12/26 18:51:11 ET
Table 'Nerina II' 2-max Seat #2 is the button
Seat 1: BigYelloFish ($260.97 in chips)
Seat 2: GO99APE ($42.35 in chips)
GO99APE: posts small blind $1
BigYelloFish: posts big blind $3
*** HOLE CARDS ***
GO99APE: folds
Uncalled bet ($2) returned to BigYelloFish
BigYelloFish collected $2 from pot
BigYelloFish: doesn't show hand
*** SUMMARY ***
Total pot $2 | Rake $0
Seat 1: BigYelloFish (big blind) collected ($2)
Seat 2: GO99APE (button) (small blind) folded before Flop


PokerStars Hand #145974085076:  Hold'em Limit ($3/$6 USD) - 2015/12/26 18:50:54 ET
Table 'Nerina II' 2-max Seat #1 is the button
Seat 1: BigYelloFish ($231.47 in chips)
Seat 2: GO99APE ($72.35 in chips)
BigYelloFish: posts small blind $1
GO99APE: posts big blind $3
*** HOLE CARDS ***
BigYelloFish: raises $3 to $6
GO99APE: raises $3 to $9
BigYelloFish: calls $3
*** FLOP *** [Ac 8d 5d]
GO99APE: bets $3
BigYelloFish: calls $3
*** TURN *** [Ac 8d 5d] [9c]
GO99APE: bets $6
BigYelloFish: raises $6 to $12
GO99APE: calls $6
*** RIVER *** [Ac 8d 5d 9c] [2h]
GO99APE: checks
BigYelloFish: bets $6
GO99APE: calls $6
*** SHOW DOWN ***
BigYelloFish: shows [As Js] (a pair of Aces)
GO99APE: mucks hand
BigYelloFish collected $59.50 from pot
*** SUMMARY ***
Total pot $60 | Rake $0.50
Board [Ac 8d 5d 9c 2h]
Seat 1: BigYelloFish (button) (small blind) showed [As Js] and won ($59.50) with a pair of Aces
Seat 2: GO99APE (big blind) mucked


PokerStars Hand #145974105643:  Hold'em Limit ($3/$6 USD) - 2015/12/26 18:51:20 ET
Table 'Nerina II' 2-max Seat #2 is the button
Seat 1: BigYelloFish ($260.97 in chips)
Seat 2: GO99APE ($42.35 in chips)
GO99APE: posts small blind $1
BigYelloFish: posts big blind $3
*** HOLE CARDS ***
GO99APE: raises $3 to $6
BigYelloFish: calls $3
*** FLOP *** [7c 9s 6d]
BigYelloFish: checks
GO99APE: bets $3
BigYelloFish: raises $3 to $6
GO99APE: calls $3
*** TURN *** [7c 9s 6d] [Qh]
BigYelloFish: bets $6
GO99APE: raises $6 to $12
BigYelloFish: calls $6
*** RIVER *** [7c 9s 6d Qh] [7h]
BigYelloFish: checks
GO99APE: bets $6
BigYelloFish: folds
Uncalled bet ($6) returned to GO99APE
GO99APE collected $47.50 from pot
GO99APE: doesn't show hand
*** SUMMARY ***
Total pot $48 | Rake $0.50
Board [7c 9s 6d Qh 7h]
Seat 1: BigYelloFish (big blind) folded on the River
Seat 2: GO99APE (button) (small blind) collected ($47.50)


PokerStars Hand #145974117005:  Hold'em Limit ($3/$6 USD) - 2015/12/26 18:51:35 ET
Table 'Nerina II' 2-max Seat #1 is the button
Seat 1: BigYelloFish ($236.97 in chips)
Seat 2: GO99APE ($65.85 in chips)
BigYelloFish: posts small blind $1
GO99APE: posts big blind $3
*** HOLE CARDS ***
BigYelloFish: raises $3 to $6
GO99APE: calls $3
*** FLOP *** [7d 4d 5c]
GO99APE: bets $3
BigYelloFish: calls $3
*** TURN *** [7d 4d 5c] [Th]
GO99APE: bets $6
BigYelloFish: calls $6
*** RIVER *** [7d 4d 5c Th] [Tc]
GO99APE: bets $6
BigYelloFish: folds
Uncalled bet ($6) returned to GO99APE
GO99APE collected $29.50 from pot
GO99APE: doesn't show hand
*** SUMMARY ***
Total pot $30 | Rake $0.50
Board [7d 4d 5c Th Tc]
Seat 1: BigYelloFish (button) (small blind) folded on the River
Seat 2: GO99APE (big blind) collected ($29.50)


PokerStars Hand #145974126665:  Hold'em Limit ($3/$6 USD) - 2015/12/26 18:51:48 ET
Table 'Nerina II' 2-max Seat #2 is the button
Seat 1: BigYelloFish ($221.97 in chips)
Seat 2: GO99APE ($80.35 in chips)
GO99APE: posts small blind $1
BigYelloFish: posts big blind $3
*** HOLE CARDS ***
GO99APE: raises $3 to $6
BigYelloFish: calls $3
*** FLOP *** [9d 7d 2h]
BigYelloFish: checks
GO99APE: checks
*** TURN *** [9d 7d 2h] [4s]
BigYelloFish: bets $6
GO99APE: calls $6
*** RIVER *** [9d 7d 2h 4s] [Ah]
BigYelloFish: checks
GO99APE: bets $6
BigYelloFish: folds
Uncalled bet ($6) returned to GO99APE
GO99APE collected $23.52 from pot
GO99APE: doesn't show hand
*** SUMMARY ***
Total pot $24 | Rake $0.48
Board [9d 7d 2h 4s Ah]
Seat 1: BigYelloFish (big blind) folded on the River
Seat 2: GO99APE (button) (small blind) collected ($23.52)


PokerStars Hand #145974135949:  Hold'em Limit ($3/$6 USD) - 2015/12/26 18:52:00 ET
Table 'Nerina II' 2-max Seat #1 is the button
Seat 1: BigYelloFish ($209.97 in chips)
Seat 2: GO99APE ($91.87 in chips)
BigYelloFish: posts small blind $1
GO99APE: posts big blind $3
*** HOLE CARDS ***
BigYelloFish: raises $3 to $6
GO99APE: calls $3
*** FLOP *** [5d 7d 4c]
GO99APE: checks
BigYelloFish: checks
*** TURN *** [5d 7d 4c] [Ts]
GO99APE: checks
BigYelloFish: checks
*** RIVER *** [5d 7d 4c Ts] [9c]
GO99APE: checks
BigYelloFish: bets $6
GO99APE: calls $6
*** SHOW DOWN ***
BigYelloFish: shows [Qs 2s] (high card Queen)
GO99APE: shows [5h 2h] (a pair of Fives)
GO99APE collected $23.52 from pot
*** SUMMARY ***
Total pot $24 | Rake $0.48
Board [5d 7d 4c Ts 9c]
Seat 1: BigYelloFish (button) (small blind) showed [Qs 2s] and lost with high card Queen
Seat 2: GO99APE (big blind) showed [5h 2h] and won ($23.52) with a pair of Fives


PokerStars Hand #145974102057:  Hold'em Limit ($3/$6 USD) - 2015/12/26 18:51:16 ET
Table 'Nerina II' 2-max Seat #1 is the button
Seat 1: BigYelloFish ($261.97 in chips)
Seat 2: GO99APE ($41.35 in chips)
BigYelloFish: posts small blind $1
GO99APE: posts big blind $3
*** HOLE CARDS ***
BigYelloFish: folds
Uncalled bet ($2) returned to GO99APE
GO99APE collected $2 from pot
GO99APE: doesn't show hand
*** SUMMARY ***
Total pot $2 | Rake $0
Seat 1: BigYelloFish (button) (small blind) folded before Flop
Seat 2: GO99APE (big blind) collected ($2)


PokerStars Hand #145974167195:  Hold'em Limit ($3/$6 USD) - 2015/12/26 18:52:40 ET
Table 'Nerina II' 2-max Seat #2 is the button
Seat 1: BigYelloFish ($244.97 in chips)
Seat 2: GO99APE ($55.39 in chips)
GO99APE: posts small blind $1
BigYelloFish: posts big blind $3
*** HOLE CARDS ***
GO99APE: folds
Uncalled bet ($2) returned to BigYelloFish
BigYelloFish collected $2 from pot
BigYelloFish: doesn't show hand
*** SUMMARY ***
Total pot $2 | Rake $0
Seat 1: BigYelloFish (big blind) collected ($2)
Seat 2: GO99APE (button) (small blind) folded before Flop


PokerStars Hand #145974156556:  Hold'em Limit ($3/$6 USD) - 2015/12/26 18:52:26 ET
Table 'Nerina II' 2-max Seat #1 is the button
Seat 1: BigYelloFish ($221.47 in chips)
Seat 2: GO99APE ($79.39 in chips)
BigYelloFish: posts small blind $1
GO99APE: posts big blind $3
*** HOLE CARDS ***
BigYelloFish: raises $3 to $6
GO99APE: raises $3 to $9
BigYelloFish: raises $3 to $12
Betting is capped
GO99APE: calls $3
*** FLOP *** [4s Td Jc]
GO99APE: checks
BigYelloFish: checks
*** TURN *** [4s Td Jc] [Kh]
GO99APE: bets $6
BigYelloFish: calls $6
*** RIVER *** [4s Td Jc Kh] [8c]
GO99APE: bets $6
BigYelloFish: calls $6
*** SHOW DOWN ***
GO99APE: shows [7c Ah] (high card Ace)
BigYelloFish: shows [Qd Qh] (a pair of Queens)
BigYelloFish collected $47.50 from pot
*** SUMMARY ***
Total pot $48 | Rake $0.50
Board [4s Td Jc Kh 8c]
Seat 1: BigYelloFish (button) (small blind) showed [Qd Qh] and won ($47.50) with a pair of Queens
Seat 2: GO99APE (big blind) showed [7c Ah] and lost with high card Ace


PokerStars Hand #145974184103:  Hold'em Limit ($3/$6 USD) - 2015/12/26 18:53:02 ET
Table 'Nerina II' 2-max Seat #2 is the button
Seat 1: BigYelloFish ($260.47 in chips)
Seat 2: GO99APE ($39.39 in chips)
GO99APE: posts small blind $1
BigYelloFish: posts big blind $3
*** HOLE CARDS ***
GO99APE: calls $2
BigYelloFish: checks
*** FLOP *** [6d Kd 5s]
BigYelloFish: checks
GO99APE: bets $3
BigYelloFish: calls $3
*** TURN *** [6d Kd 5s] [3h]
BigYelloFish: checks
GO99APE: checks
*** RIVER *** [6d Kd 5s 3h] [Ac]
BigYelloFish: checks
GO99APE: bets $6
BigYelloFish: folds
Uncalled bet ($6) returned to GO99APE
GO99APE collected $11.76 from pot
GO99APE: doesn't show hand
*** SUMMARY ***
Total pot $12 | Rake $0.24
Board [6d Kd 5s 3h Ac]
Seat 1: BigYelloFish (big blind) folded on the River
Seat 2: GO99APE (button) (small blind) collected ($11.76)


PokerStars Hand #145974146892:  Hold'em Limit ($3/$6 USD) - 2015/12/26 18:52:14 ET
Table 'Nerina II' 2-max Seat #2 is the button
Seat 1: BigYelloFish ($197.97 in chips)
Seat 2: GO99APE ($103.39 in chips)
GO99APE: posts small blind $1
BigYelloFish: posts big blind $3
*** HOLE CARDS ***
GO99APE: raises $3 to $6
BigYelloFish: raises $3 to $9
GO99APE: calls $3
*** FLOP *** [Qs 9c Qc]
BigYelloFish: bets $3
GO99APE: calls $3
*** TURN *** [Qs 9c Qc] [Ah]
BigYelloFish: bets $6
GO99APE: calls $6
*** RIVER *** [Qs 9c Qc Ah] [8s]
BigYelloFish: bets $6
GO99APE: calls $6
*** SHOW DOWN ***
BigYelloFish: shows [As Tc] (two pair, Aces and Queens)
GO99APE: mucks hand
BigYelloFish collected $47.50 from pot
*** SUMMARY ***
Total pot $48 | Rake $0.50
Board [Qs 9c Qc Ah 8s]
Seat 1: BigYelloFish (big blind) showed [As Tc] and won ($47.50) with two pair, Aces and Queens
Seat 2: GO99APE (button) (small blind) mucked


PokerStars Hand #145974204650:  Hold'em Limit ($3/$6 USD) - 2015/12/26 18:53:29 ET
Table 'Nerina II' 2-max Seat #2 is the button
Seat 1: BigYelloFish ($239.47 in chips)
Seat 2: GO99APE ($59.65 in chips)
GO99APE: posts small blind $1
BigYelloFish: posts big blind $3
*** HOLE CARDS ***
GO99APE: folds
Uncalled bet ($2) returned to BigYelloFish
BigYelloFish collected $2 from pot
BigYelloFish: doesn't show hand
*** SUMMARY ***
Total pot $2 | Rake $0
Seat 1: BigYelloFish (big blind) collected ($2)
Seat 2: GO99APE (button) (small blind) folded before Flop


PokerStars Hand #145974194005:  Hold'em Limit ($3/$6 USD) - 2015/12/26 18:53:15 ET
Table 'Nerina II' 2-max Seat #1 is the button
Seat 1: BigYelloFish ($254.47 in chips)
Seat 2: GO99APE ($45.15 in chips)
BigYelloFish: posts small blind $1
GO99APE: posts big blind $3
*** HOLE CARDS ***
BigYelloFish: raises $3 to $6
GO99APE: calls $3
*** FLOP *** [Js 3d 6h]
GO99APE: bets $3
BigYelloFish: calls $3
*** TURN *** [Js 3d 6h] [6s]
GO99APE: bets $6
BigYelloFish: calls $6
*** RIVER *** [Js 3d 6h 6s] [Td]
GO99APE: bets $6
BigYelloFish: folds
Uncalled bet ($6) returned to GO99APE
GO99APE collected $29.50 from pot
GO99APE: doesn't show hand
*** SUMMARY ***
Total pot $30 | Rake $0.50
Board [Js 3d 6h 6s Td]
Seat 1: BigYelloFish (button) (small blind) folded on the River
Seat 2: GO99APE (big blind) collected ($29.50)


PokerStars Hand #145974207885:  Hold'em Limit ($3/$6 USD) - 2015/12/26 18:53:33 ET
Table 'Nerina II' 2-max Seat #1 is the button
Seat 1: BigYelloFish ($240.47 in chips)
Seat 2: GO99APE ($58.65 in chips)
BigYelloFish: posts small blind $1
GO99APE: posts big blind $3
*** HOLE CARDS ***
BigYelloFish: raises $3 to $6
GO99APE: calls $3
*** FLOP *** [Ah 2c Kh]
GO99APE: checks
BigYelloFish: bets $3
GO99APE: calls $3
*** TURN *** [Ah 2c Kh] [Jh]
GO99APE: checks
BigYelloFish: checks
*** RIVER *** [Ah 2c Kh Jh] [2s]
GO99APE: checks
BigYelloFish: checks
*** SHOW DOWN ***
GO99APE: shows [Kc 7h] (two pair, Kings and Deuces)
BigYelloFish: mucks hand
GO99APE collected $17.64 from pot
*** SUMMARY ***
Total pot $18 | Rake $0.36
Board [Ah 2c Kh Jh 2s]
Seat 1: BigYelloFish (button) (small blind) mucked
Seat 2: GO99APE (big blind) showed [Kc 7h] and won ($17.64) with two pair, Kings and Deuces


PokerStars Hand #145974217943:  Hold'em Limit ($3/$6 USD) - 2015/12/26 18:53:46 ET
Table 'Nerina II' 2-max Seat #2 is the button
Seat 1: BigYelloFish ($231.47 in chips)
Seat 2: GO99APE ($67.29 in chips)
GO99APE: posts small blind $1
BigYelloFish: posts big blind $3
*** HOLE CARDS ***
GO99APE: raises $3 to $6
BigYelloFish: calls $3
*** FLOP *** [Ks Tc 5c]
BigYelloFish: checks
GO99APE: bets $3
BigYelloFish: folds
Uncalled bet ($3) returned to GO99APE
GO99APE collected $11.76 from pot
GO99APE: doesn't show hand
*** SUMMARY ***
Total pot $12 | Rake $0.24
Board [Ks Tc 5c]
Seat 1: BigYelloFish (big blind) folded on the Flop
Seat 2: GO99APE (button) (small blind) collected ($11.76)


PokerStars Hand #145974228085:  Hold'em Limit ($3/$6 USD) - 2015/12/26 18:53:59 ET
Table 'Nerina II' 2-max Seat #2 is the button
Seat 1: BigYelloFish ($228.47 in chips)
Seat 2: GO99APE ($70.05 in chips)
GO99APE: posts small blind $1
BigYelloFish: posts big blind $3
*** HOLE CARDS ***
GO99APE: raises $3 to $6
BigYelloFish: calls $3
*** FLOP *** [Ts 4s 6d]
BigYelloFish: checks
GO99APE: bets $3
BigYelloFish: calls $3
*** TURN *** [Ts 4s 6d] [9d]
BigYelloFish: checks
GO99APE: bets $6
BigYelloFish: folds
Uncalled bet ($6) returned to GO99APE
GO99APE collected $17.64 from pot
GO99APE: doesn't show hand
*** SUMMARY ***
Total pot $18 | Rake $0.36
Board [Ts 4s 6d 9d]
Seat 1: BigYelloFish (big blind) folded on the Turn
Seat 2: GO99APE (button) (small blind) collected ($17.64)


PokerStars Hand #145974247839:  Hold'em Limit ($3/$6 USD) - 2015/12/26 18:54:25 ET
Table 'Nerina II' 2-max Seat #2 is the button
Seat 1: BigYelloFish ($198.47 in chips)
Seat 2: GO99APE ($99.19 in chips)
GO99APE: posts small blind $1
BigYelloFish: posts big blind $3
*** HOLE CARDS ***
GO99APE: raises $3 to $6
BigYelloFish: calls $3
*** FLOP *** [4h 2d Ah]
BigYelloFish: checks
GO99APE: bets $3
BigYelloFish: calls $3
*** TURN *** [4h 2d Ah] [2s]
BigYelloFish: checks
GO99APE: bets $6
BigYelloFish: folds
Uncalled bet ($6) returned to GO99APE
GO99APE collected $17.64 from pot
GO99APE: doesn't show hand
*** SUMMARY ***
Total pot $18 | Rake $0.36
Board [4h 2d Ah 2s]
Seat 1: BigYelloFish (big blind) folded on the Turn
Seat 2: GO99APE (button) (small blind) collected ($17.64)


PokerStars Hand #145974258998:  Hold'em Limit ($3/$6 USD) - 2015/12/26 18:54:40 ET
Table 'Nerina II' 2-max Seat #2 is the button
Seat 1: BigYelloFish ($188.47 in chips)
Seat 2: GO99APE ($108.83 in chips)
GO99APE: posts small blind $1
BigYelloFish: posts big blind $3
*** HOLE CARDS ***
GO99APE: raises $3 to $6
BigYelloFish: calls $3
*** FLOP *** [Tc 6c 2c]
BigYelloFish: checks
GO99APE: bets $3
BigYelloFish: folds
Uncalled bet ($3) returned to GO99APE
GO99APE collected $11.76 from pot
GO99APE: doesn't show hand
*** SUMMARY ***
Total pot $12 | Rake $0.24
Board [Tc 6c 2c]
Seat 1: BigYelloFish (big blind) folded on the Flop
Seat 2: GO99APE (button) (small blind) collected ($11.76)


PokerStars Hand #145974255665:  Hold'em Limit ($3/$6 USD) - 2015/12/26 18:54:35 ET
Table 'Nerina II' 2-max Seat #1 is the button
Seat 1: BigYelloFish ($189.47 in chips)
Seat 2: GO99APE ($107.83 in chips)
BigYelloFish: posts small blind $1
GO99APE: posts big blind $3
*** HOLE CARDS ***
BigYelloFish: folds
Uncalled bet ($2) returned to GO99APE
GO99APE collected $2 from pot
GO99APE: doesn't show hand
*** SUMMARY ***
Total pot $2 | Rake $0
Seat 1: BigYelloFish (button) (small blind) folded before Flop
Seat 2: GO99APE (big blind) collected ($2)


PokerStars Hand #145974267777:  Hold'em Limit ($3/$6 USD) - 2015/12/26 18:54:51 ET
Table 'Nerina II' 2-max Seat #2 is the button
Seat 1: BigYelloFish ($185.47 in chips)
Seat 2: GO99APE ($111.59 in chips)
GO99APE: posts small blind $1
BigYelloFish: posts big blind $3
*** HOLE CARDS ***
GO99APE: folds
Uncalled bet ($2) returned to BigYelloFish
BigYelloFish collected $2 from pot
BigYelloFish: doesn't show hand
*** SUMMARY ***
Total pot $2 | Rake $0
Seat 1: BigYelloFish (big blind) collected ($2)
Seat 2: GO99APE (button) (small blind) folded before Flop


PokerStars Hand #145974264145:  Hold'em Limit ($3/$6 USD) - 2015/12/26 18:54:46 ET
Table 'Nerina II' 2-max Seat #1 is the button
Seat 1: BigYelloFish ($182.47 in chips)
Seat 2: GO99APE ($114.59 in chips)
BigYelloFish: posts small blind $1
GO99APE: posts big blind $3
*** HOLE CARDS ***
BigYelloFish: raises $3 to $6
GO99APE: folds
Uncalled bet ($3) returned to BigYelloFish
BigYelloFish collected $6 from pot
BigYelloFish: doesn't show hand
*** SUMMARY ***
Total pot $6 | Rake $0
Seat 1: BigYelloFish (button) (small blind) collected ($6)
Seat 2: GO99APE (big blind) folded before Flop


PokerStars Hand #145974272824:  Hold'em Limit ($3/$6 USD) - 2015/12/26 18:54:58 ET
Table 'Nerina II' 2-max Seat #1 is the button
Seat 1: BigYelloFish ($186.47 in chips)
Seat 2: GO99APE ($110.59 in chips)
BigYelloFish: posts small blind $1
GO99APE: posts big blind $3
*** HOLE CARDS ***
BigYelloFish: raises $3 to $6
GO99APE: calls $3
*** FLOP *** [Js Ac 7c]
GO99APE: checks
BigYelloFish: bets $3
GO99APE: raises $3 to $6
BigYelloFish: folds
Uncalled bet ($3) returned to GO99APE
GO99APE collected $17.64 from pot
GO99APE: doesn't show hand
*** SUMMARY ***
Total pot $18 | Rake $0.36
Board [Js Ac 7c]
Seat 1: BigYelloFish (button) (small blind) folded on the Flop
Seat 2: GO99APE (big blind) collected ($17.64)


PokerStars Hand #145974235576:  Hold'em Limit ($3/$6 USD) - 2015/12/26 18:54:09 ET
Table 'Nerina II' 2-max Seat #1 is the button
Seat 1: BigYelloFish ($219.47 in chips)
Seat 2: GO99APE ($78.69 in chips)
BigYelloFish: posts small blind $1
GO99APE: posts big blind $3
*** HOLE CARDS ***
BigYelloFish: raises $3 to $6
GO99APE: calls $3
*** FLOP *** [Qh Jc Ts]
GO99APE: checks
BigYelloFish: bets $3
GO99APE: calls $3
*** TURN *** [Qh Jc Ts] [4h]
GO99APE: checks
BigYelloFish: bets $6
GO99APE: calls $6
*** RIVER *** [Qh Jc Ts 4h] [8h]
GO99APE: bets $6
BigYelloFish: calls $6
*** SHOW DOWN ***
GO99APE: shows [6h 9c] (a straight, Eight to Queen)
BigYelloFish: mucks hand
GO99APE collected $41.50 from pot
*** SUMMARY ***
Total pot $42 | Rake $0.50
Board [Qh Jc Ts 4h 8h]
Seat 1: BigYelloFish (button) (small blind) mucked
Seat 2: GO99APE (big blind) showed [6h 9c] and won ($41.50) with a straight, Eight to Queen


PokerStars Hand #145974288419:  Hold'em Limit ($3/$6 USD) - 2015/12/26 18:55:20 ET
Table 'Nerina II' 2-max Seat #1 is the button
Seat 1: BigYelloFish ($171.47 in chips)
Seat 2: GO99APE ($124.99 in chips)
BigYelloFish: posts small blind $1
GO99APE: posts big blind $3
*** HOLE CARDS ***
BigYelloFish: raises $3 to $6
GO99APE: raises $3 to $9
BigYelloFish: calls $3
*** FLOP *** [8c 3d 6h]
GO99APE: bets $3
BigYelloFish: calls $3
*** TURN *** [8c 3d 6h] [3h]
GO99APE: bets $6
BigYelloFish: raises $6 to $12
GO99APE: raises $6 to $18
BigYelloFish: calls $6
*** RIVER *** [8c 3d 6h 3h] [5d]
GO99APE: bets $6
BigYelloFish: calls $6
*** SHOW DOWN ***
GO99APE: shows [Qc Qh] (two pair, Queens and Threes)
BigYelloFish: mucks hand
GO99APE collected $71.50 from pot
*** SUMMARY ***
Total pot $72 | Rake $0.50
Board [8c 3d 6h 3h 5d]
Seat 1: BigYelloFish (button) (small blind) mucked
Seat 2: GO99APE (big blind) showed [Qc Qh] and won ($71.50) with two pair, Queens and Threes


PokerStars Hand #145974299116:  Hold'em Limit ($3/$6 USD) - 2015/12/26 18:55:37 ET
Table 'Nerina II' 2-max Seat #2 is the button
Seat 1: BigYelloFish ($135.47 in chips)
Seat 2: GO99APE ($160.49 in chips)
GO99APE: posts small blind $1
BigYelloFish: posts big blind $3
*** HOLE CARDS ***
GO99APE: raises $3 to $6
BigYelloFish: calls $3
*** FLOP *** [7h Ac 3h]
BigYelloFish: checks
GO99APE: bets $3
BigYelloFish: folds
Uncalled bet ($3) returned to GO99APE
GO99APE collected $11.76 from pot
GO99APE: doesn't show hand
*** SUMMARY ***
Total pot $12 | Rake $0.24
Board [7h Ac 3h]
Seat 1: BigYelloFish (big blind) folded on the Flop
Seat 2: GO99APE (button) (small blind) collected ($11.76)


PokerStars Hand #145974303800:  Hold'em Limit ($3/$6 USD) - 2015/12/26 18:55:44 ET
Table 'Nerina II' 2-max Seat #1 is the button
Seat 1: BigYelloFish ($129.47 in chips)
Seat 2: GO99APE ($166.25 in chips)
BigYelloFish: posts small blind $1
GO99APE: posts big blind $3
*** HOLE CARDS ***
BigYelloFish: raises $3 to $6
GO99APE: calls $3
*** FLOP *** [4c 2c 5c]
GO99APE: checks
BigYelloFish: bets $3
GO99APE: folds
Uncalled bet ($3) returned to BigYelloFish
BigYelloFish collected $11.76 from pot
BigYelloFish: doesn't show hand
*** SUMMARY ***
Total pot $12 | Rake $0.24
Board [4c 2c 5c]
Seat 1: BigYelloFish (button) (small blind) collected ($11.76)
Seat 2: GO99APE (big blind) folded on the Flop


PokerStars Hand #145974311517:  Hold'em Limit ($3/$6 USD) - 2015/12/26 18:55:57 ET
Table 'Nerina II' 2-max Seat #2 is the button
Seat 1: BigYelloFish ($135.23 in chips)
Seat 2: GO99APE ($160.25 in chips)
GO99APE: posts small blind $1
BigYelloFish: posts big blind $3
*** HOLE CARDS ***
GO99APE: calls $2
BigYelloFish: checks
*** FLOP *** [2s Jd 4c]
BigYelloFish: checks
GO99APE: bets $3
BigYelloFish: calls $3
*** TURN *** [2s Jd 4c] [Ks]
BigYelloFish: checks
GO99APE: bets $6
BigYelloFish: folds
Uncalled bet ($6) returned to GO99APE
GO99APE collected $11.76 from pot
GO99APE: doesn't show hand
*** SUMMARY ***
Total pot $12 | Rake $0.24
Board [2s Jd 4c Ks]
Seat 1: BigYelloFish (big blind) folded on the Turn
Seat 2: GO99APE (button) (small blind) collected ($11.76)


PokerStars Hand #145974281525:  Hold'em Limit ($3/$6 USD) - 2015/12/26 18:55:09 ET
Table 'Nerina II' 2-max Seat #2 is the button
Seat 1: BigYelloFish ($177.47 in chips)
Seat 2: GO99APE ($119.23 in chips)
GO99APE: posts small blind $1
BigYelloFish: posts big blind $3
*** HOLE CARDS ***
GO99APE: raises $3 to $6
BigYelloFish: calls $3
*** FLOP *** [9c 5h 4d]
BigYelloFish: checks
GO99APE: checks
*** TURN *** [9c 5h 4d] [5c]
BigYelloFish: checks
GO99APE: bets $6
BigYelloFish: folds
Uncalled bet ($6) returned to GO99APE
GO99APE collected $11.76 from pot
GO99APE: doesn't show hand
*** SUMMARY ***
Total pot $12 | Rake $0.24
Board [9c 5h 4d 5c]
Seat 1: BigYelloFish (big blind) folded on the Turn
Seat 2: GO99APE (button) (small blind) collected ($11.76)


PokerStars Hand #145974330684:  Hold'em Limit ($3/$6 USD) - 2015/12/26 18:56:27 ET
Table 'Nerina II' 2-max Seat #2 is the button
Seat 1: BigYelloFish ($134.99 in chips)
Seat 2: GO99APE ($160.01 in chips)
GO99APE: posts small blind $1
BigYelloFish: posts big blind $3
*** HOLE CARDS ***
GO99APE: raises $3 to $6
BigYelloFish: calls $3
*** FLOP *** [6h Qd 9s]
BigYelloFish: checks
GO99APE: checks
*** TURN *** [6h Qd 9s] [9c]
BigYelloFish: checks
GO99APE: checks
*** RIVER *** [6h Qd 9s 9c] [Kc]
BigYelloFish: checks
GO99APE: bets $6
BigYelloFish: folds
Uncalled bet ($6) returned to GO99APE
GO99APE collected $11.76 from pot
GO99APE: doesn't show hand
*** SUMMARY ***
Total pot $12 | Rake $0.24
Board [6h Qd 9s 9c Kc]
Seat 1: BigYelloFish (big blind) folded on the River
Seat 2: GO99APE (button) (small blind) collected ($11.76)


PokerStars Hand #145974345981:  Hold'em Limit ($3/$6 USD) - 2015/12/26 18:56:51 ET
Table 'Nerina II' 2-max Seat #2 is the button
Seat 1: BigYelloFish ($116.99 in chips)
Seat 2: GO99APE ($177.29 in chips)
GO99APE: posts small blind $1
BigYelloFish: posts big blind $3
*** HOLE CARDS ***
GO99APE: raises $3 to $6
BigYelloFish: folds
Uncalled bet ($3) returned to GO99APE
GO99APE collected $6 from pot
GO99APE: doesn't show hand
*** SUMMARY ***
Total pot $6 | Rake $0
Seat 1: BigYelloFish (big blind) folded before Flop
Seat 2: GO99APE (button) (small blind) collected ($6)


PokerStars Hand #145974338267:  Hold'em Limit ($3/$6 USD) - 2015/12/26 18:56:39 ET
Table 'Nerina II' 2-max Seat #1 is the button
Seat 1: BigYelloFish ($128.99 in chips)
Seat 2: GO99APE ($165.77 in chips)
BigYelloFish: posts small blind $1
GO99APE: posts big blind $3
*** HOLE CARDS ***
BigYelloFish: raises $3 to $6
GO99APE: calls $3
*** FLOP *** [Js 7s Qd]
GO99APE: checks
BigYelloFish: bets $3
GO99APE: raises $3 to $6
BigYelloFish: calls $3
*** TURN *** [Js 7s Qd] [Ah]
GO99APE: bets $6
BigYelloFish: folds
Uncalled bet ($6) returned to GO99APE
GO99APE collected $23.52 from pot
GO99APE: doesn't show hand
*** SUMMARY ***
Total pot $24 | Rake $0.48
Board [Js 7s Qd Ah]
Seat 1: BigYelloFish (button) (small blind) folded on the Turn
Seat 2: GO99APE (big blind) collected ($23.52)


PokerStars Hand #145974351681:  Hold'em Limit ($3/$6 USD) - 2015/12/26 18:57:01 ET
Table 'Nerina II' 2-max Seat #2 is the button
Seat 1: BigYelloFish ($112.99 in chips)
Seat 2: GO99APE ($181.29 in chips)
GO99APE: posts small blind $1
BigYelloFish: posts big blind $3
*** HOLE CARDS ***
GO99APE: folds
Uncalled bet ($2) returned to BigYelloFish
BigYelloFish collected $2 from pot
BigYelloFish: doesn't show hand
*** SUMMARY ***
Total pot $2 | Rake $0
Seat 1: BigYelloFish (big blind) collected ($2)
Seat 2: GO99APE (button) (small blind) folded before Flop


PokerStars Hand #145974348960:  Hold'em Limit ($3/$6 USD) - 2015/12/26 18:56:56 ET
Table 'Nerina II' 2-max Seat #1 is the button
Seat 1: BigYelloFish ($113.99 in chips)
Seat 2: GO99APE ($180.29 in chips)
BigYelloFish: posts small blind $1
GO99APE: posts big blind $3
*** HOLE CARDS ***
BigYelloFish: folds
Uncalled bet ($2) returned to GO99APE
GO99APE collected $2 from pot
GO99APE: doesn't show hand
*** SUMMARY ***
Total pot $2 | Rake $0
Seat 1: BigYelloFish (button) (small blind) folded before Flop
Seat 2: GO99APE (big blind) collected ($2)


PokerStars Hand #145974324577:  Hold'em Limit ($3/$6 USD) - 2015/12/26 18:56:18 ET
Table 'Nerina II' 2-max Seat #1 is the button
Seat 1: BigYelloFish ($129.23 in chips)
Seat 2: GO99APE ($166.01 in chips)
BigYelloFish: posts small blind $1
GO99APE: posts big blind $3
*** HOLE CARDS ***
BigYelloFish: raises $3 to $6
GO99APE: calls $3
*** FLOP *** [7h 8s 2d]
GO99APE: checks
BigYelloFish: bets $3
GO99APE: folds
Uncalled bet ($3) returned to BigYelloFish
BigYelloFish collected $11.76 from pot
BigYelloFish: doesn't show hand
*** SUMMARY ***
Total pot $12 | Rake $0.24
Board [7h 8s 2d]
Seat 1: BigYelloFish (button) (small blind) collected ($11.76)
Seat 2: GO99APE (big blind) folded on the Flop


PokerStars Hand #145974364449:  Hold'em Limit ($3/$6 USD) - 2015/12/26 18:57:21 ET
Table 'Nerina II' 2-max Seat #2 is the button
Seat 1: BigYelloFish ($104.99 in chips)
Seat 2: GO99APE ($188.93 in chips)
GO99APE: posts small blind $1
BigYelloFish: posts big blind $3
*** HOLE CARDS ***
GO99APE: raises $3 to $6
BigYelloFish: calls $3
*** FLOP *** [Kd Ks 6d]
BigYelloFish: checks
GO99APE: checks
*** TURN *** [Kd Ks 6d] [2s]
BigYelloFish: checks
GO99APE: checks
*** RIVER *** [Kd Ks 6d 2s] [Kc]
BigYelloFish: checks
GO99APE: bets $6
BigYelloFish: calls $6
*** SHOW DOWN ***
GO99APE: shows [Jc 2c] (a full house, Kings full of Deuces)
BigYelloFish: mucks hand
GO99APE collected $23.52 from pot
*** SUMMARY ***
Total pot $24 | Rake $0.48
Board [Kd Ks 6d 2s Kc]
Seat 1: BigYelloFish (big blind) mucked
Seat 2: GO99APE (button) (small blind) showed [Jc 2c] and won ($23.52) with a full house, Kings full of Deuces


PokerStars Hand #145974372044:  Hold'em Limit ($3/$6 USD) - 2015/12/26 18:57:33 ET
Table 'Nerina II' 2-max Seat #1 is the button
Seat 1: BigYelloFish ($92.99 in chips)
Seat 2: GO99APE ($200.45 in chips)
BigYelloFish: posts small blind $1
GO99APE: posts big blind $3
*** HOLE CARDS ***
BigYelloFish: raises $3 to $6
GO99APE: calls $3
*** FLOP *** [6h 9h Ks]
GO99APE: checks
BigYelloFish: bets $3
GO99APE: calls $3
*** TURN *** [6h 9h Ks] [Kh]
GO99APE: checks
BigYelloFish: bets $6
GO99APE: calls $6
*** RIVER *** [6h 9h Ks Kh] [Ac]
GO99APE: checks
BigYelloFish: bets $6
GO99APE: calls $6
*** SHOW DOWN ***
BigYelloFish: shows [4d 3d] (a pair of Kings)
GO99APE: shows [Js Ts] (a pair of Kings - Ace+Jack kicker)
GO99APE collected $41.50 from pot
*** SUMMARY ***
Total pot $42 | Rake $0.50
Board [6h 9h Ks Kh Ac]
Seat 1: BigYelloFish (button) (small blind) showed [4d 3d] and lost with a pair of Kings
Seat 2: GO99APE (big blind) showed [Js Ts] and won ($41.50) with a pair of Kings


PokerStars Hand #145974391344:  Hold'em Limit ($3/$6 USD) - 2015/12/26 18:58:04 ET
Table 'Nerina II' 2-max Seat #1 is the button
Seat 1: BigYelloFish ($56.99 in chips)
Seat 2: GO99APE ($235.45 in chips)
BigYelloFish: posts small blind $1
GO99APE: posts big blind $3
*** HOLE CARDS ***
BigYelloFish: raises $3 to $6
GO99APE: folds
Uncalled bet ($3) returned to BigYelloFish
BigYelloFish collected $6 from pot
BigYelloFish: doesn't show hand
*** SUMMARY ***
Total pot $6 | Rake $0
Seat 1: BigYelloFish (button) (small blind) collected ($6)
Seat 2: GO99APE (big blind) folded before Flop


PokerStars Hand #145974382699:  Hold'em Limit ($3/$6 USD) - 2015/12/26 18:57:50 ET
Table 'Nerina II' 2-max Seat #2 is the button
Seat 1: BigYelloFish ($71.99 in chips)
Seat 2: GO99APE ($220.95 in chips)
GO99APE: posts small blind $1
BigYelloFish: posts big blind $3
*** HOLE CARDS ***
GO99APE: calls $2
BigYelloFish: raises $3 to $6
GO99APE: calls $3
*** FLOP *** [Kd 4s 7c]
BigYelloFish: bets $3
GO99APE: calls $3
*** TURN *** [Kd 4s 7c] [Th]
BigYelloFish: checks
GO99APE: checks
*** RIVER *** [Kd 4s 7c Th] [7d]
BigYelloFish: checks
GO99APE: bets $6
BigYelloFish: calls $6
*** SHOW DOWN ***
GO99APE: shows [9c 7s] (three of a kind, Sevens)
BigYelloFish: mucks hand
GO99APE collected $29.50 from pot
*** SUMMARY ***
Total pot $30 | Rake $0.50
Board [Kd 4s 7c Th 7d]
Seat 1: BigYelloFish (big blind) mucked
Seat 2: GO99APE (button) (small blind) showed [9c 7s] and won ($29.50) with three of a kind, Sevens


PokerStars Hand #145974354797:  Hold'em Limit ($3/$6 USD) - 2015/12/26 18:57:06 ET
Table 'Nerina II' 2-max Seat #1 is the button
Seat 1: BigYelloFish ($113.99 in chips)
Seat 2: GO99APE ($180.29 in chips)
BigYelloFish: posts small blind $1
GO99APE: posts big blind $3
*** HOLE CARDS ***
BigYelloFish: raises $3 to $6
GO99APE: calls $3
*** FLOP *** [Ah 7c 6c]
GO99APE: checks
BigYelloFish: bets $3
GO99APE: calls $3
*** TURN *** [Ah 7c 6c] [3c]
GO99APE: checks
BigYelloFish: checks
*** RIVER *** [Ah 7c 6c 3c] [4d]
GO99APE: checks
BigYelloFish: checks
*** SHOW DOWN ***
GO99APE: shows [Jc 6d] (a pair of Sixes)
BigYelloFish: mucks hand
GO99APE collected $17.64 from pot
*** SUMMARY ***
Total pot $18 | Rake $0.36
Board [Ah 7c 6c 3c 4d]
Seat 1: BigYelloFish (button) (small blind) mucked
Seat 2: GO99APE (big blind) showed [Jc 6d] and won ($17.64) with a pair of Sixes


PokerStars Hand #145974394172:  Hold'em Limit ($3/$6 USD) - 2015/12/26 18:58:08 ET
Table 'Nerina II' 2-max Seat #2 is the button
Seat 1: BigYelloFish ($59.99 in chips)
Seat 2: GO99APE ($232.45 in chips)
GO99APE: posts small blind $1
BigYelloFish: posts big blind $3
*** HOLE CARDS ***
GO99APE: raises $3 to $6
BigYelloFish: raises $3 to $9
GO99APE: calls $3
*** FLOP *** [Kd 7h Ad]
BigYelloFish: bets $3
GO99APE: folds
Uncalled bet ($3) returned to BigYelloFish
BigYelloFish collected $17.64 from pot
BigYelloFish: doesn't show hand
*** SUMMARY ***
Total pot $18 | Rake $0.36
Board [Kd 7h Ad]
Seat 1: BigYelloFish (big blind) collected ($17.64)
Seat 2: GO99APE (button) (small blind) folded on the Flop


PokerStars Hand #145974405907:  Hold'em Limit ($3/$6 USD) - 2015/12/26 18:58:27 ET
Table 'Nerina II' 2-max Seat #2 is the button
Seat 1: BigYelloFish ($74.39 in chips)
Seat 2: GO99APE ($217.45 in chips)
GO99APE: posts small blind $1
BigYelloFish: posts big blind $3
*** HOLE CARDS ***
GO99APE: raises $3 to $6
BigYelloFish: calls $3
*** FLOP *** [Ks 8d Jc]
BigYelloFish: checks
GO99APE: bets $3
BigYelloFish: calls $3
*** TURN *** [Ks 8d Jc] [Qh]
BigYelloFish: checks
GO99APE: bets $6
BigYelloFish: calls $6
*** RIVER *** [Ks 8d Jc Qh] [Tc]
BigYelloFish: checks
GO99APE: bets $6
BigYelloFish: folds
Uncalled bet ($6) returned to GO99APE
GO99APE collected $29.50 from pot
GO99APE: doesn't show hand
*** SUMMARY ***
Total pot $30 | Rake $0.50
Board [Ks 8d Jc Qh Tc]
Seat 1: BigYelloFish (big blind) folded on the River
Seat 2: GO99APE (button) (small blind) collected ($29.50)


PokerStars Hand #145974414293:  Hold'em Limit ($3/$6 USD) - 2015/12/26 18:58:40 ET
Table 'Nerina II' 2-max Seat #1 is the button
Seat 1: BigYelloFish ($59.39 in chips)
Seat 2: GO99APE ($231.95 in chips)
BigYelloFish: posts small blind $1
GO99APE: posts big blind $3
*** HOLE CARDS ***
BigYelloFish: raises $3 to $6
GO99APE: calls $3
*** FLOP *** [6s 6c 8h]
GO99APE: checks
BigYelloFish: bets $3
GO99APE: raises $3 to $6
BigYelloFish: calls $3
*** TURN *** [6s 6c 8h] [As]
GO99APE: bets $6
BigYelloFish: folds
Uncalled bet ($6) returned to GO99APE
GO99APE collected $23.52 from pot
GO99APE: doesn't show hand
*** SUMMARY ***
Total pot $24 | Rake $0.48
Board [6s 6c 8h As]
Seat 1: BigYelloFish (button) (small blind) folded on the Turn
Seat 2: GO99APE (big blind) collected ($23.52)


PokerStars Hand #145974422711:  Hold'em Limit ($3/$6 USD) - 2015/12/26 18:58:53 ET
Table 'Nerina II' 2-max Seat #2 is the button
Seat 1: BigYelloFish ($47.39 in chips)
Seat 2: GO99APE ($243.47 in chips)
GO99APE: posts small blind $1
BigYelloFish: posts big blind $3
*** HOLE CARDS ***
GO99APE: raises $3 to $6
BigYelloFish: raises $3 to $9
GO99APE: calls $3
*** FLOP *** [4s 2h 3c]
BigYelloFish: bets $3
GO99APE: calls $3
*** TURN *** [4s 2h 3c] [6d]
BigYelloFish: bets $6
GO99APE: calls $6
*** RIVER *** [4s 2h 3c 6d] [2c]
BigYelloFish: bets $6
GO99APE: calls $6
*** SHOW DOWN ***
BigYelloFish: shows [4h Kh] (two pair, Fours and Deuces)
GO99APE: mucks hand
BigYelloFish collected $47.50 from pot
*** SUMMARY ***
Total pot $48 | Rake $0.50
Board [4s 2h 3c 6d 2c]
Seat 1: BigYelloFish (big blind) showed [4h Kh] and won ($47.50) with two pair, Fours and Deuces
Seat 2: GO99APE (button) (small blind) mucked


PokerStars Hand #145974429692:  Hold'em Limit ($3/$6 USD) - 2015/12/26 18:59:04 ET
Table 'Nerina II' 2-max Seat #1 is the button
Seat 1: BigYelloFish ($70.89 in chips)
Seat 2: GO99APE ($219.47 in chips)
BigYelloFish: posts small blind $1
GO99APE: posts big blind $3
*** HOLE CARDS ***
BigYelloFish: raises $3 to $6
GO99APE: calls $3
*** FLOP *** [Qs Qh Qd]
GO99APE: checks
BigYelloFish: bets $3
GO99APE: calls $3
*** TURN *** [Qs Qh Qd] [Jh]
GO99APE: checks
BigYelloFish: bets $6
GO99APE: calls $6
*** RIVER *** [Qs Qh Qd Jh] [Td]
GO99APE: checks
BigYelloFish: bets $6
GO99APE: calls $6
*** SHOW DOWN ***
BigYelloFish: shows [Js 4h] (a full house, Queens full of Jacks)
GO99APE: mucks hand
BigYelloFish collected $41.50 from pot
*** SUMMARY ***
Total pot $42 | Rake $0.50
Board [Qs Qh Qd Jh Td]
Seat 1: BigYelloFish (button) (small blind) showed [Js 4h] and won ($41.50) with a full house, Queens full of Jacks
Seat 2: GO99APE (big blind) mucked


PokerStars Hand #145974399795:  Hold'em Limit ($3/$6 USD) - 2015/12/26 18:58:17 ET
Table 'Nerina II' 2-max Seat #1 is the button
Seat 1: BigYelloFish ($68.63 in chips)
Seat 2: GO99APE ($223.45 in chips)
BigYelloFish: posts small blind $1
GO99APE: posts big blind $3
*** HOLE CARDS ***
BigYelloFish: raises $3 to $6
GO99APE: calls $3
*** FLOP *** [Th Ah Jc]
GO99APE: checks
BigYelloFish: bets $3
GO99APE: folds
Uncalled bet ($3) returned to BigYelloFish
BigYelloFish collected $11.76 from pot
BigYelloFish: doesn't show hand
*** SUMMARY ***
Total pot $12 | Rake $0.24
Board [Th Ah Jc]
Seat 1: BigYelloFish (button) (small blind) collected ($11.76)
Seat 2: GO99APE (big blind) folded on the Flop


