PokerStars Hand #176192378628:  Hold'em Limit ($3/$6 USD) - 2017/09/27 13:15:30 ET
Table 'Nerthus' 6-max Seat #3 is the button
Seat 3: Hurlingham55 ($167.28 in chips)
Seat 4: Actionni13 ($150 in chips)
Hurlingham55: posts small blind $1
Actionni13: posts big blind $3
*** HOLE CARDS ***
Hurlingham55: raises $3 to $6
Actionni13: folds
Uncalled bet ($3) returned to Hurlingham55
ToDaFelt joins the table at seat #5
Hurlingham55 collected $6 from pot
Hurlingham55: doesn't show hand
*** SUMMARY ***
Total pot $6 | Rake $0
Seat 3: Hurlingham55 (button) (small blind) collected ($6)
Seat 4: Actionni13 (big blind) folded before Flop


PokerStars Hand #176192359742:  Hold'em Limit ($3/$6 USD) - 2017/09/27 13:15:04 ET
Table 'Nerthus' 6-max Seat #4 is the button
Seat 3: Hurlingham55 ($155.76 in chips)
Seat 4: Actionni13 ($150 in chips)
Actionni13: posts small blind $1
Hurlingham55: posts big blind $3
*** HOLE CARDS ***
Actionni13: raises $3 to $6
Hurlingham55: calls $3
*** FLOP *** [6c 2d 7s]
Hurlingham55: checks
Actionni13: bets $3
Hurlingham55: raises $3 to $6
Actionni13: calls $3
*** TURN *** [6c 2d 7s] [Kh]
Hurlingham55: bets $6
Actionni13: folds
Uncalled bet ($6) returned to Hurlingham55
Hurlingham55 collected $23.52 from pot
Hurlingham55: doesn't show hand
*** SUMMARY ***
Total pot $24 | Rake $0.48
Board [6c 2d 7s Kh]
Seat 3: Hurlingham55 (big blind) collected ($23.52)
Seat 4: Actionni13 (button) (small blind) folded on the Turn


PokerStars Hand #176192648450:  Hold'em Limit ($3/$6 USD) - 2017/09/27 13:21:49 ET
Table 'Nerthus' 6-max Seat #4 is the button
Seat 3: Hurlingham55 ($161.88 in chips)
Seat 4: Actionni13 ($188.62 in chips)
Actionni13: posts small blind $1
ToDaFelt: is sitting out
Hurlingham55: posts big blind $3
*** HOLE CARDS ***
ToDaFelt leaves the table
Actionni13: raises $3 to $6
Hurlingham55: calls $3
*** FLOP *** [5s 2d Qh]
Hurlingham55: checks
Actionni13: bets $3
Hurlingham55: calls $3
*** TURN *** [5s 2d Qh] [2s]
Hurlingham55: checks
Actionni13: bets $6
Hurlingham55: folds
Uncalled bet ($6) returned to Actionni13
Actionni13 collected $17.64 from pot
Actionni13: doesn't show hand
*** SUMMARY ***
Total pot $18 | Rake $0.36
Board [5s 2d Qh 2s]
Seat 3: Hurlingham55 (big blind) folded on the Turn
Seat 4: Actionni13 (button) (small blind) collected ($17.64)


PokerStars Hand #176192692553:  Hold'em Limit ($3/$6 USD) - 2017/09/27 13:22:51 ET
Table 'Nerthus' 6-max Seat #4 is the button
Seat 3: Hurlingham55 ($119.88 in chips)
Seat 4: Actionni13 ($229.76 in chips)
Actionni13: posts small blind $1
Hurlingham55: posts big blind $3
*** HOLE CARDS ***
Actionni13: raises $3 to $6
Hurlingham55: folds
Uncalled bet ($3) returned to Actionni13
Actionni13 collected $6 from pot
Actionni13: doesn't show hand
*** SUMMARY ***
Total pot $6 | Rake $0
Seat 3: Hurlingham55 (big blind) folded before Flop
Seat 4: Actionni13 (button) (small blind) collected ($6)


PokerStars Hand #176192699482:  Hold'em Limit ($3/$6 USD) - 2017/09/27 13:23:00 ET
Table 'Nerthus' 6-max Seat #3 is the button
Seat 3: Hurlingham55 ($116.88 in chips)
Seat 4: Actionni13 ($232.76 in chips)
Hurlingham55: posts small blind $1
Actionni13: posts big blind $3
*** HOLE CARDS ***
Hurlingham55: raises $3 to $6
Actionni13: raises $3 to $9
Hurlingham55: calls $3
*** FLOP *** [Ac 2c 3h]
Actionni13: bets $3
Hurlingham55: folds
Uncalled bet ($3) returned to Actionni13
Actionni13 collected $17.64 from pot
Actionni13: doesn't show hand
*** SUMMARY ***
Total pot $18 | Rake $0.36
Board [Ac 2c 3h]
Seat 3: Hurlingham55 (button) (small blind) folded on the Flop
Seat 4: Actionni13 (big blind) collected ($17.64)


PokerStars Hand #176192711890:  Hold'em Limit ($3/$6 USD) - 2017/09/27 13:23:18 ET
Table 'Nerthus' 6-max Seat #4 is the button
Seat 3: Hurlingham55 ($107.88 in chips)
Seat 4: Actionni13 ($241.40 in chips)
Actionni13: posts small blind $1
Hurlingham55: posts big blind $3
*** HOLE CARDS ***
Actionni13: raises $3 to $6
Hurlingham55: calls $3
*** FLOP *** [4c Js Kc]
Hurlingham55: checks
Actionni13: bets $3
Hurlingham55: calls $3
*** TURN *** [4c Js Kc] [Jh]
Hurlingham55: checks
Actionni13: bets $6
Hurlingham55: raises $6 to $12
Actionni13: folds
Uncalled bet ($6) returned to Hurlingham55
Hurlingham55 collected $29.50 from pot
Hurlingham55: doesn't show hand
*** SUMMARY ***
Total pot $30 | Rake $0.50
Board [4c Js Kc Jh]
Seat 3: Hurlingham55 (big blind) collected ($29.50)
Seat 4: Actionni13 (button) (small blind) folded on the Turn


PokerStars Hand #176192667663:  Hold'em Limit ($3/$6 USD) - 2017/09/27 13:22:16 ET
Table 'Nerthus' 6-max Seat #3 is the button
Seat 3: Hurlingham55 ($152.88 in chips)
Seat 4: Actionni13 ($197.26 in chips)
Hurlingham55: posts small blind $1
Actionni13: posts big blind $3
*** HOLE CARDS ***
Hurlingham55: raises $3 to $6
Actionni13: raises $3 to $9
Hurlingham55: raises $3 to $12
Betting is capped
Actionni13: calls $3
*** FLOP *** [8s 3h Ks]
Actionni13: checks
Hurlingham55: bets $3
Actionni13: calls $3
*** TURN *** [8s 3h Ks] [3c]
Actionni13: checks
Hurlingham55: bets $6
Actionni13: calls $6
*** RIVER *** [8s 3h Ks 3c] [9s]
Actionni13: checks
Hurlingham55: bets $6
Actionni13: raises $6 to $12
Hurlingham55: calls $6
*** SHOW DOWN ***
Actionni13: shows [Js Ts] (a flush, King high)
Hurlingham55: mucks hand
Actionni13 collected $65.50 from pot
*** SUMMARY ***
Total pot $66 | Rake $0.50
Board [8s 3h Ks 3c 9s]
Seat 3: Hurlingham55 (button) (small blind) mucked
Seat 4: Actionni13 (big blind) showed [Js Ts] and won ($65.50) with a flush, King high


PokerStars Hand #176192737290:  Hold'em Limit ($3/$6 USD) - 2017/09/27 13:23:53 ET
Table 'Nerthus' 6-max Seat #4 is the button
Seat 3: Hurlingham55 ($125.38 in chips)
Seat 4: Actionni13 ($223.40 in chips)
Actionni13: posts small blind $1
Hurlingham55: posts big blind $3
*** HOLE CARDS ***
Actionni13: raises $3 to $6
Hurlingham55: calls $3
*** FLOP *** [Kd Qc 2c]
Hurlingham55: checks
Actionni13: bets $3
Hurlingham55: calls $3
*** TURN *** [Kd Qc 2c] [Kh]
Hurlingham55: checks
Actionni13: bets $6
Hurlingham55: calls $6
*** RIVER *** [Kd Qc 2c Kh] [3c]
Hurlingham55: checks
Actionni13: bets $6
Hurlingham55: calls $6
*** SHOW DOWN ***
Actionni13: shows [Ad Qh] (two pair, Kings and Queens)
Hurlingham55: mucks hand
Actionni13 collected $41.50 from pot
*** SUMMARY ***
Total pot $42 | Rake $0.50
Board [Kd Qc 2c Kh 3c]
Seat 3: Hurlingham55 (big blind) mucked
Seat 4: Actionni13 (button) (small blind) showed [Ad Qh] and won ($41.50) with two pair, Kings and Queens


PokerStars Hand #176192756970:  Hold'em Limit ($3/$6 USD) - 2017/09/27 13:24:20 ET
Table 'Nerthus' 6-max Seat #3 is the button
Seat 3: Hurlingham55 ($104.38 in chips)
Seat 4: Actionni13 ($243.90 in chips)
Hurlingham55: posts small blind $1
Actionni13: posts big blind $3
*** HOLE CARDS ***
Hurlingham55: raises $3 to $6
Actionni13: folds
Uncalled bet ($3) returned to Hurlingham55
Hurlingham55 collected $6 from pot
Hurlingham55: doesn't show hand
*** SUMMARY ***
Total pot $6 | Rake $0
Seat 3: Hurlingham55 (button) (small blind) collected ($6)
Seat 4: Actionni13 (big blind) folded before Flop


PokerStars Hand #176192731756:  Hold'em Limit ($3/$6 USD) - 2017/09/27 13:23:45 ET
Table 'Nerthus' 6-max Seat #3 is the button
Seat 3: Hurlingham55 ($122.38 in chips)
Seat 4: Actionni13 ($226.40 in chips)
Hurlingham55: posts small blind $1
Actionni13: posts big blind $3
*** HOLE CARDS ***
Hurlingham55: raises $3 to $6
Actionni13: folds
Uncalled bet ($3) returned to Hurlingham55
Hurlingham55 collected $6 from pot
Hurlingham55: doesn't show hand
*** SUMMARY ***
Total pot $6 | Rake $0
Seat 3: Hurlingham55 (button) (small blind) collected ($6)
Seat 4: Actionni13 (big blind) folded before Flop


PokerStars Hand #176192788442:  Hold'em Limit ($3/$6 USD) - 2017/09/27 13:25:04 ET
Table 'Nerthus' 6-max Seat #3 is the button
Seat 3: Hurlingham55 ($109.14 in chips)
Seat 4: Actionni13 ($238.90 in chips)
Hurlingham55: posts small blind $1
Actionni13: posts big blind $3
*** HOLE CARDS ***
Hurlingham55: folds
Uncalled bet ($2) returned to Actionni13
Actionni13 collected $2 from pot
Actionni13: doesn't show hand
*** SUMMARY ***
Total pot $2 | Rake $0
Seat 3: Hurlingham55 (button) (small blind) folded before Flop
Seat 4: Actionni13 (big blind) collected ($2)


PokerStars Hand #176192783423:  Hold'em Limit ($3/$6 USD) - 2017/09/27 13:24:57 ET
Table 'Nerthus' 6-max Seat #4 is the button
Seat 3: Hurlingham55 ($112.14 in chips)
Seat 4: Actionni13 ($235.90 in chips)
Actionni13: posts small blind $1
Hurlingham55: posts big blind $3
*** HOLE CARDS ***
Actionni13: raises $3 to $6
Hurlingham55: folds
Uncalled bet ($3) returned to Actionni13
Actionni13 collected $6 from pot
Actionni13: doesn't show hand
*** SUMMARY ***
Total pot $6 | Rake $0
Seat 3: Hurlingham55 (big blind) folded before Flop
Seat 4: Actionni13 (button) (small blind) collected ($6)


PokerStars Hand #176192792152:  Hold'em Limit ($3/$6 USD) - 2017/09/27 13:25:09 ET
Table 'Nerthus' 6-max Seat #4 is the button
Seat 3: Hurlingham55 ($108.14 in chips)
Seat 4: Actionni13 ($239.90 in chips)
Actionni13: posts small blind $1
Hurlingham55: posts big blind $3
*** HOLE CARDS ***
Actionni13: raises $3 to $6
Hurlingham55: calls $3
*** FLOP *** [Jh Kd 8h]
Hurlingham55: checks
Actionni13: bets $3
Hurlingham55: folds
Uncalled bet ($3) returned to Actionni13
Actionni13 collected $11.76 from pot
Actionni13: doesn't show hand
*** SUMMARY ***
Total pot $12 | Rake $0.24
Board [Jh Kd 8h]
Seat 3: Hurlingham55 (big blind) folded on the Flop
Seat 4: Actionni13 (button) (small blind) collected ($11.76)


PokerStars Hand #176192802484:  Hold'em Limit ($3/$6 USD) - 2017/09/27 13:25:24 ET
Table 'Nerthus' 6-max Seat #3 is the button
Seat 3: Hurlingham55 ($102.14 in chips)
Seat 4: Actionni13 ($245.66 in chips)
Hurlingham55: posts small blind $1
Actionni13: posts big blind $3
*** HOLE CARDS ***
Hurlingham55: raises $3 to $6
Actionni13: calls $3
*** FLOP *** [Jc Ad 6c]
Actionni13: checks
Hurlingham55: bets $3
Actionni13: calls $3
*** TURN *** [Jc Ad 6c] [4s]
Actionni13: checks
Hurlingham55: checks
*** RIVER *** [Jc Ad 6c 4s] [Kc]
Actionni13: checks
Hurlingham55: checks
*** SHOW DOWN ***
Actionni13: shows [7s 6s] (a pair of Sixes)
Hurlingham55: mucks hand
Actionni13 collected $17.64 from pot
*** SUMMARY ***
Total pot $18 | Rake $0.36
Board [Jc Ad 6c 4s Kc]
Seat 3: Hurlingham55 (button) (small blind) mucked
Seat 4: Actionni13 (big blind) showed [7s 6s] and won ($17.64) with a pair of Sixes


PokerStars Hand #176192778911:  Hold'em Limit ($3/$6 USD) - 2017/09/27 13:24:51 ET
Table 'Nerthus' 6-max Seat #3 is the button
Seat 3: Hurlingham55 ($113.14 in chips)
Seat 4: Actionni13 ($234.90 in chips)
Hurlingham55: posts small blind $1
Actionni13: posts big blind $3
*** HOLE CARDS ***
Hurlingham55: folds
Uncalled bet ($2) returned to Actionni13
Actionni13 collected $2 from pot
Actionni13: doesn't show hand
*** SUMMARY ***
Total pot $2 | Rake $0
Seat 3: Hurlingham55 (button) (small blind) folded before Flop
Seat 4: Actionni13 (big blind) collected ($2)


PokerStars Hand #176192767794:  Hold'em Limit ($3/$6 USD) - 2017/09/27 13:24:35 ET
Table 'Nerthus' 6-max Seat #4 is the button
Seat 3: Hurlingham55 ($107.38 in chips)
Seat 4: Actionni13 ($240.90 in chips)
Actionni13: posts small blind $1
Hurlingham55: posts big blind $3
*** HOLE CARDS ***
Actionni13: raises $3 to $6
Hurlingham55: calls $3
*** FLOP *** [3h 7c 8s]
Hurlingham55: checks
Actionni13: checks
*** TURN *** [3h 7c 8s] [4c]
Hurlingham55: bets $6
Actionni13: folds
Uncalled bet ($6) returned to Hurlingham55
Hurlingham55 collected $11.76 from pot
Hurlingham55: doesn't show hand
*** SUMMARY ***
Total pot $12 | Rake $0.24
Board [3h 7c 8s 4c]
Seat 3: Hurlingham55 (big blind) collected ($11.76)
Seat 4: Actionni13 (button) (small blind) folded on the Turn


PokerStars Hand #176192820960:  Hold'em Limit ($3/$6 USD) - 2017/09/27 13:25:50 ET
Table 'Nerthus' 6-max Seat #4 is the button
Seat 3: Hurlingham55 ($93.14 in chips)
Seat 4: Actionni13 ($254.30 in chips)
Actionni13: posts small blind $1
Hurlingham55: posts big blind $3
*** HOLE CARDS ***
Actionni13: raises $3 to $6
Hurlingham55: folds
Uncalled bet ($3) returned to Actionni13
Actionni13 collected $6 from pot
Actionni13: doesn't show hand
*** SUMMARY ***
Total pot $6 | Rake $0
Seat 3: Hurlingham55 (big blind) folded before Flop
Seat 4: Actionni13 (button) (small blind) collected ($6)


PokerStars Hand #176192828924:  Hold'em Limit ($3/$6 USD) - 2017/09/27 13:26:01 ET
Table 'Nerthus' 6-max Seat #3 is the button
Seat 3: Hurlingham55 ($90.14 in chips)
Seat 4: Actionni13 ($257.30 in chips)
Hurlingham55: posts small blind $1
Actionni13: posts big blind $3
*** HOLE CARDS ***
Hurlingham55: folds
Uncalled bet ($2) returned to Actionni13
Actionni13 collected $2 from pot
Actionni13: doesn't show hand
*** SUMMARY ***
Total pot $2 | Rake $0
Seat 3: Hurlingham55 (button) (small blind) folded before Flop
Seat 4: Actionni13 (big blind) collected ($2)


PokerStars Hand #176192832934:  Hold'em Limit ($3/$6 USD) - 2017/09/27 13:26:06 ET
Table 'Nerthus' 6-max Seat #4 is the button
Seat 3: Hurlingham55 ($89.14 in chips)
Seat 4: Actionni13 ($258.30 in chips)
Actionni13: posts small blind $1
Hurlingham55: posts big blind $3
*** HOLE CARDS ***
Actionni13: raises $3 to $6
Hurlingham55: calls $3
*** FLOP *** [Ad 5c 5d]
Hurlingham55: checks
Actionni13: bets $3
Hurlingham55: folds
Uncalled bet ($3) returned to Actionni13
Actionni13 collected $11.76 from pot
Actionni13: doesn't show hand
*** SUMMARY ***
Total pot $12 | Rake $0.24
Board [Ad 5c 5d]
Seat 3: Hurlingham55 (big blind) folded on the Flop
Seat 4: Actionni13 (button) (small blind) collected ($11.76)


PokerStars Hand #176192873227:  Hold'em Limit ($3/$6 USD) - 2017/09/27 13:27:02 ET
Table 'Nerthus' 6-max Seat #4 is the button
Seat 3: Hurlingham55 ($59.14 in chips)
Seat 4: Actionni13 ($287.56 in chips)
Actionni13: posts small blind $1
Hurlingham55: posts big blind $3
*** HOLE CARDS ***
Actionni13: raises $3 to $6
Hurlingham55: folds
Uncalled bet ($3) returned to Actionni13
Actionni13 collected $6 from pot
Actionni13: doesn't show hand
*** SUMMARY ***
Total pot $6 | Rake $0
Seat 3: Hurlingham55 (big blind) folded before Flop
Seat 4: Actionni13 (button) (small blind) collected ($6)


PokerStars Hand #176192851773:  Hold'em Limit ($3/$6 USD) - 2017/09/27 13:26:33 ET
Table 'Nerthus' 6-max Seat #3 is the button
Seat 3: Hurlingham55 ($83.14 in chips)
Seat 4: Actionni13 ($264.06 in chips)
Hurlingham55: posts small blind $1
Actionni13: posts big blind $3
*** HOLE CARDS ***
Hurlingham55: raises $3 to $6
Actionni13: raises $3 to $9
Hurlingham55: calls $3
*** FLOP *** [Ts 9h Tc]
Actionni13: bets $3
Hurlingham55: calls $3
*** TURN *** [Ts 9h Tc] [Ad]
Actionni13: bets $6
Hurlingham55: calls $6
*** RIVER *** [Ts 9h Tc Ad] [Kc]
Actionni13: bets $6
Hurlingham55: calls $6
*** SHOW DOWN ***
Actionni13: shows [Qs Jh] (a straight, Ten to Ace)
Hurlingham55: mucks hand
Actionni13 collected $47.50 from pot
*** SUMMARY ***
Total pot $48 | Rake $0.50
Board [Ts 9h Tc Ad Kc]
Seat 3: Hurlingham55 (button) (small blind) mucked
Seat 4: Actionni13 (big blind) showed [Qs Jh] and won ($47.50) with a straight, Ten to Ace


PokerStars Hand #176192886621:  Hold'em Limit ($3/$6 USD) - 2017/09/27 13:27:21 ET
Table 'Nerthus' 6-max Seat #4 is the button
Seat 3: Hurlingham55 ($59.14 in chips)
Seat 4: Actionni13 ($287.56 in chips)
Actionni13: posts small blind $1
Hurlingham55: posts big blind $3
*** HOLE CARDS ***
Actionni13: folds
Uncalled bet ($2) returned to Hurlingham55
Hurlingham55 collected $2 from pot
Hurlingham55: doesn't show hand
*** SUMMARY ***
Total pot $2 | Rake $0
Seat 3: Hurlingham55 (big blind) collected ($2)
Seat 4: Actionni13 (button) (small blind) folded before Flop


PokerStars Hand #176192879199:  Hold'em Limit ($3/$6 USD) - 2017/09/27 13:27:11 ET
Table 'Nerthus' 6-max Seat #3 is the button
Seat 3: Hurlingham55 ($56.14 in chips)
Seat 4: Actionni13 ($290.56 in chips)
Hurlingham55: posts small blind $1
Actionni13: posts big blind $3
*** HOLE CARDS ***
Hurlingham55: raises $3 to $6
Actionni13: folds
Uncalled bet ($3) returned to Hurlingham55
Hurlingham55 collected $6 from pot
Hurlingham55: doesn't show hand
*** SUMMARY ***
Total pot $6 | Rake $0
Seat 3: Hurlingham55 (button) (small blind) collected ($6)
Seat 4: Actionni13 (big blind) folded before Flop


PokerStars Hand #176192914368:  Hold'em Limit ($3/$6 USD) - 2017/09/27 13:28:00 ET
Table 'Nerthus' 6-max Seat #4 is the button
Seat 3: Hurlingham55 ($83.64 in chips)
Seat 4: Actionni13 ($262.56 in chips)
Actionni13: posts small blind $1
Hurlingham55: posts big blind $3
*** HOLE CARDS ***
Actionni13: raises $3 to $6
Hurlingham55: calls $3
*** FLOP *** [5d 3d 9s]
Hurlingham55: checks
Actionni13: bets $3
Hurlingham55: raises $3 to $6
Actionni13: calls $3
*** TURN *** [5d 3d 9s] [Jh]
Hurlingham55: bets $6
Actionni13: folds
Uncalled bet ($6) returned to Hurlingham55
Hurlingham55 collected $23.52 from pot
Hurlingham55: doesn't show hand
*** SUMMARY ***
Total pot $24 | Rake $0.48
Board [5d 3d 9s Jh]
Seat 3: Hurlingham55 (big blind) collected ($23.52)
Seat 4: Actionni13 (button) (small blind) folded on the Turn


PokerStars Hand #176192931273:  Hold'em Limit ($3/$6 USD) - 2017/09/27 13:28:23 ET
Table 'Nerthus' 6-max Seat #3 is the button
Seat 3: Hurlingham55 ($95.16 in chips)
Seat 4: Actionni13 ($250.56 in chips)
Hurlingham55: posts small blind $1
Actionni13: posts big blind $3
*** HOLE CARDS ***
Hurlingham55: raises $3 to $6
Actionni13: calls $3
*** FLOP *** [3s 6s 3h]
Actionni13: checks
Hurlingham55: bets $3
Actionni13: calls $3
*** TURN *** [3s 6s 3h] [Kd]
Actionni13: checks
Hurlingham55: bets $6
Actionni13: folds
Uncalled bet ($6) returned to Hurlingham55
Hurlingham55 collected $17.64 from pot
Hurlingham55: doesn't show hand
*** SUMMARY ***
Total pot $18 | Rake $0.36
Board [3s 6s 3h Kd]
Seat 3: Hurlingham55 (button) (small blind) collected ($17.64)
Seat 4: Actionni13 (big blind) folded on the Turn


PokerStars Hand #176192947624:  Hold'em Limit ($3/$6 USD) - 2017/09/27 13:28:46 ET
Table 'Nerthus' 6-max Seat #3 is the button
Seat 3: Hurlingham55 ($104.80 in chips)
Seat 4: Actionni13 ($240.56 in chips)
Hurlingham55: posts small blind $1
Actionni13: posts big blind $3
*** HOLE CARDS ***
Hurlingham55: folds
Uncalled bet ($2) returned to Actionni13
Actionni13 collected $2 from pot
Actionni13: doesn't show hand
*** SUMMARY ***
Total pot $2 | Rake $0
Seat 3: Hurlingham55 (button) (small blind) folded before Flop
Seat 4: Actionni13 (big blind) collected ($2)


PokerStars Hand #176192943962:  Hold'em Limit ($3/$6 USD) - 2017/09/27 13:28:41 ET
Table 'Nerthus' 6-max Seat #4 is the button
Seat 3: Hurlingham55 ($103.80 in chips)
Seat 4: Actionni13 ($241.56 in chips)
Actionni13: posts small blind $1
Hurlingham55: posts big blind $3
*** HOLE CARDS ***
Actionni13: folds
Uncalled bet ($2) returned to Hurlingham55
Hurlingham55 collected $2 from pot
Hurlingham55: doesn't show hand
*** SUMMARY ***
Total pot $2 | Rake $0
Seat 3: Hurlingham55 (big blind) collected ($2)
Seat 4: Actionni13 (button) (small blind) folded before Flop


PokerStars Hand #176192890343:  Hold'em Limit ($3/$6 USD) - 2017/09/27 13:27:26 ET
Table 'Nerthus' 6-max Seat #3 is the button
Seat 3: Hurlingham55 ($60.14 in chips)
Seat 4: Actionni13 ($286.56 in chips)
Hurlingham55: posts small blind $1
Actionni13: posts big blind $3
*** HOLE CARDS ***
Hurlingham55: raises $3 to $6
Actionni13: calls $3
*** FLOP *** [Ac 8h 2c]
Actionni13: checks
Hurlingham55: bets $3
Actionni13: raises $3 to $6
Hurlingham55: calls $3
*** TURN *** [Ac 8h 2c] [9d]
Actionni13: bets $6
Hurlingham55: raises $6 to $12
Actionni13: calls $6
*** RIVER *** [Ac 8h 2c 9d] [8s]
Actionni13: checks
Hurlingham55: checks
*** SHOW DOWN ***
Actionni13: shows [Ah 4h] (two pair, Aces and Eights)
Hurlingham55: shows [As Kh] (two pair, Aces and Eights - King kicker)
Hurlingham55 collected $47.50 from pot
*** SUMMARY ***
Total pot $48 | Rake $0.50
Board [Ac 8h 2c 9d 8s]
Seat 3: Hurlingham55 (button) (small blind) showed [As Kh] and won ($47.50) with two pair, Aces and Eights
Seat 4: Actionni13 (big blind) showed [Ah 4h] and lost with two pair, Aces and Eights


PokerStars Hand #176192951665:  Hold'em Limit ($3/$6 USD) - 2017/09/27 13:28:52 ET
Table 'Nerthus' 6-max Seat #4 is the button
Seat 3: Hurlingham55 ($103.80 in chips)
Seat 4: Actionni13 ($241.56 in chips)
Actionni13: posts small blind $1
Hurlingham55: posts big blind $3
*** HOLE CARDS ***
Actionni13: raises $3 to $6
Hurlingham55: calls $3
*** FLOP *** [5d 7d 8s]
Hurlingham55: checks
Actionni13: checks
*** TURN *** [5d 7d 8s] [5s]
Hurlingham55: bets $6
Actionni13: folds
Uncalled bet ($6) returned to Hurlingham55
Hurlingham55 collected $11.76 from pot
Hurlingham55: doesn't show hand
*** SUMMARY ***
Total pot $12 | Rake $0.24
Board [5d 7d 8s 5s]
Seat 3: Hurlingham55 (big blind) collected ($11.76)
Seat 4: Actionni13 (button) (small blind) folded on the Turn


PokerStars Hand #176192963975:  Hold'em Limit ($3/$6 USD) - 2017/09/27 13:29:09 ET
Table 'Nerthus' 6-max Seat #3 is the button
Seat 3: Hurlingham55 ($109.56 in chips)
Seat 4: Actionni13 ($235.56 in chips)
Hurlingham55: posts small blind $1
Actionni13: posts big blind $3
*** HOLE CARDS ***
Hurlingham55: raises $3 to $6
Actionni13: calls $3
*** FLOP *** [Js 9d 3c]
Actionni13: checks
Hurlingham55: bets $3
Actionni13: folds
Uncalled bet ($3) returned to Hurlingham55
Hurlingham55 collected $11.76 from pot
Hurlingham55: doesn't show hand
*** SUMMARY ***
Total pot $12 | Rake $0.24
Board [Js 9d 3c]
Seat 3: Hurlingham55 (button) (small blind) collected ($11.76)
Seat 4: Actionni13 (big blind) folded on the Flop


PokerStars Hand #176193000990:  Hold'em Limit ($3/$6 USD) - 2017/09/27 13:30:01 ET
Table 'Nerthus' 6-max Seat #3 is the button
Seat 3: Hurlingham55 ($123.96 in chips)
Seat 4: Actionni13 ($220.56 in chips)
Hurlingham55: posts small blind $1
Actionni13: posts big blind $3
*** HOLE CARDS ***
Hurlingham55: raises $3 to $6
Actionni13: calls $3
*** FLOP *** [7d Ad Kh]
Actionni13: checks
Hurlingham55: bets $3
Actionni13: calls $3
*** TURN *** [7d Ad Kh] [4d]
Actionni13: checks
Hurlingham55: bets $6
Actionni13: raises $6 to $12
Hurlingham55: calls $6
*** RIVER *** [7d Ad Kh 4d] [Jc]
Actionni13: bets $6
Hurlingham55: calls $6
*** SHOW DOWN ***
Actionni13: shows [7h 4h] (two pair, Sevens and Fours)
Hurlingham55: mucks hand
Actionni13 collected $53.50 from pot
*** SUMMARY ***
Total pot $54 | Rake $0.50
Board [7d Ad Kh 4d Jc]
Seat 3: Hurlingham55 (button) (small blind) mucked
Seat 4: Actionni13 (big blind) showed [7h 4h] and won ($53.50) with two pair, Sevens and Fours


PokerStars Hand #176193020774:  Hold'em Limit ($3/$6 USD) - 2017/09/27 13:30:27 ET
Table 'Nerthus' 6-max Seat #4 is the button
Seat 3: Hurlingham55 ($96.96 in chips)
Seat 4: Actionni13 ($247.06 in chips)
Actionni13: posts small blind $1
Hurlingham55: posts big blind $3
*** HOLE CARDS ***
Actionni13: folds
Uncalled bet ($2) returned to Hurlingham55
Hurlingham55 collected $2 from pot
Hurlingham55: doesn't show hand
*** SUMMARY ***
Total pot $2 | Rake $0
Seat 3: Hurlingham55 (big blind) collected ($2)
Seat 4: Actionni13 (button) (small blind) folded before Flop


PokerStars Hand #176192973718:  Hold'em Limit ($3/$6 USD) - 2017/09/27 13:29:22 ET
Table 'Nerthus' 6-max Seat #4 is the button
Seat 3: Hurlingham55 ($115.32 in chips)
Seat 4: Actionni13 ($229.56 in chips)
Actionni13: posts small blind $1
Hurlingham55: posts big blind $3
*** HOLE CARDS ***
Actionni13: raises $3 to $6
Hurlingham55: calls $3
*** FLOP *** [2d 2h 8c]
Hurlingham55: checks
Actionni13: bets $3
Hurlingham55: calls $3
*** TURN *** [2d 2h 8c] [9h]
Hurlingham55: checks
Actionni13: checks
*** RIVER *** [2d 2h 8c 9h] [Tc]
Hurlingham55: bets $6
Actionni13: folds
Uncalled bet ($6) returned to Hurlingham55
Hurlingham55 collected $17.64 from pot
Hurlingham55: doesn't show hand
*** SUMMARY ***
Total pot $18 | Rake $0.36
Board [2d 2h 8c 9h Tc]
Seat 3: Hurlingham55 (big blind) collected ($17.64)
Seat 4: Actionni13 (button) (small blind) folded on the River


PokerStars Hand #176193070293:  Hold'em Limit ($3/$6 USD) - 2017/09/27 13:31:35 ET
Table 'Nerthus' 6-max Seat #3 is the button
Seat 3: Hurlingham55 ($130.10 in chips)
Seat 4: Actionni13 ($213.06 in chips)
Hurlingham55: posts small blind $1
Actionni13: posts big blind $3
*** HOLE CARDS ***
Hurlingham55: raises $3 to $6
Actionni13: folds
Uncalled bet ($3) returned to Hurlingham55
Hurlingham55 collected $6 from pot
Hurlingham55: doesn't show hand
*** SUMMARY ***
Total pot $6 | Rake $0
Seat 3: Hurlingham55 (button) (small blind) collected ($6)
Seat 4: Actionni13 (big blind) folded before Flop


PokerStars Hand #176193049030:  Hold'em Limit ($3/$6 USD) - 2017/09/27 13:31:06 ET
Table 'Nerthus' 6-max Seat #4 is the button
Seat 3: Hurlingham55 ($106.60 in chips)
Seat 4: Actionni13 ($237.06 in chips)
Actionni13: posts small blind $1
Hurlingham55: posts big blind $3
*** HOLE CARDS ***
Actionni13: raises $3 to $6
Hurlingham55: calls $3
*** FLOP *** [8s 5h 7d]
Hurlingham55: checks
Actionni13: bets $3
Hurlingham55: raises $3 to $6
Actionni13: calls $3
*** TURN *** [8s 5h 7d] [Jd]
Hurlingham55: bets $6
Actionni13: calls $6
*** RIVER *** [8s 5h 7d Jd] [7c]
Hurlingham55: bets $6
Actionni13: calls $6
*** SHOW DOWN ***
Hurlingham55: shows [Td 7s] (three of a kind, Sevens)
Actionni13: mucks hand
Hurlingham55 collected $47.50 from pot
*** SUMMARY ***
Total pot $48 | Rake $0.50
Board [8s 5h 7d Jd 7c]
Seat 3: Hurlingham55 (big blind) showed [Td 7s] and won ($47.50) with three of a kind, Sevens
Seat 4: Actionni13 (button) (small blind) mucked


PokerStars Hand #176193044956:  Hold'em Limit ($3/$6 USD) - 2017/09/27 13:31:01 ET
Table 'Nerthus' 6-max Seat #3 is the button
Seat 3: Hurlingham55 ($107.60 in chips)
Seat 4: Actionni13 ($236.06 in chips)
Hurlingham55: posts small blind $1
Actionni13: posts big blind $3
*** HOLE CARDS ***
Hurlingham55: folds
Uncalled bet ($2) returned to Actionni13
Actionni13 collected $2 from pot
Actionni13: doesn't show hand
*** SUMMARY ***
Total pot $2 | Rake $0
Seat 3: Hurlingham55 (button) (small blind) folded before Flop
Seat 4: Actionni13 (big blind) collected ($2)


PokerStars Hand #176193041336:  Hold'em Limit ($3/$6 USD) - 2017/09/27 13:30:56 ET
Table 'Nerthus' 6-max Seat #4 is the button
Seat 3: Hurlingham55 ($106.60 in chips)
Seat 4: Actionni13 ($237.06 in chips)
Actionni13: posts small blind $1
Hurlingham55: posts big blind $3
*** HOLE CARDS ***
Actionni13: folds
Uncalled bet ($2) returned to Hurlingham55
Hurlingham55 collected $2 from pot
Hurlingham55: doesn't show hand
*** SUMMARY ***
Total pot $2 | Rake $0
Seat 3: Hurlingham55 (big blind) collected ($2)
Seat 4: Actionni13 (button) (small blind) folded before Flop


PokerStars Hand #176193024630:  Hold'em Limit ($3/$6 USD) - 2017/09/27 13:30:33 ET
Table 'Nerthus' 6-max Seat #3 is the button
Seat 3: Hurlingham55 ($97.96 in chips)
Seat 4: Actionni13 ($246.06 in chips)
Hurlingham55: posts small blind $1
Actionni13: posts big blind $3
*** HOLE CARDS ***
Hurlingham55: raises $3 to $6
Actionni13: calls $3
*** FLOP *** [Tc Ad Ac]
Actionni13: checks
Hurlingham55: bets $3
Actionni13: calls $3
*** TURN *** [Tc Ad Ac] [4h]
Actionni13: checks
Hurlingham55: bets $6
Actionni13: folds
Uncalled bet ($6) returned to Hurlingham55
Hurlingham55 collected $17.64 from pot
Hurlingham55: doesn't show hand
*** SUMMARY ***
Total pot $18 | Rake $0.36
Board [Tc Ad Ac 4h]
Seat 3: Hurlingham55 (button) (small blind) collected ($17.64)
Seat 4: Actionni13 (big blind) folded on the Turn


PokerStars Hand #176193108078:  Hold'em Limit ($3/$6 USD) - 2017/09/27 13:32:27 ET
Table 'Nerthus' 6-max Seat #4 is the button
Seat 3: Hurlingham55 ($135.62 in chips)
Seat 4: Actionni13 ($206.70 in chips)
Actionni13: posts small blind $1
Hurlingham55: posts big blind $3
*** HOLE CARDS ***
Actionni13: raises $3 to $6
Hurlingham55: folds
Uncalled bet ($3) returned to Actionni13
Actionni13 collected $6 from pot
Actionni13: doesn't show hand
*** SUMMARY ***
Total pot $6 | Rake $0
Seat 3: Hurlingham55 (big blind) folded before Flop
Seat 4: Actionni13 (button) (small blind) collected ($6)


PokerStars Hand #176193098006:  Hold'em Limit ($3/$6 USD) - 2017/09/27 13:32:13 ET
Table 'Nerthus' 6-max Seat #3 is the button
Seat 3: Hurlingham55 ($144.62 in chips)
Seat 4: Actionni13 ($198.06 in chips)
Hurlingham55: posts small blind $1
Actionni13: posts big blind $3
*** HOLE CARDS ***
Hurlingham55: raises $3 to $6
Actionni13: raises $3 to $9
Hurlingham55: calls $3
*** FLOP *** [4h 7h 2h]
Actionni13: bets $3
Hurlingham55: folds
Uncalled bet ($3) returned to Actionni13
Actionni13 collected $17.64 from pot
Actionni13: doesn't show hand
*** SUMMARY ***
Total pot $18 | Rake $0.36
Board [4h 7h 2h]
Seat 3: Hurlingham55 (button) (small blind) folded on the Flop
Seat 4: Actionni13 (big blind) collected ($17.64)


PokerStars Hand #176193076340:  Hold'em Limit ($3/$6 USD) - 2017/09/27 13:31:44 ET
Table 'Nerthus' 6-max Seat #4 is the button
Seat 3: Hurlingham55 ($133.10 in chips)
Seat 4: Actionni13 ($210.06 in chips)
Actionni13: posts small blind $1
Hurlingham55: posts big blind $3
*** HOLE CARDS ***
Actionni13: raises $3 to $6
Hurlingham55: calls $3
*** FLOP *** [Jh 2s 2h]
Hurlingham55: checks
Actionni13: bets $3
Hurlingham55: raises $3 to $6
Actionni13: calls $3
*** TURN *** [Jh 2s 2h] [Tc]
Hurlingham55: bets $6
Actionni13: folds
Uncalled bet ($6) returned to Hurlingham55
Hurlingham55 collected $23.52 from pot
*** SUMMARY ***
Total pot $24 | Rake $0.48
Board [Jh 2s 2h Tc]
Seat 3: Hurlingham55 (big blind) collected ($23.52)
Seat 4: Actionni13 (button) (small blind) folded on the Turn


PokerStars Hand #176193154759:  Hold'em Limit ($3/$6 USD) - 2017/09/27 13:33:30 ET
Table 'Nerthus' 6-max Seat #4 is the button
Seat 3: Hurlingham55 ($150.90 in chips)
Seat 4: Actionni13 ($190.70 in chips)
Actionni13: posts small blind $1
Hurlingham55: posts big blind $3
*** HOLE CARDS ***
Actionni13: raises $3 to $6
Hurlingham55: calls $3
*** FLOP *** [Kd 3s As]
Hurlingham55: checks
Actionni13: bets $3
Hurlingham55: folds
Uncalled bet ($3) returned to Actionni13
Actionni13 collected $11.76 from pot
Actionni13: doesn't show hand
*** SUMMARY ***
Total pot $12 | Rake $0.24
Board [Kd 3s As]
Seat 3: Hurlingham55 (big blind) folded on the Flop
Seat 4: Actionni13 (button) (small blind) collected ($11.76)


PokerStars Hand #176193138517:  Hold'em Limit ($3/$6 USD) - 2017/09/27 13:33:08 ET
Table 'Nerthus' 6-max Seat #3 is the button
Seat 3: Hurlingham55 ($139.38 in chips)
Seat 4: Actionni13 ($202.70 in chips)
Hurlingham55: posts small blind $1
Actionni13: posts big blind $3
*** HOLE CARDS ***
Hurlingham55: raises $3 to $6
Actionni13: raises $3 to $9
Hurlingham55: calls $3
*** FLOP *** [8c 7c 6h]
Actionni13: checks
Hurlingham55: bets $3
Actionni13: calls $3
*** TURN *** [8c 7c 6h] [2c]
Actionni13: checks
Hurlingham55: bets $6
Actionni13: folds
Uncalled bet ($6) returned to Hurlingham55
Hurlingham55 collected $23.52 from pot
Hurlingham55: doesn't show hand
*** SUMMARY ***
Total pot $24 | Rake $0.48
Board [8c 7c 6h 2c]
Seat 3: Hurlingham55 (button) (small blind) collected ($23.52)
Seat 4: Actionni13 (big blind) folded on the Turn


PokerStars Hand #176193133485:  Hold'em Limit ($3/$6 USD) - 2017/09/27 13:33:01 ET
Table 'Nerthus' 6-max Seat #4 is the button
Seat 3: Hurlingham55 ($138.38 in chips)
Seat 4: Actionni13 ($203.70 in chips)
Actionni13: posts small blind $1
Hurlingham55: posts big blind $3
*** HOLE CARDS ***
Actionni13: folds
Uncalled bet ($2) returned to Hurlingham55
Hurlingham55 collected $2 from pot
Hurlingham55: doesn't show hand
*** SUMMARY ***
Total pot $2 | Rake $0
Seat 3: Hurlingham55 (big blind) collected ($2)
Seat 4: Actionni13 (button) (small blind) folded before Flop


PokerStars Hand #176193113151:  Hold'em Limit ($3/$6 USD) - 2017/09/27 13:32:34 ET
Table 'Nerthus' 6-max Seat #3 is the button
Seat 3: Hurlingham55 ($132.62 in chips)
Seat 4: Actionni13 ($209.70 in chips)
Hurlingham55: posts small blind $1
Actionni13: posts big blind $3
*** HOLE CARDS ***
Hurlingham55: raises $3 to $6
Actionni13: calls $3
*** FLOP *** [9d Kc 8h]
Actionni13: checks
Hurlingham55: checks
*** TURN *** [9d Kc 8h] [Ad]
Actionni13: checks
Hurlingham55: checks
*** RIVER *** [9d Kc 8h Ad] [4c]
Actionni13: checks
Hurlingham55: checks
*** SHOW DOWN ***
Actionni13: shows [5d 3d] (high card Ace)
Hurlingham55: shows [4h 6h] (a pair of Fours)
Hurlingham55 collected $11.76 from pot
*** SUMMARY ***
Total pot $12 | Rake $0.24
Board [9d Kc 8h Ad 4c]
Seat 3: Hurlingham55 (button) (small blind) showed [4h 6h] and won ($11.76) with a pair of Fours
Seat 4: Actionni13 (big blind) showed [5d 3d] and lost with high card Ace


PokerStars Hand #176193202337:  Hold'em Limit ($3/$6 USD) - 2017/09/27 13:34:35 ET
Table 'Nerthus' 6-max Seat #3 is the button
Seat 3: Hurlingham55 ($154.54 in chips)
Seat 4: Actionni13 ($186.46 in chips)
Hurlingham55: posts small blind $1
Actionni13: posts big blind $3
*** HOLE CARDS ***
Hurlingham55: raises $3 to $6
Actionni13: folds
Uncalled bet ($3) returned to Hurlingham55
Hurlingham55 collected $6 from pot
Hurlingham55: doesn't show hand
*** SUMMARY ***
Total pot $6 | Rake $0
Seat 3: Hurlingham55 (button) (small blind) collected ($6)
Seat 4: Actionni13 (big blind) folded before Flop


PokerStars Hand #176193197254:  Hold'em Limit ($3/$6 USD) - 2017/09/27 13:34:28 ET
Table 'Nerthus' 6-max Seat #4 is the button
Seat 3: Hurlingham55 ($157.54 in chips)
Seat 4: Actionni13 ($183.46 in chips)
Actionni13: posts small blind $1
Hurlingham55: posts big blind $3
*** HOLE CARDS ***
Actionni13: raises $3 to $6
Hurlingham55: folds
Uncalled bet ($3) returned to Actionni13
Actionni13 collected $6 from pot
Actionni13: doesn't show hand
*** SUMMARY ***
Total pot $6 | Rake $0
Seat 3: Hurlingham55 (big blind) folded before Flop
Seat 4: Actionni13 (button) (small blind) collected ($6)


PokerStars Hand #176193192314:  Hold'em Limit ($3/$6 USD) - 2017/09/27 13:34:21 ET
Table 'Nerthus' 6-max Seat #3 is the button
Seat 3: Hurlingham55 ($154.54 in chips)
Seat 4: Actionni13 ($186.46 in chips)
Hurlingham55: posts small blind $1
Actionni13: posts big blind $3
*** HOLE CARDS ***
Hurlingham55: raises $3 to $6
Actionni13: folds
Uncalled bet ($3) returned to Hurlingham55
Hurlingham55 collected $6 from pot
Hurlingham55: doesn't show hand
*** SUMMARY ***
Total pot $6 | Rake $0
Seat 3: Hurlingham55 (button) (small blind) collected ($6)
Seat 4: Actionni13 (big blind) folded before Flop


PokerStars Hand #176193188271:  Hold'em Limit ($3/$6 USD) - 2017/09/27 13:34:16 ET
Table 'Nerthus' 6-max Seat #4 is the button
Seat 3: Hurlingham55 ($153.54 in chips)
Seat 4: Actionni13 ($187.46 in chips)
Actionni13: posts small blind $1
Hurlingham55: posts big blind $3
*** HOLE CARDS ***
Actionni13: folds
Uncalled bet ($2) returned to Hurlingham55
Hurlingham55 collected $2 from pot
Hurlingham55: doesn't show hand
*** SUMMARY ***
Total pot $2 | Rake $0
Seat 3: Hurlingham55 (big blind) collected ($2)
Seat 4: Actionni13 (button) (small blind) folded before Flop


PokerStars Hand #176193184695:  Hold'em Limit ($3/$6 USD) - 2017/09/27 13:34:11 ET
Table 'Nerthus' 6-max Seat #3 is the button
Seat 3: Hurlingham55 ($154.54 in chips)
Seat 4: Actionni13 ($186.46 in chips)
Hurlingham55: posts small blind $1
Actionni13: posts big blind $3
*** HOLE CARDS ***
Hurlingham55: folds
Uncalled bet ($2) returned to Actionni13
Actionni13 collected $2 from pot
Actionni13: doesn't show hand
*** SUMMARY ***
Total pot $2 | Rake $0
Seat 3: Hurlingham55 (button) (small blind) folded before Flop
Seat 4: Actionni13 (big blind) collected ($2)


PokerStars Hand #176193180767:  Hold'em Limit ($3/$6 USD) - 2017/09/27 13:34:06 ET
Table 'Nerthus' 6-max Seat #4 is the button
Seat 3: Hurlingham55 ($153.54 in chips)
Seat 4: Actionni13 ($187.46 in chips)
Actionni13: posts small blind $1
Hurlingham55: posts big blind $3
*** HOLE CARDS ***
Actionni13: folds
Uncalled bet ($2) returned to Hurlingham55
Hurlingham55 collected $2 from pot
Hurlingham55: doesn't show hand
*** SUMMARY ***
Total pot $2 | Rake $0
Seat 3: Hurlingham55 (big blind) collected ($2)
Seat 4: Actionni13 (button) (small blind) folded before Flop


PokerStars Hand #176193165929:  Hold'em Limit ($3/$6 USD) - 2017/09/27 13:33:45 ET
Table 'Nerthus' 6-max Seat #3 is the button
Seat 3: Hurlingham55 ($144.90 in chips)
Seat 4: Actionni13 ($196.46 in chips)
Hurlingham55: posts small blind $1
Actionni13: posts big blind $3
*** HOLE CARDS ***
Hurlingham55: raises $3 to $6
Actionni13: calls $3
*** FLOP *** [Kd 2c Kc]
Actionni13: checks
Hurlingham55: bets $3
Actionni13: calls $3
*** TURN *** [Kd 2c Kc] [9s]
Actionni13: checks
Hurlingham55: bets $6
Actionni13: folds
Uncalled bet ($6) returned to Hurlingham55
Hurlingham55 collected $17.64 from pot
Hurlingham55: doesn't show hand
*** SUMMARY ***
Total pot $18 | Rake $0.36
Board [Kd 2c Kc 9s]
Seat 3: Hurlingham55 (button) (small blind) collected ($17.64)
Seat 4: Actionni13 (big blind) folded on the Turn


PokerStars Hand #176193245251:  Hold'em Limit ($3/$6 USD) - 2017/09/27 13:35:33 ET
Table 'Nerthus' 6-max Seat #3 is the button
Seat 3: Hurlingham55 ($148.30 in chips)
Seat 4: Actionni13 ($191.98 in chips)
Hurlingham55: posts small blind $1
Actionni13: posts big blind $3
*** HOLE CARDS ***
Hurlingham55: raises $3 to $6
Actionni13: raises $3 to $9
Hurlingham55: calls $3
*** FLOP *** [Kh 7d Ah]
Actionni13: bets $3
Hurlingham55: folds
Uncalled bet ($3) returned to Actionni13
Actionni13 collected $17.64 from pot
Actionni13: doesn't show hand
*** SUMMARY ***
Total pot $18 | Rake $0.36
Board [Kh 7d Ah]
Seat 3: Hurlingham55 (button) (small blind) folded on the Flop
Seat 4: Actionni13 (big blind) collected ($17.64)


PokerStars Hand #176193240186:  Hold'em Limit ($3/$6 USD) - 2017/09/27 13:35:26 ET
Table 'Nerthus' 6-max Seat #4 is the button
Seat 3: Hurlingham55 ($151.30 in chips)
Seat 4: Actionni13 ($188.98 in chips)
Actionni13: posts small blind $1
Hurlingham55: posts big blind $3
*** HOLE CARDS ***
Actionni13: raises $3 to $6
Hurlingham55: folds
Uncalled bet ($3) returned to Actionni13
Actionni13 collected $6 from pot
*** SUMMARY ***
Total pot $6 | Rake $0
Seat 3: Hurlingham55 (big blind) folded before Flop
Seat 4: Actionni13 (button) (small blind) collected ($6)


PokerStars Hand #176193219543:  Hold'em Limit ($3/$6 USD) - 2017/09/27 13:34:58 ET
Table 'Nerthus' 6-max Seat #3 is the button
Seat 3: Hurlingham55 ($163.30 in chips)
Seat 4: Actionni13 ($177.46 in chips)
Hurlingham55: posts small blind $1
Actionni13: posts big blind $3
*** HOLE CARDS ***
Hurlingham55: raises $3 to $6
Actionni13: calls $3
*** FLOP *** [8c 3c 6d]
Actionni13: checks
Hurlingham55: bets $3
Actionni13: raises $3 to $6
Hurlingham55: calls $3
*** TURN *** [8c 3c 6d] [2c]
Actionni13: bets $6
Hurlingham55: folds
Uncalled bet ($6) returned to Actionni13
Actionni13 collected $23.52 from pot
Actionni13: doesn't show hand
*** SUMMARY ***
Total pot $24 | Rake $0.48
Board [8c 3c 6d 2c]
Seat 3: Hurlingham55 (button) (small blind) folded on the Turn
Seat 4: Actionni13 (big blind) collected ($23.52)


PokerStars Hand #176193207524:  Hold'em Limit ($3/$6 USD) - 2017/09/27 13:34:42 ET
Table 'Nerthus' 6-max Seat #4 is the button
Seat 3: Hurlingham55 ($157.54 in chips)
Seat 4: Actionni13 ($183.46 in chips)
Actionni13: posts small blind $1
Hurlingham55: posts big blind $3
*** HOLE CARDS ***
Actionni13: raises $3 to $6
Hurlingham55: calls $3
*** FLOP *** [6d Jc 8s]
Hurlingham55: checks
Actionni13: checks
*** TURN *** [6d Jc 8s] [2h]
Hurlingham55: bets $6
Actionni13: folds
Uncalled bet ($6) returned to Hurlingham55
Hurlingham55 collected $11.76 from pot
Hurlingham55: doesn't show hand
*** SUMMARY ***
Total pot $12 | Rake $0.24
Board [6d Jc 8s 2h]
Seat 3: Hurlingham55 (big blind) collected ($11.76)
Seat 4: Actionni13 (button) (small blind) folded on the Turn


PokerStars Hand #176193272972:  Hold'em Limit ($3/$6 USD) - 2017/09/27 13:36:11 ET
Table 'Nerthus' 6-max Seat #3 is the button
Seat 3: Hurlingham55 ($147.94 in chips)
Seat 4: Actionni13 ($191.62 in chips)
Hurlingham55: posts small blind $1
Actionni13: posts big blind $3
*** HOLE CARDS ***
Hurlingham55: raises $3 to $6
Actionni13: raises $3 to $9
Hurlingham55: calls $3
*** FLOP *** [3d 3s 4h]
Actionni13: bets $3
Hurlingham55: calls $3
*** TURN *** [3d 3s 4h] [3h]
Actionni13: bets $6
Hurlingham55: folds
Uncalled bet ($6) returned to Actionni13
Actionni13 collected $23.52 from pot
Actionni13: doesn't show hand
*** SUMMARY ***
Total pot $24 | Rake $0.48
Board [3d 3s 4h 3h]
Seat 3: Hurlingham55 (button) (small blind) folded on the Turn
Seat 4: Actionni13 (big blind) collected ($23.52)


PokerStars Hand #176193256304:  Hold'em Limit ($3/$6 USD) - 2017/09/27 13:35:48 ET
Table 'Nerthus' 6-max Seat #4 is the button
Seat 3: Hurlingham55 ($139.30 in chips)
Seat 4: Actionni13 ($200.62 in chips)
Actionni13: posts small blind $1
Hurlingham55: posts big blind $3
*** HOLE CARDS ***
Actionni13: raises $3 to $6
Hurlingham55: calls $3
*** FLOP *** [3c 2h 9h]
Hurlingham55: checks
Actionni13: bets $3
Hurlingham55: calls $3
*** TURN *** [3c 2h 9h] [Tc]
Hurlingham55: checks
Actionni13: checks
*** RIVER *** [3c 2h 9h Tc] [Ah]
Hurlingham55: bets $6
Actionni13: folds
Uncalled bet ($6) returned to Hurlingham55
Hurlingham55 collected $17.64 from pot
Hurlingham55: doesn't show hand
*** SUMMARY ***
Total pot $18 | Rake $0.36
Board [3c 2h 9h Tc Ah]
Seat 3: Hurlingham55 (big blind) collected ($17.64)
Seat 4: Actionni13 (button) (small blind) folded on the River


PokerStars Hand #176193340432:  Hold'em Limit ($3/$6 USD) - 2017/09/27 13:37:43 ET
Table 'Nerthus' 6-max Seat #4 is the button
Seat 3: Hurlingham55 ($148.08 in chips)
Seat 4: Actionni13 ($189.64 in chips)
Actionni13: posts small blind $1
Hurlingham55: posts big blind $3
*** HOLE CARDS ***
Actionni13: folds
Uncalled bet ($2) returned to Hurlingham55
Hurlingham55 collected $2 from pot
Hurlingham55: doesn't show hand
*** SUMMARY ***
Total pot $2 | Rake $0
Seat 3: Hurlingham55 (big blind) collected ($2)
Seat 4: Actionni13 (button) (small blind) folded before Flop


PokerStars Hand #176193325122:  Hold'em Limit ($3/$6 USD) - 2017/09/27 13:37:22 ET
Table 'Nerthus' 6-max Seat #3 is the button
Seat 3: Hurlingham55 ($163.08 in chips)
Seat 4: Actionni13 ($175.14 in chips)
Hurlingham55: posts small blind $1
Actionni13: posts big blind $3
*** HOLE CARDS ***
Hurlingham55: raises $3 to $6
Actionni13: calls $3
*** FLOP *** [4c 3s 8h]
Actionni13: checks
Hurlingham55: bets $3
Actionni13: calls $3
*** TURN *** [4c 3s 8h] [Th]
Actionni13: checks
Hurlingham55: checks
*** RIVER *** [4c 3s 8h Th] [6c]
Actionni13: bets $6
Hurlingham55: calls $6
*** SHOW DOWN ***
Actionni13: shows [8s Kc] (a pair of Eights)
Hurlingham55: mucks hand
Actionni13 collected $29.50 from pot
*** SUMMARY ***
Total pot $30 | Rake $0.50
Board [4c 3s 8h Th 6c]
Seat 3: Hurlingham55 (button) (small blind) mucked
Seat 4: Actionni13 (big blind) showed [8s Kc] and won ($29.50) with a pair of Eights


PokerStars Hand #176193321586:  Hold'em Limit ($3/$6 USD) - 2017/09/27 13:37:17 ET
Table 'Nerthus' 6-max Seat #4 is the button
Seat 3: Hurlingham55 ($162.08 in chips)
Seat 4: Actionni13 ($176.14 in chips)
Actionni13: posts small blind $1
Hurlingham55: posts big blind $3
*** HOLE CARDS ***
Actionni13: folds
Uncalled bet ($2) returned to Hurlingham55
Hurlingham55 collected $2 from pot
Hurlingham55: doesn't show hand
*** SUMMARY ***
Total pot $2 | Rake $0
Seat 3: Hurlingham55 (big blind) collected ($2)
Seat 4: Actionni13 (button) (small blind) folded before Flop


PokerStars Hand #176193307450:  Hold'em Limit ($3/$6 USD) - 2017/09/27 13:36:58 ET
Table 'Nerthus' 6-max Seat #3 is the button
Seat 3: Hurlingham55 ($144.58 in chips)
Seat 4: Actionni13 ($194.14 in chips)
Hurlingham55: posts small blind $1
Actionni13: posts big blind $3
*** HOLE CARDS ***
Hurlingham55: raises $3 to $6
Actionni13: raises $3 to $9
Hurlingham55: calls $3
*** FLOP *** [Jd 5h 8h]
Actionni13: bets $3
Hurlingham55: calls $3
*** TURN *** [Jd 5h 8h] [8c]
Actionni13: bets $6
Hurlingham55: raises $6 to $12
Actionni13: folds
Uncalled bet ($6) returned to Hurlingham55
Hurlingham55 collected $35.50 from pot
Hurlingham55: doesn't show hand
*** SUMMARY ***
Total pot $36 | Rake $0.50
Board [Jd 5h 8h 8c]
Seat 3: Hurlingham55 (button) (small blind) collected ($35.50)
Seat 4: Actionni13 (big blind) folded on the Turn


PokerStars Hand #176193294809:  Hold'em Limit ($3/$6 USD) - 2017/09/27 13:36:41 ET
Table 'Nerthus' 6-max Seat #4 is the button
Seat 3: Hurlingham55 ($135.94 in chips)
Seat 4: Actionni13 ($203.14 in chips)
Actionni13: posts small blind $1
Hurlingham55: posts big blind $3
*** HOLE CARDS ***
Actionni13: raises $3 to $6
Hurlingham55: calls $3
*** FLOP *** [7s Ad Qc]
Hurlingham55: checks
Actionni13: bets $3
Hurlingham55: raises $3 to $6
Actionni13: folds
Uncalled bet ($3) returned to Hurlingham55
Hurlingham55 collected $17.64 from pot
Hurlingham55: doesn't show hand
*** SUMMARY ***
Total pot $18 | Rake $0.36
Board [7s Ad Qc]
Seat 3: Hurlingham55 (big blind) collected ($17.64)
Seat 4: Actionni13 (button) (small blind) folded on the Flop


PokerStars Hand #176193364608:  Hold'em Limit ($3/$6 USD) - 2017/09/27 13:38:16 ET
Table 'Nerthus' 6-max Seat #4 is the button
Seat 3: Hurlingham55 ($163.58 in chips)
Seat 4: Actionni13 ($173.64 in chips)
Actionni13: posts small blind $1
Hurlingham55: posts big blind $3
*** HOLE CARDS ***
Actionni13: raises $3 to $6
Hurlingham55: calls $3
*** FLOP *** [Jc 3c Qd]
Hurlingham55: checks
Actionni13: bets $3
Hurlingham55: calls $3
*** TURN *** [Jc 3c Qd] [3d]
Hurlingham55: checks
Actionni13: bets $6
Hurlingham55: calls $6
*** RIVER *** [Jc 3c Qd 3d] [Kd]
Hurlingham55: checks
Actionni13: checks
*** SHOW DOWN ***
Hurlingham55: shows [As Kh] (two pair, Kings and Threes)
Actionni13: mucks hand
Hurlingham55 collected $29.50 from pot
*** SUMMARY ***
Total pot $30 | Rake $0.50
Board [Jc 3c Qd 3d Kd]
Seat 3: Hurlingham55 (big blind) showed [As Kh] and won ($29.50) with two pair, Kings and Threes
Seat 4: Actionni13 (button) (small blind) mucked


PokerStars Hand #176193344242:  Hold'em Limit ($3/$6 USD) - 2017/09/27 13:37:48 ET
Table 'Nerthus' 6-max Seat #3 is the button
Seat 3: Hurlingham55 ($149.08 in chips)
Seat 4: Actionni13 ($188.64 in chips)
Hurlingham55: posts small blind $1
Actionni13: posts big blind $3
*** HOLE CARDS ***
Hurlingham55: raises $3 to $6
Actionni13: calls $3
*** FLOP *** [5s 5c Ts]
Actionni13: checks
Hurlingham55: bets $3
Actionni13: calls $3
*** TURN *** [5s 5c Ts] [8s]
Actionni13: checks
Hurlingham55: bets $6
Actionni13: calls $6
*** RIVER *** [5s 5c Ts 8s] [Jc]
Actionni13: checks
Hurlingham55: bets $6
Actionni13: folds
Uncalled bet ($6) returned to Hurlingham55
Hurlingham55 collected $29.50 from pot
Hurlingham55: doesn't show hand
*** SUMMARY ***
Total pot $30 | Rake $0.50
Board [5s 5c Ts 8s Jc]
Seat 3: Hurlingham55 (button) (small blind) collected ($29.50)
Seat 4: Actionni13 (big blind) folded on the River


PokerStars Hand #176193431184:  Hold'em Limit ($3/$6 USD) - 2017/09/27 13:39:48 ET
Table 'Nerthus' 6-max Seat #3 is the button
Seat 3: Hurlingham55 ($186.58 in chips)
Seat 4: Actionni13 ($155.76 in chips)
Hurlingham55: posts small blind $1
Actionni13: posts big blind $3
*** HOLE CARDS ***
Hurlingham55: folds
Uncalled bet ($2) returned to Actionni13
Actionni13 collected $2 from pot
Actionni13: doesn't show hand
*** SUMMARY ***
Total pot $2 | Rake $0
Seat 3: Hurlingham55 (button) (small blind) folded before Flop
Seat 4: Actionni13 (big blind) collected ($2)


PokerStars Hand #176193425298:  Hold'em Limit ($3/$6 USD) - 2017/09/27 13:39:40 ET
Table 'Nerthus' 6-max Seat #4 is the button
Seat 3: Hurlingham55 ($189.58 in chips)
Seat 4: Actionni13 ($152.76 in chips)
Actionni13: posts small blind $1
Hurlingham55: posts big blind $3
*** HOLE CARDS ***
Actionni13: raises $3 to $6
Hurlingham55: folds
Uncalled bet ($3) returned to Actionni13
Actionni13 collected $6 from pot
Actionni13: doesn't show hand
*** SUMMARY ***
Total pot $6 | Rake $0
Seat 3: Hurlingham55 (big blind) folded before Flop
Seat 4: Actionni13 (button) (small blind) collected ($6)


PokerStars Hand #176193419330:  Hold'em Limit ($3/$6 USD) - 2017/09/27 13:39:32 ET
Table 'Nerthus' 6-max Seat #3 is the button
Seat 3: Hurlingham55 ($186.58 in chips)
Seat 4: Actionni13 ($155.76 in chips)
Hurlingham55: posts small blind $1
Actionni13: posts big blind $3
*** HOLE CARDS ***
Hurlingham55: raises $3 to $6
Actionni13: folds
Uncalled bet ($3) returned to Hurlingham55
Hurlingham55 collected $6 from pot
Hurlingham55: doesn't show hand
*** SUMMARY ***
Total pot $6 | Rake $0
Seat 3: Hurlingham55 (button) (small blind) collected ($6)
Seat 4: Actionni13 (big blind) folded before Flop


PokerStars Hand #176193408609:  Hold'em Limit ($3/$6 USD) - 2017/09/27 13:39:17 ET
Table 'Nerthus' 6-max Seat #4 is the button
Seat 3: Hurlingham55 ($192.58 in chips)
Seat 4: Actionni13 ($150 in chips)
Actionni13: posts small blind $1
Hurlingham55: posts big blind $3
*** HOLE CARDS ***
Actionni13: raises $3 to $6
Hurlingham55: calls $3
*** FLOP *** [Qs 7s 9s]
Hurlingham55: checks
Actionni13: bets $3
Hurlingham55: folds
Uncalled bet ($3) returned to Actionni13
Actionni13 collected $11.76 from pot
Actionni13: doesn't show hand
*** SUMMARY ***
Total pot $12 | Rake $0.24
Board [Qs 7s 9s]
Seat 3: Hurlingham55 (big blind) folded on the Flop
Seat 4: Actionni13 (button) (small blind) collected ($11.76)


PokerStars Hand #176193388601:  Hold'em Limit ($3/$6 USD) - 2017/09/27 13:38:49 ET
Table 'Nerthus' 6-max Seat #3 is the button
Seat 3: Hurlingham55 ($178.08 in chips)
Seat 4: Actionni13 ($158.64 in chips)
Hurlingham55: posts small blind $1
Actionni13: posts big blind $3
*** HOLE CARDS ***
Hurlingham55: raises $3 to $6
Actionni13: raises $3 to $9
Hurlingham55: raises $3 to $12
Betting is capped
Actionni13: calls $3
*** FLOP *** [5s 9s 9h]
Actionni13: checks
Hurlingham55: bets $3
Actionni13: calls $3
*** TURN *** [5s 9s 9h] [Ks]
Actionni13: checks
Hurlingham55: bets $6
Actionni13: folds
Uncalled bet ($6) returned to Hurlingham55
Hurlingham55 collected $29.50 from pot
Hurlingham55: doesn't show hand
*** SUMMARY ***
Total pot $30 | Rake $0.50
Board [5s 9s 9h Ks]
Seat 3: Hurlingham55 (button) (small blind) collected ($29.50)
Seat 4: Actionni13 (big blind) folded on the Turn


PokerStars Hand #176193439282:  Hold'em Limit ($3/$6 USD) - 2017/09/27 13:39:59 ET
Table 'Nerthus' 6-max Seat #3 is the button
Seat 3: Hurlingham55 ($186.58 in chips)
Seat 4: Actionni13 ($155.76 in chips)
Hurlingham55: posts small blind $1
Actionni13: posts big blind $3
*** HOLE CARDS ***
Hurlingham55: folds
Uncalled bet ($2) returned to Actionni13
Actionni13 collected $2 from pot
Actionni13: doesn't show hand
*** SUMMARY ***
Total pot $2 | Rake $0
Seat 3: Hurlingham55 (button) (small blind) folded before Flop
Seat 4: Actionni13 (big blind) collected ($2)


PokerStars Hand #176193469010:  Hold'em Limit ($3/$6 USD) - 2017/09/27 13:40:40 ET
Table 'Nerthus' 6-max Seat #3 is the button
Seat 3: Hurlingham55 ($182.58 in chips)
Seat 4: Actionni13 ($159.76 in chips)
Hurlingham55: posts small blind $1
Actionni13: posts big blind $3
*** HOLE CARDS ***
Hurlingham55: raises $3 to $6
Actionni13: calls $3
*** FLOP *** [2s Kc 9h]
Actionni13: checks
Hurlingham55: bets $3
Actionni13: folds
Uncalled bet ($3) returned to Hurlingham55
Hurlingham55 collected $11.76 from pot
Hurlingham55: doesn't show hand
*** SUMMARY ***
Total pot $12 | Rake $0.24
Board [2s Kc 9h]
Seat 3: Hurlingham55 (button) (small blind) collected ($11.76)
Seat 4: Actionni13 (big blind) folded on the Flop


PokerStars Hand #176193464967:  Hold'em Limit ($3/$6 USD) - 2017/09/27 13:40:35 ET
Table 'Nerthus' 6-max Seat #4 is the button
Seat 3: Hurlingham55 ($181.58 in chips)
Seat 4: Actionni13 ($160.76 in chips)
Actionni13: posts small blind $1
Hurlingham55: posts big blind $3
*** HOLE CARDS ***
Actionni13: folds
Uncalled bet ($2) returned to Hurlingham55
Hurlingham55 collected $2 from pot
Hurlingham55: doesn't show hand
*** SUMMARY ***
Total pot $2 | Rake $0
Seat 3: Hurlingham55 (big blind) collected ($2)
Seat 4: Actionni13 (button) (small blind) folded before Flop


PokerStars Hand #176193460014:  Hold'em Limit ($3/$6 USD) - 2017/09/27 13:40:28 ET
Table 'Nerthus' 6-max Seat #3 is the button
Seat 3: Hurlingham55 ($182.58 in chips)
Seat 4: Actionni13 ($159.76 in chips)
Hurlingham55: posts small blind $1
Actionni13: posts big blind $3
*** HOLE CARDS ***
Hurlingham55: folds
Uncalled bet ($2) returned to Actionni13
Actionni13 collected $2 from pot
Actionni13: doesn't show hand
*** SUMMARY ***
Total pot $2 | Rake $0
Seat 3: Hurlingham55 (button) (small blind) folded before Flop
Seat 4: Actionni13 (big blind) collected ($2)


PokerStars Hand #176193454900:  Hold'em Limit ($3/$6 USD) - 2017/09/27 13:40:21 ET
Table 'Nerthus' 6-max Seat #4 is the button
Seat 3: Hurlingham55 ($185.58 in chips)
Seat 4: Actionni13 ($156.76 in chips)
Actionni13: posts small blind $1
Hurlingham55: posts big blind $3
*** HOLE CARDS ***
Actionni13: raises $3 to $6
Hurlingham55: folds
Uncalled bet ($3) returned to Actionni13
Actionni13 collected $6 from pot
Actionni13: doesn't show hand
*** SUMMARY ***
Total pot $6 | Rake $0
Seat 3: Hurlingham55 (big blind) folded before Flop
Seat 4: Actionni13 (button) (small blind) collected ($6)


PokerStars Hand #176193449456:  Hold'em Limit ($3/$6 USD) - 2017/09/27 13:40:13 ET
Table 'Nerthus' 6-max Seat #3 is the button
Seat 3: Hurlingham55 ($182.58 in chips)
Seat 4: Actionni13 ($159.76 in chips)
Hurlingham55: posts small blind $1
Actionni13: posts big blind $3
*** HOLE CARDS ***
Hurlingham55: raises $3 to $6
Actionni13: folds
Uncalled bet ($3) returned to Hurlingham55
Hurlingham55 collected $6 from pot
Hurlingham55: doesn't show hand
*** SUMMARY ***
Total pot $6 | Rake $0
Seat 3: Hurlingham55 (button) (small blind) collected ($6)
Seat 4: Actionni13 (big blind) folded before Flop


PokerStars Hand #176193443735:  Hold'em Limit ($3/$6 USD) - 2017/09/27 13:40:05 ET
Table 'Nerthus' 6-max Seat #4 is the button
Seat 3: Hurlingham55 ($185.58 in chips)
Seat 4: Actionni13 ($156.76 in chips)
Actionni13: posts small blind $1
Hurlingham55: posts big blind $3
*** HOLE CARDS ***
Actionni13: raises $3 to $6
Hurlingham55: folds
Uncalled bet ($3) returned to Actionni13
Actionni13 collected $6 from pot
Actionni13: doesn't show hand
*** SUMMARY ***
Total pot $6 | Rake $0
Seat 3: Hurlingham55 (big blind) folded before Flop
Seat 4: Actionni13 (button) (small blind) collected ($6)


PokerStars Hand #176193494643:  Hold'em Limit ($3/$6 USD) - 2017/09/27 13:41:16 ET
Table 'Nerthus' 6-max Seat #3 is the button
Seat 3: Hurlingham55 ($194.10 in chips)
Seat 4: Actionni13 ($150 in chips)
Hurlingham55: posts small blind $1
Actionni13: posts big blind $3
*** HOLE CARDS ***
Hurlingham55: raises $3 to $6
Actionni13: calls $3
*** FLOP *** [Jd Qc 4s]
Actionni13: checks
Hurlingham55: bets $3
Actionni13: calls $3
*** TURN *** [Jd Qc 4s] [Jh]
vestimokrec joins the table at seat #5
Actionni13: checks
Hurlingham55: checks
*** RIVER *** [Jd Qc 4s Jh] [Js]
Actionni13: bets $6
Hurlingham55: folds
Uncalled bet ($6) returned to Actionni13
Actionni13 collected $17.64 from pot
Actionni13: doesn't show hand
*** SUMMARY ***
Total pot $18 | Rake $0.36
Board [Jd Qc 4s Jh Js]
Seat 3: Hurlingham55 (button) (small blind) folded on the River
Seat 4: Actionni13 (big blind) collected ($17.64)


PokerStars Hand #176193479657:  Hold'em Limit ($3/$6 USD) - 2017/09/27 13:40:55 ET
Table 'Nerthus' 6-max Seat #4 is the button
Seat 3: Hurlingham55 ($188.34 in chips)
Seat 4: Actionni13 ($153.76 in chips)
Actionni13: posts small blind $1
Hurlingham55: posts big blind $3
*** HOLE CARDS ***
Actionni13: raises $3 to $6
Hurlingham55: calls $3
*** FLOP *** [3d 7c 6d]
Hurlingham55: checks
Actionni13: checks
*** TURN *** [3d 7c 6d] [9h]
Hurlingham55: bets $6
Actionni13: folds
Uncalled bet ($6) returned to Hurlingham55
Hurlingham55 collected $11.76 from pot
Hurlingham55: doesn't show hand
*** SUMMARY ***
Total pot $12 | Rake $0.24
Board [3d 7c 6d 9h]
Seat 3: Hurlingham55 (big blind) collected ($11.76)
Seat 4: Actionni13 (button) (small blind) folded on the Turn


PokerStars Hand #176193539293:  Hold'em Limit ($3/$6 USD) - 2017/09/27 13:42:10 ET
Table 'Nerthus' 6-max Seat #4 is the button
Seat 3: Hurlingham55 ($189.86 in chips)
Seat 4: Actionni13 ($153.64 in chips)
Actionni13: posts small blind $1
Hurlingham55: posts big blind $3
*** HOLE CARDS ***
Actionni13: raises $3 to $6
Hurlingham55: calls $3
*** FLOP *** [8d Js Ad]
Hurlingham55: checks
Actionni13: checks
*** TURN *** [8d Js Ad] [2h]
Hurlingham55: bets $6
Actionni13: folds
Uncalled bet ($6) returned to Hurlingham55
Hurlingham55 collected $11.76 from pot
Hurlingham55: doesn't show hand
*** SUMMARY ***
Total pot $12 | Rake $0.24
Board [8d Js Ad 2h]
Seat 3: Hurlingham55 (big blind) collected ($11.76)
Seat 4: Actionni13 (button) (small blind) folded on the Turn


PokerStars Hand #176193535338:  Hold'em Limit ($3/$6 USD) - 2017/09/27 13:42:04 ET
Table 'Nerthus' 6-max Seat #3 is the button
Seat 3: Hurlingham55 ($190.86 in chips)
Seat 4: Actionni13 ($152.64 in chips)
Hurlingham55: posts small blind $1
Actionni13: posts big blind $3
*** HOLE CARDS ***
Hurlingham55: folds
Uncalled bet ($2) returned to Actionni13
Actionni13 collected $2 from pot
Actionni13: doesn't show hand
*** SUMMARY ***
Total pot $2 | Rake $0
Seat 3: Hurlingham55 (button) (small blind) folded before Flop
Seat 4: Actionni13 (big blind) collected ($2)


PokerStars Hand #176193517250:  Hold'em Limit ($3/$6 USD) - 2017/09/27 13:41:39 ET
Table 'Nerthus' 6-max Seat #4 is the button
Seat 3: Hurlingham55 ($185.10 in chips)
Seat 4: Actionni13 ($158.64 in chips)
Actionni13: posts small blind $1
Hurlingham55: posts big blind $3
*** HOLE CARDS ***
Actionni13: raises $3 to $6
Hurlingham55: calls $3
*** FLOP *** [8d Qd 9s]
Hurlingham55: checks
Actionni13: checks
*** TURN *** [8d Qd 9s] [6h]
Hurlingham55: bets $6
Actionni13: folds
Uncalled bet ($6) returned to Hurlingham55
Hurlingham55 collected $11.76 from pot
Hurlingham55: doesn't show hand
*** SUMMARY ***
Total pot $12 | Rake $0.24
Board [8d Qd 9s 6h]
Seat 3: Hurlingham55 (big blind) collected ($11.76)
Seat 4: Actionni13 (button) (small blind) folded on the Turn


PokerStars Hand #176193602049:  Hold'em Limit ($3/$6 USD) - 2017/09/27 13:43:37 ET
Table 'Nerthus' 6-max Seat #3 is the button
Seat 3: Hurlingham55 ($190.26 in chips)
Seat 4: Actionni13 ($163.40 in chips)
Hurlingham55: posts small blind $1
Actionni13: posts big blind $3
*** HOLE CARDS ***
Hurlingham55: raises $3 to $6
Actionni13: folds
Uncalled bet ($3) returned to Hurlingham55
Hurlingham55 collected $6 from pot
Hurlingham55: doesn't show hand
*** SUMMARY ***
Total pot $6 | Rake $0
Seat 3: Hurlingham55 (button) (small blind) collected ($6)
Seat 4: Actionni13 (big blind) folded before Flop


PokerStars Hand #176193596723:  Hold'em Limit ($3/$6 USD) - 2017/09/27 13:43:30 ET
Table 'Nerthus' 6-max Seat #4 is the button
Seat 3: Hurlingham55 ($189.26 in chips)
Seat 4: Actionni13 ($164.40 in chips)
Actionni13: posts small blind $1
Hurlingham55: posts big blind $3
*** HOLE CARDS ***
Actionni13: folds
Uncalled bet ($2) returned to Hurlingham55
Hurlingham55 collected $2 from pot
Hurlingham55: doesn't show hand
*** SUMMARY ***
Total pot $2 | Rake $0
Seat 3: Hurlingham55 (big blind) collected ($2)
Seat 4: Actionni13 (button) (small blind) folded before Flop


PokerStars Hand #176193583815:  Hold'em Limit ($3/$6 USD) - 2017/09/27 13:43:11 ET
Table 'Nerthus' 6-max Seat #3 is the button
Seat 3: Hurlingham55 ($198.26 in chips)
Seat 4: Actionni13 ($155.76 in chips)
Hurlingham55: posts small blind $1
Actionni13: posts big blind $3
*** HOLE CARDS ***
Hurlingham55: raises $3 to $6
Actionni13: calls $3
*** FLOP *** [Qc 2c 3c]
Actionni13: checks
Hurlingham55: bets $3
Actionni13: raises $3 to $6
Hurlingham55: folds
Uncalled bet ($3) returned to Actionni13
Actionni13 collected $17.64 from pot
Actionni13: doesn't show hand
*** SUMMARY ***
Total pot $18 | Rake $0.36
Board [Qc 2c 3c]
Seat 3: Hurlingham55 (button) (small blind) folded on the Flop
Seat 4: Actionni13 (big blind) collected ($17.64)


PokerStars Hand #176193573245:  Hold'em Limit ($3/$6 USD) - 2017/09/27 13:42:57 ET
Table 'Nerthus' 6-max Seat #4 is the button
Seat 3: Hurlingham55 ($204.26 in chips)
Seat 4: Actionni13 ($150 in chips)
Actionni13: posts small blind $1
Hurlingham55: posts big blind $3
*** HOLE CARDS ***
Actionni13: raises $3 to $6
Hurlingham55: calls $3
*** FLOP *** [Ad Ah Jh]
Hurlingham55: checks
Actionni13: bets $3
Hurlingham55: folds
Uncalled bet ($3) returned to Actionni13
Actionni13 collected $11.76 from pot
Actionni13: doesn't show hand
*** SUMMARY ***
Total pot $12 | Rake $0.24
Board [Ad Ah Jh]
Seat 3: Hurlingham55 (big blind) folded on the Flop
Seat 4: Actionni13 (button) (small blind) collected ($11.76)


PokerStars Hand #176193553236:  Hold'em Limit ($3/$6 USD) - 2017/09/27 13:42:29 ET
Table 'Nerthus' 6-max Seat #3 is the button
Seat 3: Hurlingham55 ($195.62 in chips)
Seat 4: Actionni13 ($150 in chips)
Hurlingham55: posts small blind $1
Actionni13: posts big blind $3
*** HOLE CARDS ***
Hurlingham55: raises $3 to $6
Actionni13: calls $3
*** FLOP *** [Jc 9s 3d]
Actionni13: checks
Hurlingham55: bets $3
Actionni13: calls $3
*** TURN *** [Jc 9s 3d] [Tc]
Actionni13: checks
Hurlingham55: checks
*** RIVER *** [Jc 9s 3d Tc] [2s]
Actionni13: checks
Hurlingham55: bets $6
Actionni13: folds
Uncalled bet ($6) returned to Hurlingham55
Hurlingham55 collected $17.64 from pot
Hurlingham55: doesn't show hand
*** SUMMARY ***
Total pot $18 | Rake $0.36
Board [Jc 9s 3d Tc 2s]
Seat 3: Hurlingham55 (button) (small blind) collected ($17.64)
Seat 4: Actionni13 (big blind) folded on the River


PokerStars Hand #176193608236:  Hold'em Limit ($3/$6 USD) - 2017/09/27 13:43:45 ET
Table 'Nerthus' 6-max Seat #4 is the button
Seat 3: Hurlingham55 ($193.26 in chips)
Seat 4: Actionni13 ($160.40 in chips)
Actionni13: posts small blind $1
Hurlingham55: posts big blind $3
*** HOLE CARDS ***
Actionni13: raises $3 to $6
Hurlingham55: calls $3
*** FLOP *** [Ac 7s Qs]
Hurlingham55: checks
Actionni13: bets $3
Hurlingham55: calls $3
*** TURN *** [Ac 7s Qs] [Kd]
Hurlingham55: checks
Actionni13: checks
*** RIVER *** [Ac 7s Qs Kd] [4d]
Hurlingham55: checks
Actionni13: checks
*** SHOW DOWN ***
Hurlingham55: shows [7d 5s] (a pair of Sevens)
Actionni13: mucks hand
Hurlingham55 collected $17.64 from pot
*** SUMMARY ***
Total pot $18 | Rake $0.36
Board [Ac 7s Qs Kd 4d]
Seat 3: Hurlingham55 (big blind) showed [7d 5s] and won ($17.64) with a pair of Sevens
Seat 4: Actionni13 (button) (small blind) mucked


PokerStars Hand #176193633203:  Hold'em Limit ($3/$6 USD) - 2017/09/27 13:44:20 ET
Table 'Nerthus' 6-max Seat #4 is the button
Seat 3: Hurlingham55 ($204.90 in chips)
Seat 4: Actionni13 ($150 in chips)
Actionni13: posts small blind $1
Hurlingham55: posts big blind $3
*** HOLE CARDS ***
Actionni13: folds
Uncalled bet ($2) returned to Hurlingham55
Hurlingham55 collected $2 from pot
Hurlingham55: doesn't show hand
*** SUMMARY ***
Total pot $2 | Rake $0
Seat 3: Hurlingham55 (big blind) collected ($2)
Seat 4: Actionni13 (button) (small blind) folded before Flop


PokerStars Hand #176193626621:  Hold'em Limit ($3/$6 USD) - 2017/09/27 13:44:11 ET
Table 'Nerthus' 6-max Seat #3 is the button
Seat 3: Hurlingham55 ($201.90 in chips)
Seat 4: Actionni13 ($151.40 in chips)
Hurlingham55: posts small blind $1
Actionni13: posts big blind $3
*** HOLE CARDS ***
Hurlingham55: raises $3 to $6
Actionni13: folds
Uncalled bet ($3) returned to Hurlingham55
Hurlingham55 collected $6 from pot
Hurlingham55: doesn't show hand
*** SUMMARY ***
Total pot $6 | Rake $0
Seat 3: Hurlingham55 (button) (small blind) collected ($6)
Seat 4: Actionni13 (big blind) folded before Flop


PokerStars Hand #176193654130:  Hold'em Limit ($3/$6 USD) - 2017/09/27 13:44:49 ET
Table 'Nerthus' 6-max Seat #4 is the button
Seat 3: Hurlingham55 ($193.90 in chips)
Seat 4: Actionni13 ($161.52 in chips)
Actionni13: posts small blind $1
Hurlingham55: posts big blind $3
*** HOLE CARDS ***
Actionni13: folds
Uncalled bet ($2) returned to Hurlingham55
Hurlingham55 collected $2 from pot
Hurlingham55: doesn't show hand
*** SUMMARY ***
Total pot $2 | Rake $0
Seat 3: Hurlingham55 (big blind) collected ($2)
Seat 4: Actionni13 (button) (small blind) folded before Flop


PokerStars Hand #176193636759:  Hold'em Limit ($3/$6 USD) - 2017/09/27 13:44:25 ET
Table 'Nerthus' 6-max Seat #3 is the button
Seat 3: Hurlingham55 ($205.90 in chips)
Seat 4: Actionni13 ($150 in chips)
Hurlingham55: posts small blind $1
Actionni13: posts big blind $3
*** HOLE CARDS ***
Hurlingham55: raises $3 to $6
Actionni13: calls $3
*** FLOP *** [Jh 8c 9s]
Actionni13: checks
Hurlingham55: bets $3
Actionni13: raises $3 to $6
Hurlingham55: calls $3
*** TURN *** [Jh 8c 9s] [4s]
Actionni13: bets $6
Hurlingham55: folds
Uncalled bet ($6) returned to Actionni13
Actionni13 collected $23.52 from pot
Actionni13: doesn't show hand
*** SUMMARY ***
Total pot $24 | Rake $0.48
Board [Jh 8c 9s 4s]
Seat 3: Hurlingham55 (button) (small blind) folded on the Turn
Seat 4: Actionni13 (big blind) collected ($23.52)


PokerStars Hand #176193659702:  Hold'em Limit ($3/$6 USD) - 2017/09/27 13:44:57 ET
Table 'Nerthus' 6-max Seat #3 is the button
Seat 3: Hurlingham55 ($194.90 in chips)
Seat 4: Actionni13 ($160.52 in chips)
Hurlingham55: posts small blind $1
Actionni13: posts big blind $3
*** HOLE CARDS ***
Hurlingham55: folds
Uncalled bet ($2) returned to Actionni13
Actionni13 collected $2 from pot
Actionni13: doesn't show hand
*** SUMMARY ***
Total pot $2 | Rake $0
Seat 3: Hurlingham55 (button) (small blind) folded before Flop
Seat 4: Actionni13 (big blind) collected ($2)


PokerStars Hand #176193701026:  Hold'em Limit ($3/$6 USD) - 2017/09/27 13:45:54 ET
Table 'Nerthus' 6-max Seat #3 is the button
Seat 3: Hurlingham55 ($178.90 in chips)
Seat 5: vestimokrec ($135.25 in chips)
Hurlingham55: posts small blind $1
vestimokrec: posts big blind $3
*** HOLE CARDS ***
Hurlingham55: raises $3 to $6
vestimokrec: raises $3 to $9
Hurlingham55: calls $3
*** FLOP *** [5s Jc Qd]
vestimokrec: bets $3
Hurlingham55: folds
Uncalled bet ($3) returned to vestimokrec
vestimokrec collected $17.64 from pot
vestimokrec: doesn't show hand
*** SUMMARY ***
Total pot $18 | Rake $0.36
Board [5s Jc Qd]
Seat 3: Hurlingham55 (button) (small blind) folded on the Flop
Seat 5: vestimokrec (big blind) collected ($17.64)


PokerStars Hand #176193723085:  Hold'em Limit ($3/$6 USD) - 2017/09/27 13:46:24 ET
Table 'Nerthus' 6-max Seat #5 is the button
Seat 3: Hurlingham55 ($169.90 in chips)
Seat 5: vestimokrec ($143.89 in chips)
vestimokrec: posts small blind $1
Hurlingham55: posts big blind $3
*** HOLE CARDS ***
vestimokrec: raises $3 to $6
Hurlingham55: calls $3
*** FLOP *** [6s 5c 7h]
Hurlingham55: checks
vestimokrec: bets $3
Hurlingham55: calls $3
*** TURN *** [6s 5c 7h] [2s]
Hurlingham55: checks
vestimokrec: bets $6
Hurlingham55: folds
Uncalled bet ($6) returned to vestimokrec
vestimokrec collected $17.64 from pot
vestimokrec: doesn't show hand
*** SUMMARY ***
Total pot $18 | Rake $0.36
Board [6s 5c 7h 2s]
Seat 3: Hurlingham55 (big blind) folded on the Turn
Seat 5: vestimokrec (button) (small blind) collected ($17.64)


PokerStars Hand #176193754596:  Hold'em Limit ($3/$6 USD) - 2017/09/27 13:47:07 ET
Table 'Nerthus' 6-max Seat #3 is the button
Seat 3: Hurlingham55 ($160.90 in chips)
Seat 5: vestimokrec ($152.53 in chips)
Hurlingham55: posts small blind $1
vestimokrec: posts big blind $3
*** HOLE CARDS ***
Hurlingham55: raises $3 to $6
vestimokrec: calls $3
*** FLOP *** [Tc 9h 8c]
vestimokrec: checks
Hurlingham55: bets $3
vestimokrec: raises $3 to $6
Hurlingham55: folds
Uncalled bet ($3) returned to vestimokrec
vestimokrec collected $17.64 from pot
vestimokrec: doesn't show hand
*** SUMMARY ***
Total pot $18 | Rake $0.36
Board [Tc 9h 8c]
Seat 3: Hurlingham55 (button) (small blind) folded on the Flop
Seat 5: vestimokrec (big blind) collected ($17.64)


PokerStars Hand #176193792287:  Hold'em Limit ($3/$6 USD) - 2017/09/27 13:47:59 ET
Table 'Nerthus' 6-max Seat #3 is the button
Seat 3: Hurlingham55 ($142.90 in chips)
Seat 5: vestimokrec ($169.81 in chips)
Hurlingham55: posts small blind $1
vestimokrec: posts big blind $3
*** HOLE CARDS ***
Hurlingham55: folds
Uncalled bet ($2) returned to vestimokrec
vestimokrec collected $2 from pot
vestimokrec: doesn't show hand
*** SUMMARY ***
Total pot $2 | Rake $0
Seat 3: Hurlingham55 (button) (small blind) folded before Flop
Seat 5: vestimokrec (big blind) collected ($2)


PokerStars Hand #176193772514:  Hold'em Limit ($3/$6 USD) - 2017/09/27 13:47:32 ET
Table 'Nerthus' 6-max Seat #5 is the button
Seat 3: Hurlingham55 ($151.90 in chips)
Seat 5: vestimokrec ($161.17 in chips)
vestimokrec: posts small blind $1
Hurlingham55: posts big blind $3
*** HOLE CARDS ***
vestimokrec: raises $3 to $6
Hurlingham55: calls $3
*** FLOP *** [Js 7s 4s]
Hurlingham55: checks
vestimokrec: bets $3
Hurlingham55: calls $3
*** TURN *** [Js 7s 4s] [3d]
Hurlingham55: checks
vestimokrec: bets $6
Hurlingham55: folds
Uncalled bet ($6) returned to vestimokrec
vestimokrec collected $17.64 from pot
vestimokrec: doesn't show hand
*** SUMMARY ***
Total pot $18 | Rake $0.36
Board [Js 7s 4s 3d]
Seat 3: Hurlingham55 (big blind) folded on the Turn
Seat 5: vestimokrec (button) (small blind) collected ($17.64)


PokerStars Hand #176193796393:  Hold'em Limit ($3/$6 USD) - 2017/09/27 13:48:05 ET
Table 'Nerthus' 6-max Seat #5 is the button
Seat 3: Hurlingham55 ($141.90 in chips)
Seat 5: vestimokrec ($170.81 in chips)
vestimokrec: posts small blind $1
Hurlingham55: posts big blind $3
*** HOLE CARDS ***
vestimokrec: raises $3 to $6
Hurlingham55: folds
Uncalled bet ($3) returned to vestimokrec
vestimokrec collected $6 from pot
vestimokrec: doesn't show hand
*** SUMMARY ***
Total pot $6 | Rake $0
Seat 3: Hurlingham55 (big blind) folded before Flop
Seat 5: vestimokrec (button) (small blind) collected ($6)


PokerStars Hand #176193822695:  Hold'em Limit ($3/$6 USD) - 2017/09/27 13:48:41 ET
Table 'Nerthus' 6-max Seat #5 is the button
Seat 3: Hurlingham55 ($123.90 in chips)
Seat 5: vestimokrec ($188.31 in chips)
vestimokrec: posts small blind $1
Hurlingham55: posts big blind $3
*** HOLE CARDS ***
vestimokrec: raises $3 to $6
Hurlingham55: folds
Uncalled bet ($3) returned to vestimokrec
vestimokrec collected $6 from pot
vestimokrec: doesn't show hand
*** SUMMARY ***
Total pot $6 | Rake $0
Seat 3: Hurlingham55 (big blind) folded before Flop
Seat 5: vestimokrec (button) (small blind) collected ($6)


PokerStars Hand #176193800647:  Hold'em Limit ($3/$6 USD) - 2017/09/27 13:48:11 ET
Table 'Nerthus' 6-max Seat #3 is the button
Seat 3: Hurlingham55 ($138.90 in chips)
Seat 5: vestimokrec ($173.81 in chips)
Hurlingham55: posts small blind $1
vestimokrec: posts big blind $3
*** HOLE CARDS ***
Hurlingham55: raises $3 to $6
vestimokrec: calls $3
*** FLOP *** [8s 4h 6c]
vestimokrec: checks
Hurlingham55: bets $3
vestimokrec: calls $3
*** TURN *** [8s 4h 6c] [Kh]
vestimokrec: checks
Hurlingham55: bets $6
vestimokrec: calls $6
*** RIVER *** [8s 4h 6c Kh] [5c]
vestimokrec: checks
Hurlingham55: checks
*** SHOW DOWN ***
vestimokrec: shows [4d 9c] (a pair of Fours)
Hurlingham55: mucks hand
vestimokrec collected $29.50 from pot
*** SUMMARY ***
Total pot $30 | Rake $0.50
Board [8s 4h 6c Kh 5c]
Seat 3: Hurlingham55 (button) (small blind) mucked
Seat 5: vestimokrec (big blind) showed [4d 9c] and won ($29.50) with a pair of Fours


PokerStars Hand #176193827865:  Hold'em Limit ($3/$6 USD) - 2017/09/27 13:48:48 ET
Table 'Nerthus' 6-max Seat #3 is the button
Seat 3: Hurlingham55 ($120.90 in chips)
Seat 5: vestimokrec ($191.31 in chips)
Hurlingham55: posts small blind $1
vestimokrec: posts big blind $3
*** HOLE CARDS ***
Hurlingham55: folds
Uncalled bet ($2) returned to vestimokrec
vestimokrec collected $2 from pot
vestimokrec: doesn't show hand
*** SUMMARY ***
Total pot $2 | Rake $0
Seat 3: Hurlingham55 (button) (small blind) folded before Flop
Seat 5: vestimokrec (big blind) collected ($2)


PokerStars Hand #176193831578:  Hold'em Limit ($3/$6 USD) - 2017/09/27 13:48:53 ET
Table 'Nerthus' 6-max Seat #5 is the button
Seat 3: Hurlingham55 ($119.90 in chips)
Seat 5: vestimokrec ($192.31 in chips)
vestimokrec: posts small blind $1
Hurlingham55: posts big blind $3
*** HOLE CARDS ***
vestimokrec: raises $3 to $6
Hurlingham55: calls $3
*** FLOP *** [6d Qd 7d]
Hurlingham55: checks
vestimokrec: bets $3
Hurlingham55: folds
Uncalled bet ($3) returned to vestimokrec
vestimokrec collected $11.76 from pot
vestimokrec: doesn't show hand
*** SUMMARY ***
Total pot $12 | Rake $0.24
Board [6d Qd 7d]
Seat 3: Hurlingham55 (big blind) folded on the Flop
Seat 5: vestimokrec (button) (small blind) collected ($11.76)


PokerStars Hand #176193842326:  Hold'em Limit ($3/$6 USD) - 2017/09/27 13:49:08 ET
Table 'Nerthus' 6-max Seat #3 is the button
Seat 3: Hurlingham55 ($113.90 in chips)
Seat 5: vestimokrec ($198.07 in chips)
Hurlingham55: posts small blind $1
vestimokrec: posts big blind $3
*** HOLE CARDS ***
Hurlingham55: folds
Uncalled bet ($2) returned to vestimokrec
vestimokrec collected $2 from pot
vestimokrec: doesn't show hand
*** SUMMARY ***
Total pot $2 | Rake $0
Seat 3: Hurlingham55 (button) (small blind) folded before Flop
Seat 5: vestimokrec (big blind) collected ($2)


PokerStars Hand #176193846278:  Hold'em Limit ($3/$6 USD) - 2017/09/27 13:49:13 ET
Table 'Nerthus' 6-max Seat #5 is the button
Seat 3: Hurlingham55 ($112.90 in chips)
Seat 5: vestimokrec ($199.07 in chips)
vestimokrec: posts small blind $1
Hurlingham55: posts big blind $3
*** HOLE CARDS ***
vestimokrec: raises $3 to $6
Hurlingham55: calls $3
*** FLOP *** [9c Ks Kc]
Hurlingham55: checks
vestimokrec: bets $3
Hurlingham55: folds
Uncalled bet ($3) returned to vestimokrec
vestimokrec collected $11.76 from pot
vestimokrec: doesn't show hand
*** SUMMARY ***
Total pot $12 | Rake $0.24
Board [9c Ks Kc]
Seat 3: Hurlingham55 (big blind) folded on the Flop
Seat 5: vestimokrec (button) (small blind) collected ($11.76)


PokerStars Hand #176193884000:  Hold'em Limit ($3/$6 USD) - 2017/09/27 13:50:05 ET
Table 'Nerthus' 6-max Seat #5 is the button
Seat 3: Hurlingham55 ($118.42 in chips)
Seat 5: vestimokrec ($192.83 in chips)
vestimokrec: posts small blind $1
Hurlingham55: posts big blind $3
*** HOLE CARDS ***
vestimokrec: raises $3 to $6
Hurlingham55: calls $3
*** FLOP *** [4s Kc 8c]
Hurlingham55: checks
vestimokrec: bets $3
Hurlingham55: calls $3
*** TURN *** [4s Kc 8c] [Kd]
Hurlingham55: checks
vestimokrec: checks
*** RIVER *** [4s Kc 8c Kd] [Ac]
Hurlingham55: checks
vestimokrec: checks
*** SHOW DOWN ***
Hurlingham55: shows [Qs Kh] (three of a kind, Kings)
vestimokrec: mucks hand
Hurlingham55 collected $17.64 from pot
*** SUMMARY ***
Total pot $18 | Rake $0.36
Board [4s Kc 8c Kd Ac]
Seat 3: Hurlingham55 (big blind) showed [Qs Kh] and won ($17.64) with three of a kind, Kings
Seat 5: vestimokrec (button) (small blind) mucked


PokerStars Hand #176193860313:  Hold'em Limit ($3/$6 USD) - 2017/09/27 13:49:33 ET
Table 'Nerthus' 6-max Seat #3 is the button
Seat 3: Hurlingham55 ($106.90 in chips)
Seat 5: vestimokrec ($204.83 in chips)
Hurlingham55: posts small blind $1
vestimokrec: posts big blind $3
*** HOLE CARDS ***
Hurlingham55: raises $3 to $6
vestimokrec: raises $3 to $9
Hurlingham55: calls $3
*** FLOP *** [7s Kh 5h]
vestimokrec: bets $3
Hurlingham55: calls $3
*** TURN *** [7s Kh 5h] [4d]
vestimokrec: checks
Hurlingham55: bets $6
vestimokrec: folds
Uncalled bet ($6) returned to Hurlingham55
Hurlingham55 collected $23.52 from pot
Hurlingham55: doesn't show hand
*** SUMMARY ***
Total pot $24 | Rake $0.48
Board [7s Kh 5h 4d]
Seat 3: Hurlingham55 (button) (small blind) collected ($23.52)
Seat 5: vestimokrec (big blind) folded on the Turn


PokerStars Hand #176193910335:  Hold'em Limit ($3/$6 USD) - 2017/09/27 13:50:41 ET
Table 'Nerthus' 6-max Seat #3 is the button
Seat 3: Hurlingham55 ($127.06 in chips)
Seat 5: vestimokrec ($183.83 in chips)
Hurlingham55: posts small blind $1
vestimokrec: posts big blind $3
*** HOLE CARDS ***
Hurlingham55: folds
Uncalled bet ($2) returned to vestimokrec
vestimokrec collected $2 from pot
vestimokrec: doesn't show hand
*** SUMMARY ***
Total pot $2 | Rake $0
Seat 3: Hurlingham55 (button) (small blind) folded before Flop
Seat 5: vestimokrec (big blind) collected ($2)


PokerStars Hand #176193915827:  Hold'em Limit ($3/$6 USD) - 2017/09/27 13:50:49 ET
Table 'Nerthus' 6-max Seat #5 is the button
Seat 3: Hurlingham55 ($126.06 in chips)
Seat 5: vestimokrec ($184.83 in chips)
vestimokrec: posts small blind $1
Hurlingham55: posts big blind $3
*** HOLE CARDS ***
vestimokrec: raises $3 to $6
Hurlingham55: calls $3
*** FLOP *** [Js 6d 5d]
Hurlingham55: checks
vestimokrec: bets $3
Hurlingham55: calls $3
*** TURN *** [Js 6d 5d] [2d]
Hurlingham55: checks
vestimokrec: bets $6
Hurlingham55: folds
Uncalled bet ($6) returned to vestimokrec
vestimokrec collected $17.64 from pot
vestimokrec: doesn't show hand
*** SUMMARY ***
Total pot $18 | Rake $0.36
Board [Js 6d 5d 2d]
Seat 3: Hurlingham55 (big blind) folded on the Turn
Seat 5: vestimokrec (button) (small blind) collected ($17.64)


PokerStars Hand #176193935146:  Hold'em Limit ($3/$6 USD) - 2017/09/27 13:51:16 ET
Table 'Nerthus' 6-max Seat #3 is the button
Seat 3: Hurlingham55 ($117.06 in chips)
Seat 5: vestimokrec ($193.47 in chips)
Hurlingham55: posts small blind $1
vestimokrec: posts big blind $3
*** HOLE CARDS ***
Hurlingham55: raises $3 to $6
vestimokrec: raises $3 to $9
Hurlingham55: calls $3
*** FLOP *** [Ac 5c 6h]
vestimokrec: bets $3
Hurlingham55: folds
Uncalled bet ($3) returned to vestimokrec
vestimokrec collected $17.64 from pot
vestimokrec: doesn't show hand
*** SUMMARY ***
Total pot $18 | Rake $0.36
Board [Ac 5c 6h]
Seat 3: Hurlingham55 (button) (small blind) folded on the Flop
Seat 5: vestimokrec (big blind) collected ($17.64)


PokerStars Hand #176193949759:  Hold'em Limit ($3/$6 USD) - 2017/09/27 13:51:36 ET
Table 'Nerthus' 6-max Seat #5 is the button
Seat 3: Hurlingham55 ($108.06 in chips)
Seat 5: vestimokrec ($202.11 in chips)
vestimokrec: posts small blind $1
Hurlingham55: posts big blind $3
*** HOLE CARDS ***
vestimokrec: raises $3 to $6
Hurlingham55: calls $3
*** FLOP *** [Ad Td 8h]
Hurlingham55: checks
vestimokrec: bets $3
Hurlingham55: raises $3 to $6
vestimokrec: calls $3
*** TURN *** [Ad Td 8h] [7s]
Hurlingham55: bets $6
vestimokrec: calls $6
*** RIVER *** [Ad Td 8h 7s] [As]
Hurlingham55: checks
vestimokrec: checks
*** SHOW DOWN ***
Hurlingham55: shows [4d 6d] (a pair of Aces)
vestimokrec: shows [7d 6s] (two pair, Aces and Sevens)
vestimokrec collected $35.50 from pot
*** SUMMARY ***
Total pot $36 | Rake $0.50
Board [Ad Td 8h 7s As]
Seat 3: Hurlingham55 (big blind) showed [4d 6d] and lost with a pair of Aces
Seat 5: vestimokrec (button) (small blind) showed [7d 6s] and won ($35.50) with two pair, Aces and Sevens


PokerStars Hand #176193989323:  Hold'em Limit ($3/$6 USD) - 2017/09/27 13:52:30 ET
Table 'Nerthus' 6-max Seat #3 is the button
Seat 3: Hurlingham55 ($90.06 in chips)
Seat 5: vestimokrec ($219.61 in chips)
Hurlingham55: posts small blind $1
vestimokrec: posts big blind $3
*** HOLE CARDS ***
Hurlingham55: raises $3 to $6
vestimokrec: raises $3 to $9
Hurlingham55: raises $3 to $12
Betting is capped
vestimokrec: calls $3
*** FLOP *** [As 9c 4c]
vestimokrec: checks
Hurlingham55: bets $3
vestimokrec: folds
Uncalled bet ($3) returned to Hurlingham55
Hurlingham55 collected $23.52 from pot
Hurlingham55: doesn't show hand
*** SUMMARY ***
Total pot $24 | Rake $0.48
Board [As 9c 4c]
Seat 3: Hurlingham55 (button) (small blind) collected ($23.52)
Seat 5: vestimokrec (big blind) folded on the Flop


PokerStars Hand #176194008867:  Hold'em Limit ($3/$6 USD) - 2017/09/27 13:52:58 ET
Table 'Nerthus' 6-max Seat #5 is the button
Seat 3: Hurlingham55 ($101.58 in chips)
Seat 5: vestimokrec ($207.61 in chips)
vestimokrec: posts small blind $1
Hurlingham55: posts big blind $3
*** HOLE CARDS ***
vestimokrec: raises $3 to $6
Hurlingham55: calls $3
*** FLOP *** [8s Ah Qd]
Hurlingham55: checks
vestimokrec: bets $3
Hurlingham55: folds
Uncalled bet ($3) returned to vestimokrec
vestimokrec collected $11.76 from pot
vestimokrec: doesn't show hand
*** SUMMARY ***
Total pot $12 | Rake $0.24
Board [8s Ah Qd]
Seat 3: Hurlingham55 (big blind) folded on the Flop
Seat 5: vestimokrec (button) (small blind) collected ($11.76)


PokerStars Hand #176194020302:  Hold'em Limit ($3/$6 USD) - 2017/09/27 13:53:13 ET
Table 'Nerthus' 6-max Seat #3 is the button
Seat 3: Hurlingham55 ($95.58 in chips)
Seat 5: vestimokrec ($213.37 in chips)
Hurlingham55: posts small blind $1
vestimokrec: posts big blind $3
*** HOLE CARDS ***
Hurlingham55: raises $3 to $6
vestimokrec: calls $3
*** FLOP *** [6c 3c 6s]
vestimokrec: checks
Hurlingham55: bets $3
vestimokrec: raises $3 to $6
Hurlingham55: folds
Uncalled bet ($3) returned to vestimokrec
vestimokrec collected $17.64 from pot
vestimokrec: doesn't show hand
*** SUMMARY ***
Total pot $18 | Rake $0.36
Board [6c 3c 6s]
Seat 3: Hurlingham55 (button) (small blind) folded on the Flop
Seat 5: vestimokrec (big blind) collected ($17.64)


PokerStars Hand #176194055237:  Hold'em Limit ($3/$6 USD) - 2017/09/27 13:54:02 ET
Table 'Nerthus' 6-max Seat #3 is the button
Seat 3: Hurlingham55 ($71.58 in chips)
Seat 5: vestimokrec ($236.51 in chips)
Hurlingham55: posts small blind $1
vestimokrec: posts big blind $3
*** HOLE CARDS ***
Hurlingham55: folds
Uncalled bet ($2) returned to vestimokrec
vestimokrec collected $2 from pot
vestimokrec: doesn't show hand
*** SUMMARY ***
Total pot $2 | Rake $0
Seat 3: Hurlingham55 (button) (small blind) folded before Flop
Seat 5: vestimokrec (big blind) collected ($2)


PokerStars Hand #176194032525:  Hold'em Limit ($3/$6 USD) - 2017/09/27 13:53:30 ET
Table 'Nerthus' 6-max Seat #5 is the button
Seat 3: Hurlingham55 ($86.58 in chips)
Seat 5: vestimokrec ($222.01 in chips)
vestimokrec: posts small blind $1
Hurlingham55: posts big blind $3
*** HOLE CARDS ***
vestimokrec: raises $3 to $6
Hurlingham55: calls $3
*** FLOP *** [Ts 5c Jh]
Hurlingham55: checks
vestimokrec: bets $3
Hurlingham55: calls $3
*** TURN *** [Ts 5c Jh] [2s]
Hurlingham55: checks
vestimokrec: bets $6
Hurlingham55: calls $6
*** RIVER *** [Ts 5c Jh 2s] [3d]
Hurlingham55: checks
vestimokrec: bets $6
Hurlingham55: folds
Uncalled bet ($6) returned to vestimokrec
vestimokrec collected $29.50 from pot
vestimokrec: doesn't show hand
*** SUMMARY ***
Total pot $30 | Rake $0.50
Board [Ts 5c Jh 2s 3d]
Seat 3: Hurlingham55 (big blind) folded on the River
Seat 5: vestimokrec (button) (small blind) collected ($29.50)


PokerStars Hand #176194059219:  Hold'em Limit ($3/$6 USD) - 2017/09/27 13:54:07 ET
Table 'Nerthus' 6-max Seat #5 is the button
Seat 3: Hurlingham55 ($70.58 in chips)
Seat 5: vestimokrec ($237.51 in chips)
vestimokrec: posts small blind $1
Hurlingham55: posts big blind $3
*** HOLE CARDS ***
vestimokrec: raises $3 to $6
Hurlingham55: calls $3
*** FLOP *** [9d 3h Ah]
Hurlingham55: checks
vestimokrec: bets $3
Hurlingham55: folds
Uncalled bet ($3) returned to vestimokrec
vestimokrec collected $11.76 from pot
vestimokrec: doesn't show hand
*** SUMMARY ***
Total pot $12 | Rake $0.24
Board [9d 3h Ah]
Seat 3: Hurlingham55 (big blind) folded on the Flop
Seat 5: vestimokrec (button) (small blind) collected ($11.76)


PokerStars Hand #176194069068:  Hold'em Limit ($3/$6 USD) - 2017/09/27 13:54:21 ET
Table 'Nerthus' 6-max Seat #3 is the button
Seat 3: Hurlingham55 ($64.58 in chips)
Seat 5: vestimokrec ($243.27 in chips)
Hurlingham55: posts small blind $1
vestimokrec: posts big blind $3
*** HOLE CARDS ***
Hurlingham55: raises $3 to $6
vestimokrec: calls $3
*** FLOP *** [2c 4h 9c]
vestimokrec: checks
Hurlingham55: bets $3
vestimokrec: calls $3
*** TURN *** [2c 4h 9c] [3h]
vestimokrec: checks
Hurlingham55: bets $6
vestimokrec: calls $6
*** RIVER *** [2c 4h 9c 3h] [8h]
vestimokrec: checks
Hurlingham55: checks
*** SHOW DOWN ***
vestimokrec: shows [Jd 2s] (a pair of Deuces)
Hurlingham55: shows [4s 5s] (a pair of Fours)
Hurlingham55 collected $29.50 from pot
*** SUMMARY ***
Total pot $30 | Rake $0.50
Board [2c 4h 9c 3h 8h]
Seat 3: Hurlingham55 (button) (small blind) showed [4s 5s] and won ($29.50) with a pair of Fours
Seat 5: vestimokrec (big blind) showed [Jd 2s] and lost with a pair of Deuces


PokerStars Hand #176194117981:  Hold'em Limit ($3/$6 USD) - 2017/09/27 13:55:32 ET
Table 'Nerthus' 6-max Seat #3 is the button
Seat 3: Hurlingham55 ($87.72 in chips)
Seat 5: vestimokrec ($219.27 in chips)
Hurlingham55: posts small blind $1
vestimokrec: posts big blind $3
*** HOLE CARDS ***
Hurlingham55: folds
Uncalled bet ($2) returned to vestimokrec
vestimokrec collected $2 from pot
vestimokrec: doesn't show hand
*** SUMMARY ***
Total pot $2 | Rake $0
Seat 3: Hurlingham55 (button) (small blind) folded before Flop
Seat 5: vestimokrec (big blind) collected ($2)


PokerStars Hand #176194091321:  Hold'em Limit ($3/$6 USD) - 2017/09/27 13:54:52 ET
Table 'Nerthus' 6-max Seat #5 is the button
Seat 3: Hurlingham55 ($79.08 in chips)
Seat 5: vestimokrec ($228.27 in chips)
vestimokrec: posts small blind $1
Hurlingham55: posts big blind $3
*** HOLE CARDS ***
vestimokrec: raises $3 to $6
Hurlingham55: calls $3
*** FLOP *** [Jc Kh 9c]
Hurlingham55: checks
vestimokrec: bets $3
Hurlingham55: calls $3
*** TURN *** [Jc Kh 9c] [3h]
Hurlingham55: checks
vestimokrec: checks
*** RIVER *** [Jc Kh 9c 3h] [4d]
Hurlingham55: checks
vestimokrec: checks
*** SHOW DOWN ***
Hurlingham55: shows [6d 9d] (a pair of Nines)
vestimokrec: mucks hand
Hurlingham55 collected $17.64 from pot
*** SUMMARY ***
Total pot $18 | Rake $0.36
Board [Jc Kh 9c 3h 4d]
Seat 3: Hurlingham55 (big blind) showed [6d 9d] and won ($17.64) with a pair of Nines
Seat 5: vestimokrec (button) (small blind) mucked


PokerStars Hand #176194143650:  Hold'em Limit ($3/$6 USD) - 2017/09/27 13:56:16 ET
Table 'Nerthus' 6-max Seat #3 is the button
Seat 3: Hurlingham55 ($76.72 in chips)
Seat 5: vestimokrec ($230.03 in chips)
Hurlingham55: posts small blind $1
vestimokrec: posts big blind $3
*** HOLE CARDS ***
Hurlingham55: raises $3 to $6
vestimokrec: calls $3
*** FLOP *** [4c Kc 8c]
vestimokrec: checks
Hurlingham55: bets $3
vestimokrec: raises $3 to $6
Hurlingham55: calls $3
*** TURN *** [4c Kc 8c] [Qc]
vestimokrec: bets $6
Hurlingham55: folds
Uncalled bet ($6) returned to vestimokrec
vestimokrec collected $23.52 from pot
vestimokrec: doesn't show hand
*** SUMMARY ***
Total pot $24 | Rake $0.48
Board [4c Kc 8c Qc]
Seat 3: Hurlingham55 (button) (small blind) folded on the Turn
Seat 5: vestimokrec (big blind) collected ($23.52)


PokerStars Hand #176194157167:  Hold'em Limit ($3/$6 USD) - 2017/09/27 13:56:39 ET
Table 'Nerthus' 6-max Seat #5 is the button
Seat 3: Hurlingham55 ($64.72 in chips)
Seat 5: vestimokrec ($241.55 in chips)
vestimokrec: posts small blind $1
Hurlingham55: posts big blind $3
*** HOLE CARDS ***
vestimokrec: raises $3 to $6
Hurlingham55: folds
Uncalled bet ($3) returned to vestimokrec
vestimokrec collected $6 from pot
vestimokrec: doesn't show hand
*** SUMMARY ***
Total pot $6 | Rake $0
Seat 3: Hurlingham55 (big blind) folded before Flop
Seat 5: vestimokrec (button) (small blind) collected ($6)


PokerStars Hand #176194162889:  Hold'em Limit ($3/$6 USD) - 2017/09/27 13:56:49 ET
Table 'Nerthus' 6-max Seat #3 is the button
Seat 3: Hurlingham55 ($61.72 in chips)
Seat 5: vestimokrec ($244.55 in chips)
Hurlingham55: posts small blind $1
vestimokrec: posts big blind $3
*** HOLE CARDS ***
Hurlingham55: raises $3 to $6
vestimokrec: calls $3
*** FLOP *** [6s Qh Jh]
vestimokrec: checks
Hurlingham55: bets $3
vestimokrec: folds
Uncalled bet ($3) returned to Hurlingham55
Hurlingham55 collected $11.76 from pot
Hurlingham55: doesn't show hand
*** SUMMARY ***
Total pot $12 | Rake $0.24
Board [6s Qh Jh]
Seat 3: Hurlingham55 (button) (small blind) collected ($11.76)
Seat 5: vestimokrec (big blind) folded on the Flop


PokerStars Hand #176194173791:  Hold'em Limit ($3/$6 USD) - 2017/09/27 13:57:07 ET
Table 'Nerthus' 6-max Seat #5 is the button
Seat 3: Hurlingham55 ($67.48 in chips)
Seat 5: vestimokrec ($238.55 in chips)
vestimokrec: posts small blind $1
Hurlingham55: posts big blind $3
*** HOLE CARDS ***
vestimokrec: raises $3 to $6
Hurlingham55: folds
Uncalled bet ($3) returned to vestimokrec
vestimokrec collected $6 from pot
vestimokrec: doesn't show hand
*** SUMMARY ***
Total pot $6 | Rake $0
Seat 3: Hurlingham55 (big blind) folded before Flop
Seat 5: vestimokrec (button) (small blind) collected ($6)


PokerStars Hand #176194178801:  Hold'em Limit ($3/$6 USD) - 2017/09/27 13:57:16 ET
Table 'Nerthus' 6-max Seat #3 is the button
Seat 3: Hurlingham55 ($64.48 in chips)
Seat 5: vestimokrec ($241.55 in chips)
Hurlingham55: posts small blind $1
vestimokrec: posts big blind $3
*** HOLE CARDS ***
Hurlingham55: raises $3 to $6
vestimokrec: calls $3
*** FLOP *** [Qc 2c 7s]
vestimokrec: checks
Hurlingham55: bets $3
vestimokrec: raises $3 to $6
Hurlingham55: calls $3
*** TURN *** [Qc 2c 7s] [2d]
vestimokrec: bets $6
Hurlingham55: folds
Uncalled bet ($6) returned to vestimokrec
vestimokrec collected $23.52 from pot
vestimokrec: doesn't show hand
*** SUMMARY ***
Total pot $24 | Rake $0.48
Board [Qc 2c 7s 2d]
Seat 3: Hurlingham55 (button) (small blind) folded on the Turn
Seat 5: vestimokrec (big blind) collected ($23.52)


PokerStars Hand #176194190855:  Hold'em Limit ($3/$6 USD) - 2017/09/27 13:57:37 ET
Table 'Nerthus' 6-max Seat #5 is the button
Seat 3: Hurlingham55 ($52.48 in chips)
Seat 5: vestimokrec ($253.07 in chips)
vestimokrec: posts small blind $1
Hurlingham55: posts big blind $3
*** HOLE CARDS ***
vestimokrec: raises $3 to $6
Hurlingham55: calls $3
*** FLOP *** [7c Td 8s]
Hurlingham55: checks
vestimokrec: bets $3
Hurlingham55: folds
Uncalled bet ($3) returned to vestimokrec
vestimokrec collected $11.76 from pot
vestimokrec: doesn't show hand
*** SUMMARY ***
Total pot $12 | Rake $0.24
Board [7c Td 8s]
Seat 3: Hurlingham55 (big blind) folded on the Flop
Seat 5: vestimokrec (button) (small blind) collected ($11.76)


PokerStars Hand #176194205565:  Hold'em Limit ($3/$6 USD) - 2017/09/27 13:58:01 ET
Table 'Nerthus' 6-max Seat #3 is the button
Seat 3: Hurlingham55 ($46.48 in chips)
Seat 5: vestimokrec ($258.83 in chips)
Hurlingham55: posts small blind $1
vestimokrec: posts big blind $3
*** HOLE CARDS ***
Hurlingham55: folds
Uncalled bet ($2) returned to vestimokrec
vestimokrec collected $2 from pot
vestimokrec: doesn't show hand
*** SUMMARY ***
Total pot $2 | Rake $0
Seat 3: Hurlingham55 (button) (small blind) folded before Flop
Seat 5: vestimokrec (big blind) collected ($2)


PokerStars Hand #176194135246:  Hold'em Limit ($3/$6 USD) - 2017/09/27 13:56:01 ET
Table 'Nerthus' 6-max Seat #3 is the button
Seat 3: Hurlingham55 ($80.72 in chips)
Seat 5: vestimokrec ($226.03 in chips)
Hurlingham55: posts small blind $1
vestimokrec: posts big blind $3
*** HOLE CARDS ***
Hurlingham55: folds
Uncalled bet ($2) returned to vestimokrec
vestimokrec collected $2 from pot
vestimokrec: doesn't show hand
*** SUMMARY ***
Total pot $2 | Rake $0
Seat 3: Hurlingham55 (button) (small blind) folded before Flop
Seat 5: vestimokrec (big blind) collected ($2)


PokerStars Hand #176194121170:  Hold'em Limit ($3/$6 USD) - 2017/09/27 13:55:37 ET
Table 'Nerthus' 6-max Seat #5 is the button
Seat 3: Hurlingham55 ($86.72 in chips)
Seat 5: vestimokrec ($220.27 in chips)
vestimokrec: posts small blind $1
Hurlingham55: posts big blind $3
*** HOLE CARDS ***
vestimokrec: raises $3 to $6
Hurlingham55: calls $3
*** FLOP *** [3h Ks 7d]
Hurlingham55: checks
vestimokrec: bets $3
Hurlingham55: folds
Uncalled bet ($3) returned to vestimokrec
vestimokrec collected $11.76 from pot
vestimokrec: doesn't show hand
*** SUMMARY ***
Total pot $12 | Rake $0.24
Board [3h Ks 7d]
Seat 3: Hurlingham55 (big blind) folded on the Flop
Seat 5: vestimokrec (button) (small blind) collected ($11.76)


PokerStars Hand #176194138403:  Hold'em Limit ($3/$6 USD) - 2017/09/27 13:56:07 ET
Table 'Nerthus' 6-max Seat #5 is the button
Seat 3: Hurlingham55 ($79.72 in chips)
Seat 5: vestimokrec ($227.03 in chips)
vestimokrec: posts small blind $1
Hurlingham55: posts big blind $3
*** HOLE CARDS ***
vestimokrec: raises $3 to $6
Hurlingham55: folds
Uncalled bet ($3) returned to vestimokrec
vestimokrec collected $6 from pot
vestimokrec: doesn't show hand
*** SUMMARY ***
Total pot $6 | Rake $0
Seat 3: Hurlingham55 (big blind) folded before Flop
Seat 5: vestimokrec (button) (small blind) collected ($6)


PokerStars Hand #176194209338:  Hold'em Limit ($3/$6 USD) - 2017/09/27 13:58:08 ET
Table 'Nerthus' 6-max Seat #5 is the button
Seat 3: Hurlingham55 ($45.48 in chips)
Seat 5: vestimokrec ($259.83 in chips)
vestimokrec: posts small blind $1
Hurlingham55: posts big blind $3
*** HOLE CARDS ***
vestimokrec: raises $3 to $6
Hurlingham55: calls $3
*** FLOP *** [8c Kd 7h]
Hurlingham55: checks
vestimokrec: bets $3
Hurlingham55: folds
Uncalled bet ($3) returned to vestimokrec
vestimokrec collected $11.76 from pot
vestimokrec: doesn't show hand
*** SUMMARY ***
Total pot $12 | Rake $0.24
Board [8c Kd 7h]
Seat 3: Hurlingham55 (big blind) folded on the Flop
Seat 5: vestimokrec (button) (small blind) collected ($11.76)


PokerStars Hand #176194226306:  Hold'em Limit ($3/$6 USD) - 2017/09/27 13:58:36 ET
Table 'Nerthus' 6-max Seat #3 is the button
Seat 3: Hurlingham55 ($39.48 in chips)
Seat 5: vestimokrec ($265.59 in chips)
Hurlingham55: posts small blind $1
vestimokrec: posts big blind $3
*** HOLE CARDS ***
Hurlingham55: folds
Uncalled bet ($2) returned to vestimokrec
vestimokrec collected $2 from pot
vestimokrec: doesn't show hand
*** SUMMARY ***
Total pot $2 | Rake $0
Seat 3: Hurlingham55 (button) (small blind) folded before Flop
Seat 5: vestimokrec (big blind) collected ($2)


PokerStars Hand #176194229591:  Hold'em Limit ($3/$6 USD) - 2017/09/27 13:58:42 ET
Table 'Nerthus' 6-max Seat #5 is the button
Seat 3: Hurlingham55 ($38.48 in chips)
Seat 5: vestimokrec ($266.59 in chips)
vestimokrec: posts small blind $1
Hurlingham55: posts big blind $3
*** HOLE CARDS ***
vestimokrec: raises $3 to $6
Hurlingham55: calls $3
*** FLOP *** [Ts 6c 3d]
Hurlingham55: checks
vestimokrec: bets $3
Hurlingham55: folds
Uncalled bet ($3) returned to vestimokrec
vestimokrec collected $11.76 from pot
vestimokrec: doesn't show hand
*** SUMMARY ***
Total pot $12 | Rake $0.24
Board [Ts 6c 3d]
Seat 3: Hurlingham55 (big blind) folded on the Flop
Seat 5: vestimokrec (button) (small blind) collected ($11.76)


PokerStars Hand #176194239006:  Hold'em Limit ($3/$6 USD) - 2017/09/27 13:58:58 ET
Table 'Nerthus' 6-max Seat #3 is the button
Seat 3: Hurlingham55 ($32.48 in chips)
Seat 5: vestimokrec ($272.35 in chips)
Hurlingham55: posts small blind $1
vestimokrec: posts big blind $3
*** HOLE CARDS ***
Hurlingham55: folds
Uncalled bet ($2) returned to vestimokrec
vestimokrec collected $2 from pot
vestimokrec: doesn't show hand
*** SUMMARY ***
Total pot $2 | Rake $0
Seat 3: Hurlingham55 (button) (small blind) folded before Flop
Seat 5: vestimokrec (big blind) collected ($2)


PokerStars Hand #176194242220:  Hold'em Limit ($3/$6 USD) - 2017/09/27 13:59:03 ET
Table 'Nerthus' 6-max Seat #5 is the button
Seat 3: Hurlingham55 ($31.48 in chips)
Seat 5: vestimokrec ($273.35 in chips)
vestimokrec: posts small blind $1
Hurlingham55: posts big blind $3
*** HOLE CARDS ***
vestimokrec: raises $3 to $6
Hurlingham55: folds
Uncalled bet ($3) returned to vestimokrec
vestimokrec collected $6 from pot
vestimokrec: doesn't show hand
*** SUMMARY ***
Total pot $6 | Rake $0
Seat 3: Hurlingham55 (big blind) folded before Flop
Seat 5: vestimokrec (button) (small blind) collected ($6)


PokerStars Hand #176194274140:  Hold'em Limit ($3/$6 USD) - 2017/09/27 13:59:57 ET
Table 'Nerthus' 6-max Seat #3 is the button
Seat 3: Hurlingham55 ($130.48 in chips)
Seat 5: vestimokrec ($293.63 in chips)
Hurlingham55: posts small blind $1
vestimokrec: posts big blind $3
*** HOLE CARDS ***
Hurlingham55: folds
Uncalled bet ($2) returned to vestimokrec
vestimokrec collected $2 from pot
vestimokrec: doesn't show hand
*** SUMMARY ***
Total pot $2 | Rake $0
Seat 3: Hurlingham55 (button) (small blind) folded before Flop
Seat 5: vestimokrec (big blind) collected ($2)


PokerStars Hand #176194259594:  Hold'em Limit ($3/$6 USD) - 2017/09/27 13:59:33 ET
Table 'Nerthus' 6-max Seat #5 is the button
Seat 3: Hurlingham55 ($19.48 in chips)
Seat 5: vestimokrec ($284.99 in chips)
vestimokrec: posts small blind $1
Hurlingham55: posts big blind $3
*** HOLE CARDS ***
vestimokrec: raises $3 to $6
Hurlingham55: calls $3
*** FLOP *** [7d 4h 2s]
Hurlingham55: checks
vestimokrec: bets $3
Hurlingham55: calls $3
*** TURN *** [7d 4h 2s] [5d]
Hurlingham55: checks
vestimokrec: bets $6
Hurlingham55: folds
Uncalled bet ($6) returned to vestimokrec
vestimokrec collected $17.64 from pot
vestimokrec: doesn't show hand
*** SUMMARY ***
Total pot $18 | Rake $0.36
Board [7d 4h 2s 5d]
Seat 3: Hurlingham55 (big blind) folded on the Turn
Seat 5: vestimokrec (button) (small blind) collected ($17.64)


PokerStars Hand #176194250199:  Hold'em Limit ($3/$6 USD) - 2017/09/27 13:59:17 ET
Table 'Nerthus' 6-max Seat #3 is the button
Seat 3: Hurlingham55 ($28.48 in chips)
Seat 5: vestimokrec ($276.35 in chips)
Hurlingham55: posts small blind $1
vestimokrec: posts big blind $3
*** HOLE CARDS ***
Hurlingham55: raises $3 to $6
vestimokrec: calls $3
*** FLOP *** [Ah 8d 5s]
vestimokrec: checks
Hurlingham55: bets $3
vestimokrec: raises $3 to $6
Hurlingham55: folds
Uncalled bet ($3) returned to vestimokrec
vestimokrec collected $17.64 from pot
vestimokrec: doesn't show hand
*** SUMMARY ***
Total pot $18 | Rake $0.36
Board [Ah 8d 5s]
Seat 3: Hurlingham55 (button) (small blind) folded on the Flop
Seat 5: vestimokrec (big blind) collected ($17.64)


PokerStars Hand #176194277575:  Hold'em Limit ($3/$6 USD) - 2017/09/27 14:00:03 ET
Table 'Nerthus' 6-max Seat #5 is the button
Seat 3: Hurlingham55 ($129.48 in chips)
Seat 5: vestimokrec ($294.63 in chips)
vestimokrec: posts small blind $1
Hurlingham55: posts big blind $3
*** HOLE CARDS ***
vestimokrec: raises $3 to $6
Hurlingham55: calls $3
*** FLOP *** [Jd 4s Qc]
Hurlingham55: checks
vestimokrec: checks
*** TURN *** [Jd 4s Qc] [Kc]
Hurlingham55: bets $6
vestimokrec: calls $6
*** RIVER *** [Jd 4s Qc Kc] [Kh]
Hurlingham55: checks
vestimokrec: bets $6
Hurlingham55: calls $6
*** SHOW DOWN ***
vestimokrec: shows [Qd 2c] (two pair, Kings and Queens)
Hurlingham55: mucks hand
vestimokrec collected $35.50 from pot
*** SUMMARY ***
Total pot $36 | Rake $0.50
Board [Jd 4s Qc Kc Kh]
Seat 3: Hurlingham55 (big blind) mucked
Seat 5: vestimokrec (button) (small blind) showed [Qd 2c] and won ($35.50) with two pair, Kings and Queens


PokerStars Hand #176194326437:  Hold'em Limit ($3/$6 USD) - 2017/09/27 14:01:19 ET
Table 'Nerthus' 6-max Seat #5 is the button
Seat 3: Hurlingham55 ($128.98 in chips)
Seat 5: vestimokrec ($294.13 in chips)
vestimokrec: posts small blind $1
Hurlingham55: posts big blind $3
*** HOLE CARDS ***
vestimokrec: raises $3 to $6
Hurlingham55: folds
Uncalled bet ($3) returned to vestimokrec
vestimokrec collected $6 from pot
vestimokrec: doesn't show hand
*** SUMMARY ***
Total pot $6 | Rake $0
Seat 3: Hurlingham55 (big blind) folded before Flop
Seat 5: vestimokrec (button) (small blind) collected ($6)


PokerStars Hand #176194297893:  Hold'em Limit ($3/$6 USD) - 2017/09/27 14:00:36 ET
Table 'Nerthus' 6-max Seat #3 is the button
Seat 3: Hurlingham55 ($111.48 in chips)
Seat 5: vestimokrec ($312.13 in chips)
Hurlingham55: posts small blind $1
vestimokrec: posts big blind $3
*** HOLE CARDS ***
Hurlingham55: raises $3 to $6
vestimokrec: calls $3
*** FLOP *** [Ac 7h 3h]
vestimokrec: checks
Hurlingham55: bets $3
vestimokrec: raises $3 to $6
Hurlingham55: calls $3
*** TURN *** [Ac 7h 3h] [Qs]
vestimokrec: checks
Hurlingham55: bets $6
vestimokrec: calls $6
*** RIVER *** [Ac 7h 3h Qs] [5d]
vestimokrec: checks
Hurlingham55: bets $6
vestimokrec: folds
Uncalled bet ($6) returned to Hurlingham55
Hurlingham55 collected $35.50 from pot
Hurlingham55: doesn't show hand
*** SUMMARY ***
Total pot $36 | Rake $0.50
Board [Ac 7h 3h Qs 5d]
Seat 3: Hurlingham55 (button) (small blind) collected ($35.50)
Seat 5: vestimokrec (big blind) folded on the River


PokerStars Hand #176194331220:  Hold'em Limit ($3/$6 USD) - 2017/09/27 14:01:26 ET
Table 'Nerthus' 6-max Seat #3 is the button
Seat 3: Hurlingham55 ($125.98 in chips)
Seat 5: vestimokrec ($297.13 in chips)
Hurlingham55: posts small blind $1
vestimokrec: posts big blind $3
*** HOLE CARDS ***
Hurlingham55: raises $3 to $6
vestimokrec: raises $3 to $9
Hurlingham55: raises $3 to $12
Betting is capped
vestimokrec: calls $3
*** FLOP *** [2d 2c Ks]
vestimokrec: checks
Hurlingham55: bets $3
vestimokrec: calls $3
*** TURN *** [2d 2c Ks] [9s]
vestimokrec: checks
Hurlingham55: bets $6
vestimokrec: raises $6 to $12
Hurlingham55: folds
Uncalled bet ($6) returned to vestimokrec
vestimokrec collected $41.50 from pot
vestimokrec: doesn't show hand
*** SUMMARY ***
Total pot $42 | Rake $0.50
Board [2d 2c Ks 9s]
Seat 3: Hurlingham55 (button) (small blind) folded on the Turn
Seat 5: vestimokrec (big blind) collected ($41.50)


PokerStars Hand #176194363885:  Hold'em Limit ($3/$6 USD) - 2017/09/27 14:02:13 ET
Table 'Nerthus' 6-max Seat #3 is the button
Seat 3: Hurlingham55 ($95.98 in chips)
Seat 5: vestimokrec ($326.27 in chips)
Hurlingham55: posts small blind $1
vestimokrec: posts big blind $3
*** HOLE CARDS ***
Hurlingham55: raises $3 to $6
vestimokrec: calls $3
*** FLOP *** [5h 8d Kh]
vestimokrec: checks
Hurlingham55: bets $3
vestimokrec: folds
Uncalled bet ($3) returned to Hurlingham55
Hurlingham55 collected $11.76 from pot
Hurlingham55: doesn't show hand
*** SUMMARY ***
Total pot $12 | Rake $0.24
Board [5h 8d Kh]
Seat 3: Hurlingham55 (button) (small blind) collected ($11.76)
Seat 5: vestimokrec (big blind) folded on the Flop


PokerStars Hand #176194347797:  Hold'em Limit ($3/$6 USD) - 2017/09/27 14:01:50 ET
Table 'Nerthus' 6-max Seat #5 is the button
Seat 3: Hurlingham55 ($104.98 in chips)
Seat 5: vestimokrec ($317.63 in chips)
vestimokrec: posts small blind $1
Hurlingham55: posts big blind $3
*** HOLE CARDS ***
vestimokrec: raises $3 to $6
Hurlingham55: calls $3
*** FLOP *** [6h 2h 5s]
Hurlingham55: checks
vestimokrec: bets $3
Hurlingham55: calls $3
*** TURN *** [6h 2h 5s] [5d]
Hurlingham55: checks
vestimokrec: bets $6
Hurlingham55: folds
Uncalled bet ($6) returned to vestimokrec
vestimokrec collected $17.64 from pot
vestimokrec: doesn't show hand
*** SUMMARY ***
Total pot $18 | Rake $0.36
Board [6h 2h 5s 5d]
Seat 3: Hurlingham55 (big blind) folded on the Turn
Seat 5: vestimokrec (button) (small blind) collected ($17.64)


PokerStars Hand #176194373142:  Hold'em Limit ($3/$6 USD) - 2017/09/27 14:02:25 ET
Table 'Nerthus' 6-max Seat #5 is the button
Seat 3: Hurlingham55 ($101.74 in chips)
Seat 5: vestimokrec ($320.27 in chips)
Apanage joins the table at seat #4
vestimokrec: posts small blind $1
Hurlingham55: posts big blind $3
*** HOLE CARDS ***
vestimokrec: raises $3 to $6
Hurlingham55: folds
Uncalled bet ($3) returned to vestimokrec
vestimokrec collected $6 from pot
vestimokrec: doesn't show hand
*** SUMMARY ***
Total pot $6 | Rake $0
Seat 3: Hurlingham55 (big blind) folded before Flop
Seat 5: vestimokrec (button) (small blind) collected ($6)


PokerStars Hand #176194532078:  Hold'em Limit ($3/$6 USD) - 2017/09/27 14:05:55 ET
Table 'Nerthus' 6-max Seat #3 is the button
Seat 3: Hurlingham55 ($94.42 in chips)
Seat 6: astonvilla87 ($264.35 in chips)
Hurlingham55: posts small blind $1
vestimokrec: is sitting out
astonvilla87: posts big blind $3
*** HOLE CARDS ***
vestimokrec leaves the table
Hurlingham55: raises $3 to $6
vestimokrec joins the table at seat #4
astonvilla87: raises $3 to $9
Hurlingham55: calls $3
*** FLOP *** [7d 6s Ac]
astonvilla87: bets $3
Hurlingham55: raises $3 to $6
astonvilla87: raises $3 to $9
Hurlingham55: calls $3
*** TURN *** [7d 6s Ac] [8c]
astonvilla87: bets $6
Hurlingham55: raises $6 to $12
astonvilla87: calls $6
*** RIVER *** [7d 6s Ac 8c] [6c]
astonvilla87: bets $6
Hurlingham55: calls $6
*** SHOW DOWN ***
astonvilla87: shows [As 3d] (two pair, Aces and Sixes)
Hurlingham55: shows [9s 5s] (a straight, Five to Nine)
Hurlingham55 collected $71.50 from pot
*** SUMMARY ***
Total pot $72 | Rake $0.50
Board [7d 6s Ac 8c 6c]
Seat 3: Hurlingham55 (button) (small blind) showed [9s 5s] and won ($71.50) with a straight, Five to Nine
Seat 6: astonvilla87 (big blind) showed [As 3d] and lost with two pair, Aces and Sixes


PokerStars Hand #176194555191:  Hold'em Limit ($3/$6 USD) - 2017/09/27 14:06:25 ET
Table 'Nerthus' 6-max Seat #6 is the button
Seat 3: Hurlingham55 ($129.92 in chips)
Seat 6: astonvilla87 ($228.35 in chips)
astonvilla87: posts small blind $1
Hurlingham55: posts big blind $3
*** HOLE CARDS ***
astonvilla87: raises $3 to $6
Hurlingham55: calls $3
*** FLOP *** [9d 3c Ah]
Hurlingham55: checks
astonvilla87: bets $3
Hurlingham55: folds
Uncalled bet ($3) returned to astonvilla87
astonvilla87 collected $11.76 from pot
astonvilla87: doesn't show hand
*** SUMMARY ***
Total pot $12 | Rake $0.24
Board [9d 3c Ah]
Seat 3: Hurlingham55 (big blind) folded on the Flop
Seat 6: astonvilla87 (button) (small blind) collected ($11.76)


PokerStars Hand #176197653806:  Hold'em Limit ($3/$6 USD) - 2017/09/27 15:16:36 ET
Table 'Nerthus' 6-max Seat #6 is the button
Seat 1: ToDaFelt ($234.51 in chips)
Seat 6: krytalex ($160.22 in chips)
krytalex: posts small blind $1
ToDaFelt: posts big blind $3
*** HOLE CARDS ***
picsel37 leaves the table
krytalex: folds
Uncalled bet ($2) returned to ToDaFelt
ToDaFelt collected $2 from pot
ToDaFelt: doesn't show hand
*** SUMMARY ***
Total pot $2 | Rake $0
Seat 1: ToDaFelt (big blind) collected ($2)
Seat 6: krytalex (button) (small blind) folded before Flop


