PokerStars Hand #150214189012:  Hold'em Limit ($3/$6 USD) - 2016/03/11 21:07:41 ET
Table 'Nerthus II' 6-max Seat #5 is the button
Seat 3: livenuncut ($118.69 in chips)
Seat 5: JayEm82 ($219.97 in chips)
JayEm82: posts small blind $1
livenuncut: posts big blind $3
*** HOLE CARDS ***
JayEm82: folds
Uncalled bet ($2) returned to livenuncut
livenuncut collected $2 from pot
livenuncut: doesn't show hand
*** SUMMARY ***
Total pot $2 | Rake $0
Seat 3: livenuncut (big blind) collected ($2)
Seat 5: JayEm82 (button) (small blind) folded before Flop


PokerStars Hand #150214178806:  Hold'em Limit ($3/$6 USD) - 2016/03/11 21:07:20 ET
Table 'Nerthus II' 6-max Seat #3 is the button
Seat 3: livenuncut ($142.69 in chips)
Seat 5: JayEm82 ($196.47 in chips)
livenuncut: posts small blind $1
leavila2006: is sitting out
JayEm82: posts big blind $3
*** HOLE CARDS ***
livenuncut: raises $3 to $6
JayEm82: raises $3 to $9
livenuncut: calls $3
*** FLOP *** [Qd Qh 9d]
JayEm82: bets $3
livenuncut: calls $3
*** TURN *** [Qd Qh 9d] [7h]
JayEm82: bets $6
livenuncut: calls $6
*** RIVER *** [Qd Qh 9d 7h] [Td]
JayEm82: bets $6
livenuncut: calls $6
*** SHOW DOWN ***
JayEm82: shows [Ac Qs] (three of a kind, Queens)
livenuncut: mucks hand
JayEm82 collected $47.50 from pot
*** SUMMARY ***
Total pot $48 | Rake $0.50
Board [Qd Qh 9d 7h Td]
Seat 3: livenuncut (button) (small blind) mucked
Seat 5: JayEm82 (big blind) showed [Ac Qs] and won ($47.50) with three of a kind, Queens


PokerStars Hand #150214210700:  Hold'em Limit ($3/$6 USD) - 2016/03/11 21:08:25 ET
Table 'Nerthus II' 6-max Seat #3 is the button
Seat 3: livenuncut ($139.19 in chips)
Seat 5: JayEm82 ($198.85 in chips)
livenuncut: posts small blind $1
JayEm82: posts big blind $3
*** HOLE CARDS ***
livenuncut: raises $3 to $6
JayEm82: calls $3
*** FLOP *** [Kc 7h 3h]
JayEm82: checks
livenuncut: bets $3
JayEm82: folds
Uncalled bet ($3) returned to livenuncut
livenuncut collected $11.76 from pot
livenuncut: doesn't show hand
*** SUMMARY ***
Total pot $12 | Rake $0.24
Board [Kc 7h 3h]
Seat 3: livenuncut (button) (small blind) collected ($11.76)
Seat 5: JayEm82 (big blind) folded on the Flop


PokerStars Hand #150214208451:  Hold'em Limit ($3/$6 USD) - 2016/03/11 21:08:21 ET
Table 'Nerthus II' 6-max Seat #5 is the button
Seat 3: livenuncut ($138.19 in chips)
Seat 5: JayEm82 ($199.85 in chips)
JayEm82: posts small blind $1
livenuncut: posts big blind $3
*** HOLE CARDS ***
JayEm82: folds
Uncalled bet ($2) returned to livenuncut
livenuncut collected $2 from pot
livenuncut: doesn't show hand
*** SUMMARY ***
Total pot $2 | Rake $0
Seat 3: livenuncut (big blind) collected ($2)
Seat 5: JayEm82 (button) (small blind) folded before Flop


PokerStars Hand #150214202674:  Hold'em Limit ($3/$6 USD) - 2016/03/11 21:08:09 ET
Table 'Nerthus II' 6-max Seat #3 is the button
Seat 3: livenuncut ($141.19 in chips)
Seat 5: JayEm82 ($196.97 in chips)
livenuncut: posts small blind $1
JayEm82: posts big blind $3
*** HOLE CARDS ***
livenuncut: calls $2
JayEm82: checks
*** FLOP *** [8s Qs Kd]
JayEm82: checks
livenuncut: checks
*** TURN *** [8s Qs Kd] [Qc]
JayEm82: bets $6
livenuncut: folds
Uncalled bet ($6) returned to JayEm82
JayEm82 collected $5.88 from pot
JayEm82: doesn't show hand
*** SUMMARY ***
Total pot $6 | Rake $0.12
Board [8s Qs Kd Qc]
Seat 3: livenuncut (button) (small blind) folded on the Turn
Seat 5: JayEm82 (big blind) collected ($5.88)


PokerStars Hand #150214191244:  Hold'em Limit ($3/$6 USD) - 2016/03/11 21:07:45 ET
Table 'Nerthus II' 6-max Seat #3 is the button
Seat 3: livenuncut ($119.69 in chips)
Seat 5: JayEm82 ($218.97 in chips)
livenuncut: posts small blind $1
JayEm82: posts big blind $3
*** HOLE CARDS ***
livenuncut: calls $2
JayEm82: checks
*** FLOP *** [3c 6d 8s]
JayEm82: bets $3
livenuncut: raises $3 to $6
JayEm82: calls $3
*** TURN *** [3c 6d 8s] [7s]
JayEm82: checks
livenuncut: bets $6
JayEm82: calls $6
*** RIVER *** [3c 6d 8s 7s] [3d]
JayEm82: checks
livenuncut: bets $6
JayEm82: calls $6
*** SHOW DOWN ***
livenuncut: shows [5h 8h] (two pair, Eights and Threes)
JayEm82: mucks hand
livenuncut collected $41.50 from pot
*** SUMMARY ***
Total pot $42 | Rake $0.50
Board [3c 6d 8s 7s 3d]
Seat 3: livenuncut (button) (small blind) showed [5h 8h] and won ($41.50) with two pair, Eights and Threes
Seat 5: JayEm82 (big blind) mucked


PokerStars Hand #150214200365:  Hold'em Limit ($3/$6 USD) - 2016/03/11 21:08:04 ET
Table 'Nerthus II' 6-max Seat #5 is the button
Seat 3: livenuncut ($140.19 in chips)
Seat 5: JayEm82 ($197.97 in chips)
JayEm82: posts small blind $1
livenuncut: posts big blind $3
*** HOLE CARDS ***
JayEm82: folds
Uncalled bet ($2) returned to livenuncut
livenuncut collected $2 from pot
livenuncut: doesn't show hand
*** SUMMARY ***
Total pot $2 | Rake $0
Seat 3: livenuncut (big blind) collected ($2)
Seat 5: JayEm82 (button) (small blind) folded before Flop


PokerStars Hand #150214224316:  Hold'em Limit ($3/$6 USD) - 2016/03/11 21:08:53 ET
Table 'Nerthus II' 6-max Seat #5 is the button
Seat 3: livenuncut ($144.95 in chips)
Seat 5: JayEm82 ($192.85 in chips)
JayEm82: posts small blind $1
livenuncut: posts big blind $3
*** HOLE CARDS ***
JayEm82: folds
Uncalled bet ($2) returned to livenuncut
Joker4691 joins the table at seat #6
livenuncut collected $2 from pot
livenuncut: doesn't show hand
*** SUMMARY ***
Total pot $2 | Rake $0
Seat 3: livenuncut (big blind) collected ($2)
Seat 5: JayEm82 (button) (small blind) folded before Flop


PokerStars Hand #150214241181:  Hold'em Limit ($3/$6 USD) - 2016/03/11 21:09:28 ET
Table 'Nerthus II' 6-max Seat #3 is the button
Seat 3: livenuncut ($145.95 in chips)
Seat 5: JayEm82 ($191.85 in chips)
livenuncut: posts small blind $1
JayEm82: posts big blind $3
*** HOLE CARDS ***
livenuncut: raises $3 to $6
JayEm82: folds
Uncalled bet ($3) returned to livenuncut
livenuncut collected $6 from pot
livenuncut: doesn't show hand
*** SUMMARY ***
Total pot $6 | Rake $0
Seat 3: livenuncut (button) (small blind) collected ($6)
Seat 5: JayEm82 (big blind) folded before Flop


