PokerStars Hand #174805847724:  Hold'em Limit ($3/$6 USD) - 2017/08/26 3:37:20 ET
Table 'Nerthus' 6-max Seat #3 is the button
Seat 3: aabeatenby23 ($225.69 in chips)
Seat 4: Agrotait ($72 in chips)
aabeatenby23: posts small blind $1
Agrotait: posts big blind $3
*** HOLE CARDS ***
aabeatenby23: raises $3 to $6
Agrotait: calls $3
*** FLOP *** [6c 8h 8c]
Agrotait: checks
aabeatenby23: checks
*** TURN *** [6c 8h 8c] [3h]
Agrotait: checks
aabeatenby23: checks
*** RIVER *** [6c 8h 8c 3h] [8d]
Agrotait: checks
aabeatenby23: checks
*** SHOW DOWN ***
Agrotait: shows [Kc 9s] (three of a kind, Eights)
aabeatenby23: mucks hand
Agrotait collected $11.76 from pot
*** SUMMARY ***
Total pot $12 | Rake $0.24
Board [6c 8h 8c 3h 8d]
Seat 3: aabeatenby23 (button) (small blind) mucked
Seat 4: Agrotait (big blind) showed [Kc 9s] and won ($11.76) with three of a kind, Eights


PokerStars Hand #174805856724:  Hold'em Limit ($3/$6 USD) - 2017/08/26 3:37:51 ET
Table 'Nerthus' 6-max Seat #4 is the button
Seat 3: aabeatenby23 ($219.69 in chips)
Seat 4: Agrotait ($77.76 in chips)
Agrotait: posts small blind $1
aabeatenby23: posts big blind $3
*** HOLE CARDS ***
Agrotait: raises $3 to $6
aabeatenby23: calls $3
*** FLOP *** [9s 4d 8s]
aabeatenby23: bets $3
Agrotait: calls $3
*** TURN *** [9s 4d 8s] [4h]
aabeatenby23: checks
Agrotait: bets $6
aabeatenby23: raises $6 to $12
Agrotait: folds
Uncalled bet ($6) returned to aabeatenby23
aabeatenby23 collected $29.50 from pot
aabeatenby23: doesn't show hand
*** SUMMARY ***
Total pot $30 | Rake $0.50
Board [9s 4d 8s 4h]
Seat 3: aabeatenby23 (big blind) collected ($29.50)
Seat 4: Agrotait (button) (small blind) folded on the Turn


PokerStars Hand #174805877503:  Hold'em Limit ($3/$6 USD) - 2017/08/26 3:39:04 ET
Table 'Nerthus' 6-max Seat #3 is the button
Seat 3: aabeatenby23 ($234.19 in chips)
Seat 4: Agrotait ($62.76 in chips)
aabeatenby23: posts small blind $1
Agrotait: posts big blind $3
*** HOLE CARDS ***
aabeatenby23: raises $3 to $6
Agrotait: raises $3 to $9
aabeatenby23: raises $3 to $12
Betting is capped
Agrotait: calls $3
*** FLOP *** [3c 4d Qs]
Agrotait: bets $3
aabeatenby23: calls $3
*** TURN *** [3c 4d Qs] [As]
Agrotait: checks
aabeatenby23: checks
*** RIVER *** [3c 4d Qs As] [Qh]
Agrotait: bets $6
aabeatenby23: calls $6
*** SHOW DOWN ***
Agrotait: shows [9c Qc] (three of a kind, Queens)
aabeatenby23: mucks hand
Agrotait collected $41.50 from pot
*** SUMMARY ***
Total pot $42 | Rake $0.50
Board [3c 4d Qs As Qh]
Seat 3: aabeatenby23 (button) (small blind) mucked
Seat 4: Agrotait (big blind) showed [9c Qc] and won ($41.50) with three of a kind, Queens


PokerStars Hand #174805886310:  Hold'em Limit ($3/$6 USD) - 2017/08/26 3:39:34 ET
Table 'Nerthus' 6-max Seat #4 is the button
Seat 3: aabeatenby23 ($213.19 in chips)
Seat 4: Agrotait ($83.26 in chips)
Agrotait: posts small blind $1
aabeatenby23: posts big blind $3
*** HOLE CARDS ***
Agrotait: folds
Uncalled bet ($2) returned to aabeatenby23
aabeatenby23 collected $2 from pot
aabeatenby23: doesn't show hand
*** SUMMARY ***
Total pot $2 | Rake $0
Seat 3: aabeatenby23 (big blind) collected ($2)
Seat 4: Agrotait (button) (small blind) folded before Flop


PokerStars Hand #174805888361:  Hold'em Limit ($3/$6 USD) - 2017/08/26 3:39:41 ET
Table 'Nerthus' 6-max Seat #3 is the button
Seat 3: aabeatenby23 ($214.19 in chips)
Seat 4: Agrotait ($82.26 in chips)
aabeatenby23: posts small blind $1
Agrotait: posts big blind $3
*** HOLE CARDS ***
aabeatenby23: raises $3 to $6
Agrotait: calls $3
*** FLOP *** [9c 7h 7c]
Agrotait: checks
aabeatenby23: bets $3
Agrotait: raises $3 to $6
aabeatenby23: raises $3 to $9
Agrotait: calls $3
*** TURN *** [9c 7h 7c] [3h]
Agrotait: checks
aabeatenby23: bets $6
Agrotait: calls $6
*** RIVER *** [9c 7h 7c 3h] [4s]
Agrotait: checks
aabeatenby23: bets $6
Agrotait: calls $6
*** SHOW DOWN ***
aabeatenby23: shows [Ah Ad] (two pair, Aces and Sevens)
Agrotait: mucks hand
aabeatenby23 collected $53.50 from pot
*** SUMMARY ***
Total pot $54 | Rake $0.50
Board [9c 7h 7c 3h 4s]
Seat 3: aabeatenby23 (button) (small blind) showed [Ah Ad] and won ($53.50) with two pair, Aces and Sevens
Seat 4: Agrotait (big blind) mucked


PokerStars Hand #174805923777:  Hold'em Limit ($3/$6 USD) - 2017/08/26 3:41:31 ET
Table 'Nerthus' 6-max Seat #3 is the button
Seat 3: aabeatenby23 ($255.19 in chips)
Seat 4: Agrotait ($72 in chips)
aabeatenby23: posts small blind $1
Agrotait: posts big blind $3
*** HOLE CARDS ***
aabeatenby23: raises $3 to $6
Agrotait: calls $3
*** FLOP *** [5s 6s 2c]
Agrotait: checks
aabeatenby23: bets $3
Agrotait: raises $3 to $6
aabeatenby23: calls $3
*** TURN *** [5s 6s 2c] [Kc]
Agrotait: bets $6
aabeatenby23: calls $6
*** RIVER *** [5s 6s 2c Kc] [Tc]
Agrotait: bets $6
aabeatenby23: folds
Uncalled bet ($6) returned to Agrotait
Agrotait collected $35.50 from pot
Agrotait: doesn't show hand
*** SUMMARY ***
Total pot $36 | Rake $0.50
Board [5s 6s 2c Kc Tc]
Seat 3: aabeatenby23 (button) (small blind) folded on the River
Seat 4: Agrotait (big blind) collected ($35.50)


PokerStars Hand #174805922239:  Hold'em Limit ($3/$6 USD) - 2017/08/26 3:41:25 ET
Table 'Nerthus' 6-max Seat #4 is the button
Seat 3: aabeatenby23 ($254.19 in chips)
Seat 4: Agrotait ($73 in chips)
Agrotait: posts small blind $1
aabeatenby23: posts big blind $3
*** HOLE CARDS ***
Agrotait: folds
Uncalled bet ($2) returned to aabeatenby23
aabeatenby23 collected $2 from pot
aabeatenby23: doesn't show hand
*** SUMMARY ***
Total pot $2 | Rake $0
Seat 3: aabeatenby23 (big blind) collected ($2)
Seat 4: Agrotait (button) (small blind) folded before Flop


PokerStars Hand #174805929057:  Hold'em Limit ($3/$6 USD) - 2017/08/26 3:41:49 ET
Table 'Nerthus' 6-max Seat #4 is the button
Seat 3: aabeatenby23 ($237.19 in chips)
Seat 4: Agrotait ($89.50 in chips)
Agrotait: posts small blind $1
aabeatenby23: posts big blind $3
*** HOLE CARDS ***
Agrotait: raises $3 to $6
aabeatenby23: calls $3
*** FLOP *** [7h Td 6d]
aabeatenby23: checks
Agrotait: bets $3
aabeatenby23: folds
Uncalled bet ($3) returned to Agrotait
Agrotait collected $11.76 from pot
Agrotait: doesn't show hand
*** SUMMARY ***
Total pot $12 | Rake $0.24
Board [7h Td 6d]
Seat 3: aabeatenby23 (big blind) folded on the Flop
Seat 4: Agrotait (button) (small blind) collected ($11.76)


PokerStars Hand #174805919948:  Hold'em Limit ($3/$6 USD) - 2017/08/26 3:41:17 ET
Table 'Nerthus' 6-max Seat #3 is the button
Seat 3: aabeatenby23 ($255.19 in chips)
Seat 4: Agrotait ($72 in chips)
aabeatenby23: posts small blind $1
Agrotait: posts big blind $3
*** HOLE CARDS ***
aabeatenby23: folds
Uncalled bet ($2) returned to Agrotait
Agrotait collected $2 from pot
Agrotait: doesn't show hand
*** SUMMARY ***
Total pot $2 | Rake $0
Seat 3: aabeatenby23 (button) (small blind) folded before Flop
Seat 4: Agrotait (big blind) collected ($2)


PokerStars Hand #174805905664:  Hold'em Limit ($3/$6 USD) - 2017/08/26 3:40:27 ET
Table 'Nerthus' 6-max Seat #4 is the button
Seat 3: aabeatenby23 ($240.69 in chips)
Seat 4: Agrotait ($72 in chips)
Agrotait: posts small blind $1
aabeatenby23: posts big blind $3
*** HOLE CARDS ***
Agrotait: raises $3 to $6
aabeatenby23: calls $3
*** FLOP *** [Qh 5d Kh]
aabeatenby23: checks
Agrotait: bets $3
aabeatenby23: calls $3
*** TURN *** [Qh 5d Kh] [Ks]
aabeatenby23: checks
Agrotait: checks
*** RIVER *** [Qh 5d Kh Ks] [5c]
aabeatenby23: bets $6
Agrotait: calls $6
*** SHOW DOWN ***
aabeatenby23: shows [Kd 4h] (a full house, Kings full of Fives)
Agrotait: mucks hand
aabeatenby23 collected $29.50 from pot
*** SUMMARY ***
Total pot $30 | Rake $0.50
Board [Qh 5d Kh Ks 5c]
Seat 3: aabeatenby23 (big blind) showed [Kd 4h] and won ($29.50) with a full house, Kings full of Fives
Seat 4: Agrotait (button) (small blind) mucked


PokerStars Hand #174805933634:  Hold'em Limit ($3/$6 USD) - 2017/08/26 3:42:05 ET
Table 'Nerthus' 6-max Seat #3 is the button
Seat 3: aabeatenby23 ($231.19 in chips)
Seat 4: Agrotait ($95.26 in chips)
aabeatenby23: posts small blind $1
Agrotait: posts big blind $3
*** HOLE CARDS ***
aabeatenby23: folds
Uncalled bet ($2) returned to Agrotait
Agrotait collected $2 from pot
Agrotait: doesn't show hand
Jiminybob joins the table at seat #5
*** SUMMARY ***
Total pot $2 | Rake $0
Seat 3: aabeatenby23 (button) (small blind) folded before Flop
Seat 4: Agrotait (big blind) collected ($2)


PokerStars Hand #174806275747:  Hold'em Limit ($3/$6 USD) - 2017/08/26 4:02:15 ET
Table 'Nerthus' 6-max Seat #4 is the button
Seat 2: Psynto ($72 in chips)
Seat 4: HAL9QQQ ($120 in chips)
HAL9QQQ: posts small blind $1
Jiminybob: is sitting out
Psynto: posts big blind $3
*** HOLE CARDS ***
HAL9QQQ: folds
Uncalled bet ($2) returned to Psynto
Psynto collected $2 from pot
Psynto: doesn't show hand
love_mmm leaves the table
*** SUMMARY ***
Total pot $2 | Rake $0
Seat 2: Psynto (big blind) collected ($2)
Seat 4: HAL9QQQ (button) (small blind) folded before Flop


