PokerStars Hand #150184436926:  Hold'em Limit ($3/$6 USD) - 2016/03/11 10:44:21 ET
Table 'Nerthus II' 6-max Seat #3 is the button
Seat 1: Zeeon ($77 in chips)
Seat 3: gkas71 ($142.50 in chips)
gkas71: posts small blind $1
Zeeon: posts big blind $3
*** HOLE CARDS ***
gkas71: folds
Uncalled bet ($2) returned to Zeeon
Zeeon collected $2 from pot
*** SUMMARY ***
Total pot $2 | Rake $0
Seat 1: Zeeon (big blind) collected ($2)
Seat 3: gkas71 (button) (small blind) folded before Flop


PokerStars Hand #150184432999:  Hold'em Limit ($3/$6 USD) - 2016/03/11 10:44:15 ET
Table 'Nerthus II' 6-max Seat #1 is the button
Seat 1: Zeeon ($78 in chips)
Seat 3: gkas71 ($141.50 in chips)
Zeeon: posts small blind $1
gkas71: posts big blind $3
*** HOLE CARDS ***
Zeeon: folds
Uncalled bet ($2) returned to gkas71
gkas71 collected $2 from pot
gkas71: doesn't show hand
*** SUMMARY ***
Total pot $2 | Rake $0
Seat 1: Zeeon (button) (small blind) folded before Flop
Seat 3: gkas71 (big blind) collected ($2)


PokerStars Hand #150184414920:  Hold'em Limit ($3/$6 USD) - 2016/03/11 10:43:51 ET
Table 'Nerthus II' 6-max Seat #3 is the button
Seat 1: Zeeon ($99 in chips)
Seat 3: gkas71 ($121 in chips)
gkas71: posts small blind $1
Zeeon: posts big blind $3
*** HOLE CARDS ***
gkas71: raises $3 to $6
Zeeon: calls $3
*** FLOP *** [Th 4c 3h]
Zeeon: bets $3
gkas71: raises $3 to $6
Zeeon: raises $3 to $9
gkas71: calls $3
*** TURN *** [Th 4c 3h] [7c]
Zeeon: bets $6
gkas71: raises $6 to $12
Zeeon: folds
Uncalled bet ($6) returned to gkas71
gkas71 collected $41.50 from pot
gkas71: doesn't show hand
*** SUMMARY ***
Total pot $42 | Rake $0.50
Board [Th 4c 3h 7c]
Seat 1: Zeeon (big blind) folded on the Turn
Seat 3: gkas71 (button) (small blind) collected ($41.50)


PokerStars Hand #150184410855:  Hold'em Limit ($3/$6 USD) - 2016/03/11 10:43:45 ET
Table 'Nerthus II' 6-max Seat #1 is the button
Seat 1: Zeeon ($100 in chips)
Seat 3: gkas71 ($120 in chips)
Zeeon: posts small blind $1
gkas71: posts big blind $3
*** HOLE CARDS ***
Zeeon: folds
Uncalled bet ($2) returned to gkas71
gkas71 collected $2 from pot
gkas71: doesn't show hand
*** SUMMARY ***
Total pot $2 | Rake $0
Seat 1: Zeeon (button) (small blind) folded before Flop
Seat 3: gkas71 (big blind) collected ($2)


PokerStars Hand #150184455887:  Hold'em Limit ($3/$6 USD) - 2016/03/11 10:44:47 ET
Table 'Nerthus II' 6-max Seat #3 is the button
Seat 1: Zeeon ($69 in chips)
Seat 3: gkas71 ($150.14 in chips)
gkas71: posts small blind $1
Zeeon: posts big blind $3
*** HOLE CARDS ***
gkas71: folds
Uncalled bet ($2) returned to Zeeon
Zeeon collected $2 from pot
*** SUMMARY ***
Total pot $2 | Rake $0
Seat 1: Zeeon (big blind) collected ($2)
Seat 3: gkas71 (button) (small blind) folded before Flop


PokerStars Hand #150184441900:  Hold'em Limit ($3/$6 USD) - 2016/03/11 10:44:28 ET
Table 'Nerthus II' 6-max Seat #1 is the button
Seat 1: Zeeon ($78 in chips)
Seat 3: gkas71 ($141.50 in chips)
Zeeon: posts small blind $1
gkas71: posts big blind $3
*** HOLE CARDS ***
Zeeon: raises $3 to $6
gkas71: calls $3
*** FLOP *** [Qc 7h Ks]
gkas71: checks
Zeeon: bets $3
gkas71: calls $3
*** TURN *** [Qc 7h Ks] [Qs]
gkas71: checks
Zeeon: checks
*** RIVER *** [Qc 7h Ks Qs] [6h]
gkas71: bets $6
JayEm82 joins the table at seat #2
Zeeon: folds
Uncalled bet ($6) returned to gkas71
gkas71 collected $17.64 from pot
gkas71: doesn't show hand
*** SUMMARY ***
Total pot $18 | Rake $0.36
Board [Qc 7h Ks Qs 6h]
Seat 1: Zeeon (button) (small blind) folded on the River
Seat 3: gkas71 (big blind) collected ($17.64)


PokerStars Hand #150184641401:  Hold'em Limit ($3/$6 USD) - 2016/03/11 10:48:58 ET
Table 'Nerthus II' 6-max Seat #1 is the button
Seat 1: Zeeon ($56 in chips)
Seat 2: JayEm82 ($150.14 in chips)
Zeeon: posts small blind $1
JayEm82: posts big blind $3
*** HOLE CARDS ***
Zeeon: raises $3 to $6
jionke00 joins the table at seat #3
JayEm82: calls $3
*** FLOP *** [3d 2s 3c]
JayEm82: checks
Zeeon: checks
*** TURN *** [3d 2s 3c] [Kh]
JayEm82: checks
Zeeon: bets $6
JayEm82: folds
Uncalled bet ($6) returned to Zeeon
Zeeon collected $11.76 from pot
4506003 joins the table at seat #4
*** SUMMARY ***
Total pot $12 | Rake $0.24
Board [3d 2s 3c Kh]
Seat 1: Zeeon (button) (small blind) collected ($11.76)
Seat 2: JayEm82 (big blind) folded on the Turn


PokerStars Hand #150184633902:  Hold'em Limit ($3/$6 USD) - 2016/03/11 10:48:48 ET
Table 'Nerthus II' 6-max Seat #2 is the button
Seat 1: Zeeon ($62 in chips)
Seat 2: JayEm82 ($144.38 in chips)
JayEm82: posts small blind $1
Zeeon: posts big blind $3
*** HOLE CARDS ***
JayEm82: raises $3 to $6
Zeeon: calls $3
*** FLOP *** [8s 7h 9s]
Zeeon: checks
JayEm82: bets $3
Zeeon: folds
Uncalled bet ($3) returned to JayEm82
JayEm82 collected $11.76 from pot
JayEm82: doesn't show hand
*** SUMMARY ***
Total pot $12 | Rake $0.24
Board [8s 7h 9s]
Seat 1: Zeeon (big blind) folded on the Flop
Seat 2: JayEm82 (button) (small blind) collected ($11.76)


PokerStars Hand #150184629450:  Hold'em Limit ($3/$6 USD) - 2016/03/11 10:48:42 ET
Table 'Nerthus II' 6-max Seat #1 is the button
Seat 1: Zeeon ($59 in chips)
Seat 2: JayEm82 ($147.38 in chips)
Zeeon: posts small blind $1
JayEm82: posts big blind $3
*** HOLE CARDS ***
Zeeon: raises $3 to $6
JayEm82: folds
Uncalled bet ($3) returned to Zeeon
Zeeon collected $6 from pot
*** SUMMARY ***
Total pot $6 | Rake $0
Seat 1: Zeeon (button) (small blind) collected ($6)
Seat 2: JayEm82 (big blind) folded before Flop


PokerStars Hand #150184621114:  Hold'em Limit ($3/$6 USD) - 2016/03/11 10:48:31 ET
Table 'Nerthus II' 6-max Seat #2 is the button
Seat 1: Zeeon ($65 in chips)
Seat 2: JayEm82 ($141.62 in chips)
JayEm82: posts small blind $1
Fabulous108: is sitting out
Zeeon: posts big blind $3
*** HOLE CARDS ***
JayEm82: raises $3 to $6
Zeeon: calls $3
*** FLOP *** [Th 4d 3d]
Fabulous108 leaves the table
Zeeon: checks
JayEm82: bets $3
Zeeon: folds
Uncalled bet ($3) returned to JayEm82
JayEm82 collected $11.76 from pot
JayEm82: doesn't show hand
*** SUMMARY ***
Total pot $12 | Rake $0.24
Board [Th 4d 3d]
Seat 1: Zeeon (big blind) folded on the Flop
Seat 2: JayEm82 (button) (small blind) collected ($11.76)


PokerStars Hand #150194639824:  Hold'em Limit ($3/$6 USD) - 2016/03/11 14:16:30 ET
Table 'Nerthus II' 6-max Seat #1 is the button
Seat 1: ralf64 ($189.66 in chips)
Seat 3: JayEm82 ($120 in chips)
ralf64: posts small blind $1
JayEm82: posts big blind $3
*** HOLE CARDS ***
ralf64: folds
Uncalled bet ($2) returned to JayEm82
JayEm82 collected $2 from pot
JayEm82: doesn't show hand
*** SUMMARY ***
Total pot $2 | Rake $0
Seat 1: ralf64 (button) (small blind) folded before Flop
Seat 3: JayEm82 (big blind) collected ($2)


PokerStars Hand #150194622888:  Hold'em Limit ($3/$6 USD) - 2016/03/11 14:16:11 ET
Table 'Nerthus II' 6-max Seat #3 is the button
Seat 1: ralf64 ($181.02 in chips)
Seat 3: JayEm82 ($79.98 in chips)
JayEm82: posts small blind $1
ralf64: posts big blind $3
*** HOLE CARDS ***
JayEm82: raises $3 to $6
ralf64: calls $3
*** FLOP *** [3c 3d 9d]
ralf64: checks
JayEm82: bets $3
ralf64: calls $3
*** TURN *** [3c 3d 9d] [8d]
ralf64: checks
JayEm82: checks
*** RIVER *** [3c 3d 9d 8d] [6s]
ralf64: checks
JayEm82: checks
*** SHOW DOWN ***
ralf64: shows [2c 2s] (two pair, Threes and Deuces)
JayEm82: mucks hand
ralf64 collected $17.64 from pot
*** SUMMARY ***
Total pot $18 | Rake $0.36
Board [3c 3d 9d 8d 6s]
Seat 1: ralf64 (big blind) showed [2c 2s] and won ($17.64) with two pair, Threes and Deuces
Seat 3: JayEm82 (button) (small blind) mucked


PokerStars Hand #150194616121:  Hold'em Limit ($3/$6 USD) - 2016/03/11 14:16:03 ET
Table 'Nerthus II' 6-max Seat #1 is the button
Seat 1: ralf64 ($182.02 in chips)
Seat 3: JayEm82 ($78.98 in chips)
ralf64: posts small blind $1
JayEm82: posts big blind $3
*** HOLE CARDS ***
ralf64: folds
Uncalled bet ($2) returned to JayEm82
JayEm82 collected $2 from pot
JayEm82: doesn't show hand
*** SUMMARY ***
Total pot $2 | Rake $0
Seat 1: ralf64 (button) (small blind) folded before Flop
Seat 3: JayEm82 (big blind) collected ($2)


PokerStars Hand #150194608706:  Hold'em Limit ($3/$6 USD) - 2016/03/11 14:15:54 ET
Table 'Nerthus II' 6-max Seat #3 is the button
Seat 1: ralf64 ($181.02 in chips)
Seat 3: JayEm82 ($79.98 in chips)
JayEm82: posts small blind $1
ralf64: posts big blind $3
*** HOLE CARDS ***
JayEm82: folds
Uncalled bet ($2) returned to ralf64
ralf64 collected $2 from pot
ralf64: doesn't show hand
*** SUMMARY ***
Total pot $2 | Rake $0
Seat 1: ralf64 (big blind) collected ($2)
Seat 3: JayEm82 (button) (small blind) folded before Flop


PokerStars Hand #150194603181:  Hold'em Limit ($3/$6 USD) - 2016/03/11 14:15:48 ET
Table 'Nerthus II' 6-max Seat #1 is the button
Seat 1: ralf64 ($182.02 in chips)
Seat 3: JayEm82 ($78.98 in chips)
ralf64: posts small blind $1
ValeryRon: is sitting out
JayEm82: posts big blind $3
*** HOLE CARDS ***
ralf64: folds
Uncalled bet ($2) returned to JayEm82
ValeryRon leaves the table
JayEm82 collected $2 from pot
JayEm82: doesn't show hand
*** SUMMARY ***
Total pot $2 | Rake $0
Seat 1: ralf64 (button) (small blind) folded before Flop
Seat 3: JayEm82 (big blind) collected ($2)


PokerStars Hand #150194691448:  Hold'em Limit ($3/$6 USD) - 2016/03/11 14:17:27 ET
Table 'Nerthus II' 6-max Seat #1 is the button
Seat 1: ralf64 ($201.30 in chips)
Seat 3: JayEm82 ($108 in chips)
ralf64: posts small blind $1
JayEm82: posts big blind $3
*** HOLE CARDS ***
ralf64: calls $2
JayEm82: checks
*** FLOP *** [9s 6h Ad]
JayEm82: checks
ralf64: bets $3
JayEm82: folds
Uncalled bet ($3) returned to ralf64
ralf64 collected $5.88 from pot
ralf64: doesn't show hand
*** SUMMARY ***
Total pot $6 | Rake $0.12
Board [9s 6h Ad]
Seat 1: ralf64 (button) (small blind) collected ($5.88)
Seat 3: JayEm82 (big blind) folded on the Flop


PokerStars Hand #150194680499:  Hold'em Limit ($3/$6 USD) - 2016/03/11 14:17:15 ET
Table 'Nerthus II' 6-max Seat #3 is the button
Seat 1: ralf64 ($192.66 in chips)
Seat 3: JayEm82 ($117 in chips)
JayEm82: posts small blind $1
ralf64: posts big blind $3
*** HOLE CARDS ***
JayEm82: raises $3 to $6
ralf64: calls $3
*** FLOP *** [4c Th Jh]
ralf64: checks
JayEm82: bets $3
ralf64: raises $3 to $6
JayEm82: folds
Uncalled bet ($3) returned to ralf64
ralf64 collected $17.64 from pot
ralf64: doesn't show hand
*** SUMMARY ***
Total pot $18 | Rake $0.36
Board [4c Th Jh]
Seat 1: ralf64 (big blind) collected ($17.64)
Seat 3: JayEm82 (button) (small blind) folded on the Flop


PokerStars Hand #150194675786:  Hold'em Limit ($3/$6 USD) - 2016/03/11 14:17:10 ET
Table 'Nerthus II' 6-max Seat #1 is the button
Seat 1: ralf64 ($193.66 in chips)
Seat 3: JayEm82 ($116 in chips)
ralf64: posts small blind $1
JayEm82: posts big blind $3
*** HOLE CARDS ***
ralf64: folds
Uncalled bet ($2) returned to JayEm82
JayEm82 collected $2 from pot
JayEm82: doesn't show hand
*** SUMMARY ***
Total pot $2 | Rake $0
Seat 1: ralf64 (button) (small blind) folded before Flop
Seat 3: JayEm82 (big blind) collected ($2)


PokerStars Hand #150194665055:  Hold'em Limit ($3/$6 USD) - 2016/03/11 14:16:58 ET
Table 'Nerthus II' 6-max Seat #3 is the button
Seat 1: ralf64 ($192.66 in chips)
Seat 3: JayEm82 ($117 in chips)
JayEm82: posts small blind $1
ralf64: posts big blind $3
*** HOLE CARDS ***
JayEm82: folds
Uncalled bet ($2) returned to ralf64
ralf64 collected $2 from pot
ralf64: doesn't show hand
*** SUMMARY ***
Total pot $2 | Rake $0
Seat 1: ralf64 (big blind) collected ($2)
Seat 3: JayEm82 (button) (small blind) folded before Flop


PokerStars Hand #150194660403:  Hold'em Limit ($3/$6 USD) - 2016/03/11 14:16:53 ET
Table 'Nerthus II' 6-max Seat #1 is the button
Seat 1: ralf64 ($193.66 in chips)
Seat 3: JayEm82 ($116 in chips)
ralf64: posts small blind $1
JayEm82: posts big blind $3
*** HOLE CARDS ***
ralf64: folds
Uncalled bet ($2) returned to JayEm82
JayEm82 collected $2 from pot
JayEm82: doesn't show hand
*** SUMMARY ***
Total pot $2 | Rake $0
Seat 1: ralf64 (button) (small blind) folded before Flop
Seat 3: JayEm82 (big blind) collected ($2)


PokerStars Hand #150194656395:  Hold'em Limit ($3/$6 USD) - 2016/03/11 14:16:48 ET
Table 'Nerthus II' 6-max Seat #3 is the button
Seat 1: ralf64 ($192.66 in chips)
Seat 3: JayEm82 ($117 in chips)
JayEm82: posts small blind $1
ralf64: posts big blind $3
*** HOLE CARDS ***
JayEm82: folds
Uncalled bet ($2) returned to ralf64
ralf64 collected $2 from pot
ralf64: doesn't show hand
*** SUMMARY ***
Total pot $2 | Rake $0
Seat 1: ralf64 (big blind) collected ($2)
Seat 3: JayEm82 (button) (small blind) folded before Flop


PokerStars Hand #150194648391:  Hold'em Limit ($3/$6 USD) - 2016/03/11 14:16:39 ET
Table 'Nerthus II' 6-max Seat #1 is the button
Seat 1: ralf64 ($189.66 in chips)
Seat 3: JayEm82 ($120 in chips)
ralf64: posts small blind $1
JayEm82: posts big blind $3
*** HOLE CARDS ***
ralf64: raises $3 to $6
JayEm82: folds
Uncalled bet ($3) returned to ralf64
ralf64 collected $6 from pot
ralf64: doesn't show hand
*** SUMMARY ***
Total pot $6 | Rake $0
Seat 1: ralf64 (button) (small blind) collected ($6)
Seat 3: JayEm82 (big blind) folded before Flop


PokerStars Hand #150194644554:  Hold'em Limit ($3/$6 USD) - 2016/03/11 14:16:35 ET
Table 'Nerthus II' 6-max Seat #3 is the button
Seat 1: ralf64 ($188.66 in chips)
Seat 3: JayEm82 ($121 in chips)
JayEm82: posts small blind $1
ralf64: posts big blind $3
*** HOLE CARDS ***
JayEm82: folds
Uncalled bet ($2) returned to ralf64
ralf64 collected $2 from pot
ralf64: doesn't show hand
*** SUMMARY ***
Total pot $2 | Rake $0
Seat 1: ralf64 (big blind) collected ($2)
Seat 3: JayEm82 (button) (small blind) folded before Flop


PokerStars Hand #150194721726:  Hold'em Limit ($3/$6 USD) - 2016/03/11 14:18:01 ET
Table 'Nerthus II' 6-max Seat #1 is the button
Seat 1: ralf64 ($194.18 in chips)
Seat 3: JayEm82 ($114.76 in chips)
ralf64: posts small blind $1
JayEm82: posts big blind $3
*** HOLE CARDS ***
ralf64: raises $3 to $6
JayEm82: calls $3
*** FLOP *** [7s 9s Qs]
JayEm82: bets $3
ralf64: calls $3
*** TURN *** [7s 9s Qs] [4d]
JayEm82: bets $6
ralf64: calls $6
*** RIVER *** [7s 9s Qs 4d] [As]
JayEm82: bets $6
ralf64: calls $6
*** SHOW DOWN ***
JayEm82: shows [9c 7d] (two pair, Nines and Sevens)
ralf64: shows [6s 5c] (a flush, Ace high)
ralf64 collected $41.50 from pot
*** SUMMARY ***
Total pot $42 | Rake $0.50
Board [7s 9s Qs 4d As]
Seat 1: ralf64 (button) (small blind) showed [6s 5c] and won ($41.50) with a flush, Ace high
Seat 3: JayEm82 (big blind) showed [9c 7d] and lost with two pair, Nines and Sevens


PokerStars Hand #150194715272:  Hold'em Limit ($3/$6 USD) - 2016/03/11 14:17:54 ET
Table 'Nerthus II' 6-max Seat #3 is the button
Seat 1: ralf64 ($197.18 in chips)
Seat 3: JayEm82 ($111.76 in chips)
JayEm82: posts small blind $1
ralf64: posts big blind $3
*** HOLE CARDS ***
JayEm82: raises $3 to $6
ralf64: folds
Uncalled bet ($3) returned to JayEm82
JayEm82 collected $6 from pot
JayEm82: doesn't show hand
*** SUMMARY ***
Total pot $6 | Rake $0
Seat 1: ralf64 (big blind) folded before Flop
Seat 3: JayEm82 (button) (small blind) collected ($6)


PokerStars Hand #150194710648:  Hold'em Limit ($3/$6 USD) - 2016/03/11 14:17:49 ET
Table 'Nerthus II' 6-max Seat #1 is the button
Seat 1: ralf64 ($198.18 in chips)
Seat 3: JayEm82 ($110.76 in chips)
ralf64: posts small blind $1
JayEm82: posts big blind $3
*** HOLE CARDS ***
ralf64: folds
Uncalled bet ($2) returned to JayEm82
JayEm82 collected $2 from pot
JayEm82: doesn't show hand
*** SUMMARY ***
Total pot $2 | Rake $0
Seat 1: ralf64 (button) (small blind) folded before Flop
Seat 3: JayEm82 (big blind) collected ($2)


PokerStars Hand #150194700938:  Hold'em Limit ($3/$6 USD) - 2016/03/11 14:17:38 ET
Table 'Nerthus II' 6-max Seat #3 is the button
Seat 1: ralf64 ($204.18 in chips)
Seat 3: JayEm82 ($105 in chips)
JayEm82: posts small blind $1
ralf64: posts big blind $3
*** HOLE CARDS ***
JayEm82: raises $3 to $6
ralf64: calls $3
*** FLOP *** [8d 2d Qh]
ralf64: checks
JayEm82: bets $3
ralf64: folds
Uncalled bet ($3) returned to JayEm82
JayEm82 collected $11.76 from pot
JayEm82: doesn't show hand
*** SUMMARY ***
Total pot $12 | Rake $0.24
Board [8d 2d Qh]
Seat 1: ralf64 (big blind) folded on the Flop
Seat 3: JayEm82 (button) (small blind) collected ($11.76)


PokerStars Hand #150194787948:  Hold'em Limit ($3/$6 USD) - 2016/03/11 14:19:16 ET
Table 'Nerthus II' 6-max Seat #1 is the button
Seat 1: ralf64 ($200.68 in chips)
Seat 3: JayEm82 ($107.52 in chips)
ralf64: posts small blind $1
JayEm82: posts big blind $3
*** HOLE CARDS ***
ralf64: raises $3 to $6
JayEm82: calls $3
*** FLOP *** [8d 2h 3c]
JayEm82: checks
ralf64: bets $3
JayEm82: raises $3 to $6
ralf64: raises $3 to $9
JayEm82: calls $3
*** TURN *** [8d 2h 3c] [8h]
JayEm82: checks
ralf64: bets $6
JayEm82: calls $6
*** RIVER *** [8d 2h 3c 8h] [4s]
ZinZar joins the table at seat #4
JayEm82: checks
ralf64: bets $6
JayEm82: raises $6 to $12
ralf64: calls $6
*** SHOW DOWN ***
JayEm82: shows [6c 5d] (a straight, Deuce to Six)
ralf64: mucks hand
JayEm82 collected $65.50 from pot
*** SUMMARY ***
Total pot $66 | Rake $0.50
Board [8d 2h 3c 8h 4s]
Seat 1: ralf64 (button) (small blind) mucked
Seat 3: JayEm82 (big blind) showed [6c 5d] and won ($65.50) with a straight, Deuce to Six


PokerStars Hand #150194782594:  Hold'em Limit ($3/$6 USD) - 2016/03/11 14:19:10 ET
Table 'Nerthus II' 6-max Seat #3 is the button
Seat 1: ralf64 ($203.68 in chips)
Seat 3: JayEm82 ($104.52 in chips)
JayEm82: posts small blind $1
ralf64: posts big blind $3
*** HOLE CARDS ***
JayEm82: raises $3 to $6
ralf64: folds
Uncalled bet ($3) returned to JayEm82
JayEm82 collected $6 from pot
JayEm82: doesn't show hand
*** SUMMARY ***
Total pot $6 | Rake $0
Seat 1: ralf64 (big blind) folded before Flop
Seat 3: JayEm82 (button) (small blind) collected ($6)


PokerStars Hand #150194777938:  Hold'em Limit ($3/$6 USD) - 2016/03/11 14:19:04 ET
Table 'Nerthus II' 6-max Seat #1 is the button
Seat 1: ralf64 ($204.68 in chips)
Seat 3: JayEm82 ($103.52 in chips)
ralf64: posts small blind $1
JayEm82: posts big blind $3
*** HOLE CARDS ***
ralf64: folds
Uncalled bet ($2) returned to JayEm82
JayEm82 collected $2 from pot
JayEm82: doesn't show hand
*** SUMMARY ***
Total pot $2 | Rake $0
Seat 1: ralf64 (button) (small blind) folded before Flop
Seat 3: JayEm82 (big blind) collected ($2)


PokerStars Hand #150194772791:  Hold'em Limit ($3/$6 USD) - 2016/03/11 14:18:58 ET
Table 'Nerthus II' 6-max Seat #3 is the button
Seat 1: ralf64 ($207.68 in chips)
Seat 3: JayEm82 ($100.52 in chips)
JayEm82: posts small blind $1
ralf64: posts big blind $3
*** HOLE CARDS ***
JayEm82: raises $3 to $6
ralf64: folds
Uncalled bet ($3) returned to JayEm82
JayEm82 collected $6 from pot
JayEm82: doesn't show hand
*** SUMMARY ***
Total pot $6 | Rake $0
Seat 1: ralf64 (big blind) folded before Flop
Seat 3: JayEm82 (button) (small blind) collected ($6)


PokerStars Hand #150194768020:  Hold'em Limit ($3/$6 USD) - 2016/03/11 14:18:53 ET
Table 'Nerthus II' 6-max Seat #1 is the button
Seat 1: ralf64 ($204.68 in chips)
Seat 3: JayEm82 ($103.52 in chips)
ralf64: posts small blind $1
JayEm82: posts big blind $3
*** HOLE CARDS ***
ralf64: raises $3 to $6
JayEm82: folds
Uncalled bet ($3) returned to ralf64
ralf64 collected $6 from pot
ralf64: doesn't show hand
*** SUMMARY ***
Total pot $6 | Rake $0
Seat 1: ralf64 (button) (small blind) collected ($6)
Seat 3: JayEm82 (big blind) folded before Flop


PokerStars Hand #150194762547:  Hold'em Limit ($3/$6 USD) - 2016/03/11 14:18:47 ET
Table 'Nerthus II' 6-max Seat #3 is the button
Seat 1: ralf64 ($207.68 in chips)
Seat 3: JayEm82 ($100.52 in chips)
JayEm82: posts small blind $1
ralf64: posts big blind $3
*** HOLE CARDS ***
JayEm82: raises $3 to $6
ralf64: folds
Uncalled bet ($3) returned to JayEm82
JayEm82 collected $6 from pot
JayEm82: doesn't show hand
*** SUMMARY ***
Total pot $6 | Rake $0
Seat 1: ralf64 (big blind) folded before Flop
Seat 3: JayEm82 (button) (small blind) collected ($6)


PokerStars Hand #150194757697:  Hold'em Limit ($3/$6 USD) - 2016/03/11 14:18:42 ET
Table 'Nerthus II' 6-max Seat #1 is the button
Seat 1: ralf64 ($208.68 in chips)
Seat 3: JayEm82 ($99.52 in chips)
ralf64: posts small blind $1
JayEm82: posts big blind $3
*** HOLE CARDS ***
ralf64: folds
Uncalled bet ($2) returned to JayEm82
JayEm82 collected $2 from pot
JayEm82: doesn't show hand
*** SUMMARY ***
Total pot $2 | Rake $0
Seat 1: ralf64 (button) (small blind) folded before Flop
Seat 3: JayEm82 (big blind) collected ($2)


PokerStars Hand #150194748345:  Hold'em Limit ($3/$6 USD) - 2016/03/11 14:18:31 ET
Table 'Nerthus II' 6-max Seat #3 is the button
Seat 1: ralf64 ($214.68 in chips)
Seat 3: JayEm82 ($93.76 in chips)
JayEm82: posts small blind $1
ralf64: posts big blind $3
*** HOLE CARDS ***
JayEm82: raises $3 to $6
ralf64: calls $3
*** FLOP *** [3h Th Jc]
ralf64: checks
JayEm82: bets $3
ralf64: folds
Uncalled bet ($3) returned to JayEm82
JayEm82 collected $11.76 from pot
JayEm82: doesn't show hand
*** SUMMARY ***
Total pot $12 | Rake $0.24
Board [3h Th Jc]
Seat 1: ralf64 (big blind) folded on the Flop
Seat 3: JayEm82 (button) (small blind) collected ($11.76)


PokerStars Hand #150195341448:  Hold'em Limit ($3/$6 USD) - 2016/03/11 14:29:35 ET
Table 'Nerthus II' 6-max Seat #3 is the button
Seat 3: JayEm82 ($141.24 in chips)
Seat 4: ZinZar ($72 in chips)
JayEm82: posts small blind $1
ZinZar: posts big blind $3
*** HOLE CARDS ***
JayEm82: folds
Uncalled bet ($2) returned to ZinZar
ZinZar collected $2 from pot
ZinZar: doesn't show hand
*** SUMMARY ***
Total pot $2 | Rake $0
Seat 3: JayEm82 (button) (small blind) folded before Flop
Seat 4: ZinZar (big blind) collected ($2)


PokerStars Hand #150195313403:  Hold'em Limit ($3/$6 USD) - 2016/03/11 14:29:04 ET
Table 'Nerthus II' 6-max Seat #4 is the button
Seat 3: JayEm82 ($123.74 in chips)
Seat 4: ZinZar ($87.07 in chips)
ZinZar: posts small blind $1
JayEm82: posts big blind $3
*** HOLE CARDS ***
ralf64 leaves the table
ZinZar: raises $3 to $6
JayEm82: raises $3 to $9
ZinZar: calls $3
*** FLOP *** [2s 6h 3h]
JayEm82: bets $3
ZinZar: calls $3
*** TURN *** [2s 6h 3h] [8c]
JayEm82: bets $6
ZinZar: calls $6
*** RIVER *** [2s 6h 3h 8c] [7d]
JayEm82: bets $6
ZinZar: folds
Uncalled bet ($6) returned to JayEm82
JayEm82 collected $35.50 from pot
JayEm82: doesn't show hand
*** SUMMARY ***
Total pot $36 | Rake $0.50
Board [2s 6h 3h 8c 7d]
Seat 3: JayEm82 (big blind) collected ($35.50)
Seat 4: ZinZar (button) (small blind) folded on the River


PokerStars Hand #150195344986:  Hold'em Limit ($3/$6 USD) - 2016/03/11 14:29:39 ET
Table 'Nerthus II' 6-max Seat #4 is the button
Seat 3: JayEm82 ($140.24 in chips)
Seat 4: ZinZar ($73 in chips)
ZinZar: posts small blind $1
JayEm82: posts big blind $3
*** HOLE CARDS ***
ZinZar: raises $3 to $6
JayEm82: calls $3
*** FLOP *** [Ad Jh 3s]
JayEm82: checks
ZinZar: bets $3
JayEm82: folds
Uncalled bet ($3) returned to ZinZar
ZinZar collected $11.76 from pot
ZinZar: doesn't show hand
*** SUMMARY ***
Total pot $12 | Rake $0.24
Board [Ad Jh 3s]
Seat 3: JayEm82 (big blind) folded on the Flop
Seat 4: ZinZar (button) (small blind) collected ($11.76)


PokerStars Hand #150195362977:  Hold'em Limit ($3/$6 USD) - 2016/03/11 14:29:59 ET
Table 'Nerthus II' 6-max Seat #3 is the button
Seat 3: JayEm82 ($134.24 in chips)
Seat 4: ZinZar ($78.76 in chips)
JayEm82: posts small blind $1
ZinZar: posts big blind $3
*** HOLE CARDS ***
JayEm82: raises $3 to $6
ZinZar: raises $3 to $9
JayEm82: raises $3 to $12
Betting is capped
ZinZar: calls $3
*** FLOP *** [3c Qh 4h]
ZinZar: checks
JayEm82: bets $3
ZinZar: raises $3 to $6
JayEm82: calls $3
*** TURN *** [3c Qh 4h] [Kc]
ZinZar: bets $6
JayEm82: raises $6 to $12
ZinZar: calls $6
*** RIVER *** [3c Qh 4h Kc] [6d]
ZinZar: checks
JayEm82: bets $6
ZinZar: folds
Uncalled bet ($6) returned to JayEm82
JayEm82 collected $59.50 from pot
JayEm82: doesn't show hand
*** SUMMARY ***
Total pot $60 | Rake $0.50
Board [3c Qh 4h Kc 6d]
Seat 3: JayEm82 (button) (small blind) collected ($59.50)
Seat 4: ZinZar (big blind) folded on the River


PokerStars Hand #150195408882:  Hold'em Limit ($3/$6 USD) - 2016/03/11 14:30:51 ET
Table 'Nerthus II' 6-max Seat #4 is the button
Seat 3: JayEm82 ($163.74 in chips)
Seat 4: ZinZar ($72 in chips)
ZinZar: posts small blind $1
JayEm82: posts big blind $3
*** HOLE CARDS ***
ZinZar: raises $3 to $6
JayEm82: calls $3
*** FLOP *** [3d 3s 4c]
JayEm82: checks
ZinZar: bets $3
JayEm82: calls $3
*** TURN *** [3d 3s 4c] [9h]
JayEm82: checks
ZinZar: bets $6
JayEm82: raises $6 to $12
ZinZar: folds
Uncalled bet ($6) returned to JayEm82
JayEm82 collected $29.50 from pot
JayEm82: doesn't show hand
*** SUMMARY ***
Total pot $30 | Rake $0.50
Board [3d 3s 4c 9h]
Seat 3: JayEm82 (big blind) collected ($29.50)
Seat 4: ZinZar (button) (small blind) folded on the Turn


PokerStars Hand #150195637149:  Hold'em Limit ($3/$6 USD) - 2016/03/11 14:35:06 ET
Table 'Nerthus II' 6-max Seat #3 is the button
Seat 3: Shara.Vi ($36.83 in chips)
Seat 4: Actionni13 ($150 in chips)
Shara.Vi: posts small blind $1
Actionni13: posts big blind $3
*** HOLE CARDS ***
Shara.Vi: raises $3 to $6
Actionni13: calls $3
*** FLOP *** [8c Th 2s]
JayEm82 joins the table at seat #5
Actionni13: checks
Shara.Vi: bets $3
Actionni13: folds
Uncalled bet ($3) returned to Shara.Vi
Shara.Vi collected $11.76 from pot
*** SUMMARY ***
Total pot $12 | Rake $0.24
Board [8c Th 2s]
Seat 3: Shara.Vi (button) (small blind) collected ($11.76)
Seat 4: Actionni13 (big blind) folded on the Flop


PokerStars Hand #150196293329:  Hold'em Limit ($3/$6 USD) - 2016/03/11 14:47:13 ET
Table 'Nerthus II' 6-max Seat #5 is the button
Seat 2: livenuncut ($89.04 in chips)
Seat 5: JayEm82 ($170.28 in chips)
JayEm82: posts small blind $1
livenuncut: posts big blind $3
*** HOLE CARDS ***
JayEm82: raises $3 to $6
livenuncut: folds
Uncalled bet ($3) returned to JayEm82
JayEm82 collected $6 from pot
JayEm82: doesn't show hand
*** SUMMARY ***
Total pot $6 | Rake $0
Seat 2: livenuncut (big blind) folded before Flop
Seat 5: JayEm82 (button) (small blind) collected ($6)


PokerStars Hand #150196273081:  Hold'em Limit ($3/$6 USD) - 2016/03/11 14:46:51 ET
Table 'Nerthus II' 6-max Seat #2 is the button
Seat 2: livenuncut ($90.04 in chips)
Seat 5: JayEm82 ($169.28 in chips)
livenuncut: posts small blind $1
Actionni13 has timed out
Actionni13: is sitting out
JayEm82: posts big blind $3
*** HOLE CARDS ***
livenuncut: folds
Uncalled bet ($2) returned to JayEm82
JayEm82 collected $2 from pot
JayEm82: doesn't show hand
*** SUMMARY ***
Total pot $2 | Rake $0
Seat 2: livenuncut (button) (small blind) folded before Flop
Seat 5: JayEm82 (big blind) collected ($2)


