PokerStars Hand #175759216527:  Hold'em Limit ($3/$6 USD) - 2017/09/17 9:43:22 ET
Table 'Neshmet' 6-max Seat #3 is the button
Seat 3: Oxy2016 ($120 in chips)
Seat 4: vestimokrec ($120 in chips)
Oxy2016: posts small blind $1
vestimokrec: posts big blind $3
*** HOLE CARDS ***
Oxy2016: raises $3 to $6
vestimokrec: calls $3
*** FLOP *** [5c Jh Jd]
vestimokrec: checks
Oxy2016: bets $3
vestimokrec: raises $3 to $6
Oxy2016: calls $3
*** TURN *** [5c Jh Jd] [Kc]
vestimokrec: bets $6
Oxy2016: calls $6
*** RIVER *** [5c Jh Jd Kc] [9s]
vestimokrec: bets $6
Oxy2016: calls $6
*** SHOW DOWN ***
vestimokrec: shows [5h 7d] (two pair, Jacks and Fives)
Oxy2016: shows [9d Tc] (two pair, Jacks and Nines)
Oxy2016 collected $47.50 from pot
*** SUMMARY ***
Total pot $48 | Rake $0.50
Board [5c Jh Jd Kc 9s]
Seat 3: Oxy2016 (button) (small blind) showed [9d Tc] and won ($47.50) with two pair, Jacks and Nines
Seat 4: vestimokrec (big blind) showed [5h 7d] and lost with two pair, Jacks and Fives


PokerStars Hand #175759239283:  Hold'em Limit ($3/$6 USD) - 2017/09/17 9:43:59 ET
Table 'Neshmet' 6-max Seat #4 is the button
Seat 3: Oxy2016 ($143.50 in chips)
Seat 4: vestimokrec ($96 in chips)
vestimokrec: posts small blind $1
Oxy2016: posts big blind $3
*** HOLE CARDS ***
vestimokrec: raises $3 to $6
Oxy2016: calls $3
*** FLOP *** [Ac 5s 3d]
Oxy2016: checks
vestimokrec: bets $3
Oxy2016: raises $3 to $6
vestimokrec: calls $3
*** TURN *** [Ac 5s 3d] [3c]
Oxy2016: bets $6
vestimokrec: calls $6
*** RIVER *** [Ac 5s 3d 3c] [6d]
Oxy2016: bets $6
vestimokrec: calls $6
*** SHOW DOWN ***
Oxy2016: shows [Qc 4h] (a pair of Threes)
vestimokrec: shows [Ts Td] (two pair, Tens and Threes)
vestimokrec collected $47.50 from pot
*** SUMMARY ***
Total pot $48 | Rake $0.50
Board [Ac 5s 3d 3c 6d]
Seat 3: Oxy2016 (big blind) showed [Qc 4h] and lost with a pair of Threes
Seat 4: vestimokrec (button) (small blind) showed [Ts Td] and won ($47.50) with two pair, Tens and Threes


PokerStars Hand #175759336147:  Hold'em Limit ($3/$6 USD) - 2017/09/17 9:46:38 ET
Table 'Neshmet' 6-max Seat #3 is the button
Seat 3: Oxy2016 ($82.50 in chips)
Seat 4: vestimokrec ($155.52 in chips)
Oxy2016: posts small blind $1
vestimokrec: posts big blind $3
*** HOLE CARDS ***
Oxy2016: raises $3 to $6
vestimokrec: calls $3
*** FLOP *** [9c Kh Jd]
vestimokrec: checks
Oxy2016: bets $3
vestimokrec: folds
Uncalled bet ($3) returned to Oxy2016
Oxy2016 collected $11.76 from pot
*** SUMMARY ***
Total pot $12 | Rake $0.24
Board [9c Kh Jd]
Seat 3: Oxy2016 (button) (small blind) collected ($11.76)
Seat 4: vestimokrec (big blind) folded on the Flop


PokerStars Hand #175759330656:  Hold'em Limit ($3/$6 USD) - 2017/09/17 9:46:29 ET
Table 'Neshmet' 6-max Seat #4 is the button
Seat 3: Oxy2016 ($85.50 in chips)
Seat 4: vestimokrec ($152.52 in chips)
vestimokrec: posts small blind $1
Oxy2016: posts big blind $3
*** HOLE CARDS ***
vestimokrec: raises $3 to $6
Oxy2016: folds
Uncalled bet ($3) returned to vestimokrec
vestimokrec collected $6 from pot
vestimokrec: doesn't show hand
*** SUMMARY ***
Total pot $6 | Rake $0
Seat 3: Oxy2016 (big blind) folded before Flop
Seat 4: vestimokrec (button) (small blind) collected ($6)


PokerStars Hand #175759299483:  Hold'em Limit ($3/$6 USD) - 2017/09/17 9:45:38 ET
Table 'Neshmet' 6-max Seat #4 is the button
Seat 3: Oxy2016 ($107.50 in chips)
Seat 4: vestimokrec ($131.02 in chips)
vestimokrec: posts small blind $1
Oxy2016: posts big blind $3
*** HOLE CARDS ***
vestimokrec: raises $3 to $6
Oxy2016: calls $3
*** FLOP *** [6d 5h Qs]
Oxy2016: checks
vestimokrec: bets $3
Oxy2016: calls $3
*** TURN *** [6d 5h Qs] [Ts]
Oxy2016: checks
vestimokrec: bets $6
Oxy2016: calls $6
*** RIVER *** [6d 5h Qs Ts] [5s]
Oxy2016: bets $6
vestimokrec: calls $6
*** SHOW DOWN ***
Oxy2016: shows [Jd 8d] (a pair of Fives)
vestimokrec: shows [7c Th] (two pair, Tens and Fives)
vestimokrec collected $41.50 from pot
*** SUMMARY ***
Total pot $42 | Rake $0.50
Board [6d 5h Qs Ts 5s]
Seat 3: Oxy2016 (big blind) showed [Jd 8d] and lost with a pair of Fives
Seat 4: vestimokrec (button) (small blind) showed [7c Th] and won ($41.50) with two pair, Tens and Fives


PokerStars Hand #175759327477:  Hold'em Limit ($3/$6 USD) - 2017/09/17 9:46:24 ET
Table 'Neshmet' 6-max Seat #3 is the button
Seat 3: Oxy2016 ($86.50 in chips)
Seat 4: vestimokrec ($151.52 in chips)
Oxy2016: posts small blind $1
vestimokrec: posts big blind $3
*** HOLE CARDS ***
Oxy2016: folds
Uncalled bet ($2) returned to vestimokrec
vestimokrec collected $2 from pot
vestimokrec: doesn't show hand
*** SUMMARY ***
Total pot $2 | Rake $0
Seat 3: Oxy2016 (button) (small blind) folded before Flop
Seat 4: vestimokrec (big blind) collected ($2)


PokerStars Hand #175759369727:  Hold'em Limit ($3/$6 USD) - 2017/09/17 9:47:33 ET
Table 'Neshmet' 6-max Seat #3 is the button
Seat 3: Oxy2016 ($64.26 in chips)
Seat 4: vestimokrec ($173.02 in chips)
Oxy2016: posts small blind $1
vestimokrec: posts big blind $3
*** HOLE CARDS ***
Oxy2016: folds
Uncalled bet ($2) returned to vestimokrec
vestimokrec collected $2 from pot
vestimokrec: doesn't show hand
*** SUMMARY ***
Total pot $2 | Rake $0
Seat 3: Oxy2016 (button) (small blind) folded before Flop
Seat 4: vestimokrec (big blind) collected ($2)


PokerStars Hand #175759347960:  Hold'em Limit ($3/$6 USD) - 2017/09/17 9:46:58 ET
Table 'Neshmet' 6-max Seat #4 is the button
Seat 3: Oxy2016 ($88.26 in chips)
Seat 4: vestimokrec ($149.52 in chips)
vestimokrec: posts small blind $1
Oxy2016: posts big blind $3
*** HOLE CARDS ***
vestimokrec: raises $3 to $6
Oxy2016: raises $3 to $9
vestimokrec: calls $3
*** FLOP *** [4s 7s 6h]
Oxy2016: bets $3
vestimokrec: calls $3
*** TURN *** [4s 7s 6h] [Td]
Oxy2016: bets $6
vestimokrec: calls $6
*** RIVER *** [4s 7s 6h Td] [Jd]
Oxy2016: bets $6
vestimokrec: calls $6
*** SHOW DOWN ***
Oxy2016: shows [5s Qd] (high card Queen)
vestimokrec: shows [4c 2c] (a pair of Fours)
vestimokrec collected $47.50 from pot
*** SUMMARY ***
Total pot $48 | Rake $0.50
Board [4s 7s 6h Td Jd]
Seat 3: Oxy2016 (big blind) showed [5s Qd] and lost with high card Queen
Seat 4: vestimokrec (button) (small blind) showed [4c 2c] and won ($47.50) with a pair of Fours


PokerStars Hand #175759372898:  Hold'em Limit ($3/$6 USD) - 2017/09/17 9:47:38 ET
Table 'Neshmet' 6-max Seat #4 is the button
Seat 3: Oxy2016 ($63.26 in chips)
Seat 4: vestimokrec ($174.02 in chips)
vestimokrec: posts small blind $1
Oxy2016: posts big blind $3
*** HOLE CARDS ***
vestimokrec: raises $3 to $6
Oxy2016: calls $3
*** FLOP *** [4h 9c 6h]
Oxy2016: checks
vestimokrec: checks
*** TURN *** [4h 9c 6h] [8c]
Oxy2016: bets $6
vestimokrec: folds
Uncalled bet ($6) returned to Oxy2016
Oxy2016 collected $11.76 from pot
*** SUMMARY ***
Total pot $12 | Rake $0.24
Board [4h 9c 6h 8c]
Seat 3: Oxy2016 (big blind) collected ($11.76)
Seat 4: vestimokrec (button) (small blind) folded on the Turn


PokerStars Hand #175759409781:  Hold'em Limit ($3/$6 USD) - 2017/09/17 9:48:38 ET
Table 'Neshmet' 6-max Seat #4 is the button
Seat 3: Oxy2016 ($360.34 in chips)
Seat 4: vestimokrec ($162.02 in chips)
vestimokrec: posts small blind $1
Oxy2016: posts big blind $3
*** HOLE CARDS ***
vestimokrec: raises $3 to $6
Oxy2016: calls $3
*** FLOP *** [Td 7s Kd]
Oxy2016: bets $3
vestimokrec: folds
Uncalled bet ($3) returned to Oxy2016
Oxy2016 collected $11.76 from pot
*** SUMMARY ***
Total pot $12 | Rake $0.24
Board [Td 7s Kd]
Seat 3: Oxy2016 (big blind) collected ($11.76)
Seat 4: vestimokrec (button) (small blind) folded on the Flop


PokerStars Hand #175759396909:  Hold'em Limit ($3/$6 USD) - 2017/09/17 9:48:17 ET
Table 'Neshmet' 6-max Seat #3 is the button
Seat 3: Oxy2016 ($354.58 in chips)
Seat 4: vestimokrec ($168.02 in chips)
Oxy2016: posts small blind $1
vestimokrec: posts big blind $3
*** HOLE CARDS ***
Oxy2016: raises $3 to $6
vestimokrec: calls $3
*** FLOP *** [2s Kh Kc]
vestimokrec: checks
Oxy2016: checks
*** TURN *** [2s Kh Kc] [4c]
vestimokrec: checks
Oxy2016: bets $6
vestimokrec: folds
Uncalled bet ($6) returned to Oxy2016
Oxy2016 collected $11.76 from pot
*** SUMMARY ***
Total pot $12 | Rake $0.24
Board [2s Kh Kc 4c]
Seat 3: Oxy2016 (button) (small blind) collected ($11.76)
Seat 4: vestimokrec (big blind) folded on the Turn


PokerStars Hand #175759419714:  Hold'em Limit ($3/$6 USD) - 2017/09/17 9:48:54 ET
Table 'Neshmet' 6-max Seat #3 is the button
Seat 3: Oxy2016 ($366.10 in chips)
Seat 4: vestimokrec ($156.02 in chips)
Oxy2016: posts small blind $1
vestimokrec: posts big blind $3
*** HOLE CARDS ***
Oxy2016: raises $3 to $6
vestimokrec: calls $3
*** FLOP *** [6h Jc 5h]
vestimokrec: checks
Oxy2016: checks
*** TURN *** [6h Jc 5h] [3c]
vestimokrec: checks
Oxy2016: bets $6
vestimokrec: raises $6 to $12
Oxy2016: calls $6
*** RIVER *** [6h Jc 5h 3c] [Kh]
vestimokrec: bets $6
Oxy2016: calls $6
*** SHOW DOWN ***
vestimokrec: shows [Ac Ad] (a pair of Aces)
Oxy2016: mucks hand
vestimokrec collected $47.50 from pot
*** SUMMARY ***
Total pot $48 | Rake $0.50
Board [6h Jc 5h 3c Kh]
Seat 3: Oxy2016 (button) (small blind) mucked
Seat 4: vestimokrec (big blind) showed [Ac Ad] and won ($47.50) with a pair of Aces


PokerStars Hand #175759440143:  Hold'em Limit ($3/$6 USD) - 2017/09/17 9:49:27 ET
Table 'Neshmet' 6-max Seat #4 is the button
Seat 3: Oxy2016 ($342.10 in chips)
Seat 4: vestimokrec ($179.52 in chips)
vestimokrec: posts small blind $1
Oxy2016: posts big blind $3
*** HOLE CARDS ***
vestimokrec: raises $3 to $6
Oxy2016: folds
Uncalled bet ($3) returned to vestimokrec
vestimokrec collected $6 from pot
vestimokrec: doesn't show hand
*** SUMMARY ***
Total pot $6 | Rake $0
Seat 3: Oxy2016 (big blind) folded before Flop
Seat 4: vestimokrec (button) (small blind) collected ($6)


PokerStars Hand #175759496709:  Hold'em Limit ($3/$6 USD) - 2017/09/17 9:50:58 ET
Table 'Neshmet' 6-max Seat #3 is the button
Seat 3: Oxy2016 ($297.10 in chips)
Seat 4: vestimokrec ($223.52 in chips)
Oxy2016: posts small blind $1
vestimokrec: posts big blind $3
*** HOLE CARDS ***
Oxy2016: folds
Uncalled bet ($2) returned to vestimokrec
vestimokrec collected $2 from pot
vestimokrec: doesn't show hand
*** SUMMARY ***
Total pot $2 | Rake $0
Seat 3: Oxy2016 (button) (small blind) folded before Flop
Seat 4: vestimokrec (big blind) collected ($2)


PokerStars Hand #175759473865:  Hold'em Limit ($3/$6 USD) - 2017/09/17 9:50:21 ET
Table 'Neshmet' 6-max Seat #4 is the button
Seat 3: Oxy2016 ($321.10 in chips)
Seat 4: vestimokrec ($200.02 in chips)
vestimokrec: posts small blind $1
Oxy2016: posts big blind $3
*** HOLE CARDS ***
vestimokrec: raises $3 to $6
Oxy2016: raises $3 to $9
vestimokrec: calls $3
*** FLOP *** [Kc Ts 8d]
Oxy2016: bets $3
vestimokrec: calls $3
*** TURN *** [Kc Ts 8d] [5c]
Oxy2016: bets $6
vestimokrec: calls $6
*** RIVER *** [Kc Ts 8d 5c] [Qd]
Oxy2016: bets $6
vestimokrec: calls $6
*** SHOW DOWN ***
Oxy2016: shows [Ad 9s] (high card Ace)
vestimokrec: shows [Td Jd] (a pair of Tens)
vestimokrec collected $47.50 from pot
*** SUMMARY ***
Total pot $48 | Rake $0.50
Board [Kc Ts 8d 5c Qd]
Seat 3: Oxy2016 (big blind) showed [Ad 9s] and lost with high card Ace
Seat 4: vestimokrec (button) (small blind) showed [Td Jd] and won ($47.50) with a pair of Tens


PokerStars Hand #175759445790:  Hold'em Limit ($3/$6 USD) - 2017/09/17 9:49:36 ET
Table 'Neshmet' 6-max Seat #3 is the button
Seat 3: Oxy2016 ($339.10 in chips)
Seat 4: vestimokrec ($182.52 in chips)
Oxy2016: posts small blind $1
vestimokrec: posts big blind $3
*** HOLE CARDS ***
Oxy2016: raises $3 to $6
vestimokrec: calls $3
*** FLOP *** [Jd 3s Ac]
vestimokrec: checks
Oxy2016: bets $3
vestimokrec: raises $3 to $6
Oxy2016: calls $3
*** TURN *** [Jd 3s Ac] [9s]
vestimokrec: checks
Oxy2016: bets $6
vestimokrec: calls $6
*** RIVER *** [Jd 3s Ac 9s] [Ah]
vestimokrec: checks
Oxy2016: checks
*** SHOW DOWN ***
vestimokrec: shows [Th 9d] (two pair, Aces and Nines)
Oxy2016: mucks hand
vestimokrec collected $35.50 from pot
*** SUMMARY ***
Total pot $36 | Rake $0.50
Board [Jd 3s Ac 9s Ah]
Seat 3: Oxy2016 (button) (small blind) mucked
Seat 4: vestimokrec (big blind) showed [Th 9d] and won ($35.50) with two pair, Aces and Nines


PokerStars Hand #175759500149:  Hold'em Limit ($3/$6 USD) - 2017/09/17 9:51:04 ET
Table 'Neshmet' 6-max Seat #4 is the button
Seat 3: Oxy2016 ($296.10 in chips)
Seat 4: vestimokrec ($224.52 in chips)
vestimokrec: posts small blind $1
Oxy2016: posts big blind $3
*** HOLE CARDS ***
vestimokrec: raises $3 to $6
Oxy2016: calls $3
*** FLOP *** [Ad 7h 3s]
Oxy2016: checks
vestimokrec: bets $3
Oxy2016: calls $3
*** TURN *** [Ad 7h 3s] [4s]
Oxy2016: checks
vestimokrec: checks
*** RIVER *** [Ad 7h 3s 4s] [5c]
Oxy2016: bets $6
vestimokrec: folds
Uncalled bet ($6) returned to Oxy2016
Oxy2016 collected $17.64 from pot
*** SUMMARY ***
Total pot $18 | Rake $0.36
Board [Ad 7h 3s 4s 5c]
Seat 3: Oxy2016 (big blind) collected ($17.64)
Seat 4: vestimokrec (button) (small blind) folded on the River


PokerStars Hand #175759525050:  Hold'em Limit ($3/$6 USD) - 2017/09/17 9:51:44 ET
Table 'Neshmet' 6-max Seat #3 is the button
Seat 3: Oxy2016 ($304.74 in chips)
Seat 4: vestimokrec ($215.52 in chips)
Oxy2016: posts small blind $1
vestimokrec: posts big blind $3
*** HOLE CARDS ***
Oxy2016: raises $3 to $6
TSzalay joins the table at seat #2
vestimokrec: calls $3
*** FLOP *** [7d Qs 2h]
vestimokrec: checks
Oxy2016: bets $3
vestimokrec: calls $3
*** TURN *** [7d Qs 2h] [Tc]
vestimokrec: checks
Oxy2016: bets $6
vestimokrec: calls $6
*** RIVER *** [7d Qs 2h Tc] [8h]
vestimokrec: checks
Oxy2016: bets $6
vestimokrec: folds
Uncalled bet ($6) returned to Oxy2016
Oxy2016 collected $29.50 from pot
*** SUMMARY ***
Total pot $30 | Rake $0.50
Board [7d Qs 2h Tc 8h]
Seat 3: Oxy2016 (button) (small blind) collected ($29.50)
Seat 4: vestimokrec (big blind) folded on the River


PokerStars Hand #175759671858:  Hold'em Limit ($3/$6 USD) - 2017/09/17 9:55:52 ET
Table 'Neshmet' 6-max Seat #4 is the button
Seat 2: TSzalay ($165.24 in chips)
Seat 4: vestimokrec ($195.35 in chips)
vestimokrec: posts small blind $1
TSzalay: posts big blind $3
*** HOLE CARDS ***
vestimokrec: raises $3 to $6
TSzalay: calls $3
*** FLOP *** [7s 2h Jc]
TSzalay: checks
vestimokrec: bets $3
TSzalay: folds
Uncalled bet ($3) returned to vestimokrec
vestimokrec collected $11.76 from pot
vestimokrec: doesn't show hand
*** SUMMARY ***
Total pot $12 | Rake $0.24
Board [7s 2h Jc]
Seat 2: TSzalay (big blind) folded on the Flop
Seat 4: vestimokrec (button) (small blind) collected ($11.76)


PokerStars Hand #175759683873:  Hold'em Limit ($3/$6 USD) - 2017/09/17 9:56:17 ET
Table 'Neshmet' 6-max Seat #2 is the button
Seat 2: TSzalay ($159.24 in chips)
Seat 4: vestimokrec ($201.11 in chips)
TSzalay: posts small blind $1
vestimokrec: posts big blind $3
*** HOLE CARDS ***
TSzalay: raises $3 to $6
vestimokrec: calls $3
*** FLOP *** [4h 9d 6h]
vestimokrec: checks
TSzalay: checks
*** TURN *** [4h 9d 6h] [3s]
vestimokrec: bets $6
TSzalay: folds
Uncalled bet ($6) returned to vestimokrec
vestimokrec collected $11.76 from pot
vestimokrec: doesn't show hand
*** SUMMARY ***
Total pot $12 | Rake $0.24
Board [4h 9d 6h 3s]
Seat 2: TSzalay (button) (small blind) folded on the Turn
Seat 4: vestimokrec (big blind) collected ($11.76)


