PokerStars Hand #147639620535:  Hold'em Limit ($3/$6 USD) - 2016/01/25 4:02:48 ET
Table 'Neshmet' 2-max Seat #1 is the button
Seat 1: Luarvik888 ($146.28 in chips)
Seat 2: annjne ($90 in chips)
Luarvik888: posts small blind $1
annjne: posts big blind $3
*** HOLE CARDS ***
Luarvik888: raises $3 to $6
annjne: calls $3
*** FLOP *** [Ks 2s 8c]
annjne: checks
Luarvik888: checks
*** TURN *** [Ks 2s 8c] [Jh]
annjne: checks
Luarvik888: checks
*** RIVER *** [Ks 2s 8c Jh] [9h]
annjne: checks
Luarvik888: bets $6
annjne: calls $6
*** SHOW DOWN ***
Luarvik888: shows [Th Qd] (a straight, Nine to King)
annjne: mucks hand
Luarvik888 collected $23.52 from pot
*** SUMMARY ***
Total pot $24 | Rake $0.48
Board [Ks 2s 8c Jh 9h]
Seat 1: Luarvik888 (button) (small blind) showed [Th Qd] and won ($23.52) with a straight, Nine to King
Seat 2: annjne (big blind) mucked


PokerStars Hand #147639625340:  Hold'em Limit ($3/$6 USD) - 2016/01/25 4:03:02 ET
Table 'Neshmet' 2-max Seat #2 is the button
Seat 1: Luarvik888 ($157.80 in chips)
Seat 2: annjne ($78 in chips)
annjne: posts small blind $1
Luarvik888: posts big blind $3
*** HOLE CARDS ***
annjne: raises $3 to $6
Luarvik888: calls $3
*** FLOP *** [Jd 5d 4h]
Luarvik888: checks
annjne: checks
*** TURN *** [Jd 5d 4h] [Qh]
Luarvik888: checks
annjne: checks
*** RIVER *** [Jd 5d 4h Qh] [9h]
annjne said, "go 5-10"
Luarvik888: checks
annjne: checks
*** SHOW DOWN ***
Luarvik888: shows [Kh 9c] (a pair of Nines)
annjne: mucks hand
Luarvik888 collected $11.76 from pot
*** SUMMARY ***
Total pot $12 | Rake $0.24
Board [Jd 5d 4h Qh 9h]
Seat 1: Luarvik888 (big blind) showed [Kh 9c] and won ($11.76) with a pair of Nines
Seat 2: annjne (button) (small blind) mucked


PokerStars Hand #147639644316:  Hold'em Limit ($3/$6 USD) - 2016/01/25 4:03:53 ET
Table 'Neshmet' 2-max Seat #2 is the button
Seat 1: Luarvik888 ($162.56 in chips)
Seat 2: annjne ($73 in chips)
annjne: posts small blind $1
Luarvik888: posts big blind $3
*** HOLE CARDS ***
annjne: raises $3 to $6
Luarvik888: calls $3
*** FLOP *** [5d 5h 8d]
Luarvik888: checks
annjne: checks
*** TURN *** [5d 5h 8d] [9c]
Luarvik888: bets $6
annjne: calls $6
*** RIVER *** [5d 5h 8d 9c] [4h]
Luarvik888: checks
annjne: checks
*** SHOW DOWN ***
Luarvik888: shows [Jd Td] (a pair of Fives)
annjne: shows [Th Jc] (a pair of Fives)
Luarvik888 collected $11.76 from pot
annjne collected $11.76 from pot
*** SUMMARY ***
Total pot $24 | Rake $0.48
Board [5d 5h 8d 9c 4h]
Seat 1: Luarvik888 (big blind) showed [Jd Td] and won ($11.76) with a pair of Fives
Seat 2: annjne (button) (small blind) showed [Th Jc] and won ($11.76) with a pair of Fives


PokerStars Hand #147639642646:  Hold'em Limit ($3/$6 USD) - 2016/01/25 4:03:49 ET
Table 'Neshmet' 2-max Seat #1 is the button
Seat 1: Luarvik888 ($163.56 in chips)
Seat 2: annjne ($72 in chips)
Luarvik888: posts small blind $1
annjne: posts big blind $3
*** HOLE CARDS ***
Luarvik888: folds
Uncalled bet ($2) returned to annjne
annjne collected $2 from pot
annjne: doesn't show hand
*** SUMMARY ***
Total pot $2 | Rake $0
Seat 1: Luarvik888 (button) (small blind) folded before Flop
Seat 2: annjne (big blind) collected ($2)


PokerStars Hand #147639650201:  Hold'em Limit ($3/$6 USD) - 2016/01/25 4:04:09 ET
Table 'Neshmet' 2-max Seat #1 is the button
Seat 1: Luarvik888 ($162.32 in chips)
Seat 2: annjne ($72.76 in chips)
Luarvik888: posts small blind $1
annjne: posts big blind $3
*** HOLE CARDS ***
Luarvik888: raises $3 to $6
annjne: calls $3
*** FLOP *** [4c 5d 6h]
annjne: checks
Luarvik888: checks
*** TURN *** [4c 5d 6h] [7h]
annjne: checks
Luarvik888: bets $6
annjne: folds
Uncalled bet ($6) returned to Luarvik888
Luarvik888 collected $11.76 from pot
*** SUMMARY ***
Total pot $12 | Rake $0.24
Board [4c 5d 6h 7h]
Seat 1: Luarvik888 (button) (small blind) collected ($11.76)
Seat 2: annjne (big blind) folded on the Turn


PokerStars Hand #147639670725:  Hold'em Limit ($3/$6 USD) - 2016/01/25 4:05:04 ET
Table 'Neshmet' 2-max Seat #1 is the button
Seat 1: Luarvik888 ($166.08 in chips)
Seat 2: annjne ($68.52 in chips)
Luarvik888: posts small blind $1
annjne: posts big blind $3
*** HOLE CARDS ***
Luarvik888: raises $3 to $6
annjne: calls $3
*** FLOP *** [Td 4h 9s]
annjne: checks
Luarvik888: checks
*** TURN *** [Td 4h 9s] [Js]
annjne: bets $6
Luarvik888: folds
Uncalled bet ($6) returned to annjne
annjne collected $11.76 from pot
annjne: doesn't show hand
*** SUMMARY ***
Total pot $12 | Rake $0.24
Board [Td 4h 9s Js]
Seat 1: Luarvik888 (button) (small blind) folded on the Turn
Seat 2: annjne (big blind) collected ($11.76)


PokerStars Hand #147639666926:  Hold'em Limit ($3/$6 USD) - 2016/01/25 4:04:54 ET
Table 'Neshmet' 2-max Seat #1 is the button
Seat 1: Luarvik888 ($162.08 in chips)
Seat 2: annjne ($72.52 in chips)
Luarvik888: posts small blind $1
annjne: posts big blind $3
*** HOLE CARDS ***
Luarvik888: raises $3 to $6
annjne: folds
Uncalled bet ($3) returned to Luarvik888
Luarvik888 collected $6 from pot
*** SUMMARY ***
Total pot $6 | Rake $0
Seat 1: Luarvik888 (button) (small blind) collected ($6)
Seat 2: annjne (big blind) folded before Flop


PokerStars Hand #147639669040:  Hold'em Limit ($3/$6 USD) - 2016/01/25 4:04:59 ET
Table 'Neshmet' 2-max Seat #2 is the button
Seat 1: Luarvik888 ($165.08 in chips)
Seat 2: annjne ($69.52 in chips)
annjne: posts small blind $1
Luarvik888: posts big blind $3
*** HOLE CARDS ***
annjne: folds
Uncalled bet ($2) returned to Luarvik888
Luarvik888 collected $2 from pot
*** SUMMARY ***
Total pot $2 | Rake $0
Seat 1: Luarvik888 (big blind) collected ($2)
Seat 2: annjne (button) (small blind) folded before Flop


PokerStars Hand #147639688259:  Hold'em Limit ($3/$6 USD) - 2016/01/25 4:05:51 ET
Table 'Neshmet' 2-max Seat #2 is the button
Seat 1: Luarvik888 ($146.84 in chips)
Seat 2: annjne ($86.68 in chips)
annjne: posts small blind $1
Luarvik888: posts big blind $3
*** HOLE CARDS ***
annjne: raises $3 to $6
Luarvik888: calls $3
*** FLOP *** [Qh 2s 3d]
Luarvik888: checks
annjne: bets $3
Luarvik888: folds
Uncalled bet ($3) returned to annjne
annjne collected $11.76 from pot
annjne: doesn't show hand
*** SUMMARY ***
Total pot $12 | Rake $0.24
Board [Qh 2s 3d]
Seat 1: Luarvik888 (big blind) folded on the Flop
Seat 2: annjne (button) (small blind) collected ($11.76)


PokerStars Hand #147639684445:  Hold'em Limit ($3/$6 USD) - 2016/01/25 4:05:41 ET
Table 'Neshmet' 2-max Seat #2 is the button
Seat 1: Luarvik888 ($150.84 in chips)
Seat 2: annjne ($82.68 in chips)
annjne: posts small blind $1
Luarvik888: posts big blind $3
*** HOLE CARDS ***
annjne: raises $3 to $6
Luarvik888: folds
Uncalled bet ($3) returned to annjne
annjne collected $6 from pot
annjne: doesn't show hand
*** SUMMARY ***
Total pot $6 | Rake $0
Seat 1: Luarvik888 (big blind) folded before Flop
Seat 2: annjne (button) (small blind) collected ($6)


PokerStars Hand #147639680194:  Hold'em Limit ($3/$6 USD) - 2016/01/25 4:05:30 ET
Table 'Neshmet' 2-max Seat #1 is the button
Seat 1: Luarvik888 ($159.84 in chips)
Seat 2: annjne ($74.04 in chips)
Luarvik888: posts small blind $1
annjne: posts big blind $3
*** HOLE CARDS ***
Luarvik888: raises $3 to $6
annjne: raises $3 to $9
Luarvik888: calls $3
*** FLOP *** [Qd 3c Qc]
annjne: bets $3
Luarvik888: folds
Uncalled bet ($3) returned to annjne
annjne collected $17.64 from pot
annjne: doesn't show hand
*** SUMMARY ***
Total pot $18 | Rake $0.36
Board [Qd 3c Qc]
Seat 1: Luarvik888 (button) (small blind) folded on the Flop
Seat 2: annjne (big blind) collected ($17.64)


PokerStars Hand #147639674425:  Hold'em Limit ($3/$6 USD) - 2016/01/25 4:05:14 ET
Table 'Neshmet' 2-max Seat #2 is the button
Seat 1: Luarvik888 ($160.08 in chips)
Seat 2: annjne ($74.28 in chips)
annjne: posts small blind $1
Luarvik888: posts big blind $3
*** HOLE CARDS ***
annjne: raises $3 to $6
Luarvik888: calls $3
*** FLOP *** [Ac Qc Tc]
Luarvik888: checks
annjne: checks
*** TURN *** [Ac Qc Tc] [9c]
Luarvik888: checks
annjne: checks
*** RIVER *** [Ac Qc Tc 9c] [8c]
Luarvik888: bets $6
annjne: calls $6
*** SHOW DOWN ***
Luarvik888: shows [9d 6d] (a flush, Ace high)
annjne: shows [Kh 4h] (a flush, Ace high)
Luarvik888 collected $11.76 from pot
annjne collected $11.76 from pot
*** SUMMARY ***
Total pot $24 | Rake $0.48
Board [Ac Qc Tc 9c 8c]
Seat 1: Luarvik888 (big blind) showed [9d 6d] and won ($11.76) with a flush, Ace high
Seat 2: annjne (button) (small blind) showed [Kh 4h] and won ($11.76) with a flush, Ace high


PokerStars Hand #147639686575:  Hold'em Limit ($3/$6 USD) - 2016/01/25 4:05:47 ET
Table 'Neshmet' 2-max Seat #1 is the button
Seat 1: Luarvik888 ($147.84 in chips)
Seat 2: annjne ($85.68 in chips)
Luarvik888: posts small blind $1
annjne: posts big blind $3
*** HOLE CARDS ***
Luarvik888: folds
Uncalled bet ($2) returned to annjne
annjne collected $2 from pot
annjne: doesn't show hand
*** SUMMARY ***
Total pot $2 | Rake $0
Seat 1: Luarvik888 (button) (small blind) folded before Flop
Seat 2: annjne (big blind) collected ($2)


PokerStars Hand #147639696944:  Hold'em Limit ($3/$6 USD) - 2016/01/25 4:06:14 ET
Table 'Neshmet' 2-max Seat #2 is the button
Seat 1: Luarvik888 ($122.84 in chips)
Seat 2: annjne ($109.94 in chips)
annjne: posts small blind $1
Luarvik888: posts big blind $3
*** HOLE CARDS ***
annjne: folds
Uncalled bet ($2) returned to Luarvik888
Luarvik888 collected $2 from pot
*** SUMMARY ***
Total pot $2 | Rake $0
Seat 1: Luarvik888 (big blind) collected ($2)
Seat 2: annjne (button) (small blind) folded before Flop


PokerStars Hand #147639706996:  Hold'em Limit ($3/$6 USD) - 2016/01/25 4:06:41 ET
Table 'Neshmet' 2-max Seat #2 is the button
Seat 1: Luarvik888 ($121.84 in chips)
Seat 2: annjne ($110.70 in chips)
annjne: posts small blind $1
Luarvik888: posts big blind $3
*** HOLE CARDS ***
annjne: raises $3 to $6
Luarvik888: folds
Uncalled bet ($3) returned to annjne
annjne collected $6 from pot
annjne: doesn't show hand
*** SUMMARY ***
Total pot $6 | Rake $0
Seat 1: Luarvik888 (big blind) folded before Flop
Seat 2: annjne (button) (small blind) collected ($6)


PokerStars Hand #147639702615:  Hold'em Limit ($3/$6 USD) - 2016/01/25 4:06:30 ET
Table 'Neshmet' 2-max Seat #1 is the button
Seat 1: Luarvik888 ($127.84 in chips)
Seat 2: annjne ($104.94 in chips)
Luarvik888: posts small blind $1
annjne: posts big blind $3
*** HOLE CARDS ***
Luarvik888: raises $3 to $6
annjne: calls $3
*** FLOP *** [Kd Ah 7h]
annjne: checks
Luarvik888: checks
*** TURN *** [Kd Ah 7h] [3h]
annjne: bets $6
Luarvik888: folds
Uncalled bet ($6) returned to annjne
annjne collected $11.76 from pot
annjne: doesn't show hand
*** SUMMARY ***
Total pot $12 | Rake $0.24
Board [Kd Ah 7h 3h]
Seat 1: Luarvik888 (button) (small blind) folded on the Turn
Seat 2: annjne (big blind) collected ($11.76)


PokerStars Hand #147639700969:  Hold'em Limit ($3/$6 USD) - 2016/01/25 4:06:25 ET
Table 'Neshmet' 2-max Seat #2 is the button
Seat 1: Luarvik888 ($126.84 in chips)
Seat 2: annjne ($105.94 in chips)
annjne: posts small blind $1
Luarvik888: posts big blind $3
*** HOLE CARDS ***
annjne: folds
Uncalled bet ($2) returned to Luarvik888
Luarvik888 collected $2 from pot
*** SUMMARY ***
Total pot $2 | Rake $0
Seat 1: Luarvik888 (big blind) collected ($2)
Seat 2: annjne (button) (small blind) folded before Flop


PokerStars Hand #147639698775:  Hold'em Limit ($3/$6 USD) - 2016/01/25 4:06:19 ET
Table 'Neshmet' 2-max Seat #1 is the button
Seat 1: Luarvik888 ($123.84 in chips)
Seat 2: annjne ($108.94 in chips)
Luarvik888: posts small blind $1
annjne: posts big blind $3
*** HOLE CARDS ***
Luarvik888: raises $3 to $6
annjne: folds
Uncalled bet ($3) returned to Luarvik888
Luarvik888 collected $6 from pot
*** SUMMARY ***
Total pot $6 | Rake $0
Seat 1: Luarvik888 (button) (small blind) collected ($6)
Seat 2: annjne (big blind) folded before Flop


PokerStars Hand #147639709190:  Hold'em Limit ($3/$6 USD) - 2016/01/25 4:06:47 ET
Table 'Neshmet' 2-max Seat #1 is the button
Seat 1: Luarvik888 ($118.84 in chips)
Seat 2: annjne ($113.70 in chips)
Luarvik888: posts small blind $1
annjne: posts big blind $3
*** HOLE CARDS ***
Luarvik888: raises $3 to $6
annjne: calls $3
*** FLOP *** [4h Ad 5h]
annjne: checks
Luarvik888: bets $3
annjne: calls $3
*** TURN *** [4h Ad 5h] [Qh]
annjne: checks
Luarvik888: bets $6
annjne: folds
Uncalled bet ($6) returned to Luarvik888
Luarvik888 collected $17.64 from pot
*** SUMMARY ***
Total pot $18 | Rake $0.36
Board [4h Ad 5h Qh]
Seat 1: Luarvik888 (button) (small blind) collected ($17.64)
Seat 2: annjne (big blind) folded on the Turn


PokerStars Hand #147639731071:  Hold'em Limit ($3/$6 USD) - 2016/01/25 4:07:45 ET
Table 'Neshmet' 2-max Seat #1 is the button
Seat 1: Luarvik888 ($127.12 in chips)
Seat 2: annjne ($104.46 in chips)
Luarvik888: posts small blind $1
annjne: posts big blind $3
*** HOLE CARDS ***
Luarvik888: raises $3 to $6
annjne: folds
Uncalled bet ($3) returned to Luarvik888
Luarvik888 collected $6 from pot
*** SUMMARY ***
Total pot $6 | Rake $0
Seat 1: Luarvik888 (button) (small blind) collected ($6)
Seat 2: annjne (big blind) folded before Flop


PokerStars Hand #147639727366:  Hold'em Limit ($3/$6 USD) - 2016/01/25 4:07:36 ET
Table 'Neshmet' 2-max Seat #2 is the button
Seat 1: Luarvik888 ($130.12 in chips)
Seat 2: annjne ($101.46 in chips)
annjne: posts small blind $1
Luarvik888: posts big blind $3
*** HOLE CARDS ***
annjne: raises $3 to $6
Luarvik888: folds
Uncalled bet ($3) returned to annjne
annjne collected $6 from pot
annjne: doesn't show hand
*** SUMMARY ***
Total pot $6 | Rake $0
Seat 1: Luarvik888 (big blind) folded before Flop
Seat 2: annjne (button) (small blind) collected ($6)


PokerStars Hand #147639721173:  Hold'em Limit ($3/$6 USD) - 2016/01/25 4:07:19 ET
Table 'Neshmet' 2-max Seat #1 is the button
Seat 1: Luarvik888 ($136.12 in chips)
Seat 2: annjne ($95.70 in chips)
Luarvik888: posts small blind $1
annjne: posts big blind $3
*** HOLE CARDS ***
Luarvik888: raises $3 to $6
annjne: calls $3
*** FLOP *** [2h 3c Kc]
annjne: checks
Luarvik888: checks
*** TURN *** [2h 3c Kc] [9c]
annjne: bets $6
Luarvik888: folds
Uncalled bet ($6) returned to annjne
annjne collected $11.76 from pot
annjne: doesn't show hand
*** SUMMARY ***
Total pot $12 | Rake $0.24
Board [2h 3c Kc 9c]
Seat 1: Luarvik888 (button) (small blind) folded on the Turn
Seat 2: annjne (big blind) collected ($11.76)


PokerStars Hand #147639716064:  Hold'em Limit ($3/$6 USD) - 2016/01/25 4:07:06 ET
Table 'Neshmet' 2-max Seat #2 is the button
Seat 1: Luarvik888 ($127.48 in chips)
Seat 2: annjne ($104.70 in chips)
annjne: posts small blind $1
Luarvik888: posts big blind $3
*** HOLE CARDS ***
annjne: raises $3 to $6
Luarvik888: calls $3
*** FLOP *** [9d 9c Ad]
Luarvik888: checks
annjne: bets $3
Luarvik888: raises $3 to $6
annjne: folds
Uncalled bet ($3) returned to Luarvik888
Luarvik888 collected $17.64 from pot
*** SUMMARY ***
Total pot $18 | Rake $0.36
Board [9d 9c Ad]
Seat 1: Luarvik888 (big blind) collected ($17.64)
Seat 2: annjne (button) (small blind) folded on the Flop


PokerStars Hand #147639736192:  Hold'em Limit ($3/$6 USD) - 2016/01/25 4:07:59 ET
Table 'Neshmet' 2-max Seat #2 is the button
Seat 1: Luarvik888 ($130.12 in chips)
Seat 2: annjne ($101.46 in chips)
annjne: posts small blind $1
Luarvik888: posts big blind $3
*** HOLE CARDS ***
annjne: raises $3 to $6
Luarvik888: calls $3
*** FLOP *** [5c Td 8h]
Luarvik888: checks
annjne: checks
*** TURN *** [5c Td 8h] [8s]
Luarvik888: bets $6
annjne: folds
Uncalled bet ($6) returned to Luarvik888
Luarvik888 collected $11.76 from pot
*** SUMMARY ***
Total pot $12 | Rake $0.24
Board [5c Td 8h 8s]
Seat 1: Luarvik888 (big blind) collected ($11.76)
Seat 2: annjne (button) (small blind) folded on the Turn


PokerStars Hand #147639764223:  Hold'em Limit ($3/$6 USD) - 2016/01/25 4:09:13 ET
Table 'Neshmet' 2-max Seat #1 is the button
Seat 1: Luarvik888 ($173.54 in chips)
Seat 2: annjne ($116.46 in chips)
Luarvik888: posts small blind $1
annjne: posts big blind $3
*** HOLE CARDS ***
Luarvik888: raises $3 to $6
annjne: folds
Uncalled bet ($3) returned to Luarvik888
Luarvik888 collected $6 from pot
*** SUMMARY ***
Total pot $6 | Rake $0
Seat 1: Luarvik888 (button) (small blind) collected ($6)
Seat 2: annjne (big blind) folded before Flop


PokerStars Hand #147639761376:  Hold'em Limit ($3/$6 USD) - 2016/01/25 4:09:06 ET
Table 'Neshmet' 2-max Seat #2 is the button
Seat 1: Luarvik888 ($176.54 in chips)
Seat 2: annjne ($53.46 in chips)
annjne: posts small blind $1
Luarvik888: posts big blind $3
*** HOLE CARDS ***
annjne: raises $3 to $6
Luarvik888: folds
Uncalled bet ($3) returned to annjne
annjne collected $6 from pot
annjne: doesn't show hand
*** SUMMARY ***
Total pot $6 | Rake $0
Seat 1: Luarvik888 (big blind) folded before Flop
Seat 2: annjne (button) (small blind) collected ($6)


PokerStars Hand #147639753908:  Hold'em Limit ($3/$6 USD) - 2016/01/25 4:08:46 ET
Table 'Neshmet' 2-max Seat #1 is the button
Seat 1: Luarvik888 ($156.04 in chips)
Seat 2: annjne ($74.46 in chips)
Luarvik888: posts small blind $1
annjne: posts big blind $3
*** HOLE CARDS ***
Luarvik888: raises $3 to $6
annjne: raises $3 to $9
Luarvik888: raises $3 to $12
Betting is capped
annjne: calls $3
*** FLOP *** [8c 6s 4h]
annjne: checks
Luarvik888: bets $3
annjne: calls $3
*** TURN *** [8c 6s 4h] [2h]
annjne: checks
Luarvik888: bets $6
annjne: calls $6
*** RIVER *** [8c 6s 4h 2h] [Tc]
annjne: checks
Luarvik888: bets $6
annjne: folds
Uncalled bet ($6) returned to Luarvik888
Luarvik888 collected $41.50 from pot
*** SUMMARY ***
Total pot $42 | Rake $0.50
Board [8c 6s 4h 2h Tc]
Seat 1: Luarvik888 (button) (small blind) collected ($41.50)
Seat 2: annjne (big blind) folded on the River


PokerStars Hand #147639747287:  Hold'em Limit ($3/$6 USD) - 2016/01/25 4:08:29 ET
Table 'Neshmet' 2-max Seat #2 is the button
Seat 1: Luarvik888 ($147.40 in chips)
Seat 2: annjne ($83.46 in chips)
annjne: posts small blind $1
Luarvik888: posts big blind $3
*** HOLE CARDS ***
annjne: raises $3 to $6
Luarvik888: raises $3 to $9
annjne: calls $3
*** FLOP *** [3d 3h 5c]
Luarvik888: checks
annjne: checks
*** TURN *** [3d 3h 5c] [6d]
Luarvik888: checks
annjne: checks
*** RIVER *** [3d 3h 5c 6d] [2h]
Luarvik888: checks
annjne: checks
*** SHOW DOWN ***
Luarvik888: shows [As Ks] (a pair of Threes)
annjne: mucks hand
Luarvik888 collected $17.64 from pot
*** SUMMARY ***
Total pot $18 | Rake $0.36
Board [3d 3h 5c 6d 2h]
Seat 1: Luarvik888 (big blind) showed [As Ks] and won ($17.64) with a pair of Threes
Seat 2: annjne (button) (small blind) mucked


PokerStars Hand #147639741392:  Hold'em Limit ($3/$6 USD) - 2016/01/25 4:08:13 ET
Table 'Neshmet' 2-max Seat #1 is the button
Seat 1: Luarvik888 ($135.88 in chips)
Seat 2: annjne ($95.46 in chips)
Luarvik888: posts small blind $1
annjne: posts big blind $3
*** HOLE CARDS ***
Luarvik888: raises $3 to $6
annjne: raises $3 to $9
Luarvik888: calls $3
*** FLOP *** [9h 4d Th]
annjne: bets $3
Luarvik888: calls $3
*** TURN *** [9h 4d Th] [2c]
annjne: checks
Luarvik888: checks
*** RIVER *** [9h 4d Th 2c] [6d]
annjne: checks
Luarvik888: checks
*** SHOW DOWN ***
annjne: shows [Qc Ac] (high card Ace)
Luarvik888: shows [5c 4s] (a pair of Fours)
Luarvik888 collected $23.52 from pot
*** SUMMARY ***
Total pot $24 | Rake $0.48
Board [9h 4d Th 2c 6d]
Seat 1: Luarvik888 (button) (small blind) showed [5c 4s] and won ($23.52) with a pair of Fours
Seat 2: annjne (big blind) showed [Qc Ac] and lost with high card Ace


PokerStars Hand #147639766912:  Hold'em Limit ($3/$6 USD) - 2016/01/25 4:09:20 ET
Table 'Neshmet' 2-max Seat #2 is the button
Seat 1: Luarvik888 ($176.54 in chips)
Seat 2: annjne ($113.46 in chips)
annjne: posts small blind $1
Luarvik888: posts big blind $3
*** HOLE CARDS ***
annjne: raises $3 to $6
Luarvik888: calls $3
*** FLOP *** [7c 5s 8c]
Luarvik888: checks
annjne: bets $3
Luarvik888: calls $3
*** TURN *** [7c 5s 8c] [9d]
Luarvik888: checks
annjne: checks
*** RIVER *** [7c 5s 8c 9d] [3d]
Luarvik888: bets $6
annjne: calls $6
*** SHOW DOWN ***
Luarvik888: shows [6d 3h] (a straight, Five to Nine)
annjne: mucks hand
Luarvik888 collected $29.50 from pot
*** SUMMARY ***
Total pot $30 | Rake $0.50
Board [7c 5s 8c 9d 3d]
Seat 1: Luarvik888 (big blind) showed [6d 3h] and won ($29.50) with a straight, Five to Nine
Seat 2: annjne (button) (small blind) mucked


PokerStars Hand #147639780123:  Hold'em Limit ($3/$6 USD) - 2016/01/25 4:09:55 ET
Table 'Neshmet' 2-max Seat #2 is the button
Seat 1: Luarvik888 ($179.04 in chips)
Seat 2: annjne ($109.98 in chips)
annjne: posts small blind $1
Luarvik888: posts big blind $3
*** HOLE CARDS ***
annjne: raises $3 to $6
Luarvik888: calls $3
*** FLOP *** [8h 9h 6d]
Luarvik888: bets $3
annjne: calls $3
*** TURN *** [8h 9h 6d] [7s]
Luarvik888: checks
annjne: checks
*** RIVER *** [8h 9h 6d 7s] [2c]
Luarvik888: checks
annjne: checks
*** SHOW DOWN ***
Luarvik888: shows [Qd 6c] (a pair of Sixes)
annjne: shows [7d Kd] (a pair of Sevens)
annjne collected $17.64 from pot
*** SUMMARY ***
Total pot $18 | Rake $0.36
Board [8h 9h 6d 7s 2c]
Seat 1: Luarvik888 (big blind) showed [Qd 6c] and lost with a pair of Sixes
Seat 2: annjne (button) (small blind) showed [7d Kd] and won ($17.64) with a pair of Sevens


PokerStars Hand #147639772972:  Hold'em Limit ($3/$6 USD) - 2016/01/25 4:09:36 ET
Table 'Neshmet' 2-max Seat #1 is the button
Seat 1: Luarvik888 ($191.04 in chips)
Seat 2: annjne ($98.46 in chips)
Luarvik888: posts small blind $1
annjne: posts big blind $3
*** HOLE CARDS ***
Luarvik888: raises $3 to $6
annjne: calls $3
*** FLOP *** [Jh 2s 7d]
annjne: checks
Luarvik888: checks
*** TURN *** [Jh 2s 7d] [9s]
annjne: bets $6
Luarvik888: calls $6
*** RIVER *** [Jh 2s 7d 9s] [Qh]
annjne: checks
Luarvik888: checks
*** SHOW DOWN ***
annjne: shows [6h 9d] (a pair of Nines)
Luarvik888: mucks hand
annjne collected $23.52 from pot
*** SUMMARY ***
Total pot $24 | Rake $0.48
Board [Jh 2s 7d 9s Qh]
Seat 1: Luarvik888 (button) (small blind) mucked
Seat 2: annjne (big blind) showed [6h 9d] and won ($23.52) with a pair of Nines


PokerStars Hand #147639788734:  Hold'em Limit ($3/$6 USD) - 2016/01/25 4:10:18 ET
Table 'Neshmet' 2-max Seat #1 is the button
Seat 1: Luarvik888 ($170.04 in chips)
Seat 2: annjne ($118.62 in chips)
Luarvik888: posts small blind $1
annjne: posts big blind $3
*** HOLE CARDS ***
Luarvik888: raises $3 to $6
annjne: calls $3
*** FLOP *** [4s 9h Jh]
annjne: checks
Luarvik888: checks
*** TURN *** [4s 9h Jh] [Jc]
annjne: bets $6
Luarvik888: calls $6
*** RIVER *** [4s 9h Jh Jc] [Tc]
annjne: bets $6
Luarvik888: folds
Uncalled bet ($6) returned to annjne
annjne collected $23.52 from pot
annjne: doesn't show hand
*** SUMMARY ***
Total pot $24 | Rake $0.48
Board [4s 9h Jh Jc Tc]
Seat 1: Luarvik888 (button) (small blind) folded on the River
Seat 2: annjne (big blind) collected ($23.52)


PokerStars Hand #147650972750:  Hold'em Limit ($3/$6 USD) - 2016/01/25 9:45:20 ET
Table 'Neshmet' 2-max Seat #1 is the button
Seat 1: ChicagoBull4 ($43.09 in chips)
Seat 2: annjne ($119.14 in chips)
ChicagoBull4: posts small blind $1
annjne: posts big blind $3
*** HOLE CARDS ***
ChicagoBull4: raises $3 to $6
annjne: folds
Uncalled bet ($3) returned to ChicagoBull4
ChicagoBull4 collected $6 from pot
ChicagoBull4: doesn't show hand
*** SUMMARY ***
Total pot $6 | Rake $0
Seat 1: ChicagoBull4 (button) (small blind) collected ($6)
Seat 2: annjne (big blind) folded before Flop


PokerStars Hand #147650969518:  Hold'em Limit ($3/$6 USD) - 2016/01/25 9:45:15 ET
Table 'Neshmet' 2-max Seat #2 is the button
Seat 1: ChicagoBull4 ($42.09 in chips)
Seat 2: annjne ($120.14 in chips)
annjne: posts small blind $1
ChicagoBull4: posts big blind $3
*** HOLE CARDS ***
annjne: folds
Uncalled bet ($2) returned to ChicagoBull4
ChicagoBull4 collected $2 from pot
ChicagoBull4: doesn't show hand
*** SUMMARY ***
Total pot $2 | Rake $0
Seat 1: ChicagoBull4 (big blind) collected ($2)
Seat 2: annjne (button) (small blind) folded before Flop


PokerStars Hand #147650955181:  Hold'em Limit ($3/$6 USD) - 2016/01/25 9:44:55 ET
Table 'Neshmet' 2-max Seat #1 is the button
Seat 1: ChicagoBull4 ($33.45 in chips)
Seat 2: annjne ($129.14 in chips)
ChicagoBull4: posts small blind $1
annjne: posts big blind $3
*** HOLE CARDS ***
ChicagoBull4: raises $3 to $6
annjne: calls $3
*** FLOP *** [8c 4d Ah]
annjne: checks
ChicagoBull4: bets $3
annjne: calls $3
*** TURN *** [8c 4d Ah] [Jh]
annjne: checks
ChicagoBull4: bets $6
annjne: folds
Uncalled bet ($6) returned to ChicagoBull4
ChicagoBull4 collected $17.64 from pot
ChicagoBull4: doesn't show hand
*** SUMMARY ***
Total pot $18 | Rake $0.36
Board [8c 4d Ah Jh]
Seat 1: ChicagoBull4 (button) (small blind) collected ($17.64)
Seat 2: annjne (big blind) folded on the Turn


PokerStars Hand #147651019612:  Hold'em Limit ($3/$6 USD) - 2016/01/25 9:46:26 ET
Table 'Neshmet' 2-max Seat #2 is the button
Seat 1: ChicagoBull4 ($27.73 in chips)
Seat 2: annjne ($133.64 in chips)
annjne: posts small blind $1
ChicagoBull4: posts big blind $3
*** HOLE CARDS ***
annjne: folds
Uncalled bet ($2) returned to ChicagoBull4
ChicagoBull4 collected $2 from pot
ChicagoBull4: doesn't show hand
*** SUMMARY ***
Total pot $2 | Rake $0
Seat 1: ChicagoBull4 (big blind) collected ($2)
Seat 2: annjne (button) (small blind) folded before Flop


PokerStars Hand #147650998385:  Hold'em Limit ($3/$6 USD) - 2016/01/25 9:45:56 ET
Table 'Neshmet' 2-max Seat #1 is the button
Seat 1: ChicagoBull4 ($19.09 in chips)
Seat 2: annjne ($142.64 in chips)
ChicagoBull4: posts small blind $1
annjne: posts big blind $3
*** HOLE CARDS ***
ChicagoBull4: raises $3 to $6
annjne: calls $3
*** FLOP *** [Ad 3s 2c]
annjne: checks
ChicagoBull4: bets $3
annjne: calls $3
*** TURN *** [Ad 3s 2c] [Th]
annjne: checks
ChicagoBull4: checks
*** RIVER *** [Ad 3s 2c Th] [Qh]
annjne: checks
ChicagoBull4: bets $6
annjne: folds
Uncalled bet ($6) returned to ChicagoBull4
ChicagoBull4 collected $17.64 from pot
ChicagoBull4: doesn't show hand
*** SUMMARY ***
Total pot $18 | Rake $0.36
Board [Ad 3s 2c Th Qh]
Seat 1: ChicagoBull4 (button) (small blind) collected ($17.64)
Seat 2: annjne (big blind) folded on the River


PokerStars Hand #147650977769:  Hold'em Limit ($3/$6 USD) - 2016/01/25 9:45:28 ET
Table 'Neshmet' 2-max Seat #2 is the button
Seat 1: ChicagoBull4 ($46.09 in chips)
Seat 2: annjne ($116.14 in chips)
annjne: posts small blind $1
ChicagoBull4: posts big blind $3
*** HOLE CARDS ***
annjne: raises $3 to $6
ChicagoBull4: calls $3
*** FLOP *** [9h Qh Jc]
ChicagoBull4: checks
annjne: bets $3
ChicagoBull4: calls $3
*** TURN *** [9h Qh Jc] [Qc]
ChicagoBull4: checks
annjne: bets $6
ChicagoBull4: calls $6
*** RIVER *** [9h Qh Jc Qc] [8d]
ChicagoBull4: bets $6
annjne: raises $6 to $12
ChicagoBull4: calls $6
*** SHOW DOWN ***
annjne: shows [9c 9s] (a full house, Nines full of Queens)
ChicagoBull4: mucks hand
annjne collected $53.50 from pot
*** SUMMARY ***
Total pot $54 | Rake $0.50
Board [9h Qh Jc Qc 8d]
Seat 1: ChicagoBull4 (big blind) mucked
Seat 2: annjne (button) (small blind) showed [9c 9s] and won ($53.50) with a full house, Nines full of Queens


PokerStars Hand #147651053500:  Hold'em Limit ($3/$6 USD) - 2016/01/25 9:47:07 ET
Table 'Neshmet' 2-max Seat #1 is the button
Seat 1: ChicagoBull4 ($38.37 in chips)
Seat 2: annjne ($122.64 in chips)
ChicagoBull4: posts small blind $1
annjne: posts big blind $3
*** HOLE CARDS ***
ChicagoBull4: raises $3 to $6
annjne: calls $3
*** FLOP *** [3h 2h Qd]
annjne: checks
ChicagoBull4: checks
*** TURN *** [3h 2h Qd] [Ac]
annjne: checks
ChicagoBull4: bets $6
annjne: raises $6 to $12
ChicagoBull4: folds
Uncalled bet ($6) returned to annjne
annjne collected $23.52 from pot
annjne: doesn't show hand
*** SUMMARY ***
Total pot $24 | Rake $0.48
Board [3h 2h Qd Ac]
Seat 1: ChicagoBull4 (button) (small blind) folded on the Turn
Seat 2: annjne (big blind) collected ($23.52)


PokerStars Hand #147651040759:  Hold'em Limit ($3/$6 USD) - 2016/01/25 9:46:55 ET
Table 'Neshmet' 2-max Seat #2 is the button
Seat 1: ChicagoBull4 ($37.37 in chips)
Seat 2: annjne ($123.64 in chips)
annjne: posts small blind $1
ChicagoBull4: posts big blind $3
*** HOLE CARDS ***
annjne: folds
Uncalled bet ($2) returned to ChicagoBull4
ChicagoBull4 collected $2 from pot
ChicagoBull4: doesn't show hand
*** SUMMARY ***
Total pot $2 | Rake $0
Seat 1: ChicagoBull4 (big blind) collected ($2)
Seat 2: annjne (button) (small blind) folded before Flop


PokerStars Hand #147651024327:  Hold'em Limit ($3/$6 USD) - 2016/01/25 9:46:33 ET
Table 'Neshmet' 2-max Seat #1 is the button
Seat 1: ChicagoBull4 ($28.73 in chips)
Seat 2: annjne ($132.64 in chips)
ChicagoBull4: posts small blind $1
annjne: posts big blind $3
*** HOLE CARDS ***
ChicagoBull4: raises $3 to $6
annjne: calls $3
*** FLOP *** [8s Kd Ts]
annjne: checks
ChicagoBull4: bets $3
annjne: calls $3
*** TURN *** [8s Kd Ts] [Ks]
annjne: checks
ChicagoBull4: bets $6
annjne: folds
Uncalled bet ($6) returned to ChicagoBull4
ChicagoBull4 collected $17.64 from pot
ChicagoBull4: doesn't show hand
*** SUMMARY ***
Total pot $18 | Rake $0.36
Board [8s Kd Ts Ks]
Seat 1: ChicagoBull4 (button) (small blind) collected ($17.64)
Seat 2: annjne (big blind) folded on the Turn


PokerStars Hand #147651107183:  Hold'em Limit ($3/$6 USD) - 2016/01/25 9:48:00 ET
Table 'Neshmet' 2-max Seat #1 is the button
Seat 1: ChicagoBull4 ($52.24 in chips)
Seat 2: annjne ($107.79 in chips)
ChicagoBull4: posts small blind $1
annjne: posts big blind $3
*** HOLE CARDS ***
ChicagoBull4: raises $3 to $6
annjne: raises $3 to $9
ChicagoBull4: raises $3 to $12
Betting is capped
annjne: calls $3
*** FLOP *** [5d Qh 3d]
annjne: bets $3
ChicagoBull4: calls $3
*** TURN *** [5d Qh 3d] [Jd]
annjne: bets $6
ChicagoBull4: calls $6
*** RIVER *** [5d Qh 3d Jd] [Js]
annjne: bets $6
ChicagoBull4: calls $6
*** SHOW DOWN ***
annjne: shows [Ah Ad] (two pair, Aces and Jacks)
ChicagoBull4: mucks hand
annjne collected $53.50 from pot
*** SUMMARY ***
Total pot $54 | Rake $0.50
Board [5d Qh 3d Jd Js]
Seat 1: ChicagoBull4 (button) (small blind) mucked
Seat 2: annjne (big blind) showed [Ah Ad] and won ($53.50) with two pair, Aces and Jacks


PokerStars Hand #147651079318:  Hold'em Limit ($3/$6 USD) - 2016/01/25 9:47:31 ET
Table 'Neshmet' 2-max Seat #2 is the button
Seat 1: ChicagoBull4 ($26.37 in chips)
Seat 2: annjne ($134.16 in chips)
annjne: posts small blind $1
ChicagoBull4: posts big blind $3
*** HOLE CARDS ***
annjne: raises $3 to $6
ChicagoBull4: raises $3 to $9
annjne: calls $3
*** FLOP *** [6c 3s 5s]
ChicagoBull4: bets $3
annjne: raises $3 to $6
ChicagoBull4: raises $3 to $9
annjne: calls $3
*** TURN *** [6c 3s 5s] [Jd]
ChicagoBull4: bets $6
annjne: calls $6
*** RIVER *** [6c 3s 5s Jd] [6d]
ChicagoBull4: bets $2.37 and is all-in
annjne: calls $2.37
*** SHOW DOWN ***
ChicagoBull4: shows [Jc Jh] (a full house, Jacks full of Sixes)
annjne: shows [Ks 6h] (three of a kind, Sixes)
ChicagoBull4 collected $52.24 from pot
*** SUMMARY ***
Total pot $52.74 | Rake $0.50
Board [6c 3s 5s Jd 6d]
Seat 1: ChicagoBull4 (big blind) showed [Jc Jh] and won ($52.24) with a full house, Jacks full of Sixes
Seat 2: annjne (button) (small blind) showed [Ks 6h] and lost with three of a kind, Sixes


PokerStars Hand #147651150563:  Hold'em Limit ($3/$6 USD) - 2016/01/25 9:48:59 ET
Table 'Neshmet' 2-max Seat #2 is the button
Seat 1: ChicagoBull4 ($22.24 in chips)
Seat 2: annjne ($137.05 in chips)
annjne: posts small blind $1
ChicagoBull4: posts big blind $3
*** HOLE CARDS ***
annjne: raises $3 to $6
ChicagoBull4: raises $3 to $9
annjne: calls $3
*** FLOP *** [Qc 2c 8h]
ChicagoBull4: bets $3
annjne: calls $3
*** TURN *** [Qc 2c 8h] [5c]
ChicagoBull4: bets $6
annjne: raises $6 to $12
ChicagoBull4: calls $4.24 and is all-in
Uncalled bet ($1.76) returned to annjne
*** RIVER *** [Qc 2c 8h 5c] [Jc]
*** SHOW DOWN ***
ChicagoBull4: shows [Jh Ah] (a pair of Jacks)
annjne: shows [3d Qs] (a pair of Queens)
annjne collected $43.98 from pot
*** SUMMARY ***
Total pot $44.48 | Rake $0.50
Board [Qc 2c 8h 5c Jc]
Seat 1: ChicagoBull4 (big blind) showed [Jh Ah] and lost with a pair of Jacks
Seat 2: annjne (button) (small blind) showed [3d Qs] and won ($43.98) with a pair of Queens


PokerStars Hand #147651146509:  Hold'em Limit ($3/$6 USD) - 2016/01/25 9:48:53 ET
Table 'Neshmet' 2-max Seat #1 is the button
Seat 1: ChicagoBull4 ($19.24 in chips)
Seat 2: annjne ($140.05 in chips)
ChicagoBull4: posts small blind $1
annjne: posts big blind $3
*** HOLE CARDS ***
ChicagoBull4: raises $3 to $6
annjne: folds
Uncalled bet ($3) returned to ChicagoBull4
ChicagoBull4 collected $6 from pot
ChicagoBull4: doesn't show hand
*** SUMMARY ***
Total pot $6 | Rake $0
Seat 1: ChicagoBull4 (button) (small blind) collected ($6)
Seat 2: annjne (big blind) folded before Flop


PokerStars Hand #147651122442:  Hold'em Limit ($3/$6 USD) - 2016/01/25 9:48:20 ET
Table 'Neshmet' 2-max Seat #2 is the button
Seat 1: ChicagoBull4 ($25.24 in chips)
Seat 2: annjne ($134.29 in chips)
annjne: posts small blind $1
ChicagoBull4: posts big blind $3
*** HOLE CARDS ***
annjne: raises $3 to $6
ChicagoBull4: calls $3
*** FLOP *** [9h Qh Kd]
ChicagoBull4: checks
annjne: bets $3
ChicagoBull4: folds
Uncalled bet ($3) returned to annjne
annjne collected $11.76 from pot
annjne: doesn't show hand
*** SUMMARY ***
Total pot $12 | Rake $0.24
Board [9h Qh Kd]
Seat 1: ChicagoBull4 (big blind) folded on the Flop
Seat 2: annjne (button) (small blind) collected ($11.76)


PokerStars Hand #147651207826:  Hold'em Limit ($3/$6 USD) - 2016/01/25 9:50:19 ET
Table 'Neshmet' 2-max Seat #2 is the button
Seat 1: ChicagoBull4 ($121.76 in chips)
Seat 2: annjne ($156.79 in chips)
annjne: posts small blind $1
ChicagoBull4: posts big blind $3
*** HOLE CARDS ***
annjne: folds
Uncalled bet ($2) returned to ChicagoBull4
ChicagoBull4 collected $2 from pot
ChicagoBull4: doesn't show hand
*** SUMMARY ***
Total pot $2 | Rake $0
Seat 1: ChicagoBull4 (big blind) collected ($2)
Seat 2: annjne (button) (small blind) folded before Flop


PokerStars Hand #147651204195:  Hold'em Limit ($3/$6 USD) - 2016/01/25 9:50:12 ET
Table 'Neshmet' 2-max Seat #1 is the button
Seat 1: ChicagoBull4 ($122.76 in chips)
Seat 2: annjne ($155.79 in chips)
ChicagoBull4: posts small blind $1
annjne: posts big blind $3
*** HOLE CARDS ***
ChicagoBull4: folds
Uncalled bet ($2) returned to annjne
annjne collected $2 from pot
annjne: doesn't show hand
*** SUMMARY ***
Total pot $2 | Rake $0
Seat 1: ChicagoBull4 (button) (small blind) folded before Flop
Seat 2: annjne (big blind) collected ($2)


PokerStars Hand #147651198707:  Hold'em Limit ($3/$6 USD) - 2016/01/25 9:50:05 ET
Table 'Neshmet' 2-max Seat #2 is the button
Seat 1: ChicagoBull4 ($121.76 in chips)
Seat 2: annjne ($156.79 in chips)
annjne: posts small blind $1
ChicagoBull4: posts big blind $3
*** HOLE CARDS ***
annjne: folds
Uncalled bet ($2) returned to ChicagoBull4
ChicagoBull4 collected $2 from pot
ChicagoBull4: doesn't show hand
*** SUMMARY ***
Total pot $2 | Rake $0
Seat 1: ChicagoBull4 (big blind) collected ($2)
Seat 2: annjne (button) (small blind) folded before Flop


PokerStars Hand #147651195200:  Hold'em Limit ($3/$6 USD) - 2016/01/25 9:50:00 ET
Table 'Neshmet' 2-max Seat #1 is the button
Seat 1: ChicagoBull4 ($122.76 in chips)
Seat 2: annjne ($155.79 in chips)
ChicagoBull4: posts small blind $1
annjne: posts big blind $3
*** HOLE CARDS ***
ChicagoBull4: folds
Uncalled bet ($2) returned to annjne
annjne collected $2 from pot
annjne: doesn't show hand
*** SUMMARY ***
Total pot $2 | Rake $0
Seat 1: ChicagoBull4 (button) (small blind) folded before Flop
Seat 2: annjne (big blind) collected ($2)


PokerStars Hand #147651190109:  Hold'em Limit ($3/$6 USD) - 2016/01/25 9:49:53 ET
Table 'Neshmet' 2-max Seat #2 is the button
Seat 1: ChicagoBull4 ($125.76 in chips)
Seat 2: annjne ($152.79 in chips)
annjne: posts small blind $1
ChicagoBull4: posts big blind $3
*** HOLE CARDS ***
annjne: raises $3 to $6
ChicagoBull4: folds
Uncalled bet ($3) returned to annjne
annjne collected $6 from pot
annjne: doesn't show hand
*** SUMMARY ***
Total pot $6 | Rake $0
Seat 1: ChicagoBull4 (big blind) folded before Flop
Seat 2: annjne (button) (small blind) collected ($6)


PokerStars Hand #147651178214:  Hold'em Limit ($3/$6 USD) - 2016/01/25 9:49:37 ET
Table 'Neshmet' 2-max Seat #1 is the button
Seat 1: ChicagoBull4 ($120 in chips)
Seat 2: annjne ($158.79 in chips)
ChicagoBull4: posts small blind $1
annjne: posts big blind $3
*** HOLE CARDS ***
ChicagoBull4: raises $3 to $6
annjne: calls $3
*** FLOP *** [9d 4c 3h]
annjne: checks
ChicagoBull4: bets $3
annjne: folds
Uncalled bet ($3) returned to ChicagoBull4
ChicagoBull4 collected $11.76 from pot
ChicagoBull4: doesn't show hand
*** SUMMARY ***
Total pot $12 | Rake $0.24
Board [9d 4c 3h]
Seat 1: ChicagoBull4 (button) (small blind) collected ($11.76)
Seat 2: annjne (big blind) folded on the Flop


PokerStars Hand #147651256685:  Hold'em Limit ($3/$6 USD) - 2016/01/25 9:51:25 ET
Table 'Neshmet' 2-max Seat #2 is the button
Seat 1: ChicagoBull4 ($118.76 in chips)
Seat 2: annjne ($159.55 in chips)
annjne: posts small blind $1
ChicagoBull4: posts big blind $3
*** HOLE CARDS ***
annjne: folds
Uncalled bet ($2) returned to ChicagoBull4
ChicagoBull4 collected $2 from pot
ChicagoBull4: doesn't show hand
*** SUMMARY ***
Total pot $2 | Rake $0
Seat 1: ChicagoBull4 (big blind) collected ($2)
Seat 2: annjne (button) (small blind) folded before Flop


PokerStars Hand #147651253068:  Hold'em Limit ($3/$6 USD) - 2016/01/25 9:51:20 ET
Table 'Neshmet' 2-max Seat #1 is the button
Seat 1: ChicagoBull4 ($119.76 in chips)
Seat 2: annjne ($158.55 in chips)
ChicagoBull4: posts small blind $1
annjne: posts big blind $3
*** HOLE CARDS ***
ChicagoBull4: folds
Uncalled bet ($2) returned to annjne
annjne collected $2 from pot
annjne: doesn't show hand
*** SUMMARY ***
Total pot $2 | Rake $0
Seat 1: ChicagoBull4 (button) (small blind) folded before Flop
Seat 2: annjne (big blind) collected ($2)


PokerStars Hand #147651229200:  Hold'em Limit ($3/$6 USD) - 2016/01/25 9:50:47 ET
Table 'Neshmet' 2-max Seat #2 is the button
Seat 1: ChicagoBull4 ($125.76 in chips)
Seat 2: annjne ($152.79 in chips)
annjne: posts small blind $1
ChicagoBull4: posts big blind $3
*** HOLE CARDS ***
annjne: raises $3 to $6
ChicagoBull4: calls $3
*** FLOP *** [Ks Ac 8c]
ChicagoBull4: checks
annjne: checks
*** TURN *** [Ks Ac 8c] [6h]
ChicagoBull4: checks
annjne: bets $6
ChicagoBull4: folds
Uncalled bet ($6) returned to annjne
annjne collected $11.76 from pot
annjne: doesn't show hand
*** SUMMARY ***
Total pot $12 | Rake $0.24
Board [Ks Ac 8c 6h]
Seat 1: ChicagoBull4 (big blind) folded on the Turn
Seat 2: annjne (button) (small blind) collected ($11.76)


PokerStars Hand #147651213073:  Hold'em Limit ($3/$6 USD) - 2016/01/25 9:50:25 ET
Table 'Neshmet' 2-max Seat #1 is the button
Seat 1: ChicagoBull4 ($122.76 in chips)
Seat 2: annjne ($155.79 in chips)
ChicagoBull4: posts small blind $1
annjne: posts big blind $3
*** HOLE CARDS ***
ChicagoBull4: raises $3 to $6
annjne: folds
Uncalled bet ($3) returned to ChicagoBull4
ChicagoBull4 collected $6 from pot
ChicagoBull4: doesn't show hand
*** SUMMARY ***
Total pot $6 | Rake $0
Seat 1: ChicagoBull4 (button) (small blind) collected ($6)
Seat 2: annjne (big blind) folded before Flop


PokerStars Hand #147651285503:  Hold'em Limit ($3/$6 USD) - 2016/01/25 9:52:05 ET
Table 'Neshmet' 2-max Seat #2 is the button
Seat 1: ChicagoBull4 ($134.26 in chips)
Seat 2: annjne ($143.55 in chips)
annjne: posts small blind $1
ChicagoBull4: posts big blind $3
*** HOLE CARDS ***
annjne: folds
Uncalled bet ($2) returned to ChicagoBull4
ChicagoBull4 collected $2 from pot
ChicagoBull4: doesn't show hand
*** SUMMARY ***
Total pot $2 | Rake $0
Seat 1: ChicagoBull4 (big blind) collected ($2)
Seat 2: annjne (button) (small blind) folded before Flop


PokerStars Hand #147651260187:  Hold'em Limit ($3/$6 USD) - 2016/01/25 9:51:30 ET
Table 'Neshmet' 2-max Seat #1 is the button
Seat 1: ChicagoBull4 ($119.76 in chips)
Seat 2: annjne ($158.55 in chips)
ChicagoBull4: posts small blind $1
annjne: posts big blind $3
*** HOLE CARDS ***
ChicagoBull4: raises $3 to $6
annjne: calls $3
*** FLOP *** [9c 5s Tc]
annjne: checks
ChicagoBull4: bets $3
annjne: calls $3
*** TURN *** [9c 5s Tc] [Kd]
annjne: checks
ChicagoBull4: bets $6
annjne: calls $6
*** RIVER *** [9c 5s Tc Kd] [Th]
annjne: checks
ChicagoBull4: bets $6
annjne: folds
Uncalled bet ($6) returned to ChicagoBull4
ChicagoBull4 collected $29.50 from pot
ChicagoBull4: doesn't show hand
*** SUMMARY ***
Total pot $30 | Rake $0.50
Board [9c 5s Tc Kd Th]
Seat 1: ChicagoBull4 (button) (small blind) collected ($29.50)
Seat 2: annjne (big blind) folded on the River


PokerStars Hand #147651313591:  Hold'em Limit ($3/$6 USD) - 2016/01/25 9:52:46 ET
Table 'Neshmet' 2-max Seat #2 is the button
Seat 1: ChicagoBull4 ($141.02 in chips)
Seat 2: annjne ($136.55 in chips)
annjne: posts small blind $1
ChicagoBull4: posts big blind $3
*** HOLE CARDS ***
annjne: raises $3 to $6
ChicagoBull4: calls $3
*** FLOP *** [7h 4d Js]
ChicagoBull4: checks
annjne: bets $3
ChicagoBull4: calls $3
*** TURN *** [7h 4d Js] [8s]
ChicagoBull4: checks
annjne: checks
*** RIVER *** [7h 4d Js 8s] [5h]
ChicagoBull4: checks
annjne: checks
*** SHOW DOWN ***
ChicagoBull4: shows [4s 3h] (a pair of Fours)
annjne: mucks hand
ChicagoBull4 collected $17.64 from pot
*** SUMMARY ***
Total pot $18 | Rake $0.36
Board [7h 4d Js 8s 5h]
Seat 1: ChicagoBull4 (big blind) showed [4s 3h] and won ($17.64) with a pair of Fours
Seat 2: annjne (button) (small blind) mucked


PokerStars Hand #147651289561:  Hold'em Limit ($3/$6 USD) - 2016/01/25 9:52:12 ET
Table 'Neshmet' 2-max Seat #1 is the button
Seat 1: ChicagoBull4 ($135.26 in chips)
Seat 2: annjne ($142.55 in chips)
ChicagoBull4: posts small blind $1
annjne: posts big blind $3
*** HOLE CARDS ***
ChicagoBull4: raises $3 to $6
annjne: calls $3
*** FLOP *** [As 3h 2s]
annjne: checks
ChicagoBull4: bets $3
annjne: folds
Uncalled bet ($3) returned to ChicagoBull4
ChicagoBull4 collected $11.76 from pot
ChicagoBull4: doesn't show hand
*** SUMMARY ***
Total pot $12 | Rake $0.24
Board [As 3h 2s]
Seat 1: ChicagoBull4 (button) (small blind) collected ($11.76)
Seat 2: annjne (big blind) folded on the Flop


