PokerStars Hand #148139928009:  Hold'em Limit ($3/$6 USD) - 2016/02/02 18:56:59 ET
Table 'Neshmet' 2-max Seat #1 is the button
Seat 1: elifnur2008 ($93.62 in chips)
Seat 2: balina150 ($69.26 in chips)
elifnur2008: posts small blind $1
balina150: posts big blind $3
*** HOLE CARDS ***
elifnur2008: raises $3 to $6
balina150: raises $3 to $9
elifnur2008: raises $3 to $12
Betting is capped
balina150: calls $3
*** FLOP *** [Kd 9s Tc]
balina150: bets $3
elifnur2008: calls $3
*** TURN *** [Kd 9s Tc] [5h]
balina150: bets $6
elifnur2008: folds
Uncalled bet ($6) returned to balina150
balina150 collected $29.50 from pot
balina150: doesn't show hand
*** SUMMARY ***
Total pot $30 | Rake $0.50
Board [Kd 9s Tc 5h]
Seat 1: elifnur2008 (button) (small blind) folded on the Turn
Seat 2: balina150 (big blind) collected ($29.50)


PokerStars Hand #148139915174:  Hold'em Limit ($3/$6 USD) - 2016/02/02 18:56:39 ET
Table 'Neshmet' 2-max Seat #2 is the button
Seat 1: elifnur2008 ($128.50 in chips)
Seat 2: balina150 ($34.88 in chips)
balina150: posts small blind $1
elifnur2008: posts big blind $3
*** HOLE CARDS ***
balina150: raises $3 to $6
elifnur2008: raises $3 to $9
balina150: calls $3
*** FLOP *** [4h 5s Qh]
elifnur2008: bets $3
balina150: raises $3 to $6
elifnur2008: raises $3 to $9
balina150: calls $3
*** TURN *** [4h 5s Qh] [Qc]
elifnur2008: bets $6
balina150: calls $6
*** RIVER *** [4h 5s Qh Qc] [6h]
elifnur2008: bets $6
balina150: raises $4.88 to $10.88 and is all-in
elifnur2008: calls $4.88
*** SHOW DOWN ***
balina150: shows [2h 3d] (a straight, Deuce to Six)
elifnur2008: shows [6d 3c] (two pair, Queens and Sixes)
balina150 collected $69.26 from pot
*** SUMMARY ***
Total pot $69.76 | Rake $0.50
Board [4h 5s Qh Qc 6h]
Seat 1: elifnur2008 (big blind) showed [6d 3c] and lost with two pair, Queens and Sixes
Seat 2: balina150 (button) (small blind) showed [2h 3d] and won ($69.26) with a straight, Deuce to Six


PokerStars Hand #148139904239:  Hold'em Limit ($3/$6 USD) - 2016/02/02 18:56:22 ET
Table 'Neshmet' 2-max Seat #1 is the button
Seat 1: elifnur2008 ($114 in chips)
Seat 2: balina150 ($49.88 in chips)
elifnur2008: posts small blind $1
balina150: posts big blind $3
*** HOLE CARDS ***
elifnur2008: raises $3 to $6
balina150: calls $3
*** FLOP *** [As 9d 8h]
balina150: checks
elifnur2008: bets $3
balina150: calls $3
*** TURN *** [As 9d 8h] [Ad]
balina150: checks
elifnur2008: bets $6
balina150: calls $6
*** RIVER *** [As 9d 8h Ad] [5c]
balina150: checks
elifnur2008: bets $6
balina150: folds
Uncalled bet ($6) returned to elifnur2008
elifnur2008 collected $29.50 from pot
elifnur2008: doesn't show hand
*** SUMMARY ***
Total pot $30 | Rake $0.50
Board [As 9d 8h Ad 5c]
Seat 1: elifnur2008 (button) (small blind) collected ($29.50)
Seat 2: balina150 (big blind) folded on the River


PokerStars Hand #148139979942:  Hold'em Limit ($3/$6 USD) - 2016/02/02 18:58:14 ET
Table 'Neshmet' 2-max Seat #1 is the button
Seat 1: elifnur2008 ($110.62 in chips)
Seat 2: balina150 ($50.40 in chips)
elifnur2008: posts small blind $1
balina150: posts big blind $3
*** HOLE CARDS ***
elifnur2008: folds
Uncalled bet ($2) returned to balina150
balina150 collected $2 from pot
balina150: doesn't show hand
*** SUMMARY ***
Total pot $2 | Rake $0
Seat 1: elifnur2008 (button) (small blind) folded before Flop
Seat 2: balina150 (big blind) collected ($2)


PokerStars Hand #148139966675:  Hold'em Limit ($3/$6 USD) - 2016/02/02 18:58:00 ET
Table 'Neshmet' 2-max Seat #2 is the button
Seat 1: elifnur2008 ($96.12 in chips)
Seat 2: balina150 ($65.40 in chips)
balina150: posts small blind $1
elifnur2008: posts big blind $3
*** HOLE CARDS ***
balina150: raises $3 to $6
elifnur2008: calls $3
*** FLOP *** [4h Ac Js]
elifnur2008: checks
balina150: bets $3
elifnur2008: calls $3
*** TURN *** [4h Ac Js] [Kd]
elifnur2008: checks
balina150: bets $6
elifnur2008: raises $6 to $12
balina150: folds
Uncalled bet ($6) returned to elifnur2008
elifnur2008 collected $29.50 from pot
elifnur2008: doesn't show hand
*** SUMMARY ***
Total pot $30 | Rake $0.50
Board [4h Ac Js Kd]
Seat 1: elifnur2008 (big blind) collected ($29.50)
Seat 2: balina150 (button) (small blind) folded on the Turn


PokerStars Hand #148139952348:  Hold'em Limit ($3/$6 USD) - 2016/02/02 18:57:37 ET
Table 'Neshmet' 2-max Seat #1 is the button
Seat 1: elifnur2008 ($69.62 in chips)
Seat 2: balina150 ($92.40 in chips)
elifnur2008: posts small blind $1
balina150: posts big blind $3
*** HOLE CARDS ***
elifnur2008: raises $3 to $6
balina150: raises $3 to $9
elifnur2008: raises $3 to $12
Betting is capped
balina150: calls $3
*** FLOP *** [3d Kc Kh]
balina150: bets $3
elifnur2008: calls $3
*** TURN *** [3d Kc Kh] [As]
balina150: bets $6
elifnur2008: raises $6 to $12
balina150: calls $6
*** RIVER *** [3d Kc Kh As] [5h]
balina150: checks
elifnur2008: bets $6
balina150: folds
Uncalled bet ($6) returned to elifnur2008
elifnur2008 collected $53.50 from pot
elifnur2008: doesn't show hand
*** SUMMARY ***
Total pot $54 | Rake $0.50
Board [3d Kc Kh As 5h]
Seat 1: elifnur2008 (button) (small blind) collected ($53.50)
Seat 2: balina150 (big blind) folded on the River


PokerStars Hand #148139941480:  Hold'em Limit ($3/$6 USD) - 2016/02/02 18:57:20 ET
Table 'Neshmet' 2-max Seat #2 is the button
Seat 1: elifnur2008 ($78.62 in chips)
Seat 2: balina150 ($83.76 in chips)
balina150: posts small blind $1
elifnur2008: posts big blind $3
*** HOLE CARDS ***
balina150: raises $3 to $6
elifnur2008: raises $3 to $9
balina150: calls $3
*** FLOP *** [Ad 4d 8h]
elifnur2008: checks
balina150: checks
*** TURN *** [Ad 4d 8h] [Kd]
elifnur2008: checks
balina150: bets $6
elifnur2008: folds
Uncalled bet ($6) returned to balina150
balina150 collected $17.64 from pot
balina150: doesn't show hand
*** SUMMARY ***
Total pot $18 | Rake $0.36
Board [Ad 4d 8h Kd]
Seat 1: elifnur2008 (big blind) folded on the Turn
Seat 2: balina150 (button) (small blind) collected ($17.64)


PokerStars Hand #148140010205:  Hold'em Limit ($3/$6 USD) - 2016/02/02 18:58:56 ET
Table 'Neshmet' 2-max Seat #2 is the button
Seat 1: elifnur2008 ($130.12 in chips)
Seat 2: balina150 ($30.16 in chips)
balina150: posts small blind $1
elifnur2008: posts big blind $3
*** HOLE CARDS ***
balina150: raises $3 to $6
elifnur2008: calls $3
*** FLOP *** [Jc Qs Ah]
elifnur2008: checks
balina150: bets $3
elifnur2008: calls $3
*** TURN *** [Jc Qs Ah] [5s]
elifnur2008: checks
balina150: bets $6
elifnur2008: raises $6 to $12
balina150: folds
Uncalled bet ($6) returned to elifnur2008
elifnur2008 collected $29.50 from pot
elifnur2008: doesn't show hand
*** SUMMARY ***
Total pot $30 | Rake $0.50
Board [Jc Qs Ah 5s]
Seat 1: elifnur2008 (big blind) collected ($29.50)
Seat 2: balina150 (button) (small blind) folded on the Turn


PokerStars Hand #148139993677:  Hold'em Limit ($3/$6 USD) - 2016/02/02 18:58:31 ET
Table 'Neshmet' 2-max Seat #1 is the button
Seat 1: elifnur2008 ($103.62 in chips)
Seat 2: balina150 ($57.16 in chips)
elifnur2008: posts small blind $1
balina150: posts big blind $3
*** HOLE CARDS ***
elifnur2008: calls $2
balina150: raises $3 to $6
elifnur2008: raises $3 to $9
balina150: raises $3 to $12
Betting is capped
elifnur2008: calls $3
*** FLOP *** [Qh Qc 5c]
balina150: bets $3
elifnur2008: calls $3
*** TURN *** [Qh Qc 5c] [3s]
balina150: bets $6
elifnur2008: calls $6
*** RIVER *** [Qh Qc 5c 3s] [Js]
balina150: bets $6
elifnur2008: raises $6 to $12
balina150: folds
Uncalled bet ($6) returned to elifnur2008
elifnur2008 collected $53.50 from pot
elifnur2008: doesn't show hand
*** SUMMARY ***
Total pot $54 | Rake $0.50
Board [Qh Qc 5c 3s Js]
Seat 1: elifnur2008 (button) (small blind) collected ($53.50)
Seat 2: balina150 (big blind) folded on the River


PokerStars Hand #148139985708:  Hold'em Limit ($3/$6 USD) - 2016/02/02 18:58:20 ET
Table 'Neshmet' 2-max Seat #2 is the button
Seat 1: elifnur2008 ($109.62 in chips)
Seat 2: balina150 ($51.40 in chips)
balina150: posts small blind $1
elifnur2008: posts big blind $3
*** HOLE CARDS ***
balina150: raises $3 to $6
elifnur2008: calls $3
*** FLOP *** [3c As Kh]
elifnur2008: checks
balina150: bets $3
elifnur2008: folds
Uncalled bet ($3) returned to balina150
balina150 collected $11.76 from pot
balina150: doesn't show hand
*** SUMMARY ***
Total pot $12 | Rake $0.24
Board [3c As Kh]
Seat 1: elifnur2008 (big blind) folded on the Flop
Seat 2: balina150 (button) (small blind) collected ($11.76)


