PokerStars Hand #144843811715:  Hold'em Limit ($3/$6 USD) - 2015/12/05 0:41:17 ET
Table 'Neshmet' 2-max Seat #2 is the button
Seat 1: kaputnikoff ($60 in chips)
Seat 2: SongOnur ($106.04 in chips)
SongOnur: posts small blind $1
kaputnikoff: posts big blind $3
*** HOLE CARDS ***
SongOnur: raises $3 to $6
kaputnikoff: calls $3
*** FLOP *** [Qd Qc 5h]
kaputnikoff: checks
SongOnur: bets $3
kaputnikoff: calls $3
*** TURN *** [Qd Qc 5h] [7c]
kaputnikoff: checks
SongOnur: bets $6
kaputnikoff: raises $6 to $12
SongOnur: calls $6
*** RIVER *** [Qd Qc 5h 7c] [4d]
kaputnikoff: bets $6
SongOnur: calls $6
*** SHOW DOWN ***
kaputnikoff: shows [8h 7d] (two pair, Queens and Sevens)
SongOnur: shows [Kh Kd] (two pair, Kings and Queens)
SongOnur collected $53.50 from pot
*** SUMMARY ***
Total pot $54 | Rake $0.50
Board [Qd Qc 5h 7c 4d]
Seat 1: kaputnikoff (big blind) showed [8h 7d] and lost with two pair, Queens and Sevens
Seat 2: SongOnur (button) (small blind) showed [Kh Kd] and won ($53.50) with two pair, Kings and Queens


PokerStars Hand #144852048299:  Hold'em Limit ($3/$6 USD) - 2015/12/05 6:52:32 ET
Table 'Neshmet' 2-max Seat #2 is the button
Seat 1: kaputnikoff ($65.76 in chips)
Seat 2: cbarnes ($114 in chips)
cbarnes: posts small blind $1
kaputnikoff: posts big blind $3
*** HOLE CARDS ***
cbarnes: raises $3 to $6
kaputnikoff: calls $3
*** FLOP *** [2s 9d 4d]
kaputnikoff: checks
cbarnes: bets $3
kaputnikoff: folds
Uncalled bet ($3) returned to cbarnes
cbarnes collected $11.76 from pot
cbarnes: doesn't show hand
*** SUMMARY ***
Total pot $12 | Rake $0.24
Board [2s 9d 4d]
Seat 1: kaputnikoff (big blind) folded on the Flop
Seat 2: cbarnes (button) (small blind) collected ($11.76)


PokerStars Hand #144852035215:  Hold'em Limit ($3/$6 USD) - 2015/12/05 6:52:08 ET
Table 'Neshmet' 2-max Seat #1 is the button
Seat 1: kaputnikoff ($60 in chips)
Seat 2: cbarnes ($120 in chips)
kaputnikoff: posts small blind $1
cbarnes: posts big blind $3
*** HOLE CARDS ***
kaputnikoff: raises $3 to $6
cbarnes: calls $3
*** FLOP *** [4d 3d Td]
cbarnes: checks
kaputnikoff: bets $3
cbarnes: folds
Uncalled bet ($3) returned to kaputnikoff
kaputnikoff collected $11.76 from pot
kaputnikoff: doesn't show hand
*** SUMMARY ***
Total pot $12 | Rake $0.24
Board [4d 3d Td]
Seat 1: kaputnikoff (button) (small blind) collected ($11.76)
Seat 2: cbarnes (big blind) folded on the Flop


PokerStars Hand #144852097171:  Hold'em Limit ($3/$6 USD) - 2015/12/05 6:54:03 ET
Table 'Neshmet' 2-max Seat #2 is the button
Seat 1: kaputnikoff ($60 in chips)
Seat 2: cbarnes ($128.04 in chips)
cbarnes: posts small blind $1
kaputnikoff: posts big blind $3
*** HOLE CARDS ***
cbarnes: folds
Uncalled bet ($2) returned to kaputnikoff
kaputnikoff collected $2 from pot
kaputnikoff: doesn't show hand
*** SUMMARY ***
Total pot $2 | Rake $0
Seat 1: kaputnikoff (big blind) collected ($2)
Seat 2: cbarnes (button) (small blind) folded before Flop


PokerStars Hand #144852085801:  Hold'em Limit ($3/$6 USD) - 2015/12/05 6:53:42 ET
Table 'Neshmet' 2-max Seat #1 is the button
Seat 1: kaputnikoff ($68.64 in chips)
Seat 2: cbarnes ($116.52 in chips)
kaputnikoff: posts small blind $1
cbarnes: posts big blind $3
*** HOLE CARDS ***
kaputnikoff: raises $3 to $6
cbarnes: raises $3 to $9
kaputnikoff: calls $3
*** FLOP *** [Ac 4h Js]
cbarnes: bets $3
kaputnikoff: calls $3
*** TURN *** [Ac 4h Js] [Kd]
cbarnes: bets $6
kaputnikoff: folds
Uncalled bet ($6) returned to cbarnes
cbarnes collected $23.52 from pot
cbarnes: doesn't show hand
*** SUMMARY ***
Total pot $24 | Rake $0.48
Board [Ac 4h Js Kd]
Seat 1: kaputnikoff (button) (small blind) folded on the Turn
Seat 2: cbarnes (big blind) collected ($23.52)


PokerStars Hand #144852076694:  Hold'em Limit ($3/$6 USD) - 2015/12/05 6:53:25 ET
Table 'Neshmet' 2-max Seat #2 is the button
Seat 1: kaputnikoff ($60 in chips)
Seat 2: cbarnes ($125.52 in chips)
cbarnes: posts small blind $1
kaputnikoff: posts big blind $3
*** HOLE CARDS ***
cbarnes: raises $3 to $6
kaputnikoff: calls $3
*** FLOP *** [8h 5d Qd]
kaputnikoff: checks
cbarnes: bets $3
kaputnikoff: raises $3 to $6
cbarnes: folds
Uncalled bet ($3) returned to kaputnikoff
kaputnikoff collected $17.64 from pot
kaputnikoff: doesn't show hand
*** SUMMARY ***
Total pot $18 | Rake $0.36
Board [8h 5d Qd]
Seat 1: kaputnikoff (big blind) collected ($17.64)
Seat 2: cbarnes (button) (small blind) folded on the Flop


PokerStars Hand #144852072931:  Hold'em Limit ($3/$6 USD) - 2015/12/05 6:53:18 ET
Table 'Neshmet' 2-max Seat #1 is the button
Seat 1: kaputnikoff ($61 in chips)
Seat 2: cbarnes ($124.52 in chips)
kaputnikoff: posts small blind $1
cbarnes: posts big blind $3
*** HOLE CARDS ***
kaputnikoff: folds
Uncalled bet ($2) returned to cbarnes
cbarnes collected $2 from pot
cbarnes: doesn't show hand
*** SUMMARY ***
Total pot $2 | Rake $0
Seat 1: kaputnikoff (button) (small blind) folded before Flop
Seat 2: cbarnes (big blind) collected ($2)


PokerStars Hand #144852069764:  Hold'em Limit ($3/$6 USD) - 2015/12/05 6:53:12 ET
Table 'Neshmet' 2-max Seat #2 is the button
Seat 1: kaputnikoff ($60 in chips)
Seat 2: cbarnes ($125.52 in chips)
cbarnes: posts small blind $1
kaputnikoff: posts big blind $3
*** HOLE CARDS ***
cbarnes: folds
Uncalled bet ($2) returned to kaputnikoff
kaputnikoff collected $2 from pot
kaputnikoff: doesn't show hand
*** SUMMARY ***
Total pot $2 | Rake $0
Seat 1: kaputnikoff (big blind) collected ($2)
Seat 2: cbarnes (button) (small blind) folded before Flop


PokerStars Hand #144852059540:  Hold'em Limit ($3/$6 USD) - 2015/12/05 6:52:53 ET
Table 'Neshmet' 2-max Seat #1 is the button
Seat 1: kaputnikoff ($60 in chips)
Seat 2: cbarnes ($119.76 in chips)
kaputnikoff: posts small blind $1
cbarnes: posts big blind $3
*** HOLE CARDS ***
kaputnikoff: raises $3 to $6
cbarnes: calls $3
*** FLOP *** [8s Js 5s]
cbarnes: checks
kaputnikoff: checks
*** TURN *** [8s Js 5s] [2s]
cbarnes: bets $6
kaputnikoff: folds
Uncalled bet ($6) returned to cbarnes
cbarnes collected $11.76 from pot
cbarnes: doesn't show hand
*** SUMMARY ***
Total pot $12 | Rake $0.24
Board [8s Js 5s 2s]
Seat 1: kaputnikoff (button) (small blind) folded on the Turn
Seat 2: cbarnes (big blind) collected ($11.76)


PokerStars Hand #144852118587:  Hold'em Limit ($3/$6 USD) - 2015/12/05 6:54:43 ET
Table 'Neshmet' 2-max Seat #1 is the button
Seat 1: kaputnikoff ($60.76 in chips)
Seat 2: cbarnes ($126.80 in chips)
kaputnikoff: posts small blind $1
cbarnes: posts big blind $3
*** HOLE CARDS ***
kaputnikoff: raises $3 to $6
cbarnes: calls $3
*** FLOP *** [Qs Th 2c]
cbarnes: checks
kaputnikoff: checks
*** TURN *** [Qs Th 2c] [Tc]
cbarnes: checks
kaputnikoff: checks
*** RIVER *** [Qs Th 2c Tc] [Td]
cbarnes: checks
kaputnikoff: checks
*** SHOW DOWN ***
cbarnes: shows [9s Kc] (three of a kind, Tens)
kaputnikoff: shows [Ks 7c] (three of a kind, Tens)
cbarnes collected $5.88 from pot
kaputnikoff collected $5.88 from pot
*** SUMMARY ***
Total pot $12 | Rake $0.24
Board [Qs Th 2c Tc Td]
Seat 1: kaputnikoff (button) (small blind) showed [Ks 7c] and won ($5.88) with three of a kind, Tens
Seat 2: cbarnes (big blind) showed [9s Kc] and won ($5.88) with three of a kind, Tens


PokerStars Hand #144852110780:  Hold'em Limit ($3/$6 USD) - 2015/12/05 6:54:29 ET
Table 'Neshmet' 2-max Seat #2 is the button
Seat 1: kaputnikoff ($66.76 in chips)
Seat 2: cbarnes ($121.04 in chips)
cbarnes: posts small blind $1
kaputnikoff: posts big blind $3
*** HOLE CARDS ***
cbarnes: raises $3 to $6
kaputnikoff: calls $3
*** FLOP *** [8h Td Ah]
kaputnikoff: checks
cbarnes: bets $3
kaputnikoff: folds
Uncalled bet ($3) returned to cbarnes
cbarnes collected $11.76 from pot
cbarnes: doesn't show hand
*** SUMMARY ***
Total pot $12 | Rake $0.24
Board [8h Td Ah]
Seat 1: kaputnikoff (big blind) folded on the Flop
Seat 2: cbarnes (button) (small blind) collected ($11.76)


PokerStars Hand #144852100045:  Hold'em Limit ($3/$6 USD) - 2015/12/05 6:54:09 ET
Table 'Neshmet' 2-max Seat #1 is the button
Seat 1: kaputnikoff ($61 in chips)
Seat 2: cbarnes ($127.04 in chips)
kaputnikoff: posts small blind $1
cbarnes: posts big blind $3
*** HOLE CARDS ***
kaputnikoff: raises $3 to $6
cbarnes: calls $3
*** FLOP *** [2c 4s Js]
cbarnes: checks
kaputnikoff: checks
*** TURN *** [2c 4s Js] [7h]
cbarnes: checks
kaputnikoff: bets $6
cbarnes: folds
Uncalled bet ($6) returned to kaputnikoff
kaputnikoff collected $11.76 from pot
kaputnikoff: doesn't show hand
*** SUMMARY ***
Total pot $12 | Rake $0.24
Board [2c 4s Js 7h]
Seat 1: kaputnikoff (button) (small blind) collected ($11.76)
Seat 2: cbarnes (big blind) folded on the Turn


PokerStars Hand #144852149632:  Hold'em Limit ($3/$6 USD) - 2015/12/05 6:55:46 ET
Table 'Neshmet' 2-max Seat #2 is the button
Seat 1: kaputnikoff ($63 in chips)
Seat 2: cbarnes ($144.18 in chips)
cbarnes: posts small blind $1
kaputnikoff: posts big blind $3
*** HOLE CARDS ***
cbarnes: raises $3 to $6
kaputnikoff: folds
Uncalled bet ($3) returned to cbarnes
cbarnes collected $6 from pot
cbarnes: doesn't show hand
*** SUMMARY ***
Total pot $6 | Rake $0
Seat 1: kaputnikoff (big blind) folded before Flop
Seat 2: cbarnes (button) (small blind) collected ($6)


PokerStars Hand #144852145821:  Hold'em Limit ($3/$6 USD) - 2015/12/05 6:55:38 ET
Table 'Neshmet' 2-max Seat #1 is the button
Seat 1: kaputnikoff ($60 in chips)
Seat 2: cbarnes ($147.18 in chips)
kaputnikoff: posts small blind $1
cbarnes: posts big blind $3
*** HOLE CARDS ***
kaputnikoff: raises $3 to $6
cbarnes: folds
Uncalled bet ($3) returned to kaputnikoff
kaputnikoff collected $6 from pot
kaputnikoff: doesn't show hand
*** SUMMARY ***
Total pot $6 | Rake $0
Seat 1: kaputnikoff (button) (small blind) collected ($6)
Seat 2: cbarnes (big blind) folded before Flop


PokerStars Hand #144852132618:  Hold'em Limit ($3/$6 USD) - 2015/12/05 6:55:10 ET
Table 'Neshmet' 2-max Seat #2 is the button
Seat 1: kaputnikoff ($60.64 in chips)
Seat 2: cbarnes ($126.68 in chips)
cbarnes: posts small blind $1
kaputnikoff: posts big blind $3
*** HOLE CARDS ***
cbarnes: raises $3 to $6
kaputnikoff: raises $3 to $9
cbarnes: calls $3
*** FLOP *** [Ac 2h Qc]
kaputnikoff: bets $3
cbarnes: raises $3 to $6
kaputnikoff: calls $3
*** TURN *** [Ac 2h Qc] [8d]
kaputnikoff: checks
cbarnes: bets $6
kaputnikoff: calls $6
*** RIVER *** [Ac 2h Qc 8d] [Jc]
kaputnikoff: checks
cbarnes: checks
*** SHOW DOWN ***
kaputnikoff: shows [Tc Js] (a pair of Jacks)
cbarnes: shows [7s Ad] (a pair of Aces)
cbarnes collected $41.50 from pot
*** SUMMARY ***
Total pot $42 | Rake $0.50
Board [Ac 2h Qc 8d Jc]
Seat 1: kaputnikoff (big blind) showed [Tc Js] and lost with a pair of Jacks
Seat 2: cbarnes (button) (small blind) showed [7s Ad] and won ($41.50) with a pair of Aces


PokerStars Hand #144852183080:  Hold'em Limit ($3/$6 USD) - 2015/12/05 6:56:59 ET
Table 'Neshmet' 2-max Seat #2 is the button
Seat 1: kaputnikoff ($63.50 in chips)
Seat 2: cbarnes ($142.68 in chips)
cbarnes: posts small blind $1
kaputnikoff: posts big blind $3
*** HOLE CARDS ***
cbarnes: folds
Uncalled bet ($2) returned to kaputnikoff
kaputnikoff collected $2 from pot
kaputnikoff: doesn't show hand
*** SUMMARY ***
Total pot $2 | Rake $0
Seat 1: kaputnikoff (big blind) collected ($2)
Seat 2: cbarnes (button) (small blind) folded before Flop


PokerStars Hand #144852169656:  Hold'em Limit ($3/$6 USD) - 2015/12/05 6:56:30 ET
Table 'Neshmet' 2-max Seat #1 is the button
Seat 1: kaputnikoff ($81.50 in chips)
Seat 2: cbarnes ($125.18 in chips)
kaputnikoff: posts small blind $1
cbarnes: posts big blind $3
*** HOLE CARDS ***
kaputnikoff: raises $3 to $6
cbarnes: calls $3
*** FLOP *** [6c Jh 4d]
cbarnes: checks
kaputnikoff: bets $3
cbarnes: raises $3 to $6
kaputnikoff: calls $3
*** TURN *** [6c Jh 4d] [7c]
cbarnes: bets $6
kaputnikoff: calls $6
*** RIVER *** [6c Jh 4d 7c] [3d]
cbarnes: checks
kaputnikoff: checks
*** SHOW DOWN ***
cbarnes: shows [6s Qc] (a pair of Sixes)
kaputnikoff: mucks hand
cbarnes collected $35.50 from pot
*** SUMMARY ***
Total pot $36 | Rake $0.50
Board [6c Jh 4d 7c 3d]
Seat 1: kaputnikoff (button) (small blind) mucked
Seat 2: cbarnes (big blind) showed [6s Qc] and won ($35.50) with a pair of Sixes


PokerStars Hand #144852167123:  Hold'em Limit ($3/$6 USD) - 2015/12/05 6:56:24 ET
Table 'Neshmet' 2-max Seat #2 is the button
Seat 1: kaputnikoff ($80.50 in chips)
Seat 2: cbarnes ($126.18 in chips)
cbarnes: posts small blind $1
kaputnikoff: posts big blind $3
*** HOLE CARDS ***
cbarnes: folds
Uncalled bet ($2) returned to kaputnikoff
kaputnikoff collected $2 from pot
kaputnikoff: doesn't show hand
*** SUMMARY ***
Total pot $2 | Rake $0
Seat 1: kaputnikoff (big blind) collected ($2)
Seat 2: cbarnes (button) (small blind) folded before Flop


PokerStars Hand #144852154658:  Hold'em Limit ($3/$6 USD) - 2015/12/05 6:55:57 ET
Table 'Neshmet' 2-max Seat #1 is the button
Seat 1: kaputnikoff ($60 in chips)
Seat 2: cbarnes ($147.18 in chips)
kaputnikoff: posts small blind $1
cbarnes: posts big blind $3
*** HOLE CARDS ***
kaputnikoff: raises $3 to $6
cbarnes: calls $3
*** FLOP *** [Ac Jh As]
cbarnes: checks
kaputnikoff: bets $3
cbarnes: calls $3
*** TURN *** [Ac Jh As] [9d]
cbarnes: checks
kaputnikoff: bets $6
cbarnes: calls $6
*** RIVER *** [Ac Jh As 9d] [4d]
cbarnes: checks
kaputnikoff: bets $6
cbarnes: calls $6
*** SHOW DOWN ***
kaputnikoff: shows [9c 9s] (a full house, Nines full of Aces)
cbarnes: mucks hand
kaputnikoff collected $41.50 from pot
*** SUMMARY ***
Total pot $42 | Rake $0.50
Board [Ac Jh As 9d 4d]
Seat 1: kaputnikoff (button) (small blind) showed [9c 9s] and won ($41.50) with a full house, Nines full of Aces
Seat 2: cbarnes (big blind) mucked


PokerStars Hand #144852199232:  Hold'em Limit ($3/$6 USD) - 2015/12/05 6:57:34 ET
Table 'Neshmet' 2-max Seat #2 is the button
Seat 1: kaputnikoff ($60 in chips)
Seat 2: cbarnes ($153.20 in chips)
cbarnes: posts small blind $1
kaputnikoff: posts big blind $3
*** HOLE CARDS ***
cbarnes: raises $3 to $6
kaputnikoff: calls $3
*** FLOP *** [Qs 5s 2d]
kaputnikoff: checks
cbarnes: bets $3
kaputnikoff: calls $3
*** TURN *** [Qs 5s 2d] [Th]
kaputnikoff: checks
cbarnes: checks
*** RIVER *** [Qs 5s 2d Th] [9d]
kaputnikoff: bets $6
cbarnes: folds
Uncalled bet ($6) returned to kaputnikoff
kaputnikoff collected $17.64 from pot
kaputnikoff: doesn't show hand
*** SUMMARY ***
Total pot $18 | Rake $0.36
Board [Qs 5s 2d Th 9d]
Seat 1: kaputnikoff (big blind) collected ($17.64)
Seat 2: cbarnes (button) (small blind) folded on the River


PokerStars Hand #144852187616:  Hold'em Limit ($3/$6 USD) - 2015/12/05 6:57:09 ET
Table 'Neshmet' 2-max Seat #1 is the button
Seat 1: kaputnikoff ($64.50 in chips)
Seat 2: cbarnes ($141.68 in chips)
kaputnikoff: posts small blind $1
cbarnes: posts big blind $3
*** HOLE CARDS ***
kaputnikoff: raises $3 to $6
cbarnes: calls $3
*** FLOP *** [4h 7d 7c]
cbarnes: checks
kaputnikoff: checks
*** TURN *** [4h 7d 7c] [5h]
cbarnes: bets $6
kaputnikoff: calls $6
*** RIVER *** [4h 7d 7c 5h] [Ah]
cbarnes: checks
kaputnikoff: checks
*** SHOW DOWN ***
cbarnes: shows [Qd 4s] (two pair, Sevens and Fours)
kaputnikoff: mucks hand
cbarnes collected $23.52 from pot
*** SUMMARY ***
Total pot $24 | Rake $0.48
Board [4h 7d 7c 5h Ah]
Seat 1: kaputnikoff (button) (small blind) mucked
Seat 2: cbarnes (big blind) showed [Qd 4s] and won ($23.52) with two pair, Sevens and Fours


PokerStars Hand #144852223116:  Hold'em Limit ($3/$6 USD) - 2015/12/05 6:58:26 ET
Table 'Neshmet' 2-max Seat #2 is the button
Seat 1: kaputnikoff ($92.14 in chips)
Seat 2: cbarnes ($120.20 in chips)
cbarnes: posts small blind $1
kaputnikoff: posts big blind $3
*** HOLE CARDS ***
cbarnes: raises $3 to $6
kaputnikoff: calls $3
*** FLOP *** [Kd Th 5s]
kaputnikoff: checks
cbarnes: bets $3
kaputnikoff: raises $3 to $6
cbarnes: calls $3
*** TURN *** [Kd Th 5s] [9d]
kaputnikoff: checks
cbarnes: bets $6
kaputnikoff: calls $6
*** RIVER *** [Kd Th 5s 9d] [6d]
kaputnikoff: checks
cbarnes: bets $6
kaputnikoff: calls $6
*** SHOW DOWN ***
cbarnes: shows [Ad Kh] (a pair of Kings)
kaputnikoff: mucks hand
cbarnes collected $47.50 from pot
*** SUMMARY ***
Total pot $48 | Rake $0.50
Board [Kd Th 5s 9d 6d]
Seat 1: kaputnikoff (big blind) mucked
Seat 2: cbarnes (button) (small blind) showed [Ad Kh] and won ($47.50) with a pair of Kings


PokerStars Hand #144852210990:  Hold'em Limit ($3/$6 USD) - 2015/12/05 6:58:00 ET
Table 'Neshmet' 2-max Seat #1 is the button
Seat 1: kaputnikoff ($68.64 in chips)
Seat 2: cbarnes ($144.20 in chips)
kaputnikoff: posts small blind $1
cbarnes: posts big blind $3
*** HOLE CARDS ***
kaputnikoff: raises $3 to $6
cbarnes: raises $3 to $9
kaputnikoff: calls $3
*** FLOP *** [Jd 8s 3d]
cbarnes: bets $3
kaputnikoff: calls $3
*** TURN *** [Jd 8s 3d] [3s]
cbarnes: checks
kaputnikoff: bets $6
cbarnes: calls $6
*** RIVER *** [Jd 8s 3d 3s] [9s]
cbarnes: checks
kaputnikoff: bets $6
cbarnes: calls $6
*** SHOW DOWN ***
kaputnikoff: shows [Kd Jc] (two pair, Jacks and Threes)
cbarnes: mucks hand
kaputnikoff collected $47.50 from pot
*** SUMMARY ***
Total pot $48 | Rake $0.50
Board [Jd 8s 3d 3s 9s]
Seat 1: kaputnikoff (button) (small blind) showed [Kd Jc] and won ($47.50) with two pair, Jacks and Threes
Seat 2: cbarnes (big blind) mucked


PokerStars Hand #144852258248:  Hold'em Limit ($3/$6 USD) - 2015/12/05 6:59:42 ET
Table 'Neshmet' 2-max Seat #1 is the button
Seat 1: kaputnikoff ($103.28 in chips)
Seat 2: cbarnes ($107.70 in chips)
kaputnikoff: posts small blind $1
cbarnes: posts big blind $3
*** HOLE CARDS ***
kaputnikoff: raises $3 to $6
cbarnes: raises $3 to $9
kaputnikoff: calls $3
*** FLOP *** [Jc 3d Th]
cbarnes: bets $3
kaputnikoff: calls $3
*** TURN *** [Jc 3d Th] [6d]
cbarnes: bets $6
kaputnikoff: folds
Uncalled bet ($6) returned to cbarnes
cbarnes collected $23.52 from pot
cbarnes: doesn't show hand
*** SUMMARY ***
Total pot $24 | Rake $0.48
Board [Jc 3d Th 6d]
Seat 1: kaputnikoff (button) (small blind) folded on the Turn
Seat 2: cbarnes (big blind) collected ($23.52)


PokerStars Hand #144852249340:  Hold'em Limit ($3/$6 USD) - 2015/12/05 6:59:23 ET
Table 'Neshmet' 2-max Seat #2 is the button
Seat 1: kaputnikoff ($94.64 in chips)
Seat 2: cbarnes ($116.70 in chips)
cbarnes: posts small blind $1
kaputnikoff: posts big blind $3
*** HOLE CARDS ***
cbarnes: raises $3 to $6
kaputnikoff: calls $3
*** FLOP *** [Tc Qd Jc]
kaputnikoff: checks
cbarnes: bets $3
kaputnikoff: raises $3 to $6
cbarnes: folds
Uncalled bet ($3) returned to kaputnikoff
kaputnikoff collected $17.64 from pot
kaputnikoff: doesn't show hand
*** SUMMARY ***
Total pot $18 | Rake $0.36
Board [Tc Qd Jc]
Seat 1: kaputnikoff (big blind) collected ($17.64)
Seat 2: cbarnes (button) (small blind) folded on the Flop


PokerStars Hand #144852235415:  Hold'em Limit ($3/$6 USD) - 2015/12/05 6:58:53 ET
Table 'Neshmet' 2-max Seat #1 is the button
Seat 1: kaputnikoff ($68.14 in chips)
Seat 2: cbarnes ($143.70 in chips)
kaputnikoff: posts small blind $1
cbarnes: posts big blind $3
*** HOLE CARDS ***
kaputnikoff: raises $3 to $6
cbarnes: calls $3
*** FLOP *** [Td Kh 7c]
cbarnes: checks
kaputnikoff: bets $3
cbarnes: raises $3 to $6
kaputnikoff: raises $3 to $9
cbarnes: calls $3
*** TURN *** [Td Kh 7c] [As]
cbarnes: checks
kaputnikoff: bets $6
cbarnes: calls $6
*** RIVER *** [Td Kh 7c As] [7d]
cbarnes: checks
kaputnikoff: bets $6
cbarnes: calls $6
*** SHOW DOWN ***
kaputnikoff: shows [Ts Tc] (a full house, Tens full of Sevens)
cbarnes: mucks hand
kaputnikoff collected $53.50 from pot
*** SUMMARY ***
Total pot $54 | Rake $0.50
Board [Td Kh 7c As 7d]
Seat 1: kaputnikoff (button) (small blind) showed [Ts Tc] and won ($53.50) with a full house, Tens full of Sevens
Seat 2: cbarnes (big blind) mucked


PokerStars Hand #144852286768:  Hold'em Limit ($3/$6 USD) - 2015/12/05 7:00:42 ET
Table 'Neshmet' 2-max Seat #2 is the button
Seat 1: kaputnikoff ($119.78 in chips)
Seat 2: cbarnes ($90.22 in chips)
cbarnes: posts small blind $1
kaputnikoff: posts big blind $3
*** HOLE CARDS ***
cbarnes: raises $3 to $6
kaputnikoff: calls $3
*** FLOP *** [6s Ks Qh]
kaputnikoff: checks
cbarnes: bets $3
kaputnikoff: folds
Uncalled bet ($3) returned to cbarnes
cbarnes collected $11.76 from pot
cbarnes: doesn't show hand
*** SUMMARY ***
Total pot $12 | Rake $0.24
Board [6s Ks Qh]
Seat 1: kaputnikoff (big blind) folded on the Flop
Seat 2: cbarnes (button) (small blind) collected ($11.76)


PokerStars Hand #144852283240:  Hold'em Limit ($3/$6 USD) - 2015/12/05 7:00:35 ET
Table 'Neshmet' 2-max Seat #1 is the button
Seat 1: kaputnikoff ($120.78 in chips)
Seat 2: cbarnes ($89.22 in chips)
kaputnikoff: posts small blind $1
cbarnes: posts big blind $3
*** HOLE CARDS ***
kaputnikoff: folds
Uncalled bet ($2) returned to cbarnes
cbarnes collected $2 from pot
cbarnes: doesn't show hand
*** SUMMARY ***
Total pot $2 | Rake $0
Seat 1: kaputnikoff (button) (small blind) folded before Flop
Seat 2: cbarnes (big blind) collected ($2)


PokerStars Hand #144852268414:  Hold'em Limit ($3/$6 USD) - 2015/12/05 7:00:04 ET
Table 'Neshmet' 2-max Seat #2 is the button
Seat 1: kaputnikoff ($91.28 in chips)
Seat 2: cbarnes ($119.22 in chips)
cbarnes: posts small blind $1
kaputnikoff: posts big blind $3
*** HOLE CARDS ***
cbarnes: raises $3 to $6
kaputnikoff: raises $3 to $9
cbarnes: calls $3
*** FLOP *** [5d 3c 8s]
kaputnikoff: bets $3
cbarnes: raises $3 to $6
kaputnikoff: raises $3 to $9
cbarnes: calls $3
*** TURN *** [5d 3c 8s] [9h]
kaputnikoff: bets $6
cbarnes: calls $6
*** RIVER *** [5d 3c 8s 9h] [Jh]
kaputnikoff: bets $6
cbarnes: calls $6
*** SHOW DOWN ***
kaputnikoff: shows [Js Ts] (a pair of Jacks)
cbarnes: mucks hand
kaputnikoff collected $59.50 from pot
*** SUMMARY ***
Total pot $60 | Rake $0.50
Board [5d 3c 8s 9h Jh]
Seat 1: kaputnikoff (big blind) showed [Js Ts] and won ($59.50) with a pair of Jacks
Seat 2: cbarnes (button) (small blind) mucked


PokerStars Hand #144852328411:  Hold'em Limit ($3/$6 USD) - 2015/12/05 7:02:03 ET
Table 'Neshmet' 2-max Seat #2 is the button
Seat 1: kaputnikoff ($86.54 in chips)
Seat 2: cbarnes ($122.12 in chips)
cbarnes: posts small blind $1
kaputnikoff: posts big blind $3
*** HOLE CARDS ***
cbarnes: raises $3 to $6
kaputnikoff: folds
Uncalled bet ($3) returned to cbarnes
cbarnes collected $6 from pot
cbarnes: doesn't show hand
*** SUMMARY ***
Total pot $6 | Rake $0
Seat 1: kaputnikoff (big blind) folded before Flop
Seat 2: cbarnes (button) (small blind) collected ($6)


PokerStars Hand #144852316640:  Hold'em Limit ($3/$6 USD) - 2015/12/05 7:01:40 ET
Table 'Neshmet' 2-max Seat #1 is the button
Seat 1: kaputnikoff ($95.54 in chips)
Seat 2: cbarnes ($113.48 in chips)
kaputnikoff: posts small blind $1
cbarnes: posts big blind $3
*** HOLE CARDS ***
kaputnikoff: raises $3 to $6
cbarnes: calls $3
*** FLOP *** [Tc 7d 2d]
cbarnes: checks
kaputnikoff: bets $3
cbarnes: calls $3
*** TURN *** [Tc 7d 2d] [4s]
cbarnes: checks
kaputnikoff: checks
*** RIVER *** [Tc 7d 2d 4s] [6c]
cbarnes: checks
kaputnikoff: checks
*** SHOW DOWN ***
cbarnes: shows [3h Ad] (high card Ace)
kaputnikoff: mucks hand
cbarnes collected $17.64 from pot
*** SUMMARY ***
Total pot $18 | Rake $0.36
Board [Tc 7d 2d 4s 6c]
Seat 1: kaputnikoff (button) (small blind) mucked
Seat 2: cbarnes (big blind) showed [3h Ad] and won ($17.64) with high card Ace


PokerStars Hand #144852307303:  Hold'em Limit ($3/$6 USD) - 2015/12/05 7:01:22 ET
Table 'Neshmet' 2-max Seat #2 is the button
Seat 1: kaputnikoff ($89.78 in chips)
Seat 2: cbarnes ($119.48 in chips)
cbarnes: posts small blind $1
kaputnikoff: posts big blind $3
*** HOLE CARDS ***
cbarnes: raises $3 to $6
kaputnikoff: calls $3
*** FLOP *** [2s Td Kd]
kaputnikoff: checks
cbarnes: checks
*** TURN *** [2s Td Kd] [Qd]
kaputnikoff: bets $6
cbarnes: folds
Uncalled bet ($6) returned to kaputnikoff
kaputnikoff collected $11.76 from pot
kaputnikoff: doesn't show hand
*** SUMMARY ***
Total pot $12 | Rake $0.24
Board [2s Td Kd Qd]
Seat 1: kaputnikoff (big blind) collected ($11.76)
Seat 2: cbarnes (button) (small blind) folded on the Turn


PokerStars Hand #144852294736:  Hold'em Limit ($3/$6 USD) - 2015/12/05 7:00:58 ET
Table 'Neshmet' 2-max Seat #1 is the button
Seat 1: kaputnikoff ($113.78 in chips)
Seat 2: cbarnes ($95.98 in chips)
kaputnikoff: posts small blind $1
cbarnes: posts big blind $3
*** HOLE CARDS ***
kaputnikoff: raises $3 to $6
cbarnes: raises $3 to $9
kaputnikoff: calls $3
*** FLOP *** [4h 2c As]
cbarnes: bets $3
kaputnikoff: calls $3
*** TURN *** [4h 2c As] [Th]
cbarnes: bets $6
kaputnikoff: calls $6
*** RIVER *** [4h 2c As Th] [Jh]
cbarnes: bets $6
kaputnikoff: calls $6
*** SHOW DOWN ***
cbarnes: shows [Ac Ks] (a pair of Aces)
kaputnikoff: mucks hand
cbarnes collected $47.50 from pot
*** SUMMARY ***
Total pot $48 | Rake $0.50
Board [4h 2c As Th Jh]
Seat 1: kaputnikoff (button) (small blind) mucked
Seat 2: cbarnes (big blind) showed [Ac Ks] and won ($47.50) with a pair of Aces


PokerStars Hand #144852351880:  Hold'em Limit ($3/$6 USD) - 2015/12/05 7:02:46 ET
Table 'Neshmet' 2-max Seat #1 is the button
Seat 1: kaputnikoff ($80.18 in chips)
Seat 2: cbarnes ($127.64 in chips)
kaputnikoff: posts small blind $1
cbarnes: posts big blind $3
*** HOLE CARDS ***
kaputnikoff: raises $3 to $6
cbarnes: folds
Uncalled bet ($3) returned to kaputnikoff
kaputnikoff collected $6 from pot
kaputnikoff: doesn't show hand
*** SUMMARY ***
Total pot $6 | Rake $0
Seat 1: kaputnikoff (button) (small blind) collected ($6)
Seat 2: cbarnes (big blind) folded before Flop


PokerStars Hand #144852343839:  Hold'em Limit ($3/$6 USD) - 2015/12/05 7:02:31 ET
Table 'Neshmet' 2-max Seat #2 is the button
Seat 1: kaputnikoff ($71.54 in chips)
Seat 2: cbarnes ($136.64 in chips)
cbarnes: posts small blind $1
kaputnikoff: posts big blind $3
*** HOLE CARDS ***
cbarnes: raises $3 to $6
kaputnikoff: raises $3 to $9
cbarnes: calls $3
*** FLOP *** [5s 9c 4c]
kaputnikoff: bets $3
cbarnes: folds
Uncalled bet ($3) returned to kaputnikoff
kaputnikoff collected $17.64 from pot
kaputnikoff: doesn't show hand
*** SUMMARY ***
Total pot $18 | Rake $0.36
Board [5s 9c 4c]
Seat 1: kaputnikoff (big blind) collected ($17.64)
Seat 2: cbarnes (button) (small blind) folded on the Flop


PokerStars Hand #144852333282:  Hold'em Limit ($3/$6 USD) - 2015/12/05 7:02:12 ET
Table 'Neshmet' 2-max Seat #1 is the button
Seat 1: kaputnikoff ($83.54 in chips)
Seat 2: cbarnes ($125.12 in chips)
kaputnikoff: posts small blind $1
cbarnes: posts big blind $3
*** HOLE CARDS ***
kaputnikoff: raises $3 to $6
cbarnes: raises $3 to $9
kaputnikoff: calls $3
*** FLOP *** [7c 3s Js]
cbarnes: bets $3
kaputnikoff: calls $3
*** TURN *** [7c 3s Js] [4c]
cbarnes: bets $6
kaputnikoff: folds
Uncalled bet ($6) returned to cbarnes
cbarnes collected $23.52 from pot
cbarnes: doesn't show hand
*** SUMMARY ***
Total pot $24 | Rake $0.48
Board [7c 3s Js 4c]
Seat 1: kaputnikoff (button) (small blind) folded on the Turn
Seat 2: cbarnes (big blind) collected ($23.52)


PokerStars Hand #144852377795:  Hold'em Limit ($3/$6 USD) - 2015/12/05 7:03:34 ET
Table 'Neshmet' 2-max Seat #2 is the button
Seat 1: kaputnikoff ($65.18 in chips)
Seat 2: cbarnes ($141.92 in chips)
cbarnes: posts small blind $1
kaputnikoff: posts big blind $3
*** HOLE CARDS ***
cbarnes: folds
Uncalled bet ($2) returned to kaputnikoff
kaputnikoff collected $2 from pot
kaputnikoff: doesn't show hand
*** SUMMARY ***
Total pot $2 | Rake $0
Seat 1: kaputnikoff (big blind) collected ($2)
Seat 2: cbarnes (button) (small blind) folded before Flop


PokerStars Hand #144852368061:  Hold'em Limit ($3/$6 USD) - 2015/12/05 7:03:16 ET
Table 'Neshmet' 2-max Seat #1 is the button
Seat 1: kaputnikoff ($74.18 in chips)
Seat 2: cbarnes ($133.28 in chips)
kaputnikoff: posts small blind $1
cbarnes: posts big blind $3
*** HOLE CARDS ***
kaputnikoff: raises $3 to $6
cbarnes: raises $3 to $9
kaputnikoff: calls $3
*** FLOP *** [Ah 4s 8c]
cbarnes: bets $3
kaputnikoff: folds
Uncalled bet ($3) returned to cbarnes
cbarnes collected $17.64 from pot
cbarnes: doesn't show hand
*** SUMMARY ***
Total pot $18 | Rake $0.36
Board [Ah 4s 8c]
Seat 1: kaputnikoff (button) (small blind) folded on the Flop
Seat 2: cbarnes (big blind) collected ($17.64)


PokerStars Hand #144852355277:  Hold'em Limit ($3/$6 USD) - 2015/12/05 7:02:53 ET
Table 'Neshmet' 2-max Seat #2 is the button
Seat 1: kaputnikoff ($83.18 in chips)
Seat 2: cbarnes ($124.64 in chips)
cbarnes: posts small blind $1
kaputnikoff: posts big blind $3
*** HOLE CARDS ***
cbarnes: raises $3 to $6
kaputnikoff: calls $3
*** FLOP *** [Td Ad 7s]
kaputnikoff: checks
cbarnes: bets $3
kaputnikoff: calls $3
*** TURN *** [Td Ad 7s] [Ah]
kaputnikoff: checks
cbarnes: bets $6
kaputnikoff: folds
Uncalled bet ($6) returned to cbarnes
cbarnes collected $17.64 from pot
cbarnes: doesn't show hand
*** SUMMARY ***
Total pot $18 | Rake $0.36
Board [Td Ad 7s Ah]
Seat 1: kaputnikoff (big blind) folded on the Turn
Seat 2: cbarnes (button) (small blind) collected ($17.64)


PokerStars Hand #144852402628:  Hold'em Limit ($3/$6 USD) - 2015/12/05 7:04:20 ET
Table 'Neshmet' 2-max Seat #1 is the button
Seat 1: kaputnikoff ($87.68 in chips)
Seat 2: cbarnes ($118.92 in chips)
kaputnikoff: posts small blind $1
cbarnes: posts big blind $3
*** HOLE CARDS ***
kaputnikoff: raises $3 to $6
cbarnes: calls $3
*** FLOP *** [As Td 9d]
cbarnes: checks
kaputnikoff: bets $3
cbarnes: calls $3
*** TURN *** [As Td 9d] [7s]
cbarnes: checks
kaputnikoff: bets $6
cbarnes: calls $6
*** RIVER *** [As Td 9d 7s] [Js]
cbarnes: checks
kaputnikoff: checks
*** SHOW DOWN ***
cbarnes: shows [9h 5s] (a pair of Nines)
kaputnikoff: shows [Ts 5h] (a pair of Tens)
kaputnikoff collected $29.50 from pot
*** SUMMARY ***
Total pot $30 | Rake $0.50
Board [As Td 9d 7s Js]
Seat 1: kaputnikoff (button) (small blind) showed [Ts 5h] and won ($29.50) with a pair of Tens
Seat 2: cbarnes (big blind) showed [9h 5s] and lost with a pair of Nines


PokerStars Hand #144852399576:  Hold'em Limit ($3/$6 USD) - 2015/12/05 7:04:14 ET
Table 'Neshmet' 2-max Seat #2 is the button
Seat 1: kaputnikoff ($86.68 in chips)
Seat 2: cbarnes ($119.92 in chips)
cbarnes: posts small blind $1
kaputnikoff: posts big blind $3
*** HOLE CARDS ***
cbarnes: folds
Uncalled bet ($2) returned to kaputnikoff
kaputnikoff collected $2 from pot
kaputnikoff: doesn't show hand
*** SUMMARY ***
Total pot $2 | Rake $0
Seat 1: kaputnikoff (big blind) collected ($2)
Seat 2: cbarnes (button) (small blind) folded before Flop


PokerStars Hand #144852380840:  Hold'em Limit ($3/$6 USD) - 2015/12/05 7:03:39 ET
Table 'Neshmet' 2-max Seat #1 is the button
Seat 1: kaputnikoff ($66.18 in chips)
Seat 2: cbarnes ($140.92 in chips)
kaputnikoff: posts small blind $1
cbarnes: posts big blind $3
*** HOLE CARDS ***
kaputnikoff: raises $3 to $6
cbarnes: raises $3 to $9
kaputnikoff: calls $3
*** FLOP *** [7c 8s 9s]
cbarnes: bets $3
kaputnikoff: raises $3 to $6
cbarnes: calls $3
*** TURN *** [7c 8s 9s] [Jc]
cbarnes: checks
kaputnikoff: bets $6
cbarnes: calls $6
*** RIVER *** [7c 8s 9s Jc] [8c]
cbarnes: checks
kaputnikoff: checks
*** SHOW DOWN ***
cbarnes: shows [Kc Qh] (a pair of Eights)
kaputnikoff: shows [3d Js] (two pair, Jacks and Eights)
kaputnikoff collected $41.50 from pot
*** SUMMARY ***
Total pot $42 | Rake $0.50
Board [7c 8s 9s Jc 8c]
Seat 1: kaputnikoff (button) (small blind) showed [3d Js] and won ($41.50) with two pair, Jacks and Eights
Seat 2: cbarnes (big blind) showed [Kc Qh] and lost with a pair of Eights


PokerStars Hand #144852440595:  Hold'em Limit ($3/$6 USD) - 2015/12/05 7:05:29 ET
Table 'Neshmet' 2-max Seat #2 is the button
Seat 1: kaputnikoff ($98.68 in chips)
Seat 2: cbarnes ($106.42 in chips)
cbarnes: posts small blind $1
kaputnikoff: posts big blind $3
*** HOLE CARDS ***
cbarnes: raises $3 to $6
kaputnikoff: raises $3 to $9
cbarnes: calls $3
*** FLOP *** [3d Qc 4s]
kaputnikoff: bets $3
cbarnes: calls $3
*** TURN *** [3d Qc 4s] [As]
kaputnikoff: bets $6
cbarnes: raises $6 to $12
kaputnikoff: folds
Uncalled bet ($6) returned to cbarnes
cbarnes collected $35.50 from pot
cbarnes: doesn't show hand
*** SUMMARY ***
Total pot $36 | Rake $0.50
Board [3d Qc 4s As]
Seat 1: kaputnikoff (big blind) folded on the Turn
Seat 2: cbarnes (button) (small blind) collected ($35.50)


PokerStars Hand #144852428384:  Hold'em Limit ($3/$6 USD) - 2015/12/05 7:05:07 ET
Table 'Neshmet' 2-max Seat #1 is the button
Seat 1: kaputnikoff ($116.68 in chips)
Seat 2: cbarnes ($88.92 in chips)
kaputnikoff: posts small blind $1
cbarnes: posts big blind $3
*** HOLE CARDS ***
kaputnikoff: raises $3 to $6
cbarnes: raises $3 to $9
kaputnikoff: calls $3
*** FLOP *** [2d Jd 7s]
cbarnes: bets $3
kaputnikoff: calls $3
*** TURN *** [2d Jd 7s] [8c]
cbarnes: bets $6
kaputnikoff: calls $6
*** RIVER *** [2d Jd 7s 8c] [3c]
cbarnes: checks
kaputnikoff: checks
*** SHOW DOWN ***
cbarnes: shows [As Qh] (high card Ace)
kaputnikoff: mucks hand
cbarnes collected $35.50 from pot
*** SUMMARY ***
Total pot $36 | Rake $0.50
Board [2d Jd 7s 8c 3c]
Seat 1: kaputnikoff (button) (small blind) mucked
Seat 2: cbarnes (big blind) showed [As Qh] and won ($35.50) with high card Ace


PokerStars Hand #144852415118:  Hold'em Limit ($3/$6 USD) - 2015/12/05 7:04:43 ET
Table 'Neshmet' 2-max Seat #2 is the button
Seat 1: kaputnikoff ($102.18 in chips)
Seat 2: cbarnes ($103.92 in chips)
cbarnes: posts small blind $1
kaputnikoff: posts big blind $3
*** HOLE CARDS ***
cbarnes: raises $3 to $6
kaputnikoff: calls $3
*** FLOP *** [4d 5d 2h]
kaputnikoff: checks
cbarnes: bets $3
kaputnikoff: calls $3
*** TURN *** [4d 5d 2h] [3h]
kaputnikoff: checks
cbarnes: bets $6
kaputnikoff: calls $6
*** RIVER *** [4d 5d 2h 3h] [Kd]
kaputnikoff: checks
cbarnes: checks
*** SHOW DOWN ***
kaputnikoff: shows [3c 8c] (a pair of Threes)
cbarnes: mucks hand
kaputnikoff collected $29.50 from pot
*** SUMMARY ***
Total pot $30 | Rake $0.50
Board [4d 5d 2h 3h Kd]
Seat 1: kaputnikoff (big blind) showed [3c 8c] and won ($29.50) with a pair of Threes
Seat 2: cbarnes (button) (small blind) mucked


PokerStars Hand #144852463396:  Hold'em Limit ($3/$6 USD) - 2015/12/05 7:06:12 ET
Table 'Neshmet' 2-max Seat #2 is the button
Seat 1: kaputnikoff ($60 in chips)
Seat 2: cbarnes ($147.42 in chips)
cbarnes: posts small blind $1
kaputnikoff: posts big blind $3
*** HOLE CARDS ***
cbarnes: folds
Uncalled bet ($2) returned to kaputnikoff
kaputnikoff collected $2 from pot
kaputnikoff: doesn't show hand
*** SUMMARY ***
Total pot $2 | Rake $0
Seat 1: kaputnikoff (big blind) collected ($2)
Seat 2: cbarnes (button) (small blind) folded before Flop


PokerStars Hand #144852467437:  Hold'em Limit ($3/$6 USD) - 2015/12/05 7:06:19 ET
Table 'Neshmet' 2-max Seat #1 is the button
Seat 1: kaputnikoff ($61 in chips)
Seat 2: cbarnes ($146.42 in chips)
kaputnikoff: posts small blind $1
cbarnes: posts big blind $3
*** HOLE CARDS ***
kaputnikoff: raises $3 to $6
cbarnes: folds
Uncalled bet ($3) returned to kaputnikoff
kaputnikoff collected $6 from pot
kaputnikoff: doesn't show hand
*** SUMMARY ***
Total pot $6 | Rake $0
Seat 1: kaputnikoff (button) (small blind) collected ($6)
Seat 2: cbarnes (big blind) folded before Flop


PokerStars Hand #144852472572:  Hold'em Limit ($3/$6 USD) - 2015/12/05 7:06:29 ET
Table 'Neshmet' 2-max Seat #2 is the button
Seat 1: kaputnikoff ($64 in chips)
Seat 2: cbarnes ($143.42 in chips)
cbarnes: posts small blind $1
kaputnikoff: posts big blind $3
*** HOLE CARDS ***
cbarnes: raises $3 to $6
kaputnikoff: raises $3 to $9
cbarnes: calls $3
*** FLOP *** [8c 4s Jc]
kaputnikoff: bets $3
cbarnes: folds
Uncalled bet ($3) returned to kaputnikoff
kaputnikoff collected $17.64 from pot
kaputnikoff: doesn't show hand
*** SUMMARY ***
Total pot $18 | Rake $0.36
Board [8c 4s Jc]
Seat 1: kaputnikoff (big blind) collected ($17.64)
Seat 2: cbarnes (button) (small blind) folded on the Flop


PokerStars Hand #144852487792:  Hold'em Limit ($3/$6 USD) - 2015/12/05 7:06:57 ET
Table 'Neshmet' 2-max Seat #2 is the button
Seat 1: kaputnikoff ($66.64 in chips)
Seat 2: cbarnes ($140.18 in chips)
cbarnes: posts small blind $1
kaputnikoff: posts big blind $3
*** HOLE CARDS ***
cbarnes: folds
Uncalled bet ($2) returned to kaputnikoff
kaputnikoff collected $2 from pot
kaputnikoff: doesn't show hand
*** SUMMARY ***
Total pot $2 | Rake $0
Seat 1: kaputnikoff (big blind) collected ($2)
Seat 2: cbarnes (button) (small blind) folded before Flop


PokerStars Hand #144852479896:  Hold'em Limit ($3/$6 USD) - 2015/12/05 7:06:42 ET
Table 'Neshmet' 2-max Seat #1 is the button
Seat 1: kaputnikoff ($72.64 in chips)
Seat 2: cbarnes ($134.42 in chips)
kaputnikoff: posts small blind $1
cbarnes: posts big blind $3
*** HOLE CARDS ***
kaputnikoff: raises $3 to $6
cbarnes: calls $3
*** FLOP *** [Ac 5h 2h]
cbarnes: checks
kaputnikoff: checks
*** TURN *** [Ac 5h 2h] [2s]
cbarnes: bets $6
kaputnikoff: folds
Uncalled bet ($6) returned to cbarnes
cbarnes collected $11.76 from pot
cbarnes: doesn't show hand
*** SUMMARY ***
Total pot $12 | Rake $0.24
Board [Ac 5h 2h 2s]
Seat 1: kaputnikoff (button) (small blind) folded on the Turn
Seat 2: cbarnes (big blind) collected ($11.76)


PokerStars Hand #144852451407:  Hold'em Limit ($3/$6 USD) - 2015/12/05 7:05:50 ET
Table 'Neshmet' 2-max Seat #1 is the button
Seat 1: kaputnikoff ($80.68 in chips)
Seat 2: cbarnes ($123.92 in chips)
kaputnikoff: posts small blind $1
cbarnes: posts big blind $3
*** HOLE CARDS ***
kaputnikoff: raises $3 to $6
cbarnes: raises $3 to $9
kaputnikoff: calls $3
*** FLOP *** [Qd 7c 4d]
cbarnes: bets $3
kaputnikoff: calls $3
*** TURN *** [Qd 7c 4d] [6s]
cbarnes: bets $6
kaputnikoff: calls $6
*** RIVER *** [Qd 7c 4d 6s] [9s]
cbarnes: bets $6
kaputnikoff: calls $6
*** SHOW DOWN ***
cbarnes: shows [Jh Js] (a pair of Jacks)
kaputnikoff: mucks hand
cbarnes collected $47.50 from pot
*** SUMMARY ***
Total pot $48 | Rake $0.50
Board [Qd 7c 4d 6s 9s]
Seat 1: kaputnikoff (button) (small blind) mucked
Seat 2: cbarnes (big blind) showed [Jh Js] and won ($47.50) with a pair of Jacks


PokerStars Hand #144852490583:  Hold'em Limit ($3/$6 USD) - 2015/12/05 7:07:02 ET
Table 'Neshmet' 2-max Seat #1 is the button
Seat 1: kaputnikoff ($67.64 in chips)
Seat 2: cbarnes ($139.18 in chips)
kaputnikoff: posts small blind $1
cbarnes: posts big blind $3
*** HOLE CARDS ***
kaputnikoff: folds
Uncalled bet ($2) returned to cbarnes
cbarnes collected $2 from pot
cbarnes: doesn't show hand
*** SUMMARY ***
Total pot $2 | Rake $0
Seat 1: kaputnikoff (button) (small blind) folded before Flop
Seat 2: cbarnes (big blind) collected ($2)


PokerStars Hand #144852494314:  Hold'em Limit ($3/$6 USD) - 2015/12/05 7:07:09 ET
Table 'Neshmet' 2-max Seat #2 is the button
Seat 1: kaputnikoff ($66.64 in chips)
Seat 2: cbarnes ($140.18 in chips)
cbarnes: posts small blind $1
kaputnikoff: posts big blind $3
*** HOLE CARDS ***
cbarnes: raises $3 to $6
kaputnikoff: calls $3
*** FLOP *** [Ah 8h 5d]
kaputnikoff is disconnected
kaputnikoff has timed out while disconnected
kaputnikoff: checks
cbarnes: bets $3
kaputnikoff is connected
kaputnikoff: raises $3 to $6
cbarnes: folds
Uncalled bet ($3) returned to kaputnikoff
kaputnikoff collected $17.64 from pot
kaputnikoff: doesn't show hand
*** SUMMARY ***
Total pot $18 | Rake $0.36
Board [Ah 8h 5d]
Seat 1: kaputnikoff (big blind) collected ($17.64)
Seat 2: cbarnes (button) (small blind) folded on the Flop


PokerStars Hand #144852514442:  Hold'em Limit ($3/$6 USD) - 2015/12/05 7:07:46 ET
Table 'Neshmet' 2-max Seat #1 is the button
Seat 1: kaputnikoff ($75.28 in chips)
Seat 2: cbarnes ($131.18 in chips)
kaputnikoff: posts small blind $1
cbarnes: posts big blind $3
*** HOLE CARDS ***
kaputnikoff: raises $3 to $6
cbarnes: raises $3 to $9
kaputnikoff: calls $3
*** FLOP *** [3d Th 6c]
cbarnes: bets $3
kaputnikoff: calls $3
*** TURN *** [3d Th 6c] [Jd]
cbarnes: bets $6
kaputnikoff: folds
Uncalled bet ($6) returned to cbarnes
cbarnes collected $23.52 from pot
cbarnes: doesn't show hand
*** SUMMARY ***
Total pot $24 | Rake $0.48
Board [3d Th 6c Jd]
Seat 1: kaputnikoff (button) (small blind) folded on the Turn
Seat 2: cbarnes (big blind) collected ($23.52)


PokerStars Hand #144852527579:  Hold'em Limit ($3/$6 USD) - 2015/12/05 7:08:10 ET
Table 'Neshmet' 2-max Seat #2 is the button
Seat 1: kaputnikoff ($63.28 in chips)
Seat 2: cbarnes ($142.70 in chips)
cbarnes: posts small blind $1
kaputnikoff: posts big blind $3
*** HOLE CARDS ***
cbarnes: raises $3 to $6
kaputnikoff: calls $3
*** FLOP *** [Jh Ks Ts]
kaputnikoff: checks
cbarnes: bets $3
kaputnikoff: folds
Uncalled bet ($3) returned to cbarnes
cbarnes collected $11.76 from pot
cbarnes: doesn't show hand
*** SUMMARY ***
Total pot $12 | Rake $0.24
Board [Jh Ks Ts]
Seat 1: kaputnikoff (big blind) folded on the Flop
Seat 2: cbarnes (button) (small blind) collected ($11.76)


PokerStars Hand #144852534801:  Hold'em Limit ($3/$6 USD) - 2015/12/05 7:08:23 ET
Table 'Neshmet' 2-max Seat #1 is the button
Seat 1: kaputnikoff ($60 in chips)
Seat 2: cbarnes ($148.46 in chips)
kaputnikoff: posts small blind $1
cbarnes: posts big blind $3
*** HOLE CARDS ***
kaputnikoff: raises $3 to $6
cbarnes: calls $3
*** FLOP *** [9c 7c 6h]
cbarnes: checks
kaputnikoff: bets $3
cbarnes: calls $3
*** TURN *** [9c 7c 6h] [3d]
cbarnes: checks
kaputnikoff: bets $6
cbarnes: calls $6
*** RIVER *** [9c 7c 6h 3d] [Qc]
cbarnes: checks
kaputnikoff: bets $6
cbarnes: calls $6
*** SHOW DOWN ***
kaputnikoff: shows [Jh 7h] (a pair of Sevens)
cbarnes: mucks hand
kaputnikoff collected $41.50 from pot
*** SUMMARY ***
Total pot $42 | Rake $0.50
Board [9c 7c 6h 3d Qc]
Seat 1: kaputnikoff (button) (small blind) showed [Jh 7h] and won ($41.50) with a pair of Sevens
Seat 2: cbarnes (big blind) mucked


