PokerStars Hand #148065073664:  Hold'em Limit ($3/$6 USD) - 2016/02/01 14:11:51 ET
Table 'Neshmet' 2-max Seat #2 is the button
Seat 1: SWEwka ($262.02 in chips)
Seat 2: Zubasa07 ($477 in chips)
Zubasa07: posts small blind $1
SWEwka: posts big blind $3
*** HOLE CARDS ***
Zubasa07: folds
Uncalled bet ($2) returned to SWEwka
SWEwka collected $2 from pot
SWEwka: doesn't show hand
*** SUMMARY ***
Total pot $2 | Rake $0
Seat 1: SWEwka (big blind) collected ($2)
Seat 2: Zubasa07 (button) (small blind) folded before Flop


PokerStars Hand #148065068834:  Hold'em Limit ($3/$6 USD) - 2016/02/01 14:11:47 ET
Table 'Neshmet' 2-max Seat #1 is the button
Seat 1: SWEwka ($263.02 in chips)
Seat 2: Zubasa07 ($476 in chips)
SWEwka: posts small blind $1
Zubasa07: posts big blind $3
*** HOLE CARDS ***
SWEwka: folds
Uncalled bet ($2) returned to Zubasa07
Zubasa07 collected $2 from pot
Zubasa07: doesn't show hand
*** SUMMARY ***
Total pot $2 | Rake $0
Seat 1: SWEwka (button) (small blind) folded before Flop
Seat 2: Zubasa07 (big blind) collected ($2)


PokerStars Hand #148065064036:  Hold'em Limit ($3/$6 USD) - 2016/02/01 14:11:42 ET
Table 'Neshmet' 2-max Seat #2 is the button
Seat 1: SWEwka ($262.02 in chips)
Seat 2: Zubasa07 ($477 in chips)
Zubasa07: posts small blind $1
SWEwka: posts big blind $3
*** HOLE CARDS ***
Zubasa07: folds
Uncalled bet ($2) returned to SWEwka
SWEwka collected $2 from pot
SWEwka: doesn't show hand
*** SUMMARY ***
Total pot $2 | Rake $0
Seat 1: SWEwka (big blind) collected ($2)
Seat 2: Zubasa07 (button) (small blind) folded before Flop


PokerStars Hand #148065026342:  Hold'em Limit ($3/$6 USD) - 2016/02/01 14:11:07 ET
Table 'Neshmet' 2-max Seat #1 is the button
Seat 1: SWEwka ($247.52 in chips)
Seat 2: Zubasa07 ($492 in chips)
SWEwka: posts small blind $1
Zubasa07: posts big blind $3
*** HOLE CARDS ***
SWEwka: raises $3 to $6
Zubasa07: calls $3
*** FLOP *** [5d Td 4d]
Zubasa07: checks
SWEwka: bets $3
Zubasa07: calls $3
*** TURN *** [5d Td 4d] [8d]
Zubasa07: checks
SWEwka: checks
*** RIVER *** [5d Td 4d 8d] [Qh]
Zubasa07: bets $6
SWEwka: calls $6
*** SHOW DOWN ***
Zubasa07: shows [Kh 8c] (a pair of Eights)
SWEwka: shows [4s 4h] (three of a kind, Fours)
SWEwka collected $29.50 from pot
*** SUMMARY ***
Total pot $30 | Rake $0.50
Board [5d Td 4d 8d Qh]
Seat 1: SWEwka (button) (small blind) showed [4s 4h] and won ($29.50) with three of a kind, Fours
Seat 2: Zubasa07 (big blind) showed [Kh 8c] and lost with a pair of Eights


PokerStars Hand #148065118736:  Hold'em Limit ($3/$6 USD) - 2016/02/01 14:12:32 ET
Table 'Neshmet' 2-max Seat #2 is the button
Seat 1: SWEwka ($283.52 in chips)
Seat 2: Zubasa07 ($455 in chips)
Zubasa07: posts small blind $1
SWEwka: posts big blind $3
*** HOLE CARDS ***
Zubasa07: raises $3 to $6
SWEwka: calls $3
*** FLOP *** [8c 8s 2h]
SWEwka: checks
Zubasa07: bets $3
SWEwka: calls $3
*** TURN *** [8c 8s 2h] [6s]
SWEwka: bets $6
Zubasa07: folds
Uncalled bet ($6) returned to SWEwka
SWEwka collected $17.64 from pot
SWEwka: doesn't show hand
*** SUMMARY ***
Total pot $18 | Rake $0.36
Board [8c 8s 2h 6s]
Seat 1: SWEwka (big blind) collected ($17.64)
Seat 2: Zubasa07 (button) (small blind) folded on the Turn


PokerStars Hand #148065078442:  Hold'em Limit ($3/$6 USD) - 2016/02/01 14:11:55 ET
Table 'Neshmet' 2-max Seat #1 is the button
Seat 1: SWEwka ($263.02 in chips)
Seat 2: Zubasa07 ($476 in chips)
SWEwka: posts small blind $1
Zubasa07: posts big blind $3
*** HOLE CARDS ***
SWEwka: raises $3 to $6
Zubasa07: calls $3
*** FLOP *** [Ad 7h Qs]
Zubasa07: checks
SWEwka: bets $3
Zubasa07: calls $3
*** TURN *** [Ad 7h Qs] [4d]
Zubasa07: checks
SWEwka: bets $6
Zubasa07: calls $6
*** RIVER *** [Ad 7h Qs 4d] [2d]
Zubasa07: checks
SWEwka: bets $6
Zubasa07: calls $6
*** SHOW DOWN ***
SWEwka: shows [Ah 3d] (a pair of Aces)
Zubasa07: mucks hand
SWEwka collected $41.50 from pot
*** SUMMARY ***
Total pot $42 | Rake $0.50
Board [Ad 7h Qs 4d 2d]
Seat 1: SWEwka (button) (small blind) showed [Ah 3d] and won ($41.50) with a pair of Aces
Seat 2: Zubasa07 (big blind) mucked


PokerStars Hand #148065208749:  Hold'em Limit ($3/$6 USD) - 2016/02/01 14:13:56 ET
Table 'Neshmet' 2-max Seat #1 is the button
Seat 1: SWEwka ($309.44 in chips)
Seat 2: Zubasa07 ($428 in chips)
SWEwka: posts small blind $1
Zubasa07: posts big blind $3
*** HOLE CARDS ***
SWEwka: folds
Uncalled bet ($2) returned to Zubasa07
Zubasa07 collected $2 from pot
Zubasa07: doesn't show hand
*** SUMMARY ***
Total pot $2 | Rake $0
Seat 1: SWEwka (button) (small blind) folded before Flop
Seat 2: Zubasa07 (big blind) collected ($2)


PokerStars Hand #148065174716:  Hold'em Limit ($3/$6 USD) - 2016/02/01 14:13:25 ET
Table 'Neshmet' 2-max Seat #2 is the button
Seat 1: SWEwka ($297.92 in chips)
Seat 2: Zubasa07 ($440 in chips)
Zubasa07: posts small blind $1
SWEwka: posts big blind $3
*** HOLE CARDS ***
Zubasa07: raises $3 to $6
SWEwka: calls $3
*** FLOP *** [5d 7d 6d]
SWEwka: checks
Zubasa07: checks
*** TURN *** [5d 7d 6d] [4s]
SWEwka: bets $6
Zubasa07: calls $6
*** RIVER *** [5d 7d 6d 4s] [2d]
SWEwka: checks
Zubasa07: checks
*** SHOW DOWN ***
SWEwka: shows [8h 7s] (a straight, Four to Eight)
Zubasa07: mucks hand
SWEwka collected $23.52 from pot
*** SUMMARY ***
Total pot $24 | Rake $0.48
Board [5d 7d 6d 4s 2d]
Seat 1: SWEwka (big blind) showed [8h 7s] and won ($23.52) with a straight, Four to Eight
Seat 2: Zubasa07 (button) (small blind) mucked


PokerStars Hand #148065138098:  Hold'em Limit ($3/$6 USD) - 2016/02/01 14:12:50 ET
Table 'Neshmet' 2-max Seat #1 is the button
Seat 1: SWEwka ($292.16 in chips)
Seat 2: Zubasa07 ($446 in chips)
SWEwka: posts small blind $1
Zubasa07: posts big blind $3
*** HOLE CARDS ***
SWEwka: raises $3 to $6
Zubasa07: calls $3
*** FLOP *** [8c 3d Jd]
Zubasa07: checks
SWEwka: checks
*** TURN *** [8c 3d Jd] [Ad]
Zubasa07: checks
SWEwka: bets $6
Zubasa07: folds
Uncalled bet ($6) returned to SWEwka
SWEwka collected $11.76 from pot
SWEwka: doesn't show hand
*** SUMMARY ***
Total pot $12 | Rake $0.24
Board [8c 3d Jd Ad]
Seat 1: SWEwka (button) (small blind) collected ($11.76)
Seat 2: Zubasa07 (big blind) folded on the Turn


PokerStars Hand #148065292181:  Hold'em Limit ($3/$6 USD) - 2016/02/01 14:15:13 ET
Table 'Neshmet' 2-max Seat #2 is the button
Seat 1: SWEwka ($301.94 in chips)
Seat 2: Zubasa07 ($434.50 in chips)
Zubasa07: posts small blind $1
SWEwka: posts big blind $3
*** HOLE CARDS ***
Zubasa07: raises $3 to $6
SWEwka: folds
Uncalled bet ($3) returned to Zubasa07
Zubasa07 collected $6 from pot
Zubasa07: doesn't show hand
*** SUMMARY ***
Total pot $6 | Rake $0
Seat 1: SWEwka (big blind) folded before Flop
Seat 2: Zubasa07 (button) (small blind) collected ($6)


PokerStars Hand #148065245121:  Hold'em Limit ($3/$6 USD) - 2016/02/01 14:14:30 ET
Table 'Neshmet' 2-max Seat #1 is the button
Seat 1: SWEwka ($322.94 in chips)
Seat 2: Zubasa07 ($414 in chips)
SWEwka: posts small blind $1
Zubasa07: posts big blind $3
*** HOLE CARDS ***
SWEwka: calls $2
Zubasa07: raises $3 to $6
SWEwka: calls $3
*** FLOP *** [2h Td 5d]
Zubasa07: bets $3
SWEwka: calls $3
*** TURN *** [2h Td 5d] [Kd]
Zubasa07: bets $6
SWEwka: calls $6
*** RIVER *** [2h Td 5d Kd] [Ac]
Zubasa07: bets $6
SWEwka: calls $6
*** SHOW DOWN ***
Zubasa07: shows [Kh 5h] (two pair, Kings and Fives)
SWEwka: mucks hand
Zubasa07 collected $41.50 from pot
*** SUMMARY ***
Total pot $42 | Rake $0.50
Board [2h Td 5d Kd Ac]
Seat 1: SWEwka (button) (small blind) mucked
Seat 2: Zubasa07 (big blind) showed [Kh 5h] and won ($41.50) with two pair, Kings and Fives


PokerStars Hand #148065213853:  Hold'em Limit ($3/$6 USD) - 2016/02/01 14:14:01 ET
Table 'Neshmet' 2-max Seat #2 is the button
Seat 1: SWEwka ($308.44 in chips)
Seat 2: Zubasa07 ($429 in chips)
Zubasa07: posts small blind $1
SWEwka: posts big blind $3
*** HOLE CARDS ***
Zubasa07: raises $3 to $6
SWEwka: calls $3
*** FLOP *** [Tc Kc 5h]
SWEwka: checks
Zubasa07: bets $3
SWEwka: calls $3
*** TURN *** [Tc Kc 5h] [5s]
SWEwka: checks
Zubasa07: checks
*** RIVER *** [Tc Kc 5h 5s] [2d]
SWEwka: bets $6
Zubasa07: calls $6
*** SHOW DOWN ***
SWEwka: shows [Ah 5d] (three of a kind, Fives)
Zubasa07: mucks hand
SWEwka collected $29.50 from pot
*** SUMMARY ***
Total pot $30 | Rake $0.50
Board [Tc Kc 5h 5s 2d]
Seat 1: SWEwka (big blind) showed [Ah 5d] and won ($29.50) with three of a kind, Fives
Seat 2: Zubasa07 (button) (small blind) mucked


PokerStars Hand #148065297600:  Hold'em Limit ($3/$6 USD) - 2016/02/01 14:15:18 ET
Table 'Neshmet' 2-max Seat #1 is the button
Seat 1: SWEwka ($298.94 in chips)
Seat 2: Zubasa07 ($437.50 in chips)
SWEwka: posts small blind $1
Zubasa07: posts big blind $3
*** HOLE CARDS ***
SWEwka: raises $3 to $6
Zubasa07: folds
Uncalled bet ($3) returned to SWEwka
SWEwka collected $6 from pot
SWEwka: doesn't show hand
*** SUMMARY ***
Total pot $6 | Rake $0
Seat 1: SWEwka (button) (small blind) collected ($6)
Seat 2: Zubasa07 (big blind) folded before Flop


PokerStars Hand #148065307542:  Hold'em Limit ($3/$6 USD) - 2016/02/01 14:15:27 ET
Table 'Neshmet' 2-max Seat #2 is the button
Seat 1: SWEwka ($301.94 in chips)
Seat 2: Zubasa07 ($434.50 in chips)
Zubasa07: posts small blind $1
SWEwka: posts big blind $3
*** HOLE CARDS ***
Zubasa07: raises $3 to $6
SWEwka: calls $3
*** FLOP *** [Jc 7c Jh]
SWEwka: checks
Zubasa07: bets $3
SWEwka: calls $3
*** TURN *** [Jc 7c Jh] [2d]
SWEwka: checks
Zubasa07: bets $6
SWEwka: calls $6
*** RIVER *** [Jc 7c Jh 2d] [2s]
SWEwka: checks
Zubasa07: bets $6
SWEwka: calls $6
*** SHOW DOWN ***
Zubasa07: shows [7s 9s] (two pair, Jacks and Sevens)
SWEwka: mucks hand
Zubasa07 collected $41.50 from pot
*** SUMMARY ***
Total pot $42 | Rake $0.50
Board [Jc 7c Jh 2d 2s]
Seat 1: SWEwka (big blind) mucked
Seat 2: Zubasa07 (button) (small blind) showed [7s 9s] and won ($41.50) with two pair, Jacks and Sevens


PokerStars Hand #148065343010:  Hold'em Limit ($3/$6 USD) - 2016/02/01 14:15:59 ET
Table 'Neshmet' 2-max Seat #1 is the button
Seat 1: SWEwka ($280.94 in chips)
Seat 2: Zubasa07 ($455 in chips)
SWEwka: posts small blind $1
Zubasa07: posts big blind $3
*** HOLE CARDS ***
SWEwka: folds
Uncalled bet ($2) returned to Zubasa07
Zubasa07 collected $2 from pot
Zubasa07: doesn't show hand
*** SUMMARY ***
Total pot $2 | Rake $0
Seat 1: SWEwka (button) (small blind) folded before Flop
Seat 2: Zubasa07 (big blind) collected ($2)


PokerStars Hand #148065348210:  Hold'em Limit ($3/$6 USD) - 2016/02/01 14:16:04 ET
Table 'Neshmet' 2-max Seat #2 is the button
Seat 1: SWEwka ($279.94 in chips)
Seat 2: Zubasa07 ($456 in chips)
Zubasa07: posts small blind $1
SWEwka: posts big blind $3
*** HOLE CARDS ***
Zubasa07: raises $3 to $6
SWEwka: calls $3
*** FLOP *** [Kd 6s Ac]
SWEwka: checks
Zubasa07: bets $3
SWEwka: calls $3
*** TURN *** [Kd 6s Ac] [7h]
SWEwka: checks
Zubasa07: bets $6
SWEwka: folds
Uncalled bet ($6) returned to Zubasa07
Zubasa07 collected $17.64 from pot
Zubasa07: doesn't show hand
*** SUMMARY ***
Total pot $18 | Rake $0.36
Board [Kd 6s Ac 7h]
Seat 1: SWEwka (big blind) folded on the Turn
Seat 2: Zubasa07 (button) (small blind) collected ($17.64)


PokerStars Hand #148065379646:  Hold'em Limit ($3/$6 USD) - 2016/02/01 14:16:32 ET
Table 'Neshmet' 2-max Seat #1 is the button
Seat 1: SWEwka ($270.94 in chips)
Seat 2: Zubasa07 ($464.64 in chips)
SWEwka: posts small blind $1
Zubasa07: posts big blind $3
*** HOLE CARDS ***
SWEwka: folds
Uncalled bet ($2) returned to Zubasa07
Zubasa07 collected $2 from pot
Zubasa07: doesn't show hand
*** SUMMARY ***
Total pot $2 | Rake $0
Seat 1: SWEwka (button) (small blind) folded before Flop
Seat 2: Zubasa07 (big blind) collected ($2)


PokerStars Hand #148065384300:  Hold'em Limit ($3/$6 USD) - 2016/02/01 14:16:37 ET
Table 'Neshmet' 2-max Seat #2 is the button
Seat 1: SWEwka ($269.94 in chips)
Seat 2: Zubasa07 ($465.64 in chips)
Zubasa07: posts small blind $1
SWEwka: posts big blind $3
*** HOLE CARDS ***
Zubasa07: raises $3 to $6
SWEwka: calls $3
*** FLOP *** [3c 4h 7s]
SWEwka: checks
Zubasa07: checks
*** TURN *** [3c 4h 7s] [Tc]
SWEwka: checks
Zubasa07: checks
*** RIVER *** [3c 4h 7s Tc] [7c]
SWEwka: checks
Zubasa07: checks
*** SHOW DOWN ***
SWEwka: shows [Jd Kd] (a pair of Sevens)
Zubasa07: mucks hand
SWEwka collected $11.76 from pot
*** SUMMARY ***
Total pot $12 | Rake $0.24
Board [3c 4h 7s Tc 7c]
Seat 1: SWEwka (big blind) showed [Jd Kd] and won ($11.76) with a pair of Sevens
Seat 2: Zubasa07 (button) (small blind) mucked


PokerStars Hand #148065425809:  Hold'em Limit ($3/$6 USD) - 2016/02/01 14:17:15 ET
Table 'Neshmet' 2-max Seat #1 is the button
Seat 1: SWEwka ($275.70 in chips)
Seat 2: Zubasa07 ($459.64 in chips)
SWEwka: posts small blind $1
Zubasa07: posts big blind $3
*** HOLE CARDS ***
SWEwka: raises $3 to $6
Zubasa07: raises $3 to $9
SWEwka: calls $3
*** FLOP *** [Ks Qd Kh]
Zubasa07: bets $3
SWEwka: folds
Uncalled bet ($3) returned to Zubasa07
Zubasa07 collected $17.64 from pot
Zubasa07: doesn't show hand
*** SUMMARY ***
Total pot $18 | Rake $0.36
Board [Ks Qd Kh]
Seat 1: SWEwka (button) (small blind) folded on the Flop
Seat 2: Zubasa07 (big blind) collected ($17.64)


PokerStars Hand #148065444077:  Hold'em Limit ($3/$6 USD) - 2016/02/01 14:17:31 ET
Table 'Neshmet' 2-max Seat #2 is the button
Seat 1: SWEwka ($266.70 in chips)
Seat 2: Zubasa07 ($468.28 in chips)
Zubasa07: posts small blind $1
SWEwka: posts big blind $3
*** HOLE CARDS ***
Zubasa07: raises $3 to $6
SWEwka: calls $3
*** FLOP *** [Jc Qs 5s]
SWEwka: checks
Zubasa07: bets $3
SWEwka: calls $3
*** TURN *** [Jc Qs 5s] [4s]
SWEwka: checks
Zubasa07: checks
*** RIVER *** [Jc Qs 5s 4s] [2s]
SWEwka: checks
Zubasa07: checks
*** SHOW DOWN ***
SWEwka: shows [Qh Ah] (a pair of Queens)
Zubasa07: mucks hand
SWEwka collected $17.64 from pot
*** SUMMARY ***
Total pot $18 | Rake $0.36
Board [Jc Qs 5s 4s 2s]
Seat 1: SWEwka (big blind) showed [Qh Ah] and won ($17.64) with a pair of Queens
Seat 2: Zubasa07 (button) (small blind) mucked


PokerStars Hand #148065484141:  Hold'em Limit ($3/$6 USD) - 2016/02/01 14:18:08 ET
Table 'Neshmet' 2-max Seat #1 is the button
Seat 1: SWEwka ($275.34 in chips)
Seat 2: Zubasa07 ($459.28 in chips)
SWEwka: posts small blind $1
Zubasa07: posts big blind $3
*** HOLE CARDS ***
SWEwka: raises $3 to $6
Zubasa07: calls $3
*** FLOP *** [Qs 5d 8h]
Zubasa07: checks
SWEwka: checks
*** TURN *** [Qs 5d 8h] [3s]
Zubasa07: checks
SWEwka: bets $6
Zubasa07: folds
Uncalled bet ($6) returned to SWEwka
SWEwka collected $11.76 from pot
SWEwka: doesn't show hand
*** SUMMARY ***
Total pot $12 | Rake $0.24
Board [Qs 5d 8h 3s]
Seat 1: SWEwka (button) (small blind) collected ($11.76)
Seat 2: Zubasa07 (big blind) folded on the Turn


PokerStars Hand #148065547221:  Hold'em Limit ($3/$6 USD) - 2016/02/01 14:19:06 ET
Table 'Neshmet' 2-max Seat #1 is the button
Seat 1: SWEwka ($278.10 in chips)
Seat 2: Zubasa07 ($456.28 in chips)
SWEwka: posts small blind $1
Zubasa07: posts big blind $3
*** HOLE CARDS ***
SWEwka: folds
Uncalled bet ($2) returned to Zubasa07
Zubasa07 collected $2 from pot
Zubasa07: doesn't show hand
*** SUMMARY ***
Total pot $2 | Rake $0
Seat 1: SWEwka (button) (small blind) folded before Flop
Seat 2: Zubasa07 (big blind) collected ($2)


PokerStars Hand #148065524639:  Hold'em Limit ($3/$6 USD) - 2016/02/01 14:18:45 ET
Table 'Neshmet' 2-max Seat #2 is the button
Seat 1: SWEwka ($281.10 in chips)
Seat 2: Zubasa07 ($453.28 in chips)
Zubasa07: posts small blind $1
SWEwka: posts big blind $3
*** HOLE CARDS ***
Zubasa07: raises $3 to $6
SWEwka: folds
Uncalled bet ($3) returned to Zubasa07
Zubasa07 collected $6 from pot
Zubasa07: doesn't show hand
*** SUMMARY ***
Total pot $6 | Rake $0
Seat 1: SWEwka (big blind) folded before Flop
Seat 2: Zubasa07 (button) (small blind) collected ($6)


PokerStars Hand #148065551773:  Hold'em Limit ($3/$6 USD) - 2016/02/01 14:19:10 ET
Table 'Neshmet' 2-max Seat #2 is the button
Seat 1: SWEwka ($277.10 in chips)
Seat 2: Zubasa07 ($457.28 in chips)
Zubasa07: posts small blind $1
SWEwka: posts big blind $3
*** HOLE CARDS ***
Zubasa07: raises $3 to $6
SWEwka: calls $3
*** FLOP *** [As Jh 9s]
SWEwka: checks
Zubasa07: bets $3
SWEwka: folds
Uncalled bet ($3) returned to Zubasa07
Zubasa07 collected $11.76 from pot
Zubasa07: doesn't show hand
*** SUMMARY ***
Total pot $12 | Rake $0.24
Board [As Jh 9s]
Seat 1: SWEwka (big blind) folded on the Flop
Seat 2: Zubasa07 (button) (small blind) collected ($11.76)


PokerStars Hand #148065563594:  Hold'em Limit ($3/$6 USD) - 2016/02/01 14:19:21 ET
Table 'Neshmet' 2-max Seat #1 is the button
Seat 1: SWEwka ($271.10 in chips)
Seat 2: Zubasa07 ($463.04 in chips)
SWEwka: posts small blind $1
Zubasa07: posts big blind $3
*** HOLE CARDS ***
SWEwka: raises $3 to $6
Zubasa07: calls $3
*** FLOP *** [7s 4d Kd]
Zubasa07: checks
SWEwka: checks
*** TURN *** [7s 4d Kd] [Qd]
Zubasa07: checks
SWEwka: bets $6
Zubasa07: calls $6
*** RIVER *** [7s 4d Kd Qd] [9c]
Zubasa07: checks
SWEwka: bets $6
Zubasa07: folds
Uncalled bet ($6) returned to SWEwka
SWEwka collected $23.52 from pot
SWEwka: doesn't show hand
*** SUMMARY ***
Total pot $24 | Rake $0.48
Board [7s 4d Kd Qd 9c]
Seat 1: SWEwka (button) (small blind) collected ($23.52)
Seat 2: Zubasa07 (big blind) folded on the River


PokerStars Hand #148065610856:  Hold'em Limit ($3/$6 USD) - 2016/02/01 14:20:04 ET
Table 'Neshmet' 2-max Seat #2 is the button
Seat 1: SWEwka ($282.62 in chips)
Seat 2: Zubasa07 ($451.04 in chips)
Zubasa07: posts small blind $1
SWEwka: posts big blind $3
*** HOLE CARDS ***
Zubasa07: raises $3 to $6
SWEwka: calls $3
*** FLOP *** [3d 2s 7d]
SWEwka: checks
Zubasa07: bets $3
SWEwka: calls $3
*** TURN *** [3d 2s 7d] [7c]
SWEwka: checks
Zubasa07: bets $6
SWEwka: folds
Uncalled bet ($6) returned to Zubasa07
Zubasa07 collected $17.64 from pot
Zubasa07: doesn't show hand
*** SUMMARY ***
Total pot $18 | Rake $0.36
Board [3d 2s 7d 7c]
Seat 1: SWEwka (big blind) folded on the Turn
Seat 2: Zubasa07 (button) (small blind) collected ($17.64)


PokerStars Hand #148065639102:  Hold'em Limit ($3/$6 USD) - 2016/02/01 14:20:30 ET
Table 'Neshmet' 2-max Seat #1 is the button
Seat 1: SWEwka ($273.62 in chips)
Seat 2: Zubasa07 ($459.68 in chips)
SWEwka: posts small blind $1
Zubasa07: posts big blind $3
*** HOLE CARDS ***
SWEwka: raises $3 to $6
Zubasa07: raises $3 to $9
SWEwka: calls $3
*** FLOP *** [Th Qh 6s]
Zubasa07: bets $3
SWEwka: calls $3
*** TURN *** [Th Qh 6s] [6c]
Zubasa07: bets $6
SWEwka: calls $6
*** RIVER *** [Th Qh 6s 6c] [Ks]
Zubasa07: bets $6
SWEwka: raises $6 to $12
Zubasa07: calls $6
*** SHOW DOWN ***
SWEwka: shows [Js 9h] (a straight, Nine to King)
Zubasa07: shows [Jh 9s] (a straight, Nine to King)
Zubasa07 collected $29.75 from pot
SWEwka collected $29.75 from pot
*** SUMMARY ***
Total pot $60 | Rake $0.50
Board [Th Qh 6s 6c Ks]
Seat 1: SWEwka (button) (small blind) showed [Js 9h] and won ($29.75) with a straight, Nine to King
Seat 2: Zubasa07 (big blind) showed [Jh 9s] and won ($29.75) with a straight, Nine to King


PokerStars Hand #148065692803:  Hold'em Limit ($3/$6 USD) - 2016/02/01 14:21:19 ET
Table 'Neshmet' 2-max Seat #2 is the button
Seat 1: SWEwka ($273.37 in chips)
Seat 2: Zubasa07 ($459.43 in chips)
Zubasa07: posts small blind $1
SWEwka: posts big blind $3
*** HOLE CARDS ***
Zubasa07: raises $3 to $6
SWEwka: calls $3
*** FLOP *** [5h 7s 3s]
SWEwka: checks
Zubasa07: bets $3
SWEwka: raises $3 to $6
Zubasa07: calls $3
*** TURN *** [5h 7s 3s] [2h]
SWEwka: bets $6
Zubasa07: calls $6
*** RIVER *** [5h 7s 3s 2h] [6d]
SWEwka: checks
Zubasa07: checks
*** SHOW DOWN ***
SWEwka: shows [7h Kc] (a pair of Sevens)
Zubasa07: mucks hand
SWEwka collected $35.50 from pot
*** SUMMARY ***
Total pot $36 | Rake $0.50
Board [5h 7s 3s 2h 6d]
Seat 1: SWEwka (big blind) showed [7h Kc] and won ($35.50) with a pair of Sevens
Seat 2: Zubasa07 (button) (small blind) mucked


PokerStars Hand #148065731891:  Hold'em Limit ($3/$6 USD) - 2016/02/01 14:21:54 ET
Table 'Neshmet' 2-max Seat #1 is the button
Seat 1: SWEwka ($290.87 in chips)
Seat 2: Zubasa07 ($441.43 in chips)
SWEwka: posts small blind $1
Zubasa07: posts big blind $3
*** HOLE CARDS ***
SWEwka: raises $3 to $6
Zubasa07: calls $3
*** FLOP *** [Kd Jh 3h]
Zubasa07: checks
SWEwka: bets $3
Zubasa07: calls $3
*** TURN *** [Kd Jh 3h] [6h]
Zubasa07: checks
SWEwka: checks
*** RIVER *** [Kd Jh 3h 6h] [4h]
Zubasa07: checks
SWEwka: bets $6
Zubasa07: calls $6
*** SHOW DOWN ***
SWEwka: shows [9d Ad] (high card Ace)
Zubasa07: shows [8d 3d] (a pair of Threes)
Zubasa07 collected $29.50 from pot
*** SUMMARY ***
Total pot $30 | Rake $0.50
Board [Kd Jh 3h 6h 4h]
Seat 1: SWEwka (button) (small blind) showed [9d Ad] and lost with high card Ace
Seat 2: Zubasa07 (big blind) showed [8d 3d] and won ($29.50) with a pair of Threes


