PokerStars Hand #159871882740:  Hold'em Limit ($3/$6 USD) - 2016/10/13 9:29:19 ET
Table 'Nestor II' 6-max Seat #3 is the button
Seat 3: alpex ($127.64 in chips)
Seat 5: belik555 ($72 in chips)
alpex: posts small blind $1
belik555: posts big blind $3
*** HOLE CARDS ***
alpex: folds
Uncalled bet ($2) returned to belik555
belik555 collected $2 from pot
belik555: doesn't show hand
*** SUMMARY ***
Total pot $2 | Rake $0
Seat 3: alpex (button) (small blind) folded before Flop
Seat 5: belik555 (big blind) collected ($2)


PokerStars Hand #159871859077:  Hold'em Limit ($3/$6 USD) - 2016/10/13 9:28:28 ET
Table 'Nestor II' 6-max Seat #3 is the button
Seat 3: alpex ($120 in chips)
Seat 5: belik555 ($72 in chips)
Agrotait: is sitting out
alpex: posts small blind $1
belik555: posts big blind $3
*** HOLE CARDS ***
Agrotait leaves the table
alpex: folds
Uncalled bet ($2) returned to belik555
belik555 collected $2 from pot
belik555: doesn't show hand
*** SUMMARY ***
Total pot $2 | Rake $0
Seat 3: alpex (button) (small blind) folded before Flop
Seat 5: belik555 (big blind) collected ($2)


PokerStars Hand #159871889137:  Hold'em Limit ($3/$6 USD) - 2016/10/13 9:29:32 ET
Table 'Nestor II' 6-max Seat #3 is the button
Seat 3: alpex ($127.64 in chips)
Seat 5: belik555 ($72 in chips)
alpex: posts small blind $1
belik555: posts big blind $3
*** HOLE CARDS ***
alpex: folds
Uncalled bet ($2) returned to belik555
belik555 collected $2 from pot
belik555: doesn't show hand
*** SUMMARY ***
Total pot $2 | Rake $0
Seat 3: alpex (button) (small blind) folded before Flop
Seat 5: belik555 (big blind) collected ($2)


PokerStars Hand #159871885173:  Hold'em Limit ($3/$6 USD) - 2016/10/13 9:29:24 ET
Table 'Nestor II' 6-max Seat #5 is the button
Seat 3: alpex ($126.64 in chips)
Seat 5: belik555 ($73 in chips)
belik555: posts small blind $1
alpex: posts big blind $3
*** HOLE CARDS ***
belik555: folds
Uncalled bet ($2) returned to alpex
alpex collected $2 from pot
alpex: doesn't show hand
*** SUMMARY ***
Total pot $2 | Rake $0
Seat 3: alpex (big blind) collected ($2)
Seat 5: belik555 (button) (small blind) folded before Flop


PokerStars Hand #159871866656:  Hold'em Limit ($3/$6 USD) - 2016/10/13 9:28:44 ET
Table 'Nestor II' 6-max Seat #5 is the button
Seat 3: alpex ($119 in chips)
Seat 5: belik555 ($73 in chips)
belik555: posts small blind $1
alpex: posts big blind $3
*** HOLE CARDS ***
belik555: raises $3 to $6
alpex: calls $3
*** FLOP *** [7d 4h 2h]
alpex: checks
belik555: bets $3
alpex: calls $3
*** TURN *** [7d 4h 2h] [8d]
alpex: checks
belik555: checks
*** RIVER *** [7d 4h 2h 8d] [5d]
alpex: checks
belik555: checks
*** SHOW DOWN ***
alpex: shows [Ac 2s] (a pair of Deuces)
belik555: mucks hand
alpex collected $17.64 from pot
*** SUMMARY ***
Total pot $18 | Rake $0.36
Board [7d 4h 2h 8d 5d]
Seat 3: alpex (big blind) showed [Ac 2s] and won ($17.64) with a pair of Deuces
Seat 5: belik555 (button) (small blind) mucked


PokerStars Hand #159871895321:  Hold'em Limit ($3/$6 USD) - 2016/10/13 9:29:45 ET
Table 'Nestor II' 6-max Seat #3 is the button
Seat 3: alpex ($127.64 in chips)
Seat 5: belik555 ($72 in chips)
alpex: posts small blind $1
belik555: posts big blind $3
*** HOLE CARDS ***
alpex: raises $3 to $6
belik555: raises $3 to $9
alpex: calls $3
*** FLOP *** [8c Jh Kh]
belik555: bets $3
alpex: folds
Uncalled bet ($3) returned to belik555
belik555 collected $17.64 from pot
belik555: doesn't show hand
*** SUMMARY ***
Total pot $18 | Rake $0.36
Board [8c Jh Kh]
Seat 3: alpex (button) (small blind) folded on the Flop
Seat 5: belik555 (big blind) collected ($17.64)


PokerStars Hand #159871891658:  Hold'em Limit ($3/$6 USD) - 2016/10/13 9:29:38 ET
Table 'Nestor II' 6-max Seat #5 is the button
Seat 3: alpex ($126.64 in chips)
Seat 5: belik555 ($73 in chips)
belik555: posts small blind $1
alpex: posts big blind $3
*** HOLE CARDS ***
belik555: folds
Uncalled bet ($2) returned to alpex
alpex collected $2 from pot
alpex: doesn't show hand
*** SUMMARY ***
Total pot $2 | Rake $0
Seat 3: alpex (big blind) collected ($2)
Seat 5: belik555 (button) (small blind) folded before Flop


PokerStars Hand #159871906160:  Hold'em Limit ($3/$6 USD) - 2016/10/13 9:30:08 ET
Table 'Nestor II' 6-max Seat #5 is the button
Seat 3: alpex ($118.64 in chips)
Seat 5: belik555 ($80.64 in chips)
belik555: posts small blind $1
alpex: posts big blind $3
*** HOLE CARDS ***
belik555: raises $3 to $6
alpex: raises $3 to $9
belik555: calls $3
*** FLOP *** [5d 8h 6c]
alpex: bets $3
belik555: calls $3
*** TURN *** [5d 8h 6c] [3h]
alpex: bets $6
xRauIx joins the table at seat #4
belik555: calls $6
*** RIVER *** [5d 8h 6c 3h] [9c]
alpex: bets $6
belik555: calls $6
*** SHOW DOWN ***
alpex: shows [As Kd] (high card Ace)
belik555: shows [6h Td] (a pair of Sixes)
belik555 collected $47.50 from pot
*** SUMMARY ***
Total pot $48 | Rake $0.50
Board [5d 8h 6c 3h 9c]
Seat 3: alpex (big blind) showed [As Kd] and lost with high card Ace
Seat 5: belik555 (button) (small blind) showed [6h Td] and won ($47.50) with a pair of Sixes


PokerStars Hand #159872221600:  Hold'em Limit ($3/$6 USD) - 2016/10/13 9:41:26 ET
Table 'Nestor II' 6-max Seat #3 is the button
Seat 3: alpex ($92.57 in chips)
Seat 5: belik555 ($116.53 in chips)
alpex: posts small blind $1
belik555: posts big blind $3
*** HOLE CARDS ***
alpex: folds
Uncalled bet ($2) returned to belik555
belik555 collected $2 from pot
belik555: doesn't show hand
*** SUMMARY ***
Total pot $2 | Rake $0
Seat 3: alpex (button) (small blind) folded before Flop
Seat 5: belik555 (big blind) collected ($2)


PokerStars Hand #159872213288:  Hold'em Limit ($3/$6 USD) - 2016/10/13 9:41:08 ET
Table 'Nestor II' 6-max Seat #5 is the button
Seat 3: alpex ($83.93 in chips)
Seat 5: belik555 ($125.53 in chips)
belik555: posts small blind $1
alpex: posts big blind $3
*** HOLE CARDS ***
belik555: raises $3 to $6
alpex: calls $3
*** FLOP *** [Ah 4d Jc]
alpex: checks
belik555: bets $3
alpex: calls $3
*** TURN *** [Ah 4d Jc] [Ad]
alpex: checks
belik555: checks
*** RIVER *** [Ah 4d Jc Ad] [Ks]
alpex: bets $6
belik555: folds
Uncalled bet ($6) returned to alpex
alpex collected $17.64 from pot
alpex: doesn't show hand
*** SUMMARY ***
Total pot $18 | Rake $0.36
Board [Ah 4d Jc Ad Ks]
Seat 3: alpex (big blind) collected ($17.64)
Seat 5: belik555 (button) (small blind) folded on the River


PokerStars Hand #159872197967:  Hold'em Limit ($3/$6 USD) - 2016/10/13 9:40:35 ET
Table 'Nestor II' 6-max Seat #3 is the button
Seat 3: alpex ($84.18 in chips)
Seat 5: belik555 ($125.78 in chips)
alpex: posts small blind $1
xRauIx: is sitting out
belik555: posts big blind $3
*** HOLE CARDS ***
alpex: raises $3 to $6
belik555: calls $3
*** FLOP *** [Ah Kc Jh]
belik555: checks
alpex: bets $3
xRauIx leaves the table
belik555: calls $3
*** TURN *** [Ah Kc Jh] [3c]
belik555: checks
alpex: bets $6
belik555: calls $6
*** RIVER *** [Ah Kc Jh 3c] [Ts]
belik555: bets $6
alpex: raises $6 to $12
belik555: raises $6 to $18
alpex: calls $6
*** SHOW DOWN ***
belik555: shows [Qh 8s] (a straight, Ten to Ace)
alpex: shows [Qs 9d] (a straight, Ten to Ace)
belik555 collected $32.75 from pot
alpex collected $32.75 from pot
*** SUMMARY ***
Total pot $66 | Rake $0.50
Board [Ah Kc Jh 3c Ts]
Seat 3: alpex (button) (small blind) showed [Qs 9d] and won ($32.75) with a straight, Ten to Ace
Seat 5: belik555 (big blind) showed [Qh 8s] and won ($32.75) with a straight, Ten to Ace


PokerStars Hand #159872224196:  Hold'em Limit ($3/$6 USD) - 2016/10/13 9:41:32 ET
Table 'Nestor II' 6-max Seat #5 is the button
Seat 3: alpex ($91.57 in chips)
Seat 5: belik555 ($117.53 in chips)
belik555: posts small blind $1
alpex: posts big blind $3
*** HOLE CARDS ***
belik555: raises $3 to $6
alpex: folds
Uncalled bet ($3) returned to belik555
belik555 collected $6 from pot
belik555: doesn't show hand
*** SUMMARY ***
Total pot $6 | Rake $0
Seat 3: alpex (big blind) folded before Flop
Seat 5: belik555 (button) (small blind) collected ($6)


PokerStars Hand #159872228236:  Hold'em Limit ($3/$6 USD) - 2016/10/13 9:41:41 ET
Table 'Nestor II' 6-max Seat #3 is the button
Seat 3: alpex ($88.57 in chips)
Seat 5: belik555 ($120.53 in chips)
alpex: posts small blind $1
belik555: posts big blind $3
*** HOLE CARDS ***
alpex: raises $3 to $6
belik555: calls $3
*** FLOP *** [Jc 8h Qc]
belik555: checks
alpex: bets $3
belik555: folds
Uncalled bet ($3) returned to alpex
alpex collected $11.76 from pot
alpex: doesn't show hand
*** SUMMARY ***
Total pot $12 | Rake $0.24
Board [Jc 8h Qc]
Seat 3: alpex (button) (small blind) collected ($11.76)
Seat 5: belik555 (big blind) folded on the Flop


PokerStars Hand #159872239420:  Hold'em Limit ($3/$6 USD) - 2016/10/13 9:42:04 ET
Table 'Nestor II' 6-max Seat #5 is the button
Seat 3: alpex ($94.33 in chips)
Seat 5: belik555 ($114.53 in chips)
belik555: posts small blind $1
alpex: posts big blind $3
*** HOLE CARDS ***
belik555: raises $3 to $6
alpex: calls $3
*** FLOP *** [Qh 5c 9s]
alpex: checks
belik555: bets $3
alpex: calls $3
*** TURN *** [Qh 5c 9s] [6h]
alpex: checks
belik555: bets $6
alpex: calls $6
*** RIVER *** [Qh 5c 9s 6h] [8h]
alpex: checks
belik555: checks
*** SHOW DOWN ***
alpex: shows [Tc 9h] (a pair of Nines)
belik555: mucks hand
alpex collected $29.50 from pot
*** SUMMARY ***
Total pot $30 | Rake $0.50
Board [Qh 5c 9s 6h 8h]
Seat 3: alpex (big blind) showed [Tc 9h] and won ($29.50) with a pair of Nines
Seat 5: belik555 (button) (small blind) mucked


PokerStars Hand #159872252185:  Hold'em Limit ($3/$6 USD) - 2016/10/13 9:42:32 ET
Table 'Nestor II' 6-max Seat #3 is the button
Seat 3: alpex ($108.83 in chips)
Seat 5: belik555 ($99.53 in chips)
alpex: posts small blind $1
belik555: posts big blind $3
*** HOLE CARDS ***
alpex: raises $3 to $6
belik555: raises $3 to $9
alpex: calls $3
*** FLOP *** [2s Tc 3s]
belik555: bets $3
alpex: calls $3
*** TURN *** [2s Tc 3s] [4h]
Velbor107 joins the table at seat #4
belik555: bets $6
alpex: calls $6
*** RIVER *** [2s Tc 3s 4h] [7d]
belik555: bets $6
alpex: raises $6 to $12
belik555: calls $6
*** SHOW DOWN ***
alpex: shows [5c Kc] (high card King)
belik555: shows [9c 9d] (a pair of Nines)
belik555 collected $59.50 from pot
*** SUMMARY ***
Total pot $60 | Rake $0.50
Board [2s Tc 3s 4h 7d]
Seat 3: alpex (button) (small blind) showed [5c Kc] and lost with high card King
Seat 5: belik555 (big blind) showed [9c 9d] and won ($59.50) with a pair of Nines


PokerStars Hand #159872269084:  Hold'em Limit ($3/$6 USD) - 2016/10/13 9:43:08 ET
Table 'Nestor II' 6-max Seat #5 is the button
Seat 3: alpex ($78.83 in chips)
Seat 5: belik555 ($129.03 in chips)
belik555: posts small blind $1
alpex: posts big blind $3
*** HOLE CARDS ***
belik555: raises $3 to $6
alpex: calls $3
*** FLOP *** [2c 2h Tc]
alpex: checks
belik555: bets $3
alpex: calls $3
*** TURN *** [2c 2h Tc] [Qc]
alpex: checks
belik555: bets $6
alpex: calls $6
*** RIVER *** [2c 2h Tc Qc] [6h]
alpex: checks
belik555: bets $6
alpex: folds
Uncalled bet ($6) returned to belik555
belik555 collected $29.50 from pot
belik555: doesn't show hand
*** SUMMARY ***
Total pot $30 | Rake $0.50
Board [2c 2h Tc Qc 6h]
Seat 3: alpex (big blind) folded on the River
Seat 5: belik555 (button) (small blind) collected ($29.50)


