PokerStars Hand #159840681118:  Hold'em Limit ($3/$6 USD) - 2016/10/12 14:55:07 ET
Table 'Neufang' 10-max Seat #1 is the button
Seat 1: kolaz03 ($72 in chips)
Seat 10: HAOYUN88888 ($58.19 in chips)
VolkovDmitri: is sitting out
kolaz03: posts small blind $1
VolkovDmitri leaves the table
HAOYUN88888: posts big blind $3
*** HOLE CARDS ***
kolaz03: raises $3 to $6
HAOYUN88888: calls $3
*** FLOP *** [6c Qc Jc]
HAOYUN88888: checks
kolaz03: bets $3
HAOYUN88888: calls $3
*** TURN *** [6c Qc Jc] [9h]
HAOYUN88888: checks
kolaz03: bets $6
HAOYUN88888: raises $6 to $12
kolaz03: calls $6
*** RIVER *** [6c Qc Jc 9h] [Th]
HAOYUN88888: bets $6
kolaz03: folds
Uncalled bet ($6) returned to HAOYUN88888
HAOYUN88888 collected $41.50 from pot
HAOYUN88888: doesn't show hand
*** SUMMARY ***
Total pot $42 | Rake $0.50
Board [6c Qc Jc 9h Th]
Seat 1: kolaz03 (button) (small blind) folded on the River
Seat 10: HAOYUN88888 (big blind) collected ($41.50)


PokerStars Hand #159840734471:  Hold'em Limit ($3/$6 USD) - 2016/10/12 14:56:22 ET
Table 'Neufang' 10-max Seat #10 is the button
Seat 1: kolaz03 ($75.52 in chips)
Seat 10: HAOYUN88888 ($91.83 in chips)
HAOYUN88888: posts small blind $1
kolaz03: posts big blind $3
*** HOLE CARDS ***
HAOYUN88888: raises $3 to $6
kolaz03: calls $3
*** FLOP *** [7h 5h 8d]
kolaz03: checks
HAOYUN88888: bets $3
kolaz03: raises $3 to $6
HAOYUN88888: raises $3 to $9
kolaz03: calls $3
*** TURN *** [7h 5h 8d] [Kd]
kolaz03: checks
HAOYUN88888: bets $6
kolaz03: calls $6
*** RIVER *** [7h 5h 8d Kd] [6s]
kolaz03: checks
HAOYUN88888: checks
*** SHOW DOWN ***
kolaz03: shows [Th 7d] (a pair of Sevens)
HAOYUN88888: shows [8c Js] (a pair of Eights)
HAOYUN88888 collected $41.50 from pot
*** SUMMARY ***
Total pot $42 | Rake $0.50
Board [7h 5h 8d Kd 6s]
Seat 1: kolaz03 (big blind) showed [Th 7d] and lost with a pair of Sevens
Seat 10: HAOYUN88888 (button) (small blind) showed [8c Js] and won ($41.50) with a pair of Eights


PokerStars Hand #159840725958:  Hold'em Limit ($3/$6 USD) - 2016/10/12 14:56:10 ET
Table 'Neufang' 10-max Seat #1 is the button
Seat 1: kolaz03 ($84.52 in chips)
Seat 10: HAOYUN88888 ($83.19 in chips)
kolaz03: posts small blind $1
HAOYUN88888: posts big blind $3
*** HOLE CARDS ***
kolaz03: raises $3 to $6
HAOYUN88888: calls $3
*** FLOP *** [3h 4s As]
HAOYUN88888: checks
kolaz03: bets $3
HAOYUN88888: raises $3 to $6
kolaz03: folds
Uncalled bet ($3) returned to HAOYUN88888
HAOYUN88888 collected $17.64 from pot
HAOYUN88888: doesn't show hand
*** SUMMARY ***
Total pot $18 | Rake $0.36
Board [3h 4s As]
Seat 1: kolaz03 (button) (small blind) folded on the Flop
Seat 10: HAOYUN88888 (big blind) collected ($17.64)


PokerStars Hand #159840722511:  Hold'em Limit ($3/$6 USD) - 2016/10/12 14:56:05 ET
Table 'Neufang' 10-max Seat #10 is the button
Seat 1: kolaz03 ($83.52 in chips)
Seat 10: HAOYUN88888 ($84.19 in chips)
HAOYUN88888: posts small blind $1
kolaz03: posts big blind $3
*** HOLE CARDS ***
HAOYUN88888: folds
Uncalled bet ($2) returned to kolaz03
kolaz03 collected $2 from pot
kolaz03: doesn't show hand
*** SUMMARY ***
Total pot $2 | Rake $0
Seat 1: kolaz03 (big blind) collected ($2)
Seat 10: HAOYUN88888 (button) (small blind) folded before Flop


PokerStars Hand #159840711537:  Hold'em Limit ($3/$6 USD) - 2016/10/12 14:55:50 ET
Table 'Neufang' 10-max Seat #1 is the button
Seat 1: kolaz03 ($72 in chips)
Seat 10: HAOYUN88888 ($96.19 in chips)
kolaz03: posts small blind $1
HAOYUN88888: posts big blind $3
*** HOLE CARDS ***
kolaz03: raises $3 to $6
HAOYUN88888: calls $3
*** FLOP *** [8c 8d 2s]
HAOYUN88888: checks
kolaz03: checks
*** TURN *** [8c 8d 2s] [2h]
HAOYUN88888: bets $6
kolaz03: calls $6
*** RIVER *** [8c 8d 2s 2h] [4c]
HAOYUN88888: checks
kolaz03: checks
*** SHOW DOWN ***
HAOYUN88888: shows [9d 5d] (two pair, Eights and Deuces)
kolaz03: shows [5c Qc] (two pair, Eights and Deuces - Queen kicker)
kolaz03 collected $23.52 from pot
*** SUMMARY ***
Total pot $24 | Rake $0.48
Board [8c 8d 2s 2h 4c]
Seat 1: kolaz03 (button) (small blind) showed [5c Qc] and won ($23.52) with two pair, Eights and Deuces
Seat 10: HAOYUN88888 (big blind) showed [9d 5d] and lost with two pair, Eights and Deuces


PokerStars Hand #159840701399:  Hold'em Limit ($3/$6 USD) - 2016/10/12 14:55:36 ET
Table 'Neufang' 10-max Seat #10 is the button
Seat 1: kolaz03 ($72 in chips)
Seat 10: HAOYUN88888 ($78.69 in chips)
HAOYUN88888: posts small blind $1
kolaz03: posts big blind $3
*** HOLE CARDS ***
HAOYUN88888: raises $3 to $6
kolaz03: raises $3 to $9
HAOYUN88888: calls $3
*** FLOP *** [3h Tc 5c]
kolaz03: bets $3
HAOYUN88888: calls $3
*** TURN *** [3h Tc 5c] [8d]
kolaz03: checks
HAOYUN88888: checks
*** RIVER *** [3h Tc 5c 8d] [9d]
kolaz03: checks
HAOYUN88888: bets $6
kolaz03: calls $6
*** SHOW DOWN ***
HAOYUN88888: shows [Ah 7d] (high card Ace)
kolaz03: mucks hand
HAOYUN88888 collected $35.50 from pot
*** SUMMARY ***
Total pot $36 | Rake $0.50
Board [3h Tc 5c 8d 9d]
Seat 1: kolaz03 (big blind) mucked
Seat 10: HAOYUN88888 (button) (small blind) showed [Ah 7d] and won ($35.50) with high card Ace


PokerStars Hand #159840772080:  Hold'em Limit ($3/$6 USD) - 2016/10/12 14:57:13 ET
Table 'Neufang' 10-max Seat #10 is the button
Seat 1: kolaz03 ($72 in chips)
Seat 10: HAOYUN88888 ($113.97 in chips)
HAOYUN88888: posts small blind $1
kolaz03: posts big blind $3
*** HOLE CARDS ***
HAOYUN88888: raises $3 to $6
kolaz03: calls $3
*** FLOP *** [4h 5h 8d]
kolaz03: checks
HAOYUN88888: bets $3
kolaz03: calls $3
*** TURN *** [4h 5h 8d] [Kc]
kolaz03: checks
HAOYUN88888: bets $6
kolaz03: calls $6
*** RIVER *** [4h 5h 8d Kc] [Kd]
kolaz03: checks
HAOYUN88888: bets $6
kolaz03: calls $6
*** SHOW DOWN ***
HAOYUN88888: shows [9s 9h] (two pair, Kings and Nines)
kolaz03: mucks hand
HAOYUN88888 collected $41.50 from pot
*** SUMMARY ***
Total pot $42 | Rake $0.50
Board [4h 5h 8d Kc Kd]
Seat 1: kolaz03 (big blind) mucked
Seat 10: HAOYUN88888 (button) (small blind) showed [9s 9h] and won ($41.50) with two pair, Kings and Nines


PokerStars Hand #159840764274:  Hold'em Limit ($3/$6 USD) - 2016/10/12 14:57:02 ET
Table 'Neufang' 10-max Seat #1 is the button
Seat 1: kolaz03 ($78.76 in chips)
Seat 10: HAOYUN88888 ($105.33 in chips)
kolaz03: posts small blind $1
HAOYUN88888: posts big blind $3
*** HOLE CARDS ***
kolaz03: raises $3 to $6
HAOYUN88888: raises $3 to $9
kolaz03: calls $3
*** FLOP *** [6h Jd 8s]
HAOYUN88888: bets $3
kolaz03: folds
Uncalled bet ($3) returned to HAOYUN88888
HAOYUN88888 collected $17.64 from pot
HAOYUN88888: doesn't show hand
*** SUMMARY ***
Total pot $18 | Rake $0.36
Board [6h Jd 8s]
Seat 1: kolaz03 (button) (small blind) folded on the Flop
Seat 10: HAOYUN88888 (big blind) collected ($17.64)


PokerStars Hand #159840760566:  Hold'em Limit ($3/$6 USD) - 2016/10/12 14:56:57 ET
Table 'Neufang' 10-max Seat #10 is the button
Seat 1: kolaz03 ($77.76 in chips)
Seat 10: HAOYUN88888 ($106.33 in chips)
HAOYUN88888: posts small blind $1
kolaz03: posts big blind $3
*** HOLE CARDS ***
HAOYUN88888: folds
Uncalled bet ($2) returned to kolaz03
kolaz03 collected $2 from pot
kolaz03: doesn't show hand
*** SUMMARY ***
Total pot $2 | Rake $0
Seat 1: kolaz03 (big blind) collected ($2)
Seat 10: HAOYUN88888 (button) (small blind) folded before Flop


PokerStars Hand #159840751998:  Hold'em Limit ($3/$6 USD) - 2016/10/12 14:56:46 ET
Table 'Neufang' 10-max Seat #1 is the button
Seat 1: kolaz03 ($72 in chips)
Seat 10: HAOYUN88888 ($112.33 in chips)
kolaz03: posts small blind $1
HAOYUN88888: posts big blind $3
*** HOLE CARDS ***
kolaz03: raises $3 to $6
HAOYUN88888: calls $3
*** FLOP *** [5h Jd Kc]
HAOYUN88888: checks
kolaz03: bets $3
HAOYUN88888: folds
Uncalled bet ($3) returned to kolaz03
kolaz03 collected $11.76 from pot
kolaz03: doesn't show hand
*** SUMMARY ***
Total pot $12 | Rake $0.24
Board [5h Jd Kc]
Seat 1: kolaz03 (button) (small blind) collected ($11.76)
Seat 10: HAOYUN88888 (big blind) folded on the Flop


PokerStars Hand #159840807860:  Hold'em Limit ($3/$6 USD) - 2016/10/12 14:58:03 ET
Table 'Neufang' 10-max Seat #10 is the button
Seat 1: kolaz03 ($80.64 in chips)
Seat 10: HAOYUN88888 ($125.47 in chips)
HAOYUN88888: posts small blind $1
kolaz03: posts big blind $3
*** HOLE CARDS ***
HAOYUN88888: folds
Uncalled bet ($2) returned to kolaz03
kolaz03 collected $2 from pot
kolaz03: doesn't show hand
*** SUMMARY ***
Total pot $2 | Rake $0
Seat 1: kolaz03 (big blind) collected ($2)
Seat 10: HAOYUN88888 (button) (small blind) folded before Flop


PokerStars Hand #159840793257:  Hold'em Limit ($3/$6 USD) - 2016/10/12 14:57:43 ET
Table 'Neufang' 10-max Seat #1 is the button
Seat 1: kolaz03 ($72 in chips)
Seat 10: HAOYUN88888 ($134.47 in chips)
kolaz03: posts small blind $1
HAOYUN88888: posts big blind $3
*** HOLE CARDS ***
kolaz03: raises $3 to $6
HAOYUN88888: calls $3
*** FLOP *** [4s 8d 7c]
HAOYUN88888: checks
kolaz03: bets $3
HAOYUN88888: calls $3
*** TURN *** [4s 8d 7c] [Tc]
HAOYUN88888: checks
kolaz03: checks
*** RIVER *** [4s 8d 7c Tc] [5c]
HAOYUN88888: checks
kolaz03: checks
*** SHOW DOWN ***
HAOYUN88888: shows [9d Kh] (high card King)
kolaz03: shows [5h Kd] (a pair of Fives)
kolaz03 collected $17.64 from pot
*** SUMMARY ***
Total pot $18 | Rake $0.36
Board [4s 8d 7c Tc 5c]
Seat 1: kolaz03 (button) (small blind) showed [5h Kd] and won ($17.64) with a pair of Fives
Seat 10: HAOYUN88888 (big blind) showed [9d Kh] and lost with high card King


PokerStars Hand #159840860806:  Hold'em Limit ($3/$6 USD) - 2016/10/12 14:59:14 ET
Table 'Neufang' 10-max Seat #1 is the button
Seat 1: kolaz03 ($73 in chips)
Seat 10: HAOYUN88888 ($140.97 in chips)
kolaz03: posts small blind $1
HAOYUN88888: posts big blind $3
*** HOLE CARDS ***
kolaz03: raises $3 to $6
HAOYUN88888: calls $3
*** FLOP *** [3h Ac 7c]
HAOYUN88888: checks
kolaz03: bets $3
HAOYUN88888: raises $3 to $6
kolaz03: calls $3
*** TURN *** [3h Ac 7c] [Jc]
HAOYUN88888: checks
kolaz03: checks
*** RIVER *** [3h Ac 7c Jc] [Js]
HAOYUN88888: bets $6
kolaz03: calls $6
*** SHOW DOWN ***
HAOYUN88888: shows [8h 9s] (a pair of Jacks)
kolaz03: shows [7d 5s] (two pair, Jacks and Sevens)
kolaz03 collected $35.50 from pot
*** SUMMARY ***
Total pot $36 | Rake $0.50
Board [3h Ac 7c Jc Js]
Seat 1: kolaz03 (button) (small blind) showed [7d 5s] and won ($35.50) with two pair, Jacks and Sevens
Seat 10: HAOYUN88888 (big blind) showed [8h 9s] and lost with a pair of Jacks


PokerStars Hand #159840856631:  Hold'em Limit ($3/$6 USD) - 2016/10/12 14:59:09 ET
Table 'Neufang' 10-max Seat #10 is the button
Seat 1: kolaz03 ($72 in chips)
Seat 10: HAOYUN88888 ($141.97 in chips)
HAOYUN88888: posts small blind $1
kolaz03: posts big blind $3
*** HOLE CARDS ***
HAOYUN88888: folds
Uncalled bet ($2) returned to kolaz03
kolaz03 collected $2 from pot
kolaz03: doesn't show hand
*** SUMMARY ***
Total pot $2 | Rake $0
Seat 1: kolaz03 (big blind) collected ($2)
Seat 10: HAOYUN88888 (button) (small blind) folded before Flop


PokerStars Hand #159840852687:  Hold'em Limit ($3/$6 USD) - 2016/10/12 14:59:03 ET
Table 'Neufang' 10-max Seat #1 is the button
Seat 1: kolaz03 ($73 in chips)
Seat 10: HAOYUN88888 ($140.97 in chips)
kolaz03: posts small blind $1
HAOYUN88888: posts big blind $3
*** HOLE CARDS ***
kolaz03: folds
Uncalled bet ($2) returned to HAOYUN88888
HAOYUN88888 collected $2 from pot
HAOYUN88888: doesn't show hand
*** SUMMARY ***
Total pot $2 | Rake $0
Seat 1: kolaz03 (button) (small blind) folded before Flop
Seat 10: HAOYUN88888 (big blind) collected ($2)


PokerStars Hand #159840848609:  Hold'em Limit ($3/$6 USD) - 2016/10/12 14:58:58 ET
Table 'Neufang' 10-max Seat #10 is the button
Seat 1: kolaz03 ($72 in chips)
Seat 10: HAOYUN88888 ($141.97 in chips)
HAOYUN88888: posts small blind $1
kolaz03: posts big blind $3
*** HOLE CARDS ***
HAOYUN88888: folds
Uncalled bet ($2) returned to kolaz03
kolaz03 collected $2 from pot
kolaz03: doesn't show hand
*** SUMMARY ***
Total pot $2 | Rake $0
Seat 1: kolaz03 (big blind) collected ($2)
Seat 10: HAOYUN88888 (button) (small blind) folded before Flop


PokerStars Hand #159840811312:  Hold'em Limit ($3/$6 USD) - 2016/10/12 14:58:07 ET
Table 'Neufang' 10-max Seat #1 is the button
Seat 1: kolaz03 ($81.64 in chips)
Seat 10: HAOYUN88888 ($124.47 in chips)
kolaz03: posts small blind $1
HAOYUN88888: posts big blind $3
*** HOLE CARDS ***
kolaz03: raises $3 to $6
HAOYUN88888: calls $3
*** FLOP *** [6c 3h Ts]
HAOYUN88888: checks
kolaz03: bets $3
HAOYUN88888: raises $3 to $6
kolaz03: calls $3
*** TURN *** [6c 3h Ts] [5s]
HAOYUN88888: bets $6
kolaz03: calls $6
*** RIVER *** [6c 3h Ts 5s] [2s]
HAOYUN88888: checks
kolaz03: checks
*** SHOW DOWN ***
HAOYUN88888: shows [6s Kc] (a pair of Sixes)
kolaz03: mucks hand
HAOYUN88888 collected $35.50 from pot
*** SUMMARY ***
Total pot $36 | Rake $0.50
Board [6c 3h Ts 5s 2s]
Seat 1: kolaz03 (button) (small blind) mucked
Seat 10: HAOYUN88888 (big blind) showed [6s Kc] and won ($35.50) with a pair of Sixes


PokerStars Hand #159840900602:  Hold'em Limit ($3/$6 USD) - 2016/10/12 15:00:07 ET
Table 'Neufang' 10-max Seat #10 is the button
Seat 1: kolaz03 ($83.50 in chips)
Seat 10: HAOYUN88888 ($129.73 in chips)
HAOYUN88888: posts small blind $1
kolaz03: posts big blind $3
*** HOLE CARDS ***
HAOYUN88888: raises $3 to $6
kolaz03: raises $3 to $9
HAOYUN88888: raises $3 to $12
Betting is capped
kolaz03: calls $3
*** FLOP *** [Qd 3s 4c]
kolaz03: checks
HAOYUN88888: bets $3
kolaz03: calls $3
*** TURN *** [Qd 3s 4c] [4d]
kolaz03: checks
HAOYUN88888: checks
*** RIVER *** [Qd 3s 4c 4d] [Kd]
kolaz03: checks
HAOYUN88888: checks
*** SHOW DOWN ***
kolaz03: shows [Ad Qs] (two pair, Queens and Fours)
HAOYUN88888: mucks hand
kolaz03 collected $29.50 from pot
*** SUMMARY ***
Total pot $30 | Rake $0.50
Board [Qd 3s 4c 4d Kd]
Seat 1: kolaz03 (big blind) showed [Ad Qs] and won ($29.50) with two pair, Queens and Fours
Seat 10: HAOYUN88888 (button) (small blind) mucked


PokerStars Hand #159840893686:  Hold'em Limit ($3/$6 USD) - 2016/10/12 14:59:59 ET
Table 'Neufang' 10-max Seat #1 is the button
Seat 1: kolaz03 ($84.50 in chips)
Seat 10: HAOYUN88888 ($128.73 in chips)
kolaz03: posts small blind $1
HAOYUN88888: posts big blind $3
*** HOLE CARDS ***
kolaz03: folds
Uncalled bet ($2) returned to HAOYUN88888
HAOYUN88888 collected $2 from pot
HAOYUN88888: doesn't show hand
*** SUMMARY ***
Total pot $2 | Rake $0
Seat 1: kolaz03 (button) (small blind) folded before Flop
Seat 10: HAOYUN88888 (big blind) collected ($2)


PokerStars Hand #159840883948:  Hold'em Limit ($3/$6 USD) - 2016/10/12 14:59:46 ET
Table 'Neufang' 10-max Seat #10 is the button
Seat 1: kolaz03 ($90.50 in chips)
Seat 10: HAOYUN88888 ($122.97 in chips)
HAOYUN88888: posts small blind $1
kolaz03: posts big blind $3
*** HOLE CARDS ***
HAOYUN88888: raises $3 to $6
kolaz03: calls $3
*** FLOP *** [5s 8s 7h]
kolaz03: checks
HAOYUN88888: bets $3
kolaz03: folds
Uncalled bet ($3) returned to HAOYUN88888
HAOYUN88888 collected $11.76 from pot
HAOYUN88888: doesn't show hand
*** SUMMARY ***
Total pot $12 | Rake $0.24
Board [5s 8s 7h]
Seat 1: kolaz03 (big blind) folded on the Flop
Seat 10: HAOYUN88888 (button) (small blind) collected ($11.76)


