PokerStars Hand #173277451972:  Hold'em Limit ($3/$6 USD) - 2017/07/20 11:38:27 ET
Table 'Neufang' 6-max Seat #2 is the button
Seat 1: Les_Joker ($96.91 in chips)
Seat 2: Whatze Phuck ($177 in chips)
Whatze Phuck: posts small blind $1
B_loJkl: is sitting out
B_loJkl leaves the table
Les_Joker: posts big blind $3
*** HOLE CARDS ***
Whatze Phuck: raises $3 to $6
arut0101 joins the table at seat #3
Les_Joker: calls $3
*** FLOP *** [9d 7h 6c]
B_loJkl joins the table at seat #4
Ale4o joins the table at seat #5
Les_Joker: checks
Whatze Phuck: bets $3
Les_Joker: folds
Uncalled bet ($3) returned to Whatze Phuck
Whatze Phuck collected $11.76 from pot
Whatze Phuck: doesn't show hand
*** SUMMARY ***
Total pot $12 | Rake $0.24
Board [9d 7h 6c]
Seat 1: Les_Joker (big blind) folded on the Flop
Seat 2: Whatze Phuck (button) (small blind) collected ($11.76)


PokerStars Hand #173277463803:  Hold'em Limit ($3/$6 USD) - 2017/07/20 11:38:46 ET
Table 'Neufang' 6-max Seat #1 is the button
Seat 1: Les_Joker ($90.91 in chips)
Seat 2: Whatze Phuck ($182.76 in chips)
Les_Joker: posts small blind $1
Whatze Phuck: posts big blind $3
*** HOLE CARDS ***
Les_Joker: raises $3 to $6
Whatze Phuck: folds
Uncalled bet ($3) returned to Les_Joker
Les_Joker collected $6 from pot
*** SUMMARY ***
Total pot $6 | Rake $0
Seat 1: Les_Joker (button) (small blind) collected ($6)
Seat 2: Whatze Phuck (big blind) folded before Flop


PokerStars Hand #173278470636:  Hold'em Limit ($3/$6 USD) - 2017/07/20 12:06:20 ET
Table 'Neufang' 6-max Seat #5 is the button
Seat 3: B_loJkl ($158.88 in chips)
Seat 5: Ale4o ($179.90 in chips)
Ale4o: posts small blind $1
vestimokrec: is sitting out
B_loJkl: posts big blind $3
*** HOLE CARDS ***
Ale4o: raises $3 to $6
B_loJkl: calls $3
*** FLOP *** [Qs 8d 7h]
vestimokrec leaves the table
B_loJkl: checks
Ale4o: bets $3
B_loJkl: calls $3
*** TURN *** [Qs 8d 7h] [2d]
B_loJkl: checks
vestimokrec joins the table at seat #2
Ale4o: bets $6
B_loJkl: calls $6
*** RIVER *** [Qs 8d 7h 2d] [Ts]
B_loJkl: checks
Ale4o: bets $6
B_loJkl: folds
Uncalled bet ($6) returned to Ale4o
Ale4o collected $29.50 from pot
Ale4o: doesn't show hand
*** SUMMARY ***
Total pot $30 | Rake $0.50
Board [Qs 8d 7h 2d Ts]
Seat 3: B_loJkl (big blind) folded on the River
Seat 5: Ale4o (button) (small blind) collected ($29.50)


PokerStars Hand #173278498375:  Hold'em Limit ($3/$6 USD) - 2017/07/20 12:07:01 ET
Table 'Neufang' 6-max Seat #3 is the button
Seat 3: B_loJkl ($143.88 in chips)
Seat 5: Ale4o ($194.40 in chips)
B_loJkl: posts small blind $1
Ale4o: posts big blind $3
*** HOLE CARDS ***
B_loJkl: folds
Uncalled bet ($2) returned to Ale4o
Ale4o collected $2 from pot
Ale4o: doesn't show hand
*** SUMMARY ***
Total pot $2 | Rake $0
Seat 3: B_loJkl (button) (small blind) folded before Flop
Seat 5: Ale4o (big blind) collected ($2)


