PokerStars Hand #144340555144:  Hold'em Limit ($3/$6 USD) - 2015/11/24 19:55:10 ET
Table 'Neufang' 6-max Seat #2 is the button
Seat 1: Adic80 ($295.94 in chips)
Seat 2: Chessnok ($226.99 in chips)
Chessnok: posts small blind $1
korrnel: is sitting out
Adic80: posts big blind $3
*** HOLE CARDS ***
Chessnok: folds
Uncalled bet ($2) returned to Adic80
Adic80 collected $2 from pot
Adic80: doesn't show hand
*** SUMMARY ***
Total pot $2 | Rake $0
Seat 1: Adic80 (big blind) collected ($2)
Seat 2: Chessnok (button) (small blind) folded before Flop


PokerStars Hand #144340557279:  Hold'em Limit ($3/$6 USD) - 2015/11/24 19:55:14 ET
Table 'Neufang' 6-max Seat #1 is the button
Seat 1: Adic80 ($296.94 in chips)
Seat 2: Chessnok ($225.99 in chips)
Adic80: posts small blind $1
Chessnok: posts big blind $3
*** HOLE CARDS ***
Adic80: raises $3 to $6
korrnel leaves the table
Chessnok: calls $3
*** FLOP *** [Ks Qd 8h]
alpha2777 joins the table at seat #4
Chessnok: bets $3
Adic80: folds
Uncalled bet ($3) returned to Chessnok
Chessnok collected $11.76 from pot
Chessnok: doesn't show hand
*** SUMMARY ***
Total pot $12 | Rake $0.24
Board [Ks Qd 8h]
Seat 1: Adic80 (button) (small blind) folded on the Flop
Seat 2: Chessnok (big blind) collected ($11.76)


PokerStars Hand #144341728214:  Hold'em Limit ($3/$6 USD) - 2015/11/24 20:33:34 ET
Table 'Neufang' 6-max Seat #2 is the button
Seat 1: Adic80 ($123.35 in chips)
Seat 2: Chessnok ($208.62 in chips)
Chessnok: posts small blind $1
HAL9QQQ: is sitting out
Adic80: posts big blind $3
*** HOLE CARDS ***
Chessnok: raises $3 to $6
Adic80: calls $3
*** FLOP *** [9c Jh Jd]
Adic80: checks
Chessnok: bets $3
Adic80: folds
Uncalled bet ($3) returned to Chessnok
Chessnok collected $11.76 from pot
Chessnok: doesn't show hand
*** SUMMARY ***
Total pot $12 | Rake $0.24
Board [9c Jh Jd]
Seat 1: Adic80 (big blind) folded on the Flop
Seat 2: Chessnok (button) (small blind) collected ($11.76)


PokerStars Hand #144341732672:  Hold'em Limit ($3/$6 USD) - 2015/11/24 20:33:43 ET
Table 'Neufang' 6-max Seat #1 is the button
Seat 1: Adic80 ($117.35 in chips)
Seat 2: Chessnok ($214.38 in chips)
Adic80: posts small blind $1
Chessnok: posts big blind $3
*** HOLE CARDS ***
Adic80: raises $3 to $6
Chessnok: calls $3
*** FLOP *** [8s Ts Qh]
Chessnok: checks
Adic80: bets $3
Chessnok: raises $3 to $6
Adic80: calls $3
*** TURN *** [8s Ts Qh] [Ks]
Chessnok: bets $6
Adic80: calls $6
*** RIVER *** [8s Ts Qh Ks] [6c]
Chessnok: bets $6
Adic80: calls $6
*** SHOW DOWN ***
Chessnok: shows [9d Jc] (a straight, Nine to King)
Adic80: mucks hand
Chessnok collected $47.50 from pot
*** SUMMARY ***
Total pot $48 | Rake $0.50
Board [8s Ts Qh Ks 6c]
Seat 1: Adic80 (button) (small blind) mucked
Seat 2: Chessnok (big blind) showed [9d Jc] and won ($47.50) with a straight, Nine to King


PokerStars Hand #144341741692:  Hold'em Limit ($3/$6 USD) - 2015/11/24 20:34:02 ET
Table 'Neufang' 6-max Seat #2 is the button
Seat 1: Adic80 ($93.35 in chips)
Seat 2: Chessnok ($237.88 in chips)
Chessnok: posts small blind $1
Adic80: posts big blind $3
*** HOLE CARDS ***
Chessnok: raises $3 to $6
Adic80: calls $3
*** FLOP *** [6c Ah 2c]
Adic80: checks
Chessnok: bets $3
Adic80: folds
Uncalled bet ($3) returned to Chessnok
Chessnok collected $11.76 from pot
Chessnok: doesn't show hand
*** SUMMARY ***
Total pot $12 | Rake $0.24
Board [6c Ah 2c]
Seat 1: Adic80 (big blind) folded on the Flop
Seat 2: Chessnok (button) (small blind) collected ($11.76)


PokerStars Hand #144341746825:  Hold'em Limit ($3/$6 USD) - 2015/11/24 20:34:13 ET
Table 'Neufang' 6-max Seat #1 is the button
Seat 1: Adic80 ($87.35 in chips)
Seat 2: Chessnok ($243.64 in chips)
Adic80: posts small blind $1
Chessnok: posts big blind $3
*** HOLE CARDS ***
Adic80: raises $3 to $6
Chessnok: calls $3
*** FLOP *** [5d 9s Jd]
Chessnok: checks
Adic80: bets $3
Chessnok: calls $3
*** TURN *** [5d 9s Jd] [Js]
Chessnok: checks
Hsj2012 joins the table at seat #6
Adic80: bets $6
Chessnok: calls $6
*** RIVER *** [5d 9s Jd Js] [As]
Chessnok: checks
Adic80: bets $6
Chessnok: calls $6
*** SHOW DOWN ***
Adic80: shows [6s 3s] (a flush, Ace high)
Chessnok: mucks hand
Adic80 collected $41.50 from pot
*** SUMMARY ***
Total pot $42 | Rake $0.50
Board [5d 9s Jd Js As]
Seat 1: Adic80 (button) (small blind) showed [6s 3s] and won ($41.50) with a flush, Ace high
Seat 2: Chessnok (big blind) mucked


PokerStars Hand #144341816814:  Hold'em Limit ($3/$6 USD) - 2015/11/24 20:36:40 ET
Table 'Neufang' 6-max Seat #2 is the button
Seat 1: Adic80 ($142.19 in chips)
Seat 2: Chessnok ($232.49 in chips)
Chessnok: posts small blind $1
ValeryRon: is sitting out
HAL9QQQ: is sitting out
Adic80: posts big blind $3
*** HOLE CARDS ***
Chessnok: folds
Uncalled bet ($2) returned to Adic80
Adic80 collected $2 from pot
Adic80: doesn't show hand
*** SUMMARY ***
Total pot $2 | Rake $0
Seat 1: Adic80 (big blind) collected ($2)
Seat 2: Chessnok (button) (small blind) folded before Flop


PokerStars Hand #144341818988:  Hold'em Limit ($3/$6 USD) - 2015/11/24 20:36:45 ET
Table 'Neufang' 6-max Seat #1 is the button
Seat 1: Adic80 ($143.19 in chips)
Seat 2: Chessnok ($231.49 in chips)
Adic80: posts small blind $1
Chessnok: posts big blind $3
*** HOLE CARDS ***
ValeryRon leaves the table
Adic80: folds
Uncalled bet ($2) returned to Chessnok
Chessnok collected $2 from pot
Chessnok: doesn't show hand
*** SUMMARY ***
Total pot $2 | Rake $0
Seat 1: Adic80 (button) (small blind) folded before Flop
Seat 2: Chessnok (big blind) collected ($2)


PokerStars Hand #144341821130:  Hold'em Limit ($3/$6 USD) - 2015/11/24 20:36:49 ET
Table 'Neufang' 6-max Seat #2 is the button
Seat 1: Adic80 ($142.19 in chips)
Seat 2: Chessnok ($232.49 in chips)
Chessnok: posts small blind $1
Adic80: posts big blind $3
*** HOLE CARDS ***
Chessnok: raises $3 to $6
Velbor107 joins the table at seat #3
Adic80: raises $3 to $9
Chessnok: calls $3
*** FLOP *** [Jd 7d 3c]
Adic80: bets $3
Chessnok: calls $3
*** TURN *** [Jd 7d 3c] [9c]
Adic80: checks
Chessnok: bets $6
Adic80: calls $6
*** RIVER *** [Jd 7d 3c 9c] [7h]
Adic80: checks
Chessnok: bets $6
Adic80: calls $6
*** SHOW DOWN ***
Chessnok: shows [6d Jh] (two pair, Jacks and Sevens)
Adic80: mucks hand
Chessnok collected $47.50 from pot
*** SUMMARY ***
Total pot $48 | Rake $0.50
Board [Jd 7d 3c 9c 7h]
Seat 1: Adic80 (big blind) mucked
Seat 2: Chessnok (button) (small blind) showed [6d Jh] and won ($47.50) with two pair, Jacks and Sevens


PokerStars Hand #144341844567:  Hold'em Limit ($3/$6 USD) - 2015/11/24 20:37:39 ET
Table 'Neufang' 6-max Seat #2 is the button
Seat 1: Adic80 ($91.19 in chips)
Seat 2: Chessnok ($282.25 in chips)
Chessnok: posts small blind $1
Adic80: posts big blind $3
*** HOLE CARDS ***
Chessnok: raises $3 to $6
Adic80: calls $3
*** FLOP *** [5d Kd 9d]
Adic80: checks
Chessnok: bets $3
Adic80: folds
Uncalled bet ($3) returned to Chessnok
Chessnok collected $11.76 from pot
Chessnok: doesn't show hand
*** SUMMARY ***
Total pot $12 | Rake $0.24
Board [5d Kd 9d]
Seat 1: Adic80 (big blind) folded on the Flop
Seat 2: Chessnok (button) (small blind) collected ($11.76)


PokerStars Hand #144341841765:  Hold'em Limit ($3/$6 USD) - 2015/11/24 20:37:33 ET
Table 'Neufang' 6-max Seat #1 is the button
Seat 1: Adic80 ($88.19 in chips)
Seat 2: Chessnok ($285.25 in chips)
Adic80: posts small blind $1
Chessnok: posts big blind $3
*** HOLE CARDS ***
Adic80: raises $3 to $6
Chessnok: folds
Uncalled bet ($3) returned to Adic80
Adic80 collected $6 from pot
Adic80: doesn't show hand
*** SUMMARY ***
Total pot $6 | Rake $0
Seat 1: Adic80 (button) (small blind) collected ($6)
Seat 2: Chessnok (big blind) folded before Flop


PokerStars Hand #144341856068:  Hold'em Limit ($3/$6 USD) - 2015/11/24 20:38:03 ET
Table 'Neufang' 6-max Seat #2 is the button
Seat 1: Adic80 ($99.69 in chips)
Seat 2: Chessnok ($273.01 in chips)
Chessnok: posts small blind $1
Adic80: posts big blind $3
*** HOLE CARDS ***
Chessnok: raises $3 to $6
Adic80: calls $3
*** FLOP *** [3d 5h Qh]
Adic80: checks
Chessnok: bets $3
Adic80: calls $3
*** TURN *** [3d 5h Qh] [7s]
Adic80: checks
Chessnok: bets $6
Adic80: folds
Uncalled bet ($6) returned to Chessnok
Chessnok collected $17.64 from pot
Chessnok: doesn't show hand
*** SUMMARY ***
Total pot $18 | Rake $0.36
Board [3d 5h Qh 7s]
Seat 1: Adic80 (big blind) folded on the Turn
Seat 2: Chessnok (button) (small blind) collected ($17.64)


PokerStars Hand #144341848767:  Hold'em Limit ($3/$6 USD) - 2015/11/24 20:37:48 ET
Table 'Neufang' 6-max Seat #1 is the button
Seat 1: Adic80 ($85.19 in chips)
Seat 2: Chessnok ($288.01 in chips)
Adic80: posts small blind $1
Chessnok: posts big blind $3
*** HOLE CARDS ***
Adic80: raises $3 to $6
Chessnok: calls $3
*** FLOP *** [2h 4s 2d]
Chessnok: checks
Adic80: bets $3
Chessnok: calls $3
*** TURN *** [2h 4s 2d] [4h]
Chessnok: checks
Adic80: bets $6
Chessnok: calls $6
*** RIVER *** [2h 4s 2d 4h] [8s]
Chessnok: checks
Adic80: checks
*** SHOW DOWN ***
Chessnok: shows [Qh 3d] (two pair, Fours and Deuces)
Adic80: shows [6s 6c] (two pair, Sixes and Fours)
Adic80 collected $29.50 from pot
*** SUMMARY ***
Total pot $30 | Rake $0.50
Board [2h 4s 2d 4h 8s]
Seat 1: Adic80 (button) (small blind) showed [6s 6c] and won ($29.50) with two pair, Sixes and Fours
Seat 2: Chessnok (big blind) showed [Qh 3d] and lost with two pair, Fours and Deuces


PokerStars Hand #144341837615:  Hold'em Limit ($3/$6 USD) - 2015/11/24 20:37:24 ET
Table 'Neufang' 6-max Seat #2 is the button
Seat 1: Adic80 ($94.19 in chips)
Seat 2: Chessnok ($279.49 in chips)
Chessnok: posts small blind $1
Adic80: posts big blind $3
*** HOLE CARDS ***
Chessnok: raises $3 to $6
Adic80: calls $3
*** FLOP *** [7h Ts 8s]
Adic80: checks
Chessnok: bets $3
Adic80: folds
Uncalled bet ($3) returned to Chessnok
Chessnok collected $11.76 from pot
Chessnok: doesn't show hand
*** SUMMARY ***
Total pot $12 | Rake $0.24
Board [7h Ts 8s]
Seat 1: Adic80 (big blind) folded on the Flop
Seat 2: Chessnok (button) (small blind) collected ($11.76)


PokerStars Hand #144341862196:  Hold'em Limit ($3/$6 USD) - 2015/11/24 20:38:16 ET
Table 'Neufang' 6-max Seat #1 is the button
Seat 1: Adic80 ($90.69 in chips)
Seat 2: Chessnok ($281.65 in chips)
Adic80: posts small blind $1
Chessnok: posts big blind $3
*** HOLE CARDS ***
Adic80: folds
Uncalled bet ($2) returned to Chessnok
Chessnok collected $2 from pot
Chessnok: doesn't show hand
*** SUMMARY ***
Total pot $2 | Rake $0
Seat 1: Adic80 (button) (small blind) folded before Flop
Seat 2: Chessnok (big blind) collected ($2)


PokerStars Hand #144341830551:  Hold'em Limit ($3/$6 USD) - 2015/11/24 20:37:09 ET
Table 'Neufang' 6-max Seat #1 is the button
Seat 1: Adic80 ($118.19 in chips)
Seat 2: Chessnok ($255.99 in chips)
Adic80: posts small blind $1
Chessnok: posts big blind $3
*** HOLE CARDS ***
Adic80: raises $3 to $6
Chessnok: calls $3
*** FLOP *** [9h 7d 6s]
Chessnok: checks
Adic80: bets $3
Chessnok: raises $3 to $6
Adic80: calls $3
*** TURN *** [9h 7d 6s] [9s]
Chessnok: bets $6
Adic80: calls $6
*** RIVER *** [9h 7d 6s 9s] [Qc]
Chessnok: bets $6
Adic80: calls $6
*** SHOW DOWN ***
Chessnok: shows [7s 8d] (two pair, Nines and Sevens)
Adic80: mucks hand
Chessnok collected $47.50 from pot
*** SUMMARY ***
Total pot $48 | Rake $0.50
Board [9h 7d 6s 9s Qc]
Seat 1: Adic80 (button) (small blind) mucked
Seat 2: Chessnok (big blind) showed [7s 8d] and won ($47.50) with two pair, Nines and Sevens


PokerStars Hand #144341866433:  Hold'em Limit ($3/$6 USD) - 2015/11/24 20:38:25 ET
Table 'Neufang' 6-max Seat #1 is the button
Seat 1: Adic80 ($90.69 in chips)
Seat 2: Chessnok ($281.65 in chips)
Adic80: posts small blind $1
Chessnok: posts big blind $3
*** HOLE CARDS ***
Adic80: raises $3 to $6
Chessnok: raises $3 to $9
Adic80: calls $3
*** FLOP *** [4h 9c 8d]
Chessnok: bets $3
Adic80: raises $3 to $6
Chessnok: calls $3
*** TURN *** [4h 9c 8d] [2s]
Chessnok: checks
Adic80: bets $6
Chessnok: calls $6
*** RIVER *** [4h 9c 8d 2s] [7c]
Chessnok: checks
Adic80: bets $6
Chessnok: calls $6
*** SHOW DOWN ***
Adic80: shows [Ts Qd] (high card Queen)
Chessnok: shows [Ac Td] (high card Ace)
Chessnok collected $53.50 from pot
*** SUMMARY ***
Total pot $54 | Rake $0.50
Board [4h 9c 8d 2s 7c]
Seat 1: Adic80 (button) (small blind) showed [Ts Qd] and lost with high card Queen
Seat 2: Chessnok (big blind) showed [Ac Td] and won ($53.50) with high card Ace


PokerStars Hand #144341879488:  Hold'em Limit ($3/$6 USD) - 2015/11/24 20:38:53 ET
Table 'Neufang' 6-max Seat #1 is the button
Seat 1: Adic80 ($60.69 in chips)
Seat 2: Chessnok ($311.15 in chips)
Adic80: posts small blind $1
Chessnok: posts big blind $3
*** HOLE CARDS ***
Adic80: raises $3 to $6
Chessnok: calls $3
*** FLOP *** [3s Ts 8s]
Chessnok: checks
Adic80: bets $3
Chessnok: folds
Uncalled bet ($3) returned to Adic80
Adic80 collected $11.76 from pot
Adic80: doesn't show hand
*** SUMMARY ***
Total pot $12 | Rake $0.24
Board [3s Ts 8s]
Seat 1: Adic80 (button) (small blind) collected ($11.76)
Seat 2: Chessnok (big blind) folded on the Flop


PokerStars Hand #144341875951:  Hold'em Limit ($3/$6 USD) - 2015/11/24 20:38:46 ET
Table 'Neufang' 6-max Seat #2 is the button
Seat 1: Adic80 ($63.69 in chips)
Seat 2: Chessnok ($308.15 in chips)
Chessnok: posts small blind $1
Adic80: posts big blind $3
*** HOLE CARDS ***
Chessnok: raises $3 to $6
Adic80: folds
Uncalled bet ($3) returned to Chessnok
Chessnok collected $6 from pot
Chessnok: doesn't show hand
*** SUMMARY ***
Total pot $6 | Rake $0
Seat 1: Adic80 (big blind) folded before Flop
Seat 2: Chessnok (button) (small blind) collected ($6)


PokerStars Hand #144341883965:  Hold'em Limit ($3/$6 USD) - 2015/11/24 20:39:03 ET
Table 'Neufang' 6-max Seat #2 is the button
Seat 1: Adic80 ($66.45 in chips)
Seat 2: Chessnok ($305.15 in chips)
Chessnok: posts small blind $1
Adic80: posts big blind $3
*** HOLE CARDS ***
Chessnok: raises $3 to $6
Adic80: folds
Uncalled bet ($3) returned to Chessnok
Chessnok collected $6 from pot
Chessnok: doesn't show hand
*** SUMMARY ***
Total pot $6 | Rake $0
Seat 1: Adic80 (big blind) folded before Flop
Seat 2: Chessnok (button) (small blind) collected ($6)


PokerStars Hand #144341864395:  Hold'em Limit ($3/$6 USD) - 2015/11/24 20:38:21 ET
Table 'Neufang' 6-max Seat #2 is the button
Seat 1: Adic80 ($89.69 in chips)
Seat 2: Chessnok ($282.65 in chips)
Chessnok: posts small blind $1
Adic80: posts big blind $3
*** HOLE CARDS ***
Chessnok: folds
Uncalled bet ($2) returned to Adic80
Adic80 collected $2 from pot
Adic80: doesn't show hand
*** SUMMARY ***
Total pot $2 | Rake $0
Seat 1: Adic80 (big blind) collected ($2)
Seat 2: Chessnok (button) (small blind) folded before Flop


PokerStars Hand #144341897709:  Hold'em Limit ($3/$6 USD) - 2015/11/24 20:39:32 ET
Table 'Neufang' 6-max Seat #1 is the button
Seat 1: Adic80 ($51.45 in chips)
Seat 2: Chessnok ($319.79 in chips)
Adic80: posts small blind $1
Chessnok: posts big blind $3
*** HOLE CARDS ***
Adic80: raises $3 to $6
Chessnok: raises $3 to $9
Adic80: raises $3 to $12
Betting is capped
Chessnok: calls $3
*** FLOP *** [9s 8c 7c]
Chessnok: checks
Adic80: checks
*** TURN *** [9s 8c 7c] [Th]
Chessnok: checks
Adic80: bets $6
Chessnok: calls $6
*** RIVER *** [9s 8c 7c Th] [4s]
Chessnok: checks
Adic80: bets $6
Chessnok: calls $6
*** SHOW DOWN ***
Adic80: shows [Js Ad] (a straight, Seven to Jack)
Chessnok: mucks hand
Adic80 collected $47.50 from pot
*** SUMMARY ***
Total pot $48 | Rake $0.50
Board [9s 8c 7c Th 4s]
Seat 1: Adic80 (button) (small blind) showed [Js Ad] and won ($47.50) with a straight, Seven to Jack
Seat 2: Chessnok (big blind) mucked


PokerStars Hand #144341914966:  Hold'em Limit ($3/$6 USD) - 2015/11/24 20:40:09 ET
Table 'Neufang' 6-max Seat #2 is the button
Seat 1: Adic80 ($67.95 in chips)
Seat 2: Chessnok ($302.55 in chips)
Chessnok: posts small blind $1
Adic80: posts big blind $3
*** HOLE CARDS ***
Chessnok: raises $3 to $6
Adic80: calls $3
*** FLOP *** [Ah Js 6s]
Adic80: checks
Chessnok: bets $3
Adic80: folds
Uncalled bet ($3) returned to Chessnok
Chessnok collected $11.76 from pot
Chessnok: doesn't show hand
*** SUMMARY ***
Total pot $12 | Rake $0.24
Board [Ah Js 6s]
Seat 1: Adic80 (big blind) folded on the Flop
Seat 2: Chessnok (button) (small blind) collected ($11.76)


PokerStars Hand #144341907916:  Hold'em Limit ($3/$6 USD) - 2015/11/24 20:39:54 ET
Table 'Neufang' 6-max Seat #2 is the button
Seat 1: Adic80 ($74.95 in chips)
Seat 2: Chessnok ($295.79 in chips)
Chessnok: posts small blind $1
Adic80: posts big blind $3
*** HOLE CARDS ***
Chessnok: raises $3 to $6
Adic80: calls $3
*** FLOP *** [7d Qc 2d]
Adic80: checks
Chessnok: bets $3
Adic80: folds
Uncalled bet ($3) returned to Chessnok
Chessnok collected $11.76 from pot
Chessnok: doesn't show hand
*** SUMMARY ***
Total pot $12 | Rake $0.24
Board [7d Qc 2d]
Seat 1: Adic80 (big blind) folded on the Flop
Seat 2: Chessnok (button) (small blind) collected ($11.76)


PokerStars Hand #144341895267:  Hold'em Limit ($3/$6 USD) - 2015/11/24 20:39:27 ET
Table 'Neufang' 6-max Seat #2 is the button
Seat 1: Adic80 ($54.45 in chips)
Seat 2: Chessnok ($316.79 in chips)
Chessnok: posts small blind $1
Adic80: posts big blind $3
*** HOLE CARDS ***
Chessnok: raises $3 to $6
Adic80: folds
Uncalled bet ($3) returned to Chessnok
Chessnok collected $6 from pot
Chessnok: doesn't show hand
*** SUMMARY ***
Total pot $6 | Rake $0
Seat 1: Adic80 (big blind) folded before Flop
Seat 2: Chessnok (button) (small blind) collected ($6)


PokerStars Hand #144341912833:  Hold'em Limit ($3/$6 USD) - 2015/11/24 20:40:05 ET
Table 'Neufang' 6-max Seat #1 is the button
Seat 1: Adic80 ($68.95 in chips)
Seat 2: Chessnok ($301.55 in chips)
Adic80: posts small blind $1
Chessnok: posts big blind $3
*** HOLE CARDS ***
Adic80: folds
Uncalled bet ($2) returned to Chessnok
Chessnok collected $2 from pot
Chessnok: doesn't show hand
*** SUMMARY ***
Total pot $2 | Rake $0
Seat 1: Adic80 (button) (small blind) folded before Flop
Seat 2: Chessnok (big blind) collected ($2)


PokerStars Hand #144341890718:  Hold'em Limit ($3/$6 USD) - 2015/11/24 20:39:17 ET
Table 'Neufang' 6-max Seat #1 is the button
Seat 1: Adic80 ($63.45 in chips)
Seat 2: Chessnok ($308.15 in chips)
Adic80: posts small blind $1
Chessnok: posts big blind $3
*** HOLE CARDS ***
Adic80: raises $3 to $6
Chessnok: raises $3 to $9
Adic80: calls $3
*** FLOP *** [3d Ad 3s]
Chessnok: bets $3
Adic80: folds
Uncalled bet ($3) returned to Chessnok
Chessnok collected $17.64 from pot
Chessnok: doesn't show hand
*** SUMMARY ***
Total pot $18 | Rake $0.36
Board [3d Ad 3s]
Seat 1: Adic80 (button) (small blind) folded on the Flop
Seat 2: Chessnok (big blind) collected ($17.64)


PokerStars Hand #144341925481:  Hold'em Limit ($3/$6 USD) - 2015/11/24 20:40:32 ET
Table 'Neufang' 6-max Seat #2 is the button
Seat 1: Adic80 ($49.95 in chips)
Seat 2: Chessnok ($319.83 in chips)
Chessnok: posts small blind $1
Adic80: posts big blind $3
*** HOLE CARDS ***
Chessnok: folds
Uncalled bet ($2) returned to Adic80
Adic80 collected $2 from pot
Adic80: doesn't show hand
*** SUMMARY ***
Total pot $2 | Rake $0
Seat 1: Adic80 (big blind) collected ($2)
Seat 2: Chessnok (button) (small blind) folded before Flop


PokerStars Hand #144341919856:  Hold'em Limit ($3/$6 USD) - 2015/11/24 20:40:20 ET
Table 'Neufang' 6-max Seat #1 is the button
Seat 1: Adic80 ($61.95 in chips)
Seat 2: Chessnok ($308.31 in chips)
Adic80: posts small blind $1
Chessnok: posts big blind $3
*** HOLE CARDS ***
Adic80: raises $3 to $6
Chessnok: calls $3
*** FLOP *** [6d 9s Kh]
Chessnok: checks
Adic80: bets $3
Chessnok: raises $3 to $6
Adic80: calls $3
*** TURN *** [6d 9s Kh] [Td]
Chessnok: bets $6
Adic80: folds
Uncalled bet ($6) returned to Chessnok
Chessnok collected $23.52 from pot
Chessnok: doesn't show hand
*** SUMMARY ***
Total pot $24 | Rake $0.48
Board [6d 9s Kh Td]
Seat 1: Adic80 (button) (small blind) folded on the Turn
Seat 2: Chessnok (big blind) collected ($23.52)


PokerStars Hand #144341935046:  Hold'em Limit ($3/$6 USD) - 2015/11/24 20:40:53 ET
Table 'Neufang' 6-max Seat #2 is the button
Seat 1: Adic80 ($56.71 in chips)
Seat 2: Chessnok ($312.83 in chips)
Chessnok: posts small blind $1
Adic80: posts big blind $3
*** HOLE CARDS ***
Chessnok: raises $3 to $6
Adic80: calls $3
*** FLOP *** [7h 2c Td]
Adic80: checks
Chessnok: bets $3
Adic80: calls $3
*** TURN *** [7h 2c Td] [5d]
Adic80: checks
Chessnok: checks
*** RIVER *** [7h 2c Td 5d] [2d]
Adic80: checks
Chessnok: checks
*** SHOW DOWN ***
Adic80: shows [9h Ac] (a pair of Deuces)
Chessnok: mucks hand
Adic80 collected $17.64 from pot
*** SUMMARY ***
Total pot $18 | Rake $0.36
Board [7h 2c Td 5d 2d]
Seat 1: Adic80 (big blind) showed [9h Ac] and won ($17.64) with a pair of Deuces
Seat 2: Chessnok (button) (small blind) mucked


PokerStars Hand #144341927278:  Hold'em Limit ($3/$6 USD) - 2015/11/24 20:40:36 ET
Table 'Neufang' 6-max Seat #1 is the button
Seat 1: Adic80 ($50.95 in chips)
Seat 2: Chessnok ($318.83 in chips)
Adic80: posts small blind $1
Chessnok: posts big blind $3
*** HOLE CARDS ***
Adic80: raises $3 to $6
Chessnok: calls $3
*** FLOP *** [5h 3d 6h]
Chessnok: checks
Adic80: checks
*** TURN *** [5h 3d 6h] [7s]
Chessnok: checks
Adic80: checks
*** RIVER *** [5h 3d 6h 7s] [6s]
Chessnok: checks
Adic80: checks
*** SHOW DOWN ***
Chessnok: shows [2d Ks] (a pair of Sixes)
Adic80: shows [Ac 9c] (a pair of Sixes - Ace kicker)
Adic80 collected $11.76 from pot
*** SUMMARY ***
Total pot $12 | Rake $0.24
Board [5h 3d 6h 7s 6s]
Seat 1: Adic80 (button) (small blind) showed [Ac 9c] and won ($11.76) with a pair of Sixes
Seat 2: Chessnok (big blind) showed [2d Ks] and lost with a pair of Sixes


PokerStars Hand #144341941559:  Hold'em Limit ($3/$6 USD) - 2015/11/24 20:41:07 ET
Table 'Neufang' 6-max Seat #1 is the button
Seat 1: Adic80 ($65.35 in chips)
Seat 2: Chessnok ($303.83 in chips)
Adic80: posts small blind $1
Chessnok: posts big blind $3
*** HOLE CARDS ***
Adic80: folds
Uncalled bet ($2) returned to Chessnok
Chessnok collected $2 from pot
Chessnok: doesn't show hand
*** SUMMARY ***
Total pot $2 | Rake $0
Seat 1: Adic80 (button) (small blind) folded before Flop
Seat 2: Chessnok (big blind) collected ($2)


PokerStars Hand #144341951195:  Hold'em Limit ($3/$6 USD) - 2015/11/24 20:41:27 ET
Table 'Neufang' 6-max Seat #1 is the button
Seat 1: Adic80 ($87.85 in chips)
Seat 2: Chessnok ($280.83 in chips)
Adic80: posts small blind $1
Chessnok: posts big blind $3
*** HOLE CARDS ***
Adic80: raises $3 to $6
Chessnok: folds
Uncalled bet ($3) returned to Adic80
Adic80 collected $6 from pot
Adic80: doesn't show hand
*** SUMMARY ***
Total pot $6 | Rake $0
Seat 1: Adic80 (button) (small blind) collected ($6)
Seat 2: Chessnok (big blind) folded before Flop


PokerStars Hand #144341969213:  Hold'em Limit ($3/$6 USD) - 2015/11/24 20:42:07 ET
Table 'Neufang' 6-max Seat #1 is the button
Seat 1: Adic80 ($85.49 in chips)
Seat 2: Chessnok ($282.33 in chips)
Adic80: posts small blind $1
Chessnok: posts big blind $3
*** HOLE CARDS ***
Adic80: raises $3 to $6
Chessnok: folds
Uncalled bet ($3) returned to Adic80
Adic80 collected $6 from pot
Adic80: doesn't show hand
*** SUMMARY ***
Total pot $6 | Rake $0
Seat 1: Adic80 (button) (small blind) collected ($6)
Seat 2: Chessnok (big blind) folded before Flop


PokerStars Hand #144341943833:  Hold'em Limit ($3/$6 USD) - 2015/11/24 20:41:11 ET
Table 'Neufang' 6-max Seat #2 is the button
Seat 1: Adic80 ($64.35 in chips)
Seat 2: Chessnok ($304.83 in chips)
Chessnok: posts small blind $1
Adic80: posts big blind $3
*** HOLE CARDS ***
Chessnok: raises $3 to $6
Adic80: raises $3 to $9
Chessnok: calls $3
*** FLOP *** [5s Kh 7h]
Adic80: bets $3
Chessnok: calls $3
*** TURN *** [5s Kh 7h] [2d]
Adic80: bets $6
Chessnok: calls $6
*** RIVER *** [5s Kh 7h 2d] [9s]
Adic80: bets $6
Chessnok: calls $6
*** SHOW DOWN ***
Adic80: shows [Qd Qs] (a pair of Queens)
Chessnok: mucks hand
Adic80 collected $47.50 from pot
*** SUMMARY ***
Total pot $48 | Rake $0.50
Board [5s Kh 7h 2d 9s]
Seat 1: Adic80 (big blind) showed [Qd Qs] and won ($47.50) with a pair of Queens
Seat 2: Chessnok (button) (small blind) mucked


PokerStars Hand #144341953656:  Hold'em Limit ($3/$6 USD) - 2015/11/24 20:41:33 ET
Table 'Neufang' 6-max Seat #2 is the button
Seat 1: Adic80 ($90.85 in chips)
Seat 2: Chessnok ($277.83 in chips)
Chessnok: posts small blind $1
Adic80: posts big blind $3
*** HOLE CARDS ***
Chessnok: raises $3 to $6
Adic80: calls $3
*** FLOP *** [3d 4s 6s]
Adic80: checks
Chessnok: bets $3
Adic80: calls $3
*** TURN *** [3d 4s 6s] [Js]
Adic80: checks
Chessnok: checks
*** RIVER *** [3d 4s 6s Js] [Tc]
Adic80: checks
Chessnok: bets $6
Adic80: calls $6
*** SHOW DOWN ***
Chessnok: shows [9c Th] (a pair of Tens)
Adic80: mucks hand
Chessnok collected $29.50 from pot
*** SUMMARY ***
Total pot $30 | Rake $0.50
Board [3d 4s 6s Js Tc]
Seat 1: Adic80 (big blind) mucked
Seat 2: Chessnok (button) (small blind) showed [9c Th] and won ($29.50) with a pair of Tens


PokerStars Hand #144341961439:  Hold'em Limit ($3/$6 USD) - 2015/11/24 20:41:50 ET
Table 'Neufang' 6-max Seat #1 is the button
Seat 1: Adic80 ($75.85 in chips)
Seat 2: Chessnok ($292.33 in chips)
Adic80: posts small blind $1
Chessnok: posts big blind $3
*** HOLE CARDS ***
Adic80: raises $3 to $6
Chessnok: calls $3
*** FLOP *** [6d 9c 3d]
Chessnok: checks
Adic80: bets $3
Chessnok: calls $3
*** TURN *** [6d 9c 3d] [Ac]
Chessnok: checks
Adic80: bets $6
Chessnok: folds
Uncalled bet ($6) returned to Adic80
Adic80 collected $17.64 from pot
Adic80: doesn't show hand
*** SUMMARY ***
Total pot $18 | Rake $0.36
Board [6d 9c 3d Ac]
Seat 1: Adic80 (button) (small blind) collected ($17.64)
Seat 2: Chessnok (big blind) folded on the Turn


PokerStars Hand #144341967023:  Hold'em Limit ($3/$6 USD) - 2015/11/24 20:42:02 ET
Table 'Neufang' 6-max Seat #2 is the button
Seat 1: Adic80 ($84.49 in chips)
Seat 2: Chessnok ($283.33 in chips)
Chessnok: posts small blind $1
Adic80: posts big blind $3
*** HOLE CARDS ***
Chessnok: folds
Uncalled bet ($2) returned to Adic80
Adic80 collected $2 from pot
Adic80: doesn't show hand
*** SUMMARY ***
Total pot $2 | Rake $0
Seat 1: Adic80 (big blind) collected ($2)
Seat 2: Chessnok (button) (small blind) folded before Flop


PokerStars Hand #144341980632:  Hold'em Limit ($3/$6 USD) - 2015/11/24 20:42:31 ET
Table 'Neufang' 6-max Seat #2 is the button
Seat 1: Adic80 ($69.49 in chips)
Seat 2: Chessnok ($297.83 in chips)
Chessnok: posts small blind $1
Adic80: posts big blind $3
*** HOLE CARDS ***
Chessnok: folds
Uncalled bet ($2) returned to Adic80
Adic80 collected $2 from pot
Adic80: doesn't show hand
*** SUMMARY ***
Total pot $2 | Rake $0
Seat 1: Adic80 (big blind) collected ($2)
Seat 2: Chessnok (button) (small blind) folded before Flop


PokerStars Hand #144342005028:  Hold'em Limit ($3/$6 USD) - 2015/11/24 20:43:24 ET
Table 'Neufang' 6-max Seat #2 is the button
Seat 1: Adic80 ($57.99 in chips)
Seat 2: Chessnok ($307.85 in chips)
Chessnok: posts small blind $1
Adic80: posts big blind $3
*** HOLE CARDS ***
Chessnok: folds
Uncalled bet ($2) returned to Adic80
Adic80 collected $2 from pot
Adic80: doesn't show hand
*** SUMMARY ***
Total pot $2 | Rake $0
Seat 1: Adic80 (big blind) collected ($2)
Seat 2: Chessnok (button) (small blind) folded before Flop


PokerStars Hand #144341997098:  Hold'em Limit ($3/$6 USD) - 2015/11/24 20:43:07 ET
Table 'Neufang' 6-max Seat #1 is the button
Seat 1: Adic80 ($72.99 in chips)
Seat 2: Chessnok ($293.35 in chips)
Adic80: posts small blind $1
Chessnok: posts big blind $3
*** HOLE CARDS ***
Adic80: raises $3 to $6
Chessnok: calls $3
*** FLOP *** [Ks 7h 2h]
Chessnok: checks
Adic80: bets $3
Chessnok: calls $3
*** TURN *** [Ks 7h 2h] [5d]
Chessnok: checks
Adic80: checks
*** RIVER *** [Ks 7h 2h 5d] [Ad]
Chessnok: checks
Adic80: bets $6
Chessnok: calls $6
*** SHOW DOWN ***
Adic80: shows [Jh Td] (high card Ace)
Chessnok: shows [8s Qd] (high card Ace - King+Queen kicker)
Chessnok collected $29.50 from pot
*** SUMMARY ***
Total pot $30 | Rake $0.50
Board [Ks 7h 2h 5d Ad]
Seat 1: Adic80 (button) (small blind) showed [Jh Td] and lost with high card Ace
Seat 2: Chessnok (big blind) showed [8s Qd] and won ($29.50) with high card Ace


PokerStars Hand #144341989451:  Hold'em Limit ($3/$6 USD) - 2015/11/24 20:42:51 ET
Table 'Neufang' 6-max Seat #2 is the button
Seat 1: Adic80 ($58.49 in chips)
Seat 2: Chessnok ($308.35 in chips)
Chessnok: posts small blind $1
Adic80: posts big blind $3
*** HOLE CARDS ***
Chessnok: raises $3 to $6
Adic80: calls $3
*** FLOP *** [8d Ks 8c]
Adic80: checks
Chessnok: bets $3
Adic80: calls $3
*** TURN *** [8d Ks 8c] [8h]
Adic80: checks
Chessnok: checks
*** RIVER *** [8d Ks 8c 8h] [Ad]
Adic80: checks
Chessnok: bets $6
Adic80: calls $6
*** SHOW DOWN ***
Chessnok: shows [6s 5h] (three of a kind, Eights)
Adic80: shows [2h 2d] (a full house, Eights full of Deuces)
Adic80 collected $29.50 from pot
*** SUMMARY ***
Total pot $30 | Rake $0.50
Board [8d Ks 8c 8h Ad]
Seat 1: Adic80 (big blind) showed [2h 2d] and won ($29.50) with a full house, Eights full of Deuces
Seat 2: Chessnok (button) (small blind) showed [6s 5h] and lost with three of a kind, Eights


PokerStars Hand #144341982535:  Hold'em Limit ($3/$6 USD) - 2015/11/24 20:42:35 ET
Table 'Neufang' 6-max Seat #1 is the button
Seat 1: Adic80 ($70.49 in chips)
Seat 2: Chessnok ($296.83 in chips)
Adic80: posts small blind $1
Chessnok: posts big blind $3
*** HOLE CARDS ***
Adic80: raises $3 to $6
Chessnok: calls $3
*** FLOP *** [3s 3h Th]
Chessnok: checks
Adic80: checks
*** TURN *** [3s 3h Th] [9s]
Chessnok: bets $6
Adic80: calls $6
*** RIVER *** [3s 3h Th 9s] [6d]
Chessnok: bets $6
Adic80: folds
Uncalled bet ($6) returned to Chessnok
Chessnok collected $23.52 from pot
Chessnok: doesn't show hand
*** SUMMARY ***
Total pot $24 | Rake $0.48
Board [3s 3h Th 9s 6d]
Seat 1: Adic80 (button) (small blind) folded on the River
Seat 2: Chessnok (big blind) collected ($23.52)


PokerStars Hand #144341978604:  Hold'em Limit ($3/$6 USD) - 2015/11/24 20:42:27 ET
Table 'Neufang' 6-max Seat #1 is the button
Seat 1: Adic80 ($70.49 in chips)
Seat 2: Chessnok ($296.83 in chips)
Adic80: posts small blind $1
Chessnok: posts big blind $3
*** HOLE CARDS ***
Adic80: folds
Uncalled bet ($2) returned to Chessnok
Chessnok collected $2 from pot
Chessnok: doesn't show hand
*** SUMMARY ***
Total pot $2 | Rake $0
Seat 1: Adic80 (button) (small blind) folded before Flop
Seat 2: Chessnok (big blind) collected ($2)


PokerStars Hand #144341971840:  Hold'em Limit ($3/$6 USD) - 2015/11/24 20:42:12 ET
Table 'Neufang' 6-max Seat #2 is the button
Seat 1: Adic80 ($88.49 in chips)
Seat 2: Chessnok ($279.33 in chips)
Chessnok: posts small blind $1
Adic80: posts big blind $3
*** HOLE CARDS ***
Chessnok: raises $3 to $6
Adic80: raises $3 to $9
Chessnok: calls $3
*** FLOP *** [4s 7d 3s]
Adic80: bets $3
Chessnok: calls $3
*** TURN *** [4s 7d 3s] [Qd]
Adic80: bets $6
Chessnok: raises $6 to $12
Adic80: folds
Uncalled bet ($6) returned to Chessnok
Chessnok collected $35.50 from pot
Chessnok: doesn't show hand
*** SUMMARY ***
Total pot $36 | Rake $0.50
Board [4s 7d 3s Qd]
Seat 1: Adic80 (big blind) folded on the Turn
Seat 2: Chessnok (button) (small blind) collected ($35.50)


PokerStars Hand #144342019598:  Hold'em Limit ($3/$6 USD) - 2015/11/24 20:43:56 ET
Table 'Neufang' 6-max Seat #1 is the button
Seat 1: Adic80 ($43.99 in chips)
Seat 2: Chessnok ($321.37 in chips)
Adic80: posts small blind $1
Chessnok: posts big blind $3
*** HOLE CARDS ***
Adic80: raises $3 to $6
Chessnok: calls $3
*** FLOP *** [2h 9d 7d]
Chessnok: checks
Adic80: checks
*** TURN *** [2h 9d 7d] [7s]
Chessnok: bets $6
Adic80: calls $6
*** RIVER *** [2h 9d 7d 7s] [2c]
Chessnok: bets $6
Adic80: calls $6
*** SHOW DOWN ***
Chessnok: shows [8s Kd] (two pair, Sevens and Deuces)
Adic80: shows [Js Ad] (two pair, Sevens and Deuces - Ace kicker)
Adic80 collected $35.50 from pot
*** SUMMARY ***
Total pot $36 | Rake $0.50
Board [2h 9d 7d 7s 2c]
Seat 1: Adic80 (button) (small blind) showed [Js Ad] and won ($35.50) with two pair, Sevens and Deuces
Seat 2: Chessnok (big blind) showed [8s Kd] and lost with two pair, Sevens and Deuces


PokerStars Hand #144342027507:  Hold'em Limit ($3/$6 USD) - 2015/11/24 20:44:13 ET
Table 'Neufang' 6-max Seat #1 is the button
Seat 1: Adic80 ($62.49 in chips)
Seat 2: Chessnok ($302.37 in chips)
Adic80: posts small blind $1
Chessnok: posts big blind $3
*** HOLE CARDS ***
Adic80: folds
Uncalled bet ($2) returned to Chessnok
Chessnok collected $2 from pot
Chessnok: doesn't show hand
*** SUMMARY ***
Total pot $2 | Rake $0
Seat 1: Adic80 (button) (small blind) folded before Flop
Seat 2: Chessnok (big blind) collected ($2)


PokerStars Hand #144342025625:  Hold'em Limit ($3/$6 USD) - 2015/11/24 20:44:09 ET
Table 'Neufang' 6-max Seat #2 is the button
Seat 1: Adic80 ($61.49 in chips)
Seat 2: Chessnok ($303.37 in chips)
Chessnok: posts small blind $1
Adic80: posts big blind $3
*** HOLE CARDS ***
Chessnok: folds
Uncalled bet ($2) returned to Adic80
Adic80 collected $2 from pot
Adic80: doesn't show hand
*** SUMMARY ***
Total pot $2 | Rake $0
Seat 1: Adic80 (big blind) collected ($2)
Seat 2: Chessnok (button) (small blind) folded before Flop


PokerStars Hand #144342017280:  Hold'em Limit ($3/$6 USD) - 2015/11/24 20:43:51 ET
Table 'Neufang' 6-max Seat #2 is the button
Seat 1: Adic80 ($46.99 in chips)
Seat 2: Chessnok ($318.37 in chips)
Chessnok: posts small blind $1
Velbor107 was removed from the table for failing to post
HAL9QQQ was removed from the table for failing to post
Hsj2012 was removed from the table for failing to post
Adic80: posts big blind $3
*** HOLE CARDS ***
Chessnok: raises $3 to $6
Adic80: folds
Uncalled bet ($3) returned to Chessnok
Chessnok collected $6 from pot
Chessnok: doesn't show hand
*** SUMMARY ***
Total pot $6 | Rake $0
Seat 1: Adic80 (big blind) folded before Flop
Seat 2: Chessnok (button) (small blind) collected ($6)


PokerStars Hand #144342013142:  Hold'em Limit ($3/$6 USD) - 2015/11/24 20:43:42 ET
Table 'Neufang' 6-max Seat #2 is the button
Seat 1: Adic80 ($46.99 in chips)
Seat 2: Chessnok ($318.37 in chips)
Chessnok: posts small blind $1
Adic80: posts big blind $3
*** HOLE CARDS ***
Chessnok: folds
Uncalled bet ($2) returned to Adic80
Adic80 collected $2 from pot
Adic80: doesn't show hand
*** SUMMARY ***
Total pot $2 | Rake $0
Seat 1: Adic80 (big blind) collected ($2)
Seat 2: Chessnok (button) (small blind) folded before Flop


PokerStars Hand #144342007109:  Hold'em Limit ($3/$6 USD) - 2015/11/24 20:43:29 ET
Table 'Neufang' 6-max Seat #1 is the button
Seat 1: Adic80 ($58.99 in chips)
Seat 2: Chessnok ($306.85 in chips)
Adic80: posts small blind $1
Chessnok: posts big blind $3
*** HOLE CARDS ***
Adic80: raises $3 to $6
Chessnok: calls $3
*** FLOP *** [6s 8s 3c]
Chessnok: checks
Adic80: bets $3
Chessnok: raises $3 to $6
Adic80: calls $3
*** TURN *** [6s 8s 3c] [2h]
Chessnok: bets $6
Adic80: folds
Uncalled bet ($6) returned to Chessnok
Chessnok collected $23.52 from pot
Chessnok: doesn't show hand
*** SUMMARY ***
Total pot $24 | Rake $0.48
Board [6s 8s 3c 2h]
Seat 1: Adic80 (button) (small blind) folded on the Turn
Seat 2: Chessnok (big blind) collected ($23.52)


PokerStars Hand #144342015074:  Hold'em Limit ($3/$6 USD) - 2015/11/24 20:43:46 ET
Table 'Neufang' 6-max Seat #1 is the button
Seat 1: Adic80 ($47.99 in chips)
Seat 2: Chessnok ($317.37 in chips)
Adic80: posts small blind $1
Chessnok: posts big blind $3
*** HOLE CARDS ***
Adic80: folds
Uncalled bet ($2) returned to Chessnok
Chessnok collected $2 from pot
Chessnok: doesn't show hand
*** SUMMARY ***
Total pot $2 | Rake $0
Seat 1: Adic80 (button) (small blind) folded before Flop
Seat 2: Chessnok (big blind) collected ($2)


PokerStars Hand #144342029619:  Hold'em Limit ($3/$6 USD) - 2015/11/24 20:44:18 ET
Table 'Neufang' 6-max Seat #2 is the button
Seat 1: Adic80 ($61.49 in chips)
Seat 2: Chessnok ($303.37 in chips)
Chessnok: posts small blind $1
Adic80: posts big blind $3
*** HOLE CARDS ***
Chessnok: raises $3 to $6
Adic80: calls $3
*** FLOP *** [9h 6s 7d]
Adic80: checks
Chessnok: bets $3
Adic80: calls $3
*** TURN *** [9h 6s 7d] [5d]
Adic80: checks
Chessnok: bets $6
Adic80: calls $6
*** RIVER *** [9h 6s 7d 5d] [7s]
Adic80: checks
Chessnok: bets $6
Adic80: calls $6
*** SHOW DOWN ***
Chessnok: shows [8c 7h] (a straight, Five to Nine)
Adic80: mucks hand
Chessnok collected $41.50 from pot
SirRomanov joins the table at seat #3
*** SUMMARY ***
Total pot $42 | Rake $0.50
Board [9h 6s 7d 5d 7s]
Seat 1: Adic80 (big blind) mucked
Seat 2: Chessnok (button) (small blind) showed [8c 7h] and won ($41.50) with a straight, Five to Nine


PokerStars Hand #144342036738:  Hold'em Limit ($3/$6 USD) - 2015/11/24 20:44:33 ET
Table 'Neufang' 6-max Seat #1 is the button
Seat 1: Adic80 ($40.49 in chips)
Seat 2: Chessnok ($323.87 in chips)
Adic80: posts small blind $1
Chessnok: posts big blind $3
*** HOLE CARDS ***
Adic80: folds
Uncalled bet ($2) returned to Chessnok
Chessnok collected $2 from pot
Chessnok: doesn't show hand
*** SUMMARY ***
Total pot $2 | Rake $0
Seat 1: Adic80 (button) (small blind) folded before Flop
Seat 2: Chessnok (big blind) collected ($2)


PokerStars Hand #144346769957:  Hold'em Limit ($3/$6 USD) - 2015/11/25 0:15:12 ET
Table 'Neufang' 6-max Seat #1 is the button
Seat 1: BuzovaPro ($73 in chips)
Seat 2: miss kitty50 ($130.66 in chips)
BuzovaPro: posts small blind $1
miss kitty50: posts big blind $3
*** HOLE CARDS ***
BuzovaPro: raises $3 to $6
miss kitty50: calls $3
*** FLOP *** [7d Ad Kc]
miss kitty50: checks
BuzovaPro: bets $3
miss kitty50: calls $3
*** TURN *** [7d Ad Kc] [6d]
miss kitty50: checks
BuzovaPro: checks
*** RIVER *** [7d Ad Kc 6d] [4c]
miss kitty50: checks
BuzovaPro: checks
*** SHOW DOWN ***
miss kitty50: shows [Ks 8s] (a pair of Kings)
BuzovaPro: mucks hand
miss kitty50 collected $17.64 from pot
*** SUMMARY ***
Total pot $18 | Rake $0.36
Board [7d Ad Kc 6d 4c]
Seat 1: BuzovaPro (button) (small blind) mucked
Seat 2: miss kitty50 (big blind) showed [Ks 8s] and won ($17.64) with a pair of Kings


PokerStars Hand #144346764641:  Hold'em Limit ($3/$6 USD) - 2015/11/25 0:15:02 ET
Table 'Neufang' 6-max Seat #2 is the button
Seat 1: BuzovaPro ($72 in chips)
Seat 2: miss kitty50 ($131.66 in chips)
miss kitty50: posts small blind $1
Masqb: is sitting out
Masqb leaves the table
BuzovaPro: posts big blind $3
*** HOLE CARDS ***
miss kitty50: folds
Uncalled bet ($2) returned to BuzovaPro
BuzovaPro collected $2 from pot
BuzovaPro: doesn't show hand
*** SUMMARY ***
Total pot $2 | Rake $0
Seat 1: BuzovaPro (big blind) collected ($2)
Seat 2: miss kitty50 (button) (small blind) folded before Flop


PokerStars Hand #144346794243:  Hold'em Limit ($3/$6 USD) - 2015/11/25 0:15:56 ET
Table 'Neufang' 6-max Seat #2 is the button
Seat 1: BuzovaPro ($72 in chips)
Seat 2: miss kitty50 ($139.30 in chips)
miss kitty50: posts small blind $1
BuzovaPro: posts big blind $3
*** HOLE CARDS ***
miss kitty50: folds
Uncalled bet ($2) returned to BuzovaPro
BuzovaPro collected $2 from pot
BuzovaPro: doesn't show hand
*** SUMMARY ***
Total pot $2 | Rake $0
Seat 1: BuzovaPro (big blind) collected ($2)
Seat 2: miss kitty50 (button) (small blind) folded before Flop


PokerStars Hand #144346808623:  Hold'em Limit ($3/$6 USD) - 2015/11/25 0:16:22 ET
Table 'Neufang' 6-max Seat #2 is the button
Seat 1: BuzovaPro ($81.64 in chips)
Seat 2: miss kitty50 ($129.30 in chips)
miss kitty50: posts small blind $1
BuzovaPro: posts big blind $3
*** HOLE CARDS ***
miss kitty50: raises $3 to $6
BuzovaPro: calls $3
*** FLOP *** [4c 2c 6d]
BuzovaPro: checks
miss kitty50: bets $3
BuzovaPro: calls $3
*** TURN *** [4c 2c 6d] [6s]
BuzovaPro: checks
miss kitty50: bets $6
BuzovaPro: calls $6
*** RIVER *** [4c 2c 6d 6s] [Kc]
BuzovaPro: checks
miss kitty50: checks
*** SHOW DOWN ***
BuzovaPro: shows [2s Ah] (two pair, Sixes and Deuces)
miss kitty50: shows [9s 9h] (two pair, Nines and Sixes)
miss kitty50 collected $29.50 from pot
*** SUMMARY ***
Total pot $30 | Rake $0.50
Board [4c 2c 6d 6s Kc]
Seat 1: BuzovaPro (big blind) showed [2s Ah] and lost with two pair, Sixes and Deuces
Seat 2: miss kitty50 (button) (small blind) showed [9s 9h] and won ($29.50) with two pair, Nines and Sixes


PokerStars Hand #144346797975:  Hold'em Limit ($3/$6 USD) - 2015/11/25 0:16:02 ET
Table 'Neufang' 6-max Seat #1 is the button
Seat 1: BuzovaPro ($73 in chips)
Seat 2: miss kitty50 ($138.30 in chips)
BuzovaPro: posts small blind $1
miss kitty50: posts big blind $3
*** HOLE CARDS ***
BuzovaPro: raises $3 to $6
miss kitty50: calls $3
*** FLOP *** [4d 8h Kh]
miss kitty50: checks
BuzovaPro: bets $3
miss kitty50: calls $3
*** TURN *** [4d 8h Kh] [9d]
miss kitty50: checks
BuzovaPro: bets $6
miss kitty50: folds
Uncalled bet ($6) returned to BuzovaPro
BuzovaPro collected $17.64 from pot
BuzovaPro: doesn't show hand
*** SUMMARY ***
Total pot $18 | Rake $0.36
Board [4d 8h Kh 9d]
Seat 1: BuzovaPro (button) (small blind) collected ($17.64)
Seat 2: miss kitty50 (big blind) folded on the Turn


PokerStars Hand #144346821666:  Hold'em Limit ($3/$6 USD) - 2015/11/25 0:16:47 ET
Table 'Neufang' 6-max Seat #1 is the button
Seat 1: BuzovaPro ($72 in chips)
Seat 2: miss kitty50 ($143.80 in chips)
BuzovaPro: posts small blind $1
miss kitty50: posts big blind $3
*** HOLE CARDS ***
BuzovaPro: raises $3 to $6
miss kitty50: calls $3
*** FLOP *** [8s 7c Ah]
miss kitty50: checks
BuzovaPro: bets $3
miss kitty50: folds
Uncalled bet ($3) returned to BuzovaPro
BuzovaPro collected $11.76 from pot
BuzovaPro: doesn't show hand
*** SUMMARY ***
Total pot $12 | Rake $0.24
Board [8s 7c Ah]
Seat 1: BuzovaPro (button) (small blind) collected ($11.76)
Seat 2: miss kitty50 (big blind) folded on the Flop


PokerStars Hand #144346856835:  Hold'em Limit ($3/$6 USD) - 2015/11/25 0:17:51 ET
Table 'Neufang' 6-max Seat #2 is the button
Seat 1: BuzovaPro ($72 in chips)
Seat 2: miss kitty50 ($152.20 in chips)
miss kitty50: posts small blind $1
BuzovaPro: posts big blind $3
*** HOLE CARDS ***
miss kitty50: folds
Uncalled bet ($2) returned to BuzovaPro
BuzovaPro collected $2 from pot
BuzovaPro: doesn't show hand
*** SUMMARY ***
Total pot $2 | Rake $0
Seat 1: BuzovaPro (big blind) collected ($2)
Seat 2: miss kitty50 (button) (small blind) folded before Flop


PokerStars Hand #144346841567:  Hold'em Limit ($3/$6 USD) - 2015/11/25 0:17:23 ET
Table 'Neufang' 6-max Seat #1 is the button
Seat 1: BuzovaPro ($72 in chips)
Seat 2: miss kitty50 ($143.56 in chips)
BuzovaPro: posts small blind $1
miss kitty50: posts big blind $3
*** HOLE CARDS ***
BuzovaPro: raises $3 to $6
miss kitty50: calls $3
*** FLOP *** [Jd 8h 6s]
miss kitty50: checks
BuzovaPro: bets $3
miss kitty50: calls $3
*** TURN *** [Jd 8h 6s] [8s]
miss kitty50: checks
BuzovaPro: checks
*** RIVER *** [Jd 8h 6s 8s] [3s]
miss kitty50: bets $6
BuzovaPro: folds
Uncalled bet ($6) returned to miss kitty50
miss kitty50 collected $17.64 from pot
miss kitty50: doesn't show hand
*** SUMMARY ***
Total pot $18 | Rake $0.36
Board [Jd 8h 6s 8s 3s]
Seat 1: BuzovaPro (button) (small blind) folded on the River
Seat 2: miss kitty50 (big blind) collected ($17.64)


PokerStars Hand #144346829328:  Hold'em Limit ($3/$6 USD) - 2015/11/25 0:17:01 ET
Table 'Neufang' 6-max Seat #2 is the button
Seat 1: BuzovaPro ($77.76 in chips)
Seat 2: miss kitty50 ($137.80 in chips)
miss kitty50: posts small blind $1
BuzovaPro: posts big blind $3
*** HOLE CARDS ***
miss kitty50: raises $3 to $6
BuzovaPro: calls $3
*** FLOP *** [2c 7d Js]
BuzovaPro: checks
miss kitty50: checks
*** TURN *** [2c 7d Js] [7c]
BuzovaPro: checks
miss kitty50: checks
*** RIVER *** [2c 7d Js 7c] [9s]
BuzovaPro: checks
miss kitty50: checks
*** SHOW DOWN ***
BuzovaPro: shows [Qs 8d] (a pair of Sevens)
miss kitty50: shows [Ad 5c] (a pair of Sevens - Ace kicker)
miss kitty50 collected $11.76 from pot
*** SUMMARY ***
Total pot $12 | Rake $0.24
Board [2c 7d Js 7c 9s]
Seat 1: BuzovaPro (big blind) showed [Qs 8d] and lost with a pair of Sevens
Seat 2: miss kitty50 (button) (small blind) showed [Ad 5c] and won ($11.76) with a pair of Sevens


PokerStars Hand #144346860662:  Hold'em Limit ($3/$6 USD) - 2015/11/25 0:17:58 ET
Table 'Neufang' 6-max Seat #1 is the button
Seat 1: BuzovaPro ($73 in chips)
Seat 2: miss kitty50 ($151.20 in chips)
BuzovaPro: posts small blind $1
miss kitty50: posts big blind $3
*** HOLE CARDS ***
BuzovaPro: calls $2
miss kitty50: checks
*** FLOP *** [8d 7c Qs]
miss kitty50: checks
BuzovaPro: bets $3
miss kitty50: calls $3
*** TURN *** [8d 7c Qs] [9d]
miss kitty50: checks
BuzovaPro: checks
*** RIVER *** [8d 7c Qs 9d] [Tc]
miss kitty50: bets $6
BuzovaPro: folds
Uncalled bet ($6) returned to miss kitty50
miss kitty50 collected $11.76 from pot
miss kitty50: doesn't show hand
*** SUMMARY ***
Total pot $12 | Rake $0.24
Board [8d 7c Qs 9d Tc]
Seat 1: BuzovaPro (button) (small blind) folded on the River
Seat 2: miss kitty50 (big blind) collected ($11.76)


PokerStars Hand #144346882729:  Hold'em Limit ($3/$6 USD) - 2015/11/25 0:18:38 ET
Table 'Neufang' 6-max Seat #2 is the button
Seat 1: BuzovaPro ($72 in chips)
Seat 2: miss kitty50 ($156.96 in chips)
miss kitty50: posts small blind $1
BuzovaPro: posts big blind $3
*** HOLE CARDS ***
miss kitty50: raises $3 to $6
BuzovaPro: calls $3
*** FLOP *** [Jh 9h Jd]
BuzovaPro: bets $3
miss kitty50: calls $3
*** TURN *** [Jh 9h Jd] [9d]
BuzovaPro: checks
miss kitty50: checks
*** RIVER *** [Jh 9h Jd 9d] [Qc]
BuzovaPro: checks
miss kitty50: checks
*** SHOW DOWN ***
BuzovaPro: shows [8h 7h] (two pair, Jacks and Nines)
miss kitty50: shows [8d Ah] (two pair, Jacks and Nines - Ace kicker)
miss kitty50 collected $17.64 from pot
*** SUMMARY ***
Total pot $18 | Rake $0.36
Board [Jh 9h Jd 9d Qc]
Seat 1: BuzovaPro (big blind) showed [8h 7h] and lost with two pair, Jacks and Nines
Seat 2: miss kitty50 (button) (small blind) showed [8d Ah] and won ($17.64) with two pair, Jacks and Nines


PokerStars Hand #144346903615:  Hold'em Limit ($3/$6 USD) - 2015/11/25 0:19:16 ET
Table 'Neufang' 6-max Seat #1 is the button
Seat 1: BuzovaPro ($72 in chips)
Seat 2: miss kitty50 ($165.60 in chips)
BuzovaPro: posts small blind $1
miss kitty50: posts big blind $3
*** HOLE CARDS ***
BuzovaPro: raises $3 to $6
miss kitty50: calls $3
*** FLOP *** [Ks 5d 9d]
miss kitty50: checks
BuzovaPro: bets $3
miss kitty50: calls $3
*** TURN *** [Ks 5d 9d] [Ac]
miss kitty50: checks
BuzovaPro: bets $6
miss kitty50: folds
Uncalled bet ($6) returned to BuzovaPro
BuzovaPro collected $17.64 from pot
BuzovaPro: doesn't show hand
*** SUMMARY ***
Total pot $18 | Rake $0.36
Board [Ks 5d 9d Ac]
Seat 1: BuzovaPro (button) (small blind) collected ($17.64)
Seat 2: miss kitty50 (big blind) folded on the Turn


PokerStars Hand #144346921720:  Hold'em Limit ($3/$6 USD) - 2015/11/25 0:19:51 ET
Table 'Neufang' 6-max Seat #2 is the button
Seat 1: BuzovaPro ($80.64 in chips)
Seat 2: miss kitty50 ($156.60 in chips)
miss kitty50: posts small blind $1
BuzovaPro: posts big blind $3
*** HOLE CARDS ***
miss kitty50: calls $2
BuzovaPro: checks
*** FLOP *** [Qs 4d 6d]
BuzovaPro: bets $3
miss kitty50: calls $3
*** TURN *** [Qs 4d 6d] [8h]
BuzovaPro: bets $6
miss kitty50: calls $6
*** RIVER *** [Qs 4d 6d 8h] [Js]
BuzovaPro: checks
miss kitty50: checks
*** SHOW DOWN ***
BuzovaPro: shows [3c 6c] (a pair of Sixes)
miss kitty50: shows [8d 7c] (a pair of Eights)
miss kitty50 collected $23.52 from pot
*** SUMMARY ***
Total pot $24 | Rake $0.48
Board [Qs 4d 6d 8h Js]
Seat 1: BuzovaPro (big blind) showed [3c 6c] and lost with a pair of Sixes
Seat 2: miss kitty50 (button) (small blind) showed [8d 7c] and won ($23.52) with a pair of Eights


PokerStars Hand #144346934071:  Hold'em Limit ($3/$6 USD) - 2015/11/25 0:20:14 ET
Table 'Neufang' 6-max Seat #1 is the button
Seat 1: BuzovaPro ($72 in chips)
Seat 2: miss kitty50 ($168.12 in chips)
BuzovaPro: posts small blind $1
miss kitty50: posts big blind $3
*** HOLE CARDS ***
BuzovaPro: raises $3 to $6
miss kitty50: calls $3
*** FLOP *** [Qs As Jh]
miss kitty50: bets $3
BuzovaPro: calls $3
*** TURN *** [Qs As Jh] [3c]
miss kitty50: bets $6
BuzovaPro: calls $6
*** RIVER *** [Qs As Jh 3c] [5c]
miss kitty50: checks
BuzovaPro: checks
*** SHOW DOWN ***
miss kitty50: shows [Ad 2d] (a pair of Aces)
BuzovaPro: mucks hand
miss kitty50 collected $29.50 from pot
*** SUMMARY ***
Total pot $30 | Rake $0.50
Board [Qs As Jh 3c 5c]
Seat 1: BuzovaPro (button) (small blind) mucked
Seat 2: miss kitty50 (big blind) showed [Ad 2d] and won ($29.50) with a pair of Aces


PokerStars Hand #144346960796:  Hold'em Limit ($3/$6 USD) - 2015/11/25 0:21:03 ET
Table 'Neufang' 6-max Seat #2 is the button
Seat 1: BuzovaPro ($72 in chips)
Seat 2: miss kitty50 ($204.12 in chips)
miss kitty50: posts small blind $1
BuzovaPro: posts big blind $3
*** HOLE CARDS ***
miss kitty50: folds
Uncalled bet ($2) returned to BuzovaPro
BuzovaPro collected $2 from pot
BuzovaPro: doesn't show hand
*** SUMMARY ***
Total pot $2 | Rake $0
Seat 1: BuzovaPro (big blind) collected ($2)
Seat 2: miss kitty50 (button) (small blind) folded before Flop


PokerStars Hand #144346958046:  Hold'em Limit ($3/$6 USD) - 2015/11/25 0:20:58 ET
Table 'Neufang' 6-max Seat #1 is the button
Seat 1: BuzovaPro ($72 in chips)
Seat 2: miss kitty50 ($203.12 in chips)
BuzovaPro: posts small blind $1
miss kitty50: posts big blind $3
*** HOLE CARDS ***
BuzovaPro: folds
Uncalled bet ($2) returned to miss kitty50
miss kitty50 collected $2 from pot
miss kitty50: doesn't show hand
*** SUMMARY ***
Total pot $2 | Rake $0
Seat 1: BuzovaPro (button) (small blind) folded before Flop
Seat 2: miss kitty50 (big blind) collected ($2)


PokerStars Hand #144346964244:  Hold'em Limit ($3/$6 USD) - 2015/11/25 0:21:09 ET
Table 'Neufang' 6-max Seat #1 is the button
Seat 1: BuzovaPro ($73 in chips)
Seat 2: miss kitty50 ($203.12 in chips)
BuzovaPro: posts small blind $1
miss kitty50: posts big blind $3
*** HOLE CARDS ***
BuzovaPro: raises $3 to $6
miss kitty50: calls $3
*** FLOP *** [9d Qc 4h]
miss kitty50: bets $3
BuzovaPro: raises $3 to $6
miss kitty50: calls $3
*** TURN *** [9d Qc 4h] [Jc]
miss kitty50: checks
BuzovaPro: bets $6
miss kitty50: calls $6
*** RIVER *** [9d Qc 4h Jc] [5h]
miss kitty50: checks
BuzovaPro: bets $6
miss kitty50: calls $6
*** SHOW DOWN ***
BuzovaPro: shows [Kd Th] (a straight, Nine to King)
miss kitty50: mucks hand
BuzovaPro collected $47.50 from pot
*** SUMMARY ***
Total pot $48 | Rake $0.50
Board [9d Qc 4h Jc 5h]
Seat 1: BuzovaPro (button) (small blind) showed [Kd Th] and won ($47.50) with a straight, Nine to King
Seat 2: miss kitty50 (big blind) mucked


PokerStars Hand #144346945308:  Hold'em Limit ($3/$6 USD) - 2015/11/25 0:20:34 ET
Table 'Neufang' 6-max Seat #2 is the button
Seat 1: BuzovaPro ($72 in chips)
Seat 2: miss kitty50 ($182.62 in chips)
miss kitty50: posts small blind $1
BuzovaPro: posts big blind $3
*** HOLE CARDS ***
miss kitty50: calls $2
BuzovaPro: raises $3 to $6
miss kitty50: calls $3
*** FLOP *** [3s 6h 3c]
BuzovaPro: bets $3
miss kitty50: calls $3
*** TURN *** [3s 6h 3c] [Js]
BuzovaPro: bets $6
miss kitty50: raises $6 to $12
BuzovaPro: calls $6
*** RIVER *** [3s 6h 3c Js] [5d]
BuzovaPro: checks
miss kitty50: checks
*** SHOW DOWN ***
BuzovaPro: shows [Ks 6s] (two pair, Sixes and Threes)
miss kitty50: shows [Tc Jc] (two pair, Jacks and Threes)
miss kitty50 collected $41.50 from pot
*** SUMMARY ***
Total pot $42 | Rake $0.50
Board [3s 6h 3c Js 5d]
Seat 1: BuzovaPro (big blind) showed [Ks 6s] and lost with two pair, Sixes and Threes
Seat 2: miss kitty50 (button) (small blind) showed [Tc Jc] and won ($41.50) with two pair, Jacks and Threes


PokerStars Hand #144346991884:  Hold'em Limit ($3/$6 USD) - 2015/11/25 0:22:00 ET
Table 'Neufang' 6-max Seat #1 is the button
Seat 1: BuzovaPro ($75.50 in chips)
Seat 2: miss kitty50 ($199.62 in chips)
BuzovaPro: posts small blind $1
miss kitty50: posts big blind $3
*** HOLE CARDS ***
BuzovaPro: raises $3 to $6
miss kitty50: calls $3
*** FLOP *** [Qc As 2h]
miss kitty50: checks
BuzovaPro: bets $3
miss kitty50: calls $3
*** TURN *** [Qc As 2h] [4s]
miss kitty50: checks
BuzovaPro: bets $6
miss kitty50: calls $6
*** RIVER *** [Qc As 2h 4s] [4d]
miss kitty50: checks
BuzovaPro: bets $6
miss kitty50: calls $6
*** SHOW DOWN ***
BuzovaPro: shows [8s 7s] (a pair of Fours)
miss kitty50: shows [Qh 3h] (two pair, Queens and Fours)
miss kitty50 collected $41.50 from pot
*** SUMMARY ***
Total pot $42 | Rake $0.50
Board [Qc As 2h 4s 4d]
Seat 1: BuzovaPro (button) (small blind) showed [8s 7s] and lost with a pair of Fours
Seat 2: miss kitty50 (big blind) showed [Qh 3h] and won ($41.50) with two pair, Queens and Fours


PokerStars Hand #144347004056:  Hold'em Limit ($3/$6 USD) - 2015/11/25 0:22:22 ET
Table 'Neufang' 6-max Seat #2 is the button
Seat 1: BuzovaPro ($72 in chips)
Seat 2: miss kitty50 ($220.12 in chips)
miss kitty50: posts small blind $1
BuzovaPro: posts big blind $3
*** HOLE CARDS ***
miss kitty50: calls $2
BuzovaPro: checks
*** FLOP *** [6h 2c 5d]
BuzovaPro: checks
miss kitty50: checks
*** TURN *** [6h 2c 5d] [7c]
BuzovaPro: bets $6
miss kitty50: folds
Uncalled bet ($6) returned to BuzovaPro
BuzovaPro collected $5.88 from pot
BuzovaPro: doesn't show hand
*** SUMMARY ***
Total pot $6 | Rake $0.12
Board [6h 2c 5d 7c]
Seat 1: BuzovaPro (big blind) collected ($5.88)
Seat 2: miss kitty50 (button) (small blind) folded on the Turn


PokerStars Hand #144346976570:  Hold'em Limit ($3/$6 USD) - 2015/11/25 0:21:32 ET
Table 'Neufang' 6-max Seat #2 is the button
Seat 1: BuzovaPro ($96.50 in chips)
Seat 2: miss kitty50 ($179.12 in chips)
miss kitty50: posts small blind $1
BuzovaPro: posts big blind $3
*** HOLE CARDS ***
miss kitty50: calls $2
BuzovaPro: raises $3 to $6
miss kitty50: calls $3
*** FLOP *** [Td Qc 7h]
BuzovaPro: bets $3
miss kitty50: calls $3
*** TURN *** [Td Qc 7h] [Js]
BuzovaPro: checks
miss kitty50: bets $6
BuzovaPro: calls $6
*** RIVER *** [Td Qc 7h Js] [3s]
BuzovaPro: checks
miss kitty50: bets $6
BuzovaPro: calls $6
*** SHOW DOWN ***
miss kitty50: shows [9d Ks] (a straight, Nine to King)
BuzovaPro: mucks hand
miss kitty50 collected $41.50 from pot
*** SUMMARY ***
Total pot $42 | Rake $0.50
Board [Td Qc 7h Js 3s]
Seat 1: BuzovaPro (big blind) mucked
Seat 2: miss kitty50 (button) (small blind) showed [9d Ks] and won ($41.50) with a straight, Nine to King


PokerStars Hand #144347033769:  Hold'em Limit ($3/$6 USD) - 2015/11/25 0:23:19 ET
Table 'Neufang' 6-max Seat #1 is the button
Seat 1: BuzovaPro ($85.64 in chips)
Seat 2: miss kitty50 ($206.12 in chips)
BuzovaPro: posts small blind $1
miss kitty50: posts big blind $3
*** HOLE CARDS ***
BuzovaPro: raises $3 to $6
miss kitty50: calls $3
*** FLOP *** [Ac Qd 5h]
miss kitty50: checks
BuzovaPro: bets $3
miss kitty50: calls $3
*** TURN *** [Ac Qd 5h] [Td]
miss kitty50: checks
BuzovaPro: bets $6
miss kitty50: raises $6 to $12
BuzovaPro: calls $6
*** RIVER *** [Ac Qd 5h Td] [Th]
miss kitty50: bets $6
BuzovaPro: raises $6 to $12
miss kitty50: calls $6
*** SHOW DOWN ***
BuzovaPro: shows [Qs Tc] (a full house, Tens full of Queens)
miss kitty50: mucks hand
BuzovaPro collected $65.50 from pot
*** SUMMARY ***
Total pot $66 | Rake $0.50
Board [Ac Qd 5h Td Th]
Seat 1: BuzovaPro (button) (small blind) showed [Qs Tc] and won ($65.50) with a full house, Tens full of Queens
Seat 2: miss kitty50 (big blind) mucked


PokerStars Hand #144347012296:  Hold'em Limit ($3/$6 USD) - 2015/11/25 0:22:39 ET
Table 'Neufang' 6-max Seat #1 is the button
Seat 1: BuzovaPro ($74.88 in chips)
Seat 2: miss kitty50 ($217.12 in chips)
BuzovaPro: posts small blind $1
miss kitty50: posts big blind $3
*** HOLE CARDS ***
BuzovaPro: raises $3 to $6
miss kitty50: calls $3
*** FLOP *** [Jc 7c Ts]
miss kitty50: checks
BuzovaPro: bets $3
miss kitty50: folds
Uncalled bet ($3) returned to BuzovaPro
BuzovaPro collected $11.76 from pot
BuzovaPro: doesn't show hand
*** SUMMARY ***
Total pot $12 | Rake $0.24
Board [Jc 7c Ts]
Seat 1: BuzovaPro (button) (small blind) collected ($11.76)
Seat 2: miss kitty50 (big blind) folded on the Flop


PokerStars Hand #144347023847:  Hold'em Limit ($3/$6 USD) - 2015/11/25 0:23:01 ET
Table 'Neufang' 6-max Seat #2 is the button
Seat 1: BuzovaPro ($80.64 in chips)
Seat 2: miss kitty50 ($211.12 in chips)
miss kitty50: posts small blind $1
BuzovaPro: posts big blind $3
*** HOLE CARDS ***
miss kitty50: folds
Uncalled bet ($2) returned to BuzovaPro
BuzovaPro collected $2 from pot
BuzovaPro: doesn't show hand
*** SUMMARY ***
Total pot $2 | Rake $0
Seat 1: BuzovaPro (big blind) collected ($2)
Seat 2: miss kitty50 (button) (small blind) folded before Flop


PokerStars Hand #144347030908:  Hold'em Limit ($3/$6 USD) - 2015/11/25 0:23:14 ET
Table 'Neufang' 6-max Seat #2 is the button
Seat 1: BuzovaPro ($84.64 in chips)
Seat 2: miss kitty50 ($207.12 in chips)
miss kitty50: posts small blind $1
BuzovaPro: posts big blind $3
*** HOLE CARDS ***
miss kitty50: folds
Uncalled bet ($2) returned to BuzovaPro
BuzovaPro collected $2 from pot
BuzovaPro: doesn't show hand
*** SUMMARY ***
Total pot $2 | Rake $0
Seat 1: BuzovaPro (big blind) collected ($2)
Seat 2: miss kitty50 (button) (small blind) folded before Flop


PokerStars Hand #144347027447:  Hold'em Limit ($3/$6 USD) - 2015/11/25 0:23:08 ET
Table 'Neufang' 6-max Seat #1 is the button
Seat 1: BuzovaPro ($81.64 in chips)
Seat 2: miss kitty50 ($210.12 in chips)
BuzovaPro: posts small blind $1
miss kitty50: posts big blind $3
*** HOLE CARDS ***
BuzovaPro: raises $3 to $6
miss kitty50: folds
Uncalled bet ($3) returned to BuzovaPro
BuzovaPro collected $6 from pot
BuzovaPro: doesn't show hand
*** SUMMARY ***
Total pot $6 | Rake $0
Seat 1: BuzovaPro (button) (small blind) collected ($6)
Seat 2: miss kitty50 (big blind) folded before Flop


PokerStars Hand #144347046731:  Hold'em Limit ($3/$6 USD) - 2015/11/25 0:23:43 ET
Table 'Neufang' 6-max Seat #2 is the button
Seat 1: BuzovaPro ($118.14 in chips)
Seat 2: miss kitty50 ($173.12 in chips)
miss kitty50: posts small blind $1
BuzovaPro: posts big blind $3
*** HOLE CARDS ***
miss kitty50: raises $3 to $6
BuzovaPro: calls $3
*** FLOP *** [6s 9s Qc]
BuzovaPro: checks
miss kitty50: checks
*** TURN *** [6s 9s Qc] [Jd]
BuzovaPro: bets $6
miss kitty50: calls $6
*** RIVER *** [6s 9s Qc Jd] [4c]
BuzovaPro: bets $6
miss kitty50: folds
Uncalled bet ($6) returned to BuzovaPro
BuzovaPro collected $23.52 from pot
BuzovaPro: doesn't show hand
*** SUMMARY ***
Total pot $24 | Rake $0.48
Board [6s 9s Qc Jd 4c]
Seat 1: BuzovaPro (big blind) collected ($23.52)
Seat 2: miss kitty50 (button) (small blind) folded on the River


