PokerStars Hand #152141301203:  Hold'em Limit ($3/$6 USD) - 2016/04/19 9:59:55 ET
Table 'Neujmina' 6-max Seat #4 is the button
Seat 4: kurt183 ($108.31 in chips)
Seat 5: Ale4o ($67.21 in chips)
kurt183: posts small blind $1
Ale4o: posts big blind $3
*** HOLE CARDS ***
kurt183: folds
Uncalled bet ($2) returned to Ale4o
Ale4o collected $2 from pot
Ale4o: doesn't show hand
*** SUMMARY ***
Total pot $2 | Rake $0
Seat 4: kurt183 (button) (small blind) folded before Flop
Seat 5: Ale4o (big blind) collected ($2)


PokerStars Hand #152141306840:  Hold'em Limit ($3/$6 USD) - 2016/04/19 10:00:06 ET
Table 'Neujmina' 6-max Seat #4 is the button
Seat 4: kurt183 ($104.31 in chips)
Seat 5: Ale4o ($71.21 in chips)
kurt183: posts small blind $1
Ale4o: posts big blind $3
*** HOLE CARDS ***
kurt183: folds
Uncalled bet ($2) returned to Ale4o
Ale4o collected $2 from pot
Ale4o: doesn't show hand
*** SUMMARY ***
Total pot $2 | Rake $0
Seat 4: kurt183 (button) (small blind) folded before Flop
Seat 5: Ale4o (big blind) collected ($2)


PokerStars Hand #152141303523:  Hold'em Limit ($3/$6 USD) - 2016/04/19 10:00:00 ET
Table 'Neujmina' 6-max Seat #5 is the button
Seat 4: kurt183 ($107.31 in chips)
Seat 5: Ale4o ($68.21 in chips)
Ale4o: posts small blind $1
kurt183: posts big blind $3
*** HOLE CARDS ***
Ale4o: raises $3 to $6
kurt183: folds
Uncalled bet ($3) returned to Ale4o
Ale4o collected $6 from pot
Ale4o: doesn't show hand
*** SUMMARY ***
Total pot $6 | Rake $0
Seat 4: kurt183 (big blind) folded before Flop
Seat 5: Ale4o (button) (small blind) collected ($6)


PokerStars Hand #152141309170:  Hold'em Limit ($3/$6 USD) - 2016/04/19 10:00:10 ET
Table 'Neujmina' 6-max Seat #5 is the button
Seat 4: kurt183 ($103.31 in chips)
Seat 5: Ale4o ($72.21 in chips)
Ale4o: posts small blind $1
kurt183: posts big blind $3
*** HOLE CARDS ***
Ale4o: raises $3 to $6
kurt183: raises $3 to $9
Ale4o: calls $3
*** FLOP *** [Th 5h 4c]
kurt183: bets $3
Ale4o: calls $3
*** TURN *** [Th 5h 4c] [Jc]
kurt183: bets $6
Ale4o: calls $6
*** RIVER *** [Th 5h 4c Jc] [8d]
kurt183: bets $6
Ale4o: folds
Uncalled bet ($6) returned to kurt183
kurt183 collected $35.50 from pot
*** SUMMARY ***
Total pot $36 | Rake $0.50
Board [Th 5h 4c Jc 8d]
Seat 4: kurt183 (big blind) collected ($35.50)
Seat 5: Ale4o (button) (small blind) folded on the River


PokerStars Hand #152141316783:  Hold'em Limit ($3/$6 USD) - 2016/04/19 10:00:24 ET
Table 'Neujmina' 6-max Seat #4 is the button
Seat 4: kurt183 ($120.81 in chips)
Seat 5: Ale4o ($162 in chips)
kurt183: posts small blind $1
Ale4o: posts big blind $3
*** HOLE CARDS ***
kurt183: raises $3 to $6
Ale4o: calls $3
*** FLOP *** [5c Qh Qd]
Ale4o: checks
kurt183: checks
*** TURN *** [5c Qh Qd] [6c]
Ale4o: bets $6
kurt183: raises $6 to $12
Ale4o: raises $6 to $18
kurt183: calls $6
*** RIVER *** [5c Qh Qd 6c] [Ad]
Ale4o: bets $6
kurt183: calls $6
*** SHOW DOWN ***
Ale4o: shows [Qs Kh] (three of a kind, Queens)
kurt183: mucks hand
Ale4o collected $59.50 from pot
*** SUMMARY ***
Total pot $60 | Rake $0.50
Board [5c Qh Qd 6c Ad]
Seat 4: kurt183 (button) (small blind) mucked
Seat 5: Ale4o (big blind) showed [Qs Kh] and won ($59.50) with three of a kind, Queens


PokerStars Hand #152141325788:  Hold'em Limit ($3/$6 USD) - 2016/04/19 10:00:41 ET
Table 'Neujmina' 6-max Seat #5 is the button
Seat 4: kurt183 ($90.81 in chips)
Seat 5: Ale4o ($191.50 in chips)
Ale4o: posts small blind $1
kurt183: posts big blind $3
*** HOLE CARDS ***
Ale4o: folds
Uncalled bet ($2) returned to kurt183
kurt183 collected $2 from pot
*** SUMMARY ***
Total pot $2 | Rake $0
Seat 4: kurt183 (big blind) collected ($2)
Seat 5: Ale4o (button) (small blind) folded before Flop


PokerStars Hand #152141328167:  Hold'em Limit ($3/$6 USD) - 2016/04/19 10:00:45 ET
Table 'Neujmina' 6-max Seat #4 is the button
Seat 4: kurt183 ($91.81 in chips)
Seat 5: Ale4o ($190.50 in chips)
kurt183: posts small blind $1
Ale4o: posts big blind $3
*** HOLE CARDS ***
kurt183: raises $3 to $6
Ale4o: calls $3
*** FLOP *** [Jd 8c 8d]
Ale4o: bets $3
kurt183: calls $3
*** TURN *** [Jd 8c 8d] [6c]
Ale4o: bets $6
kurt183: calls $6
*** RIVER *** [Jd 8c 8d 6c] [5s]
Ale4o: bets $6
kurt183: calls $6
*** SHOW DOWN ***
Ale4o: shows [8h Tc] (three of a kind, Eights)
kurt183: mucks hand
Ale4o collected $41.50 from pot
*** SUMMARY ***
Total pot $42 | Rake $0.50
Board [Jd 8c 8d 6c 5s]
Seat 4: kurt183 (button) (small blind) mucked
Seat 5: Ale4o (big blind) showed [8h Tc] and won ($41.50) with three of a kind, Eights


PokerStars Hand #152141336615:  Hold'em Limit ($3/$6 USD) - 2016/04/19 10:01:00 ET
Table 'Neujmina' 6-max Seat #5 is the button
Seat 4: kurt183 ($70.81 in chips)
Seat 5: Ale4o ($211 in chips)
Ale4o: posts small blind $1
kurt183: posts big blind $3
*** HOLE CARDS ***
Ale4o: raises $3 to $6
kurt183: calls $3
*** FLOP *** [9s 7h 3h]
kurt183: checks
Ale4o: checks
*** TURN *** [9s 7h 3h] [Jh]
kurt183: bets $6
Ale4o: calls $6
*** RIVER *** [9s 7h 3h Jh] [4d]
kurt183: bets $6
Ale4o: folds
Uncalled bet ($6) returned to kurt183
kurt183 collected $23.52 from pot
*** SUMMARY ***
Total pot $24 | Rake $0.48
Board [9s 7h 3h Jh 4d]
Seat 4: kurt183 (big blind) collected ($23.52)
Seat 5: Ale4o (button) (small blind) folded on the River


PokerStars Hand #152141345619:  Hold'em Limit ($3/$6 USD) - 2016/04/19 10:01:16 ET
Table 'Neujmina' 6-max Seat #4 is the button
Seat 4: kurt183 ($82.33 in chips)
Seat 5: Ale4o ($199 in chips)
kurt183: posts small blind $1
Ale4o: posts big blind $3
*** HOLE CARDS ***
kurt183: raises $3 to $6
Ale4o: calls $3
*** FLOP *** [9h 9d 7h]
Ale4o: bets $3
kurt183: calls $3
*** TURN *** [9h 9d 7h] [5h]
Ale4o: bets $6
kurt183: raises $6 to $12
Ale4o: calls $6
*** RIVER *** [9h 9d 7h 5h] [2s]
Ale4o: checks
kurt183: bets $6
Ale4o: calls $6
*** SHOW DOWN ***
kurt183: shows [9c 8c] (three of a kind, Nines)
Ale4o: mucks hand
kurt183 collected $53.50 from pot
*** SUMMARY ***
Total pot $54 | Rake $0.50
Board [9h 9d 7h 5h 2s]
Seat 4: kurt183 (button) (small blind) showed [9c 8c] and won ($53.50) with three of a kind, Nines
Seat 5: Ale4o (big blind) mucked


PokerStars Hand #152141367855:  Hold'em Limit ($3/$6 USD) - 2016/04/19 10:01:54 ET
Table 'Neujmina' 6-max Seat #4 is the button
Seat 4: kurt183 ($87.83 in chips)
Seat 5: Ale4o ($192.50 in chips)
kurt183: posts small blind $1
Ale4o: posts big blind $3
*** HOLE CARDS ***
kurt183: raises $3 to $6
Ale4o: folds
Uncalled bet ($3) returned to kurt183
kurt183 collected $6 from pot
*** SUMMARY ***
Total pot $6 | Rake $0
Seat 4: kurt183 (button) (small blind) collected ($6)
Seat 5: Ale4o (big blind) folded before Flop


PokerStars Hand #152141357342:  Hold'em Limit ($3/$6 USD) - 2016/04/19 10:01:36 ET
Table 'Neujmina' 6-max Seat #5 is the button
Seat 4: kurt183 ($108.83 in chips)
Seat 5: Ale4o ($172 in chips)
Ale4o: posts small blind $1
kurt183: posts big blind $3
*** HOLE CARDS ***
Ale4o: raises $3 to $6
kurt183: calls $3
*** FLOP *** [3h 5d 5s]
kurt183: bets $3
Ale4o: calls $3
*** TURN *** [3h 5d 5s] [6s]
kurt183: bets $6
JoeBlack1982 joins the table at seat #2
Ale4o: calls $6
*** RIVER *** [3h 5d 5s 6s] [Jd]
kurt183: checks
Ale4o: bets $6
kurt183: calls $6
*** SHOW DOWN ***
Ale4o: shows [6c 8s] (two pair, Sixes and Fives)
kurt183: mucks hand
Ale4o collected $41.50 from pot
*** SUMMARY ***
Total pot $42 | Rake $0.50
Board [3h 5d 5s 6s Jd]
Seat 4: kurt183 (big blind) mucked
Seat 5: Ale4o (button) (small blind) showed [6c 8s] and won ($41.50) with two pair, Sixes and Fives


PokerStars Hand #152144865899:  Hold'em Limit ($3/$6 USD) - 2016/04/19 11:32:30 ET
Table 'Neujmina' 6-max Seat #3 is the button
Seat 3: abatic ($133.33 in chips)
Seat 4: kurt183 ($263.44 in chips)
abatic: posts small blind $1
kurt183: posts big blind $3
*** HOLE CARDS ***
abatic: folds
Uncalled bet ($2) returned to kurt183
kurt183 collected $2 from pot
*** SUMMARY ***
Total pot $2 | Rake $0
Seat 3: abatic (button) (small blind) folded before Flop
Seat 4: kurt183 (big blind) collected ($2)


PokerStars Hand #152144862451:  Hold'em Limit ($3/$6 USD) - 2016/04/19 11:32:25 ET
Table 'Neujmina' 6-max Seat #4 is the button
Seat 3: abatic ($132.33 in chips)
Seat 4: kurt183 ($264.44 in chips)
kurt183: posts small blind $1
jadajadamasa: is sitting out
abatic: posts big blind $3
*** HOLE CARDS ***
kurt183: folds
Uncalled bet ($2) returned to abatic
abatic collected $2 from pot
abatic: doesn't show hand
*** SUMMARY ***
Total pot $2 | Rake $0
Seat 3: abatic (big blind) collected ($2)
Seat 4: kurt183 (button) (small blind) folded before Flop


