PokerStars Hand #147280964256:  Hold'em Limit ($3/$6 USD) - 2016/01/18 17:59:19 ET
Table 'Neujmina II' 2-max Seat #1 is the button
Seat 1: alleyx2011 ($148.90 in chips)
Seat 2: ChrisTuff ($120 in chips)
alleyx2011: posts small blind $1
ChrisTuff: posts big blind $3
*** HOLE CARDS ***
alleyx2011: calls $2
ChrisTuff: checks
*** FLOP *** [9s Jc Ac]
ChrisTuff: bets $3
alleyx2011: calls $3
*** TURN *** [9s Jc Ac] [5d]
ChrisTuff: bets $6
alleyx2011: folds
Uncalled bet ($6) returned to ChrisTuff
ChrisTuff collected $11.76 from pot
ChrisTuff: doesn't show hand
*** SUMMARY ***
Total pot $12 | Rake $0.24
Board [9s Jc Ac 5d]
Seat 1: alleyx2011 (button) (small blind) folded on the Turn
Seat 2: ChrisTuff (big blind) collected ($11.76)


PokerStars Hand #147280945344:  Hold'em Limit ($3/$6 USD) - 2016/01/18 17:58:54 ET
Table 'Neujmina II' 2-max Seat #2 is the button
Seat 1: alleyx2011 ($134.40 in chips)
Seat 2: ChrisTuff ($120 in chips)
ChrisTuff: posts small blind $1
alleyx2011: posts big blind $3
*** HOLE CARDS ***
ChrisTuff: raises $3 to $6
alleyx2011: calls $3
*** FLOP *** [Jd Ah 6h]
alleyx2011: checks
ChrisTuff: bets $3
alleyx2011: calls $3
*** TURN *** [Jd Ah 6h] [Kd]
alleyx2011: checks
ChrisTuff: checks
*** RIVER *** [Jd Ah 6h Kd] [Qd]
alleyx2011: bets $6
ChrisTuff: calls $6
*** SHOW DOWN ***
alleyx2011: shows [Js 2s] (a pair of Jacks)
ChrisTuff: mucks hand
alleyx2011 collected $29.50 from pot
*** SUMMARY ***
Total pot $30 | Rake $0.50
Board [Jd Ah 6h Kd Qd]
Seat 1: alleyx2011 (big blind) showed [Js 2s] and won ($29.50) with a pair of Jacks
Seat 2: ChrisTuff (button) (small blind) mucked


PokerStars Hand #147281020908:  Hold'em Limit ($3/$6 USD) - 2016/01/18 18:00:32 ET
Table 'Neujmina II' 2-max Seat #2 is the button
Seat 1: alleyx2011 ($106.90 in chips)
Seat 2: ChrisTuff ($160.78 in chips)
ChrisTuff: posts small blind $1
alleyx2011: posts big blind $3
*** HOLE CARDS ***
ChrisTuff: raises $3 to $6
alleyx2011: folds
Uncalled bet ($3) returned to ChrisTuff
ChrisTuff collected $6 from pot
ChrisTuff: doesn't show hand
*** SUMMARY ***
Total pot $6 | Rake $0
Seat 1: alleyx2011 (big blind) folded before Flop
Seat 2: ChrisTuff (button) (small blind) collected ($6)


PokerStars Hand #147281006893:  Hold'em Limit ($3/$6 USD) - 2016/01/18 18:00:14 ET
Table 'Neujmina II' 2-max Seat #1 is the button
Seat 1: alleyx2011 ($109.90 in chips)
Seat 2: ChrisTuff ($157.90 in chips)
alleyx2011: posts small blind $1
ChrisTuff: posts big blind $3
*** HOLE CARDS ***
alleyx2011: calls $2
ChrisTuff: checks
*** FLOP *** [7d Jc 2c]
ChrisTuff: checks
alleyx2011: checks
*** TURN *** [7d Jc 2c] [5h]
ChrisTuff: checks
alleyx2011: checks
*** RIVER *** [7d Jc 2c 5h] [7c]
ChrisTuff: checks
alleyx2011: checks
*** SHOW DOWN ***
ChrisTuff: shows [Qs 6h] (a pair of Sevens)
alleyx2011: mucks hand
ChrisTuff collected $5.88 from pot
*** SUMMARY ***
Total pot $6 | Rake $0.12
Board [7d Jc 2c 5h 7c]
Seat 1: alleyx2011 (button) (small blind) mucked
Seat 2: ChrisTuff (big blind) showed [Qs 6h] and won ($5.88) with a pair of Sevens


PokerStars Hand #147281002069:  Hold'em Limit ($3/$6 USD) - 2016/01/18 18:00:08 ET
Table 'Neujmina II' 2-max Seat #2 is the button
Seat 1: alleyx2011 ($112.90 in chips)
Seat 2: ChrisTuff ($154.90 in chips)
ChrisTuff: posts small blind $1
alleyx2011: posts big blind $3
*** HOLE CARDS ***
ChrisTuff: raises $3 to $6
alleyx2011: folds
Uncalled bet ($3) returned to ChrisTuff
ChrisTuff collected $6 from pot
ChrisTuff: doesn't show hand
*** SUMMARY ***
Total pot $6 | Rake $0
Seat 1: alleyx2011 (big blind) folded before Flop
Seat 2: ChrisTuff (button) (small blind) collected ($6)


PokerStars Hand #147280988874:  Hold'em Limit ($3/$6 USD) - 2016/01/18 17:59:51 ET
Table 'Neujmina II' 2-max Seat #1 is the button
Seat 1: alleyx2011 ($121.90 in chips)
Seat 2: ChrisTuff ($146.26 in chips)
alleyx2011: posts small blind $1
ChrisTuff: posts big blind $3
*** HOLE CARDS ***
alleyx2011: calls $2
ChrisTuff: raises $3 to $6
alleyx2011: calls $3
*** FLOP *** [Qc Jd Ad]
ChrisTuff: bets $3
alleyx2011: calls $3
*** TURN *** [Qc Jd Ad] [4h]
ChrisTuff: bets $6
alleyx2011: folds
Uncalled bet ($6) returned to ChrisTuff
ChrisTuff collected $17.64 from pot
ChrisTuff: doesn't show hand
*** SUMMARY ***
Total pot $18 | Rake $0.36
Board [Qc Jd Ad 4h]
Seat 1: alleyx2011 (button) (small blind) folded on the Turn
Seat 2: ChrisTuff (big blind) collected ($17.64)


PokerStars Hand #147280974541:  Hold'em Limit ($3/$6 USD) - 2016/01/18 17:59:32 ET
Table 'Neujmina II' 2-max Seat #2 is the button
Seat 1: alleyx2011 ($142.90 in chips)
Seat 2: ChrisTuff ($125.76 in chips)
ChrisTuff: posts small blind $1
alleyx2011: posts big blind $3
*** HOLE CARDS ***
ChrisTuff: raises $3 to $6
alleyx2011: calls $3
*** FLOP *** [4h Jh 8h]
alleyx2011: bets $3
ChrisTuff: calls $3
*** TURN *** [4h Jh 8h] [Ah]
alleyx2011: bets $6
ChrisTuff: calls $6
*** RIVER *** [4h Jh 8h Ah] [4c]
alleyx2011: bets $6
ChrisTuff: raises $6 to $12
alleyx2011: folds
Uncalled bet ($6) returned to ChrisTuff
ChrisTuff collected $41.50 from pot
ChrisTuff: doesn't show hand
*** SUMMARY ***
Total pot $42 | Rake $0.50
Board [4h Jh 8h Ah 4c]
Seat 1: alleyx2011 (big blind) folded on the River
Seat 2: ChrisTuff (button) (small blind) collected ($41.50)


PokerStars Hand #147281062566:  Hold'em Limit ($3/$6 USD) - 2016/01/18 18:01:22 ET
Table 'Neujmina II' 2-max Seat #1 is the button
Seat 1: alleyx2011 ($86.90 in chips)
Seat 2: ChrisTuff ($180.06 in chips)
alleyx2011: posts small blind $1
ChrisTuff: posts big blind $3
*** HOLE CARDS ***
alleyx2011: raises $3 to $6
ChrisTuff: calls $3
*** FLOP *** [Qc 3s 2h]
ChrisTuff: checks
alleyx2011: bets $3
ChrisTuff: folds
Uncalled bet ($3) returned to alleyx2011
alleyx2011 collected $11.76 from pot
alleyx2011: doesn't show hand
*** SUMMARY ***
Total pot $12 | Rake $0.24
Board [Qc 3s 2h]
Seat 1: alleyx2011 (button) (small blind) collected ($11.76)
Seat 2: ChrisTuff (big blind) folded on the Flop


PokerStars Hand #147281058939:  Hold'em Limit ($3/$6 USD) - 2016/01/18 18:01:18 ET
Table 'Neujmina II' 2-max Seat #2 is the button
Seat 1: alleyx2011 ($85.90 in chips)
Seat 2: ChrisTuff ($181.06 in chips)
ChrisTuff: posts small blind $1
alleyx2011: posts big blind $3
*** HOLE CARDS ***
ChrisTuff: folds
Uncalled bet ($2) returned to alleyx2011
alleyx2011 collected $2 from pot
alleyx2011: doesn't show hand
*** SUMMARY ***
Total pot $2 | Rake $0
Seat 1: alleyx2011 (big blind) collected ($2)
Seat 2: ChrisTuff (button) (small blind) folded before Flop


PokerStars Hand #147281043739:  Hold'em Limit ($3/$6 USD) - 2016/01/18 18:01:00 ET
Table 'Neujmina II' 2-max Seat #1 is the button
Seat 1: alleyx2011 ($94.90 in chips)
Seat 2: ChrisTuff ($172.42 in chips)
alleyx2011: posts small blind $1
ChrisTuff: posts big blind $3
*** HOLE CARDS ***
alleyx2011: raises $3 to $6
ChrisTuff: calls $3
*** FLOP *** [Ah 4d 5d]
ChrisTuff: checks
alleyx2011: bets $3
ChrisTuff: calls $3
*** TURN *** [Ah 4d 5d] [Qs]
ChrisTuff: checks
alleyx2011: checks
*** RIVER *** [Ah 4d 5d Qs] [7c]
ChrisTuff: bets $6
alleyx2011: folds
Uncalled bet ($6) returned to ChrisTuff
ChrisTuff collected $17.64 from pot
ChrisTuff: doesn't show hand
*** SUMMARY ***
Total pot $18 | Rake $0.36
Board [Ah 4d 5d Qs 7c]
Seat 1: alleyx2011 (button) (small blind) folded on the River
Seat 2: ChrisTuff (big blind) collected ($17.64)


PokerStars Hand #147281034975:  Hold'em Limit ($3/$6 USD) - 2016/01/18 18:00:50 ET
Table 'Neujmina II' 2-max Seat #2 is the button
Seat 1: alleyx2011 ($100.90 in chips)
Seat 2: ChrisTuff ($166.66 in chips)
ChrisTuff: posts small blind $1
alleyx2011: posts big blind $3
*** HOLE CARDS ***
ChrisTuff: raises $3 to $6
alleyx2011: calls $3
*** FLOP *** [Qc 9d 4c]
alleyx2011: checks
ChrisTuff: bets $3
alleyx2011: folds
Uncalled bet ($3) returned to ChrisTuff
ChrisTuff collected $11.76 from pot
ChrisTuff: doesn't show hand
*** SUMMARY ***
Total pot $12 | Rake $0.24
Board [Qc 9d 4c]
Seat 1: alleyx2011 (big blind) folded on the Flop
Seat 2: ChrisTuff (button) (small blind) collected ($11.76)


PokerStars Hand #147281026390:  Hold'em Limit ($3/$6 USD) - 2016/01/18 18:00:39 ET
Table 'Neujmina II' 2-max Seat #1 is the button
Seat 1: alleyx2011 ($103.90 in chips)
Seat 2: ChrisTuff ($163.78 in chips)
alleyx2011: posts small blind $1
ChrisTuff: posts big blind $3
*** HOLE CARDS ***
alleyx2011: calls $2
ChrisTuff: checks
*** FLOP *** [Ts Jd 9s]
ChrisTuff: bets $3
alleyx2011: folds
Uncalled bet ($3) returned to ChrisTuff
ChrisTuff collected $5.88 from pot
ChrisTuff: doesn't show hand
*** SUMMARY ***
Total pot $6 | Rake $0.12
Board [Ts Jd 9s]
Seat 1: alleyx2011 (button) (small blind) folded on the Flop
Seat 2: ChrisTuff (big blind) collected ($5.88)


PokerStars Hand #147281109362:  Hold'em Limit ($3/$6 USD) - 2016/01/18 18:02:15 ET
Table 'Neujmina II' 2-max Seat #1 is the button
Seat 1: alleyx2011 ($87.54 in chips)
Seat 2: ChrisTuff ($178.70 in chips)
alleyx2011: posts small blind $1
ChrisTuff: posts big blind $3
*** HOLE CARDS ***
alleyx2011: calls $2
ChrisTuff: raises $3 to $6
alleyx2011: calls $3
*** FLOP *** [8d 6c 4d]
ChrisTuff: bets $3
alleyx2011: folds
Uncalled bet ($3) returned to ChrisTuff
ChrisTuff collected $11.76 from pot
ChrisTuff: doesn't show hand
*** SUMMARY ***
Total pot $12 | Rake $0.24
Board [8d 6c 4d]
Seat 1: alleyx2011 (button) (small blind) folded on the Flop
Seat 2: ChrisTuff (big blind) collected ($11.76)


PokerStars Hand #147281093192:  Hold'em Limit ($3/$6 USD) - 2016/01/18 18:01:57 ET
Table 'Neujmina II' 2-max Seat #2 is the button
Seat 1: alleyx2011 ($96.54 in chips)
Seat 2: ChrisTuff ($170.06 in chips)
ChrisTuff: posts small blind $1
alleyx2011: posts big blind $3
*** HOLE CARDS ***
ChrisTuff: raises $3 to $6
alleyx2011: calls $3
*** FLOP *** [Js Qs 7h]
alleyx2011: checks
ChrisTuff: bets $3
alleyx2011: calls $3
*** TURN *** [Js Qs 7h] [6c]
alleyx2011: checks
ChrisTuff: checks
*** RIVER *** [Js Qs 7h 6c] [3c]
alleyx2011: checks
ChrisTuff: checks
*** SHOW DOWN ***
alleyx2011: shows [4s Kc] (high card King)
ChrisTuff: shows [6h Ah] (a pair of Sixes)
ChrisTuff collected $17.64 from pot
*** SUMMARY ***
Total pot $18 | Rake $0.36
Board [Js Qs 7h 6c 3c]
Seat 1: alleyx2011 (big blind) showed [4s Kc] and lost with high card King
Seat 2: ChrisTuff (button) (small blind) showed [6h Ah] and won ($17.64) with a pair of Sixes


PokerStars Hand #147281081175:  Hold'em Limit ($3/$6 USD) - 2016/01/18 18:01:43 ET
Table 'Neujmina II' 2-max Seat #1 is the button
Seat 1: alleyx2011 ($93.66 in chips)
Seat 2: ChrisTuff ($173.06 in chips)
alleyx2011: posts small blind $1
ChrisTuff: posts big blind $3
*** HOLE CARDS ***
alleyx2011: calls $2
ChrisTuff: checks
*** FLOP *** [4h Qc 4c]
ChrisTuff: checks
alleyx2011: bets $3
ChrisTuff: folds
Uncalled bet ($3) returned to alleyx2011
alleyx2011 collected $5.88 from pot
alleyx2011: doesn't show hand
*** SUMMARY ***
Total pot $6 | Rake $0.12
Board [4h Qc 4c]
Seat 1: alleyx2011 (button) (small blind) collected ($5.88)
Seat 2: ChrisTuff (big blind) folded on the Flop


PokerStars Hand #147281076137:  Hold'em Limit ($3/$6 USD) - 2016/01/18 18:01:38 ET
Table 'Neujmina II' 2-max Seat #2 is the button
Seat 1: alleyx2011 ($92.66 in chips)
Seat 2: ChrisTuff ($174.06 in chips)
ChrisTuff: posts small blind $1
alleyx2011: posts big blind $3
*** HOLE CARDS ***
ChrisTuff: folds
Uncalled bet ($2) returned to alleyx2011
alleyx2011 collected $2 from pot
alleyx2011: doesn't show hand
*** SUMMARY ***
Total pot $2 | Rake $0
Seat 1: alleyx2011 (big blind) collected ($2)
Seat 2: ChrisTuff (button) (small blind) folded before Flop


PokerStars Hand #147281171217:  Hold'em Limit ($3/$6 USD) - 2016/01/18 18:03:23 ET
Table 'Neujmina II' 2-max Seat #1 is the button
Seat 1: alleyx2011 ($95.54 in chips)
Seat 2: ChrisTuff ($168.96 in chips)
alleyx2011: posts small blind $1
ChrisTuff: posts big blind $3
*** HOLE CARDS ***
alleyx2011: raises $3 to $6
ChrisTuff: raises $3 to $9
alleyx2011: raises $3 to $12
Betting is capped
ChrisTuff: calls $3
*** FLOP *** [As 7s Ah]
ChrisTuff: checks
alleyx2011: bets $3
ChrisTuff: calls $3
*** TURN *** [As 7s Ah] [5s]
ChrisTuff: checks
alleyx2011: bets $6
ChrisTuff: folds
Uncalled bet ($6) returned to alleyx2011
alleyx2011 collected $29.50 from pot
alleyx2011: doesn't show hand
*** SUMMARY ***
Total pot $30 | Rake $0.50
Board [As 7s Ah 5s]
Seat 1: alleyx2011 (button) (small blind) collected ($29.50)
Seat 2: ChrisTuff (big blind) folded on the Turn


PokerStars Hand #147281155271:  Hold'em Limit ($3/$6 USD) - 2016/01/18 18:03:05 ET
Table 'Neujmina II' 2-max Seat #2 is the button
Seat 1: alleyx2011 ($81.04 in chips)
Seat 2: ChrisTuff ($183.96 in chips)
ChrisTuff: posts small blind $1
alleyx2011: posts big blind $3
*** HOLE CARDS ***
ChrisTuff: raises $3 to $6
alleyx2011: calls $3
*** FLOP *** [Qc 7c 4d]
alleyx2011: checks
ChrisTuff: bets $3
alleyx2011: calls $3
*** TURN *** [Qc 7c 4d] [6c]
alleyx2011: checks
ChrisTuff: bets $6
alleyx2011: calls $6
*** RIVER *** [Qc 7c 4d 6c] [5c]
alleyx2011: checks
ChrisTuff: checks
*** SHOW DOWN ***
alleyx2011: shows [9d 8s] (a straight, Five to Nine)
ChrisTuff: mucks hand
alleyx2011 collected $29.50 from pot
*** SUMMARY ***
Total pot $30 | Rake $0.50
Board [Qc 7c 4d 6c 5c]
Seat 1: alleyx2011 (big blind) showed [9d 8s] and won ($29.50) with a straight, Five to Nine
Seat 2: ChrisTuff (button) (small blind) mucked


PokerStars Hand #147281134797:  Hold'em Limit ($3/$6 USD) - 2016/01/18 18:02:43 ET
Table 'Neujmina II' 2-max Seat #1 is the button
Seat 1: alleyx2011 ($96.04 in chips)
Seat 2: ChrisTuff ($169.46 in chips)
alleyx2011: posts small blind $1
ChrisTuff: posts big blind $3
*** HOLE CARDS ***
alleyx2011: calls $2
ChrisTuff: raises $3 to $6
alleyx2011: calls $3
*** FLOP *** [2c 6d Ts]
ChrisTuff: bets $3
alleyx2011: calls $3
*** TURN *** [2c 6d Ts] [Ad]
ChrisTuff: bets $6
alleyx2011: calls $6
*** RIVER *** [2c 6d Ts Ad] [Kc]
ChrisTuff: bets $6
alleyx2011: folds
Uncalled bet ($6) returned to ChrisTuff
ChrisTuff collected $29.50 from pot
ChrisTuff: doesn't show hand
*** SUMMARY ***
Total pot $30 | Rake $0.50
Board [2c 6d Ts Ad Kc]
Seat 1: alleyx2011 (button) (small blind) folded on the River
Seat 2: ChrisTuff (big blind) collected ($29.50)


PokerStars Hand #147281118843:  Hold'em Limit ($3/$6 USD) - 2016/01/18 18:02:25 ET
Table 'Neujmina II' 2-max Seat #2 is the button
Seat 1: alleyx2011 ($81.54 in chips)
Seat 2: ChrisTuff ($184.46 in chips)
ChrisTuff: posts small blind $1
alleyx2011: posts big blind $3
*** HOLE CARDS ***
ChrisTuff: raises $3 to $6
alleyx2011: calls $3
*** FLOP *** [3d 5d 6h]
alleyx2011: checks
ChrisTuff: bets $3
alleyx2011: calls $3
*** TURN *** [3d 5d 6h] [2d]
alleyx2011: checks
ChrisTuff: bets $6
alleyx2011: raises $6 to $12
ChrisTuff: folds
Uncalled bet ($6) returned to alleyx2011
alleyx2011 collected $29.50 from pot
alleyx2011: doesn't show hand
*** SUMMARY ***
Total pot $30 | Rake $0.50
Board [3d 5d 6h 2d]
Seat 1: alleyx2011 (big blind) collected ($29.50)
Seat 2: ChrisTuff (button) (small blind) folded on the Turn


PokerStars Hand #147281229208:  Hold'em Limit ($3/$6 USD) - 2016/01/18 18:04:27 ET
Table 'Neujmina II' 2-max Seat #1 is the button
Seat 1: alleyx2011 ($65.04 in chips)
Seat 2: ChrisTuff ($197.72 in chips)
alleyx2011: posts small blind $1
ChrisTuff: posts big blind $3
*** HOLE CARDS ***
alleyx2011: raises $3 to $6
ChrisTuff: calls $3
*** FLOP *** [Ac 2d 3c]
ChrisTuff: checks
alleyx2011: bets $3
ChrisTuff: calls $3
*** TURN *** [Ac 2d 3c] [Ts]
ChrisTuff: checks
alleyx2011: bets $6
ChrisTuff: folds
Uncalled bet ($6) returned to alleyx2011
alleyx2011 collected $17.64 from pot
alleyx2011: doesn't show hand
*** SUMMARY ***
Total pot $18 | Rake $0.36
Board [Ac 2d 3c Ts]
Seat 1: alleyx2011 (button) (small blind) collected ($17.64)
Seat 2: ChrisTuff (big blind) folded on the Turn


PokerStars Hand #147281215972:  Hold'em Limit ($3/$6 USD) - 2016/01/18 18:04:12 ET
Table 'Neujmina II' 2-max Seat #2 is the button
Seat 1: alleyx2011 ($89.04 in chips)
Seat 2: ChrisTuff ($174.22 in chips)
ChrisTuff: posts small blind $1
alleyx2011: posts big blind $3
*** HOLE CARDS ***
ChrisTuff: raises $3 to $6
alleyx2011: raises $3 to $9
ChrisTuff: calls $3
*** FLOP *** [Ts 3h 9d]
alleyx2011: bets $3
ChrisTuff: calls $3
*** TURN *** [Ts 3h 9d] [Th]
alleyx2011: bets $6
ChrisTuff: calls $6
*** RIVER *** [Ts 3h 9d Th] [Qc]
alleyx2011: bets $6
ChrisTuff: calls $6
*** SHOW DOWN ***
alleyx2011: shows [Ah Kc] (a pair of Tens)
ChrisTuff: shows [Qh 6h] (two pair, Queens and Tens)
ChrisTuff collected $47.50 from pot
*** SUMMARY ***
Total pot $48 | Rake $0.50
Board [Ts 3h 9d Th Qc]
Seat 1: alleyx2011 (big blind) showed [Ah Kc] and lost with a pair of Tens
Seat 2: ChrisTuff (button) (small blind) showed [Qh 6h] and won ($47.50) with two pair, Queens and Tens


PokerStars Hand #147281194110:  Hold'em Limit ($3/$6 USD) - 2016/01/18 18:03:48 ET
Table 'Neujmina II' 2-max Seat #1 is the button
Seat 1: alleyx2011 ($104.04 in chips)
Seat 2: ChrisTuff ($159.72 in chips)
alleyx2011: posts small blind $1
ChrisTuff: posts big blind $3
*** HOLE CARDS ***
alleyx2011: calls $2
ChrisTuff: raises $3 to $6
alleyx2011: calls $3
*** FLOP *** [9c Th 6s]
ChrisTuff: bets $3
alleyx2011: calls $3
*** TURN *** [9c Th 6s] [Jd]
ChrisTuff: bets $6
alleyx2011: calls $6
*** RIVER *** [9c Th 6s Jd] [Ad]
ChrisTuff: bets $6
alleyx2011: folds
Uncalled bet ($6) returned to ChrisTuff
ChrisTuff collected $29.50 from pot
ChrisTuff: doesn't show hand
*** SUMMARY ***
Total pot $30 | Rake $0.50
Board [9c Th 6s Jd Ad]
Seat 1: alleyx2011 (button) (small blind) folded on the River
Seat 2: ChrisTuff (big blind) collected ($29.50)


PokerStars Hand #147281185198:  Hold'em Limit ($3/$6 USD) - 2016/01/18 18:03:38 ET
Table 'Neujmina II' 2-max Seat #2 is the button
Seat 1: alleyx2011 ($110.04 in chips)
Seat 2: ChrisTuff ($153.96 in chips)
ChrisTuff: posts small blind $1
alleyx2011: posts big blind $3
*** HOLE CARDS ***
ChrisTuff: raises $3 to $6
alleyx2011: calls $3
*** FLOP *** [7c 6d 2h]
alleyx2011: checks
ChrisTuff: bets $3
alleyx2011: folds
Uncalled bet ($3) returned to ChrisTuff
ChrisTuff collected $11.76 from pot
ChrisTuff: doesn't show hand
*** SUMMARY ***
Total pot $12 | Rake $0.24
Board [7c 6d 2h]
Seat 1: alleyx2011 (big blind) folded on the Flop
Seat 2: ChrisTuff (button) (small blind) collected ($11.76)


PokerStars Hand #147281277964:  Hold'em Limit ($3/$6 USD) - 2016/01/18 18:05:20 ET
Table 'Neujmina II' 2-max Seat #1 is the button
Seat 1: alleyx2011 ($87.95 in chips)
Seat 2: ChrisTuff ($173.47 in chips)
alleyx2011: posts small blind $1
ChrisTuff: posts big blind $3
*** HOLE CARDS ***
alleyx2011: raises $3 to $6
ChrisTuff: calls $3
*** FLOP *** [3h 9h 3d]
ChrisTuff: checks
alleyx2011: bets $3
ChrisTuff: raises $3 to $6
alleyx2011: calls $3
*** TURN *** [3h 9h 3d] [Th]
ChrisTuff: bets $6
alleyx2011: calls $6
*** RIVER *** [3h 9h 3d Th] [3c]
ChrisTuff: bets $6
alleyx2011: raises $6 to $12
ChrisTuff: calls $6
*** SHOW DOWN ***
alleyx2011: shows [Tc 5d] (a full house, Threes full of Tens)
ChrisTuff: mucks hand
alleyx2011 collected $59.50 from pot
*** SUMMARY ***
Total pot $60 | Rake $0.50
Board [3h 9h 3d Th 3c]
Seat 1: alleyx2011 (button) (small blind) showed [Tc 5d] and won ($59.50) with a full house, Threes full of Tens
Seat 2: ChrisTuff (big blind) mucked


PokerStars Hand #147281260102:  Hold'em Limit ($3/$6 USD) - 2016/01/18 18:05:00 ET
Table 'Neujmina II' 2-max Seat #2 is the button
Seat 1: alleyx2011 ($76.43 in chips)
Seat 2: ChrisTuff ($185.47 in chips)
ChrisTuff: posts small blind $1
alleyx2011: posts big blind $3
*** HOLE CARDS ***
ChrisTuff: raises $3 to $6
alleyx2011: raises $3 to $9
ChrisTuff: calls $3
*** FLOP *** [7h Ks 3d]
alleyx2011: bets $3
ChrisTuff: calls $3
*** TURN *** [7h Ks 3d] [9s]
alleyx2011: bets $6
ChrisTuff: folds
Uncalled bet ($6) returned to alleyx2011
alleyx2011 collected $23.52 from pot
alleyx2011: doesn't show hand
*** SUMMARY ***
Total pot $24 | Rake $0.48
Board [7h Ks 3d 9s]
Seat 1: alleyx2011 (big blind) collected ($23.52)
Seat 2: ChrisTuff (button) (small blind) folded on the Turn


PokerStars Hand #147281254882:  Hold'em Limit ($3/$6 USD) - 2016/01/18 18:04:55 ET
Table 'Neujmina II' 2-max Seat #1 is the button
Seat 1: alleyx2011 ($73.43 in chips)
Seat 2: ChrisTuff ($188.47 in chips)
alleyx2011: posts small blind $1
ChrisTuff: posts big blind $3
*** HOLE CARDS ***
alleyx2011: raises $3 to $6
ChrisTuff: folds
Uncalled bet ($3) returned to alleyx2011
alleyx2011 collected $6 from pot
alleyx2011: doesn't show hand
*** SUMMARY ***
Total pot $6 | Rake $0
Seat 1: alleyx2011 (button) (small blind) collected ($6)
Seat 2: ChrisTuff (big blind) folded before Flop


PokerStars Hand #147281241715:  Hold'em Limit ($3/$6 USD) - 2016/01/18 18:04:40 ET
Table 'Neujmina II' 2-max Seat #2 is the button
Seat 1: alleyx2011 ($73.68 in chips)
Seat 2: ChrisTuff ($188.72 in chips)
ChrisTuff: posts small blind $1
alleyx2011: posts big blind $3
*** HOLE CARDS ***
ChrisTuff: raises $3 to $6
alleyx2011: raises $3 to $9
ChrisTuff: calls $3
*** FLOP *** [Kd Kh 9c]
alleyx2011: bets $3
ChrisTuff: calls $3
*** TURN *** [Kd Kh 9c] [Qd]
alleyx2011: bets $6
ChrisTuff: calls $6
*** RIVER *** [Kd Kh 9c Qd] [Js]
alleyx2011: bets $6
ChrisTuff: calls $6
*** SHOW DOWN ***
alleyx2011: shows [8c 9s] (two pair, Kings and Nines)
ChrisTuff: shows [9d 6h] (two pair, Kings and Nines)
alleyx2011 collected $23.75 from pot
ChrisTuff collected $23.75 from pot
*** SUMMARY ***
Total pot $48 | Rake $0.50
Board [Kd Kh 9c Qd Js]
Seat 1: alleyx2011 (big blind) showed [8c 9s] and won ($23.75) with two pair, Kings and Nines
Seat 2: ChrisTuff (button) (small blind) showed [9d 6h] and won ($23.75) with two pair, Kings and Nines


PokerStars Hand #147281327531:  Hold'em Limit ($3/$6 USD) - 2016/01/18 18:06:14 ET
Table 'Neujmina II' 2-max Seat #2 is the button
Seat 1: alleyx2011 ($173.45 in chips)
Seat 2: ChrisTuff ($120 in chips)
ChrisTuff: posts small blind $1
alleyx2011: posts big blind $3
*** HOLE CARDS ***
ChrisTuff: raises $3 to $6
alleyx2011: raises $3 to $9
ChrisTuff: raises $3 to $12
Betting is capped
alleyx2011: calls $3
*** FLOP *** [Qc 9c 4h]
alleyx2011: bets $3
ChrisTuff: calls $3
*** TURN *** [Qc 9c 4h] [Tc]
alleyx2011: bets $6
ChrisTuff: calls $6
*** RIVER *** [Qc 9c 4h Tc] [7c]
alleyx2011: bets $6
ChrisTuff: raises $6 to $12
alleyx2011: calls $6
*** SHOW DOWN ***
ChrisTuff: shows [Ac 9s] (a flush, Ace high)
alleyx2011: mucks hand
ChrisTuff collected $65.50 from pot
*** SUMMARY ***
Total pot $66 | Rake $0.50
Board [Qc 9c 4h Tc 7c]
Seat 1: alleyx2011 (big blind) mucked
Seat 2: ChrisTuff (button) (small blind) showed [Ac 9s] and won ($65.50) with a flush, Ace high


PokerStars Hand #147281310081:  Hold'em Limit ($3/$6 USD) - 2016/01/18 18:05:55 ET
Table 'Neujmina II' 2-max Seat #1 is the button
Seat 1: alleyx2011 ($140.95 in chips)
Seat 2: ChrisTuff ($120 in chips)
alleyx2011: posts small blind $1
ChrisTuff: posts big blind $3
*** HOLE CARDS ***
alleyx2011: raises $3 to $6
ChrisTuff: raises $3 to $9
alleyx2011: raises $3 to $12
Betting is capped
ChrisTuff: calls $3
*** FLOP *** [Jd 6s 9d]
ChrisTuff: checks
alleyx2011: bets $3
ChrisTuff: calls $3
*** TURN *** [Jd 6s 9d] [6h]
ChrisTuff: checks
alleyx2011: bets $6
ChrisTuff: calls $6
*** RIVER *** [Jd 6s 9d 6h] [Qc]
ChrisTuff: bets $6
alleyx2011: raises $6 to $12
ChrisTuff: calls $6
*** SHOW DOWN ***
alleyx2011: shows [6d 7h] (three of a kind, Sixes)
ChrisTuff: mucks hand
alleyx2011 collected $65.50 from pot
*** SUMMARY ***
Total pot $66 | Rake $0.50
Board [Jd 6s 9d 6h Qc]
Seat 1: alleyx2011 (button) (small blind) showed [6d 7h] and won ($65.50) with three of a kind, Sixes
Seat 2: ChrisTuff (big blind) mucked


PokerStars Hand #147281297040:  Hold'em Limit ($3/$6 USD) - 2016/01/18 18:05:41 ET
Table 'Neujmina II' 2-max Seat #2 is the button
Seat 1: alleyx2011 ($117.45 in chips)
Seat 2: ChrisTuff ($143.47 in chips)
ChrisTuff: posts small blind $1
alleyx2011: posts big blind $3
*** HOLE CARDS ***
ChrisTuff: raises $3 to $6
alleyx2011: raises $3 to $9
ChrisTuff: calls $3
*** FLOP *** [Ah 7c 4d]
alleyx2011: bets $3
ChrisTuff: calls $3
*** TURN *** [Ah 7c 4d] [2s]
alleyx2011: bets $6
ChrisTuff: calls $6
*** RIVER *** [Ah 7c 4d 2s] [Td]
alleyx2011: bets $6
ChrisTuff: calls $6
*** SHOW DOWN ***
alleyx2011: shows [8s Ad] (a pair of Aces)
ChrisTuff: mucks hand
alleyx2011 collected $47.50 from pot
*** SUMMARY ***
Total pot $48 | Rake $0.50
Board [Ah 7c 4d 2s Td]
Seat 1: alleyx2011 (big blind) showed [8s Ad] and won ($47.50) with a pair of Aces
Seat 2: ChrisTuff (button) (small blind) mucked


PokerStars Hand #147281368361:  Hold'em Limit ($3/$6 USD) - 2016/01/18 18:06:59 ET
Table 'Neujmina II' 2-max Seat #1 is the button
Seat 1: alleyx2011 ($107.45 in chips)
Seat 2: ChrisTuff ($185 in chips)
alleyx2011: posts small blind $1
ChrisTuff: posts big blind $3
*** HOLE CARDS ***
alleyx2011: folds
Uncalled bet ($2) returned to ChrisTuff
alleyx2011 leaves the table
ChrisTuff collected $2 from pot
ChrisTuff was removed from the table for failing to post
*** SUMMARY ***
Total pot $2 | Rake $0
Seat 1: alleyx2011 (button) (small blind) folded before Flop
Seat 2: ChrisTuff (big blind) collected ($2)


PokerStars Hand #147281363624:  Hold'em Limit ($3/$6 USD) - 2016/01/18 18:06:54 ET
Table 'Neujmina II' 2-max Seat #2 is the button
Seat 1: alleyx2011 ($110.45 in chips)
Seat 2: ChrisTuff ($182 in chips)
ChrisTuff: posts small blind $1
alleyx2011: posts big blind $3
*** HOLE CARDS ***
ChrisTuff: raises $3 to $6
alleyx2011: folds
Uncalled bet ($3) returned to ChrisTuff
ChrisTuff collected $6 from pot
ChrisTuff: doesn't show hand
*** SUMMARY ***
Total pot $6 | Rake $0
Seat 1: alleyx2011 (big blind) folded before Flop
Seat 2: ChrisTuff (button) (small blind) collected ($6)


PokerStars Hand #147281346196:  Hold'em Limit ($3/$6 USD) - 2016/01/18 18:06:35 ET
Table 'Neujmina II' 2-max Seat #1 is the button
Seat 1: alleyx2011 ($140.45 in chips)
Seat 2: ChrisTuff ($152.50 in chips)
alleyx2011: posts small blind $1
ChrisTuff: posts big blind $3
*** HOLE CARDS ***
alleyx2011: raises $3 to $6
ChrisTuff: calls $3
*** FLOP *** [2s 3s Qs]
ChrisTuff: checks
alleyx2011: bets $3
ChrisTuff: raises $3 to $6
alleyx2011: raises $3 to $9
ChrisTuff: raises $3 to $12
Betting is capped
alleyx2011: calls $3
*** TURN *** [2s 3s Qs] [3c]
ChrisTuff: bets $6
alleyx2011: calls $6
*** RIVER *** [2s 3s Qs 3c] [4d]
ChrisTuff: bets $6
alleyx2011: calls $6
*** SHOW DOWN ***
ChrisTuff: shows [Ks 6s] (a flush, King high)
alleyx2011: mucks hand
ChrisTuff collected $59.50 from pot
*** SUMMARY ***
Total pot $60 | Rake $0.50
Board [2s 3s Qs 3c 4d]
Seat 1: alleyx2011 (button) (small blind) mucked
Seat 2: ChrisTuff (big blind) showed [Ks 6s] and won ($59.50) with a flush, King high


