PokerStars Hand #170154667744:  Hold'em Limit ($3/$6 USD) - 2017/05/08 20:17:57 ET
Table 'Neva' 6-max Seat #2 is the button
Seat 2: Chessnok ($144.49 in chips)
Seat 6: sanman07 ($242.96 in chips)
Chessnok: posts small blind $1
alpha2777: is sitting out
sanman07: posts big blind $3
*** HOLE CARDS ***
Chessnok: raises $3 to $6
sanman07: raises $3 to $9
Chessnok: calls $3
*** FLOP *** [7s Jd Ah]
sanman07: bets $3
Chessnok: calls $3
*** TURN *** [7s Jd Ah] [3d]
sanman07: bets $6
rascal_319 joins the table at seat #5
Chessnok: calls $6
*** RIVER *** [7s Jd Ah 3d] [7d]
sanman07: bets $6
Chessnok: calls $6
*** SHOW DOWN ***
sanman07: shows [Qh As] (two pair, Aces and Sevens)
Chessnok: mucks hand
sanman07 collected $47.50 from pot
*** SUMMARY ***
Total pot $48 | Rake $0.50
Board [7s Jd Ah 3d 7d]
Seat 2: Chessnok (button) (small blind) mucked
Seat 6: sanman07 (big blind) showed [Qh As] and won ($47.50) with two pair, Aces and Sevens


PokerStars Hand #170159076856:  Hold'em Limit ($3/$6 USD) - 2017/05/08 23:17:02 ET
Table 'Neva' 6-max Seat #5 is the button
Seat 3: sanman07 ($355.10 in chips)
Seat 5: B_loJkl ($104.51 in chips)
B_loJkl: posts small blind $1
sanman07: posts big blind $3
*** HOLE CARDS ***
B_loJkl: folds
Uncalled bet ($2) returned to sanman07
sanman07 collected $2 from pot
*** SUMMARY ***
Total pot $2 | Rake $0
Seat 3: sanman07 (big blind) collected ($2)
Seat 5: B_loJkl (button) (small blind) folded before Flop


PokerStars Hand #170159066837:  Hold'em Limit ($3/$6 USD) - 2017/05/08 23:16:31 ET
Table 'Neva' 6-max Seat #3 is the button
Seat 3: sanman07 ($340.60 in chips)
Seat 5: B_loJkl ($119.51 in chips)
sanman07: posts small blind $1
aade1ante: is sitting out
B_loJkl: posts big blind $3
*** HOLE CARDS ***
sanman07: raises $3 to $6
B_loJkl: raises $3 to $9
sanman07: raises $3 to $12
Betting is capped
B_loJkl: calls $3
*** FLOP *** [9c Td Jd]
B_loJkl: checks
sanman07: bets $3
B_loJkl: calls $3
*** TURN *** [9c Td Jd] [Qs]
B_loJkl: checks
sanman07: checks
*** RIVER *** [9c Td Jd Qs] [7s]
B_loJkl: checks
sanman07: checks
*** SHOW DOWN ***
B_loJkl: shows [7c As] (a pair of Sevens)
sanman07: shows [Ad Ah] (a pair of Aces)
sanman07 collected $29.50 from pot
*** SUMMARY ***
Total pot $30 | Rake $0.50
Board [9c Td Jd Qs 7s]
Seat 3: sanman07 (button) (small blind) showed [Ad Ah] and won ($29.50) with a pair of Aces
Seat 5: B_loJkl (big blind) showed [7c As] and lost with a pair of Sevens


PokerStars Hand #170159086234:  Hold'em Limit ($3/$6 USD) - 2017/05/08 23:17:32 ET
Table 'Neva' 6-max Seat #5 is the button
Seat 3: sanman07 ($358.98 in chips)
Seat 5: B_loJkl ($100.51 in chips)
B_loJkl: posts small blind $1
sanman07: posts big blind $3
*** HOLE CARDS ***
B_loJkl: raises $3 to $6
sanman07: folds
Uncalled bet ($3) returned to B_loJkl
B_loJkl collected $6 from pot
B_loJkl: doesn't show hand
*** SUMMARY ***
Total pot $6 | Rake $0
Seat 3: sanman07 (big blind) folded before Flop
Seat 5: B_loJkl (button) (small blind) collected ($6)


PokerStars Hand #170159078537:  Hold'em Limit ($3/$6 USD) - 2017/05/08 23:17:07 ET
Table 'Neva' 6-max Seat #3 is the button
Seat 3: sanman07 ($356.10 in chips)
Seat 5: B_loJkl ($103.51 in chips)
sanman07: posts small blind $1
B_loJkl: posts big blind $3
*** HOLE CARDS ***
sanman07: calls $2
B_loJkl: checks
*** FLOP *** [Kd 8h Tc]
B_loJkl: checks
sanman07: checks
*** TURN *** [Kd 8h Tc] [Kc]
B_loJkl: checks
sanman07: checks
*** RIVER *** [Kd 8h Tc Kc] [As]
B_loJkl: checks
sanman07: checks
*** SHOW DOWN ***
B_loJkl: shows [4s 9d] (a pair of Kings)
sanman07: shows [Qd 4d] (a pair of Kings - Ace+Queen kicker)
sanman07 collected $5.88 from pot
*** SUMMARY ***
Total pot $6 | Rake $0.12
Board [Kd 8h Tc Kc As]
Seat 3: sanman07 (button) (small blind) showed [Qd 4d] and won ($5.88) with a pair of Kings
Seat 5: B_loJkl (big blind) showed [4s 9d] and lost with a pair of Kings


PokerStars Hand #170159113551:  Hold'em Limit ($3/$6 USD) - 2017/05/08 23:18:58 ET
Table 'Neva' 6-max Seat #5 is the button
Seat 3: sanman07 ($367.38 in chips)
Seat 5: B_loJkl ($91.51 in chips)
B_loJkl: posts small blind $1
sanman07: posts big blind $3
*** HOLE CARDS ***
B_loJkl: raises $3 to $6
sanman07: folds
Uncalled bet ($3) returned to B_loJkl
B_loJkl collected $6 from pot
B_loJkl: doesn't show hand
*** SUMMARY ***
Total pot $6 | Rake $0
Seat 3: sanman07 (big blind) folded before Flop
Seat 5: B_loJkl (button) (small blind) collected ($6)


PokerStars Hand #170159107165:  Hold'em Limit ($3/$6 USD) - 2017/05/08 23:18:37 ET
Table 'Neva' 6-max Seat #3 is the button
Seat 3: sanman07 ($361.62 in chips)
Seat 5: B_loJkl ($97.51 in chips)
sanman07: posts small blind $1
B_loJkl: posts big blind $3
*** HOLE CARDS ***
sanman07: raises $3 to $6
B_loJkl: calls $3
*** FLOP *** [9c 9d 5h]
B_loJkl: checks
sanman07: bets $3
B_loJkl: folds
Uncalled bet ($3) returned to sanman07
sanman07 collected $11.76 from pot
*** SUMMARY ***
Total pot $12 | Rake $0.24
Board [9c 9d 5h]
Seat 3: sanman07 (button) (small blind) collected ($11.76)
Seat 5: B_loJkl (big blind) folded on the Flop


PokerStars Hand #170159105254:  Hold'em Limit ($3/$6 USD) - 2017/05/08 23:18:31 ET
Table 'Neva' 6-max Seat #5 is the button
Seat 3: sanman07 ($364.62 in chips)
Seat 5: B_loJkl ($94.51 in chips)
B_loJkl: posts small blind $1
sanman07: posts big blind $3
*** HOLE CARDS ***
B_loJkl: raises $3 to $6
sanman07: folds
Uncalled bet ($3) returned to B_loJkl
B_loJkl collected $6 from pot
B_loJkl: doesn't show hand
*** SUMMARY ***
Total pot $6 | Rake $0
Seat 3: sanman07 (big blind) folded before Flop
Seat 5: B_loJkl (button) (small blind) collected ($6)


PokerStars Hand #170159089069:  Hold'em Limit ($3/$6 USD) - 2017/05/08 23:17:40 ET
Table 'Neva' 6-max Seat #3 is the button
Seat 3: sanman07 ($355.98 in chips)
Seat 5: B_loJkl ($103.51 in chips)
sanman07: posts small blind $1
B_loJkl: posts big blind $3
*** HOLE CARDS ***
sanman07: raises $3 to $6
B_loJkl: calls $3
*** FLOP *** [6d 8c Kd]
B_loJkl: checks
sanman07: bets $3
B_loJkl: calls $3
*** TURN *** [6d 8c Kd] [Js]
B_loJkl: checks
sanman07: checks
*** RIVER *** [6d 8c Kd Js] [As]
B_loJkl: checks
sanman07: bets $6
B_loJkl: folds
Uncalled bet ($6) returned to sanman07
sanman07 collected $17.64 from pot
*** SUMMARY ***
Total pot $18 | Rake $0.36
Board [6d 8c Kd Js As]
Seat 3: sanman07 (button) (small blind) collected ($17.64)
Seat 5: B_loJkl (big blind) folded on the River


PokerStars Hand #170159125162:  Hold'em Limit ($3/$6 USD) - 2017/05/08 23:19:35 ET
Table 'Neva' 6-max Seat #5 is the button
Seat 3: sanman07 ($352.38 in chips)
Seat 5: B_loJkl ($106.03 in chips)
B_loJkl: posts small blind $1
sanman07: posts big blind $3
*** HOLE CARDS ***
B_loJkl: folds
Uncalled bet ($2) returned to sanman07
sanman07 collected $2 from pot
*** SUMMARY ***
Total pot $2 | Rake $0
Seat 3: sanman07 (big blind) collected ($2)
Seat 5: B_loJkl (button) (small blind) folded before Flop


PokerStars Hand #170159116067:  Hold'em Limit ($3/$6 USD) - 2017/05/08 23:19:06 ET
Table 'Neva' 6-max Seat #3 is the button
Seat 3: sanman07 ($364.38 in chips)
Seat 5: B_loJkl ($94.51 in chips)
sanman07: posts small blind $1
B_loJkl: posts big blind $3
*** HOLE CARDS ***
sanman07: raises $3 to $6
B_loJkl: calls $3
*** FLOP *** [8h 6c 3d]
B_loJkl: checks
sanman07: bets $3
B_loJkl: raises $3 to $6
sanman07: calls $3
*** TURN *** [8h 6c 3d] [5c]
B_loJkl: bets $6
sanman07: folds
Uncalled bet ($6) returned to B_loJkl
B_loJkl collected $23.52 from pot
B_loJkl: doesn't show hand
*** SUMMARY ***
Total pot $24 | Rake $0.48
Board [8h 6c 3d 5c]
Seat 3: sanman07 (button) (small blind) folded on the Turn
Seat 5: B_loJkl (big blind) collected ($23.52)


PokerStars Hand #170159138410:  Hold'em Limit ($3/$6 USD) - 2017/05/08 23:20:17 ET
Table 'Neva' 6-max Seat #5 is the button
Seat 3: sanman07 ($359.14 in chips)
Seat 5: B_loJkl ($99.03 in chips)
B_loJkl: posts small blind $1
sanman07: posts big blind $3
*** HOLE CARDS ***
B_loJkl: folds
Uncalled bet ($2) returned to sanman07
sanman07 collected $2 from pot
*** SUMMARY ***
Total pot $2 | Rake $0
Seat 3: sanman07 (big blind) collected ($2)
Seat 5: B_loJkl (button) (small blind) folded before Flop


PokerStars Hand #170159127648:  Hold'em Limit ($3/$6 USD) - 2017/05/08 23:19:43 ET
Table 'Neva' 6-max Seat #3 is the button
Seat 3: sanman07 ($353.38 in chips)
Seat 5: B_loJkl ($105.03 in chips)
sanman07: posts small blind $1
B_loJkl: posts big blind $3
*** HOLE CARDS ***
sanman07: raises $3 to $6
B_loJkl: calls $3
*** FLOP *** [Jd 5h Jc]
B_loJkl: checks
sanman07: bets $3
B_loJkl: folds
Uncalled bet ($3) returned to sanman07
sanman07 collected $11.76 from pot
*** SUMMARY ***
Total pot $12 | Rake $0.24
Board [Jd 5h Jc]
Seat 3: sanman07 (button) (small blind) collected ($11.76)
Seat 5: B_loJkl (big blind) folded on the Flop


PokerStars Hand #170159149745:  Hold'em Limit ($3/$6 USD) - 2017/05/08 23:20:54 ET
Table 'Neva' 6-max Seat #3 is the button
Seat 3: sanman07 ($374.54 in chips)
Seat 5: B_loJkl ($83.03 in chips)
sanman07: posts small blind $1
B_loJkl: posts big blind $3
*** HOLE CARDS ***
sanman07: folds
Uncalled bet ($2) returned to B_loJkl
B_loJkl collected $2 from pot
B_loJkl: doesn't show hand
*** SUMMARY ***
Total pot $2 | Rake $0
Seat 3: sanman07 (button) (small blind) folded before Flop
Seat 5: B_loJkl (big blind) collected ($2)


PokerStars Hand #170159144336:  Hold'em Limit ($3/$6 USD) - 2017/05/08 23:20:37 ET
Table 'Neva' 6-max Seat #5 is the button
Seat 3: sanman07 ($365.90 in chips)
Seat 5: B_loJkl ($92.03 in chips)
B_loJkl: posts small blind $1
sanman07: posts big blind $3
*** HOLE CARDS ***
B_loJkl: raises $3 to $6
sanman07: calls $3
*** FLOP *** [Kh Jc 8d]
sanman07: checks
B_loJkl: bets $3
sanman07: calls $3
*** TURN *** [Kh Jc 8d] [4s]
sanman07: checks
B_loJkl: checks
*** RIVER *** [Kh Jc 8d 4s] [2s]
sanman07: bets $6
B_loJkl: folds
Uncalled bet ($6) returned to sanman07
sanman07 collected $17.64 from pot
*** SUMMARY ***
Total pot $18 | Rake $0.36
Board [Kh Jc 8d 4s 2s]
Seat 3: sanman07 (big blind) collected ($17.64)
Seat 5: B_loJkl (button) (small blind) folded on the River


PokerStars Hand #170159140060:  Hold'em Limit ($3/$6 USD) - 2017/05/08 23:20:23 ET
Table 'Neva' 6-max Seat #3 is the button
Seat 3: sanman07 ($360.14 in chips)
Seat 5: B_loJkl ($98.03 in chips)
sanman07: posts small blind $1
B_loJkl: posts big blind $3
*** HOLE CARDS ***
sanman07: raises $3 to $6
B_loJkl: calls $3
*** FLOP *** [Jh Tc 3d]
B_loJkl: checks
sanman07: bets $3
B_loJkl: folds
Uncalled bet ($3) returned to sanman07
sanman07 collected $11.76 from pot
*** SUMMARY ***
Total pot $12 | Rake $0.24
Board [Jh Tc 3d]
Seat 3: sanman07 (button) (small blind) collected ($11.76)
Seat 5: B_loJkl (big blind) folded on the Flop


PokerStars Hand #170159157874:  Hold'em Limit ($3/$6 USD) - 2017/05/08 23:21:20 ET
Table 'Neva' 6-max Seat #5 is the button
Seat 3: sanman07 ($384.06 in chips)
Seat 5: B_loJkl ($73.03 in chips)
B_loJkl: posts small blind $1
sanman07: posts big blind $3
*** HOLE CARDS ***
B_loJkl: folds
Uncalled bet ($2) returned to sanman07
sanman07 collected $2 from pot
*** SUMMARY ***
Total pot $2 | Rake $0
Seat 3: sanman07 (big blind) collected ($2)
Seat 5: B_loJkl (button) (small blind) folded before Flop


PokerStars Hand #170159155852:  Hold'em Limit ($3/$6 USD) - 2017/05/08 23:21:13 ET
Table 'Neva' 6-max Seat #3 is the button
Seat 3: sanman07 ($385.06 in chips)
Seat 5: B_loJkl ($72.03 in chips)
sanman07: posts small blind $1
B_loJkl: posts big blind $3
*** HOLE CARDS ***
sanman07: folds
Uncalled bet ($2) returned to B_loJkl
B_loJkl collected $2 from pot
B_loJkl: doesn't show hand
*** SUMMARY ***
Total pot $2 | Rake $0
Seat 3: sanman07 (button) (small blind) folded before Flop
Seat 5: B_loJkl (big blind) collected ($2)


PokerStars Hand #170159151410:  Hold'em Limit ($3/$6 USD) - 2017/05/08 23:20:59 ET
Table 'Neva' 6-max Seat #5 is the button
Seat 3: sanman07 ($373.54 in chips)
Seat 5: B_loJkl ($84.03 in chips)
B_loJkl: posts small blind $1
sanman07: posts big blind $3
*** HOLE CARDS ***
B_loJkl: raises $3 to $6
sanman07: calls $3
*** FLOP *** [8d Qd 4s]
sanman07: checks
B_loJkl: bets $3
sanman07: raises $3 to $6
B_loJkl: calls $3
*** TURN *** [8d Qd 4s] [Jc]
sanman07: bets $6
B_loJkl: folds
Uncalled bet ($6) returned to sanman07
sanman07 collected $23.52 from pot
*** SUMMARY ***
Total pot $24 | Rake $0.48
Board [8d Qd 4s Jc]
Seat 3: sanman07 (big blind) collected ($23.52)
Seat 5: B_loJkl (button) (small blind) folded on the Turn


PokerStars Hand #170159167548:  Hold'em Limit ($3/$6 USD) - 2017/05/08 23:21:52 ET
Table 'Neva' 6-max Seat #5 is the button
Seat 3: sanman07 ($379.06 in chips)
Seat 5: B_loJkl ($77.79 in chips)
B_loJkl: posts small blind $1
sanman07: posts big blind $3
*** HOLE CARDS ***
B_loJkl: raises $3 to $6
sanman07: folds
Uncalled bet ($3) returned to B_loJkl
B_loJkl collected $6 from pot
B_loJkl: doesn't show hand
*** SUMMARY ***
Total pot $6 | Rake $0
Seat 3: sanman07 (big blind) folded before Flop
Seat 5: B_loJkl (button) (small blind) collected ($6)


PokerStars Hand #170159166185:  Hold'em Limit ($3/$6 USD) - 2017/05/08 23:21:47 ET
Table 'Neva' 6-max Seat #3 is the button
Seat 3: sanman07 ($380.06 in chips)
Seat 5: B_loJkl ($76.79 in chips)
sanman07: posts small blind $1
B_loJkl: posts big blind $3
*** HOLE CARDS ***
sanman07: folds
Uncalled bet ($2) returned to B_loJkl
B_loJkl collected $2 from pot
B_loJkl: doesn't show hand
*** SUMMARY ***
Total pot $2 | Rake $0
Seat 3: sanman07 (button) (small blind) folded before Flop
Seat 5: B_loJkl (big blind) collected ($2)


PokerStars Hand #170159164581:  Hold'em Limit ($3/$6 USD) - 2017/05/08 23:21:42 ET
Table 'Neva' 6-max Seat #5 is the button
Seat 3: sanman07 ($379.06 in chips)
Seat 5: B_loJkl ($77.79 in chips)
B_loJkl: posts small blind $1
sanman07: posts big blind $3
*** HOLE CARDS ***
B_loJkl: folds
Uncalled bet ($2) returned to sanman07
sanman07 collected $2 from pot
*** SUMMARY ***
Total pot $2 | Rake $0
Seat 3: sanman07 (big blind) collected ($2)
Seat 5: B_loJkl (button) (small blind) folded before Flop


PokerStars Hand #170159159530:  Hold'em Limit ($3/$6 USD) - 2017/05/08 23:21:26 ET
Table 'Neva' 6-max Seat #3 is the button
Seat 3: sanman07 ($385.06 in chips)
Seat 5: B_loJkl ($72.03 in chips)
sanman07: posts small blind $1
B_loJkl: posts big blind $3
*** HOLE CARDS ***
sanman07: raises $3 to $6
B_loJkl: calls $3
*** FLOP *** [6c 2s 3s]
B_loJkl: checks
sanman07: checks
*** TURN *** [6c 2s 3s] [Jh]
B_loJkl: bets $6
sanman07: folds
Uncalled bet ($6) returned to B_loJkl
B_loJkl collected $11.76 from pot
B_loJkl: doesn't show hand
*** SUMMARY ***
Total pot $12 | Rake $0.24
Board [6c 2s 3s Jh]
Seat 3: sanman07 (button) (small blind) folded on the Turn
Seat 5: B_loJkl (big blind) collected ($11.76)


PokerStars Hand #170159184679:  Hold'em Limit ($3/$6 USD) - 2017/05/08 23:22:47 ET
Table 'Neva' 6-max Seat #3 is the button
Seat 3: sanman07 ($399.56 in chips)
Seat 5: B_loJkl ($56.79 in chips)
sanman07: posts small blind $1
B_loJkl: posts big blind $3
*** HOLE CARDS ***
sanman07: raises $3 to $6
B_loJkl: folds
Uncalled bet ($3) returned to sanman07
sanman07 collected $6 from pot
*** SUMMARY ***
Total pot $6 | Rake $0
Seat 3: sanman07 (button) (small blind) collected ($6)
Seat 5: B_loJkl (big blind) folded before Flop


PokerStars Hand #170159182060:  Hold'em Limit ($3/$6 USD) - 2017/05/08 23:22:38 ET
Table 'Neva' 6-max Seat #5 is the button
Seat 3: sanman07 ($402.56 in chips)
Seat 5: B_loJkl ($53.79 in chips)
B_loJkl: posts small blind $1
sanman07: posts big blind $3
*** HOLE CARDS ***
B_loJkl: raises $3 to $6
sanman07: folds
Uncalled bet ($3) returned to B_loJkl
B_loJkl collected $6 from pot
B_loJkl: doesn't show hand
*** SUMMARY ***
Total pot $6 | Rake $0
Seat 3: sanman07 (big blind) folded before Flop
Seat 5: B_loJkl (button) (small blind) collected ($6)


PokerStars Hand #170159169391:  Hold'em Limit ($3/$6 USD) - 2017/05/08 23:21:57 ET
Table 'Neva' 6-max Seat #3 is the button
Seat 3: sanman07 ($376.06 in chips)
Seat 5: B_loJkl ($80.79 in chips)
sanman07: posts small blind $1
B_loJkl: posts big blind $3
*** HOLE CARDS ***
sanman07: raises $3 to $6
B_loJkl: calls $3
*** FLOP *** [2h Qh 4c]
B_loJkl: checks
sanman07: bets $3
B_loJkl: calls $3
*** TURN *** [2h Qh 4c] [3c]
B_loJkl: checks
sanman07: bets $6
B_loJkl: calls $6
*** RIVER *** [2h Qh 4c 3c] [Kc]
B_loJkl: bets $6
sanman07: raises $6 to $12
B_loJkl: calls $6
*** SHOW DOWN ***
sanman07: shows [5c Ad] (a straight, Ace to Five)
B_loJkl: mucks hand
sanman07 collected $53.50 from pot
*** SUMMARY ***
Total pot $54 | Rake $0.50
Board [2h Qh 4c 3c Kc]
Seat 3: sanman07 (button) (small blind) showed [5c Ad] and won ($53.50) with a straight, Ace to Five
Seat 5: B_loJkl (big blind) mucked


PokerStars Hand #170159187161:  Hold'em Limit ($3/$6 USD) - 2017/05/08 23:22:55 ET
Table 'Neva' 6-max Seat #5 is the button
Seat 3: sanman07 ($402.56 in chips)
Seat 5: B_loJkl ($53.79 in chips)
B_loJkl: posts small blind $1
sanman07: posts big blind $3
*** HOLE CARDS ***
B_loJkl: raises $3 to $6
sanman07: calls $3
*** FLOP *** [Ad 2s 9s]
sanman07: checks
B_loJkl: bets $3
sanman07: folds
Uncalled bet ($3) returned to B_loJkl
B_loJkl collected $11.76 from pot
B_loJkl: doesn't show hand
*** SUMMARY ***
Total pot $12 | Rake $0.24
Board [Ad 2s 9s]
Seat 3: sanman07 (big blind) folded on the Flop
Seat 5: B_loJkl (button) (small blind) collected ($11.76)


PokerStars Hand #170159196144:  Hold'em Limit ($3/$6 USD) - 2017/05/08 23:23:25 ET
Table 'Neva' 6-max Seat #5 is the button
Seat 3: sanman07 ($402.32 in chips)
Seat 5: B_loJkl ($53.55 in chips)
B_loJkl: posts small blind $1
sanman07: posts big blind $3
*** HOLE CARDS ***
B_loJkl: raises $3 to $6
sanman07: calls $3
*** FLOP *** [Tc Jd Th]
sanman07: checks
B_loJkl: bets $3
sanman07: calls $3
*** TURN *** [Tc Jd Th] [8c]
sanman07: checks
B_loJkl: checks
*** RIVER *** [Tc Jd Th 8c] [2d]
sanman07: bets $6
B_loJkl: calls $6
*** SHOW DOWN ***
sanman07: shows [7h 8d] (two pair, Tens and Eights)
B_loJkl: mucks hand
sanman07 collected $29.50 from pot
*** SUMMARY ***
Total pot $30 | Rake $0.50
Board [Tc Jd Th 8c 2d]
Seat 3: sanman07 (big blind) showed [7h 8d] and won ($29.50) with two pair, Tens and Eights
Seat 5: B_loJkl (button) (small blind) mucked


PokerStars Hand #170159192450:  Hold'em Limit ($3/$6 USD) - 2017/05/08 23:23:13 ET
Table 'Neva' 6-max Seat #3 is the button
Seat 3: sanman07 ($396.56 in chips)
Seat 5: B_loJkl ($59.55 in chips)
sanman07: posts small blind $1
B_loJkl: posts big blind $3
*** HOLE CARDS ***
sanman07: raises $3 to $6
B_loJkl: calls $3
*** FLOP *** [5h Jd Kc]
B_loJkl: checks
sanman07: bets $3
B_loJkl: folds
Uncalled bet ($3) returned to sanman07
sanman07 collected $11.76 from pot
*** SUMMARY ***
Total pot $12 | Rake $0.24
Board [5h Jd Kc]
Seat 3: sanman07 (button) (small blind) collected ($11.76)
Seat 5: B_loJkl (big blind) folded on the Flop


PokerStars Hand #170159202180:  Hold'em Limit ($3/$6 USD) - 2017/05/08 23:23:45 ET
Table 'Neva' 6-max Seat #3 is the button
Seat 3: sanman07 ($416.82 in chips)
Seat 5: B_loJkl ($38.55 in chips)
sanman07: posts small blind $1
B_loJkl: posts big blind $3
*** HOLE CARDS ***
sanman07: raises $3 to $6
B_loJkl: calls $3
*** FLOP *** [Jh Ts 9h]
B_loJkl: checks
sanman07: bets $3
B_loJkl: calls $3
*** TURN *** [Jh Ts 9h] [9d]
B_loJkl: checks
sanman07: bets $6
B_loJkl: calls $6
*** RIVER *** [Jh Ts 9h 9d] [5c]
B_loJkl: checks
sanman07: checks
*** SHOW DOWN ***
B_loJkl: shows [Tc 3h] (two pair, Tens and Nines)
sanman07: shows [Ad Qh] (a pair of Nines)
B_loJkl collected $29.50 from pot
*** SUMMARY ***
Total pot $30 | Rake $0.50
Board [Jh Ts 9h 9d 5c]
Seat 3: sanman07 (button) (small blind) showed [Ad Qh] and lost with a pair of Nines
Seat 5: B_loJkl (big blind) showed [Tc 3h] and won ($29.50) with two pair, Tens and Nines


PokerStars Hand #170159218664:  Hold'em Limit ($3/$6 USD) - 2017/05/08 23:24:39 ET
Table 'Neva' 6-max Seat #3 is the button
Seat 3: sanman07 ($410.46 in chips)
Seat 5: B_loJkl ($44.05 in chips)
sanman07: posts small blind $1
B_loJkl: posts big blind $3
*** HOLE CARDS ***
sanman07: folds
Uncalled bet ($2) returned to B_loJkl
B_loJkl collected $2 from pot
B_loJkl: doesn't show hand
*** SUMMARY ***
Total pot $2 | Rake $0
Seat 3: sanman07 (button) (small blind) folded before Flop
Seat 5: B_loJkl (big blind) collected ($2)


PokerStars Hand #170159211424:  Hold'em Limit ($3/$6 USD) - 2017/05/08 23:24:15 ET
Table 'Neva' 6-max Seat #5 is the button
Seat 3: sanman07 ($401.82 in chips)
Seat 5: B_loJkl ($53.05 in chips)
B_loJkl: posts small blind $1
sanman07: posts big blind $3
*** HOLE CARDS ***
B_loJkl: raises $3 to $6
sanman07: calls $3
*** FLOP *** [Ad 3d Qh]
sanman07: checks
B_loJkl: bets $3
sanman07: calls $3
*** TURN *** [Ad 3d Qh] [Tc]
sanman07: checks
B_loJkl: checks
*** RIVER *** [Ad 3d Qh Tc] [9s]
sanman07: bets $6
B_loJkl: folds
Uncalled bet ($6) returned to sanman07
sanman07 collected $17.64 from pot
*** SUMMARY ***
Total pot $18 | Rake $0.36
Board [Ad 3d Qh Tc 9s]
Seat 3: sanman07 (big blind) collected ($17.64)
Seat 5: B_loJkl (button) (small blind) folded on the River


PokerStars Hand #170159231905:  Hold'em Limit ($3/$6 USD) - 2017/05/08 23:25:21 ET
Table 'Neva' 6-max Seat #5 is the button
Seat 3: sanman07 ($394.46 in chips)
Seat 5: B_loJkl ($59.55 in chips)
B_loJkl: posts small blind $1
sanman07: posts big blind $3
*** HOLE CARDS ***
B_loJkl: raises $3 to $6
sanman07: calls $3
*** FLOP *** [3s 5c 9s]
sanman07: bets $3
B_loJkl: calls $3
*** TURN *** [3s 5c 9s] [4h]
sanman07: bets $6
B_loJkl: folds
Uncalled bet ($6) returned to sanman07
sanman07 collected $17.64 from pot
*** SUMMARY ***
Total pot $18 | Rake $0.36
Board [3s 5c 9s 4h]
Seat 3: sanman07 (big blind) collected ($17.64)
Seat 5: B_loJkl (button) (small blind) folded on the Turn


PokerStars Hand #170159220332:  Hold'em Limit ($3/$6 USD) - 2017/05/08 23:24:44 ET
Table 'Neva' 6-max Seat #5 is the button
Seat 3: sanman07 ($409.46 in chips)
Seat 5: B_loJkl ($45.05 in chips)
B_loJkl: posts small blind $1
sanman07: posts big blind $3
*** HOLE CARDS ***
B_loJkl: raises $3 to $6
sanman07: raises $3 to $9
B_loJkl: calls $3
*** FLOP *** [8h Ts Js]
sanman07: bets $3
B_loJkl: calls $3
*** TURN *** [8h Ts Js] [9s]
sanman07: checks
B_loJkl: bets $6
sanman07: calls $6
*** RIVER *** [8h Ts Js 9s] [Kc]
sanman07: checks
B_loJkl: bets $6
sanman07: folds
Uncalled bet ($6) returned to B_loJkl
B_loJkl collected $35.50 from pot
B_loJkl: doesn't show hand
*** SUMMARY ***
Total pot $36 | Rake $0.50
Board [8h Ts Js 9s Kc]
Seat 3: sanman07 (big blind) folded on the River
Seat 5: B_loJkl (button) (small blind) collected ($35.50)


PokerStars Hand #170159229743:  Hold'em Limit ($3/$6 USD) - 2017/05/08 23:25:14 ET
Table 'Neva' 6-max Seat #3 is the button
Seat 3: sanman07 ($391.46 in chips)
Seat 5: B_loJkl ($62.55 in chips)
sanman07: posts small blind $1
B_loJkl: posts big blind $3
*** HOLE CARDS ***
sanman07: raises $3 to $6
B_loJkl: folds
Uncalled bet ($3) returned to sanman07
sanman07 collected $6 from pot
*** SUMMARY ***
Total pot $6 | Rake $0
Seat 3: sanman07 (button) (small blind) collected ($6)
Seat 5: B_loJkl (big blind) folded before Flop


PokerStars Hand #170159244517:  Hold'em Limit ($3/$6 USD) - 2017/05/08 23:26:02 ET
Table 'Neva' 6-max Seat #5 is the button
Seat 3: sanman07 ($408.86 in chips)
Seat 5: B_loJkl ($44.55 in chips)
B_loJkl: posts small blind $1
sanman07: posts big blind $3
*** HOLE CARDS ***
B_loJkl: raises $3 to $6
sanman07: folds
Uncalled bet ($3) returned to B_loJkl
B_loJkl collected $6 from pot
B_loJkl: doesn't show hand
*** SUMMARY ***
Total pot $6 | Rake $0
Seat 3: sanman07 (big blind) folded before Flop
Seat 5: B_loJkl (button) (small blind) collected ($6)


PokerStars Hand #170159237446:  Hold'em Limit ($3/$6 USD) - 2017/05/08 23:25:39 ET
Table 'Neva' 6-max Seat #3 is the button
Seat 3: sanman07 ($403.10 in chips)
Seat 5: B_loJkl ($50.55 in chips)
sanman07: posts small blind $1
B_loJkl: posts big blind $3
*** HOLE CARDS ***
sanman07: raises $3 to $6
B_loJkl: calls $3
*** FLOP *** [9s 4c Kh]
B_loJkl: checks
sanman07: bets $3
B_loJkl: folds
Uncalled bet ($3) returned to sanman07
sanman07 collected $11.76 from pot
*** SUMMARY ***
Total pot $12 | Rake $0.24
Board [9s 4c Kh]
Seat 3: sanman07 (button) (small blind) collected ($11.76)
Seat 5: B_loJkl (big blind) folded on the Flop


PokerStars Hand #170159246676:  Hold'em Limit ($3/$6 USD) - 2017/05/08 23:26:09 ET
Table 'Neva' 6-max Seat #3 is the button
Seat 3: sanman07 ($405.86 in chips)
Seat 5: B_loJkl ($47.55 in chips)
sanman07: posts small blind $1
B_loJkl: posts big blind $3
*** HOLE CARDS ***
sanman07: raises $3 to $6
B_loJkl: calls $3
*** FLOP *** [Ks 6h Jh]
B_loJkl: checks
sanman07: bets $3
B_loJkl: raises $3 to $6
sanman07: calls $3
*** TURN *** [Ks 6h Jh] [Qd]
B_loJkl: bets $6
sanman07: calls $6
*** RIVER *** [Ks 6h Jh Qd] [Qc]
B_loJkl: bets $6
sanman07: calls $6
*** SHOW DOWN ***
B_loJkl: shows [Kd 9h] (two pair, Kings and Queens)
sanman07: mucks hand
B_loJkl collected $47.50 from pot
*** SUMMARY ***
Total pot $48 | Rake $0.50
Board [Ks 6h Jh Qd Qc]
Seat 3: sanman07 (button) (small blind) mucked
Seat 5: B_loJkl (big blind) showed [Kd 9h] and won ($47.50) with two pair, Kings and Queens


PokerStars Hand #170159259074:  Hold'em Limit ($3/$6 USD) - 2017/05/08 23:26:50 ET
Table 'Neva' 6-max Seat #5 is the button
Seat 3: sanman07 ($381.86 in chips)
Seat 5: B_loJkl ($71.05 in chips)
B_loJkl: posts small blind $1
sanman07: posts big blind $3
*** HOLE CARDS ***
B_loJkl: raises $3 to $6
sanman07: folds
Uncalled bet ($3) returned to B_loJkl
B_loJkl collected $6 from pot
B_loJkl: doesn't show hand
*** SUMMARY ***
Total pot $6 | Rake $0
Seat 3: sanman07 (big blind) folded before Flop
Seat 5: B_loJkl (button) (small blind) collected ($6)


PokerStars Hand #170159267886:  Hold'em Limit ($3/$6 USD) - 2017/05/08 23:27:20 ET
Table 'Neva' 6-max Seat #5 is the button
Seat 3: sanman07 ($384.62 in chips)
Seat 5: B_loJkl ($68.05 in chips)
B_loJkl: posts small blind $1
sanman07: posts big blind $3
*** HOLE CARDS ***
B_loJkl: raises $3 to $6
sanman07: calls $3
*** FLOP *** [5d 7c 6h]
sanman07: checks
B_loJkl: bets $3
sanman07: folds
Uncalled bet ($3) returned to B_loJkl
B_loJkl collected $11.76 from pot
B_loJkl: doesn't show hand
*** SUMMARY ***
Total pot $12 | Rake $0.24
Board [5d 7c 6h]
Seat 3: sanman07 (big blind) folded on the Flop
Seat 5: B_loJkl (button) (small blind) collected ($11.76)


PokerStars Hand #170159273079:  Hold'em Limit ($3/$6 USD) - 2017/05/08 23:27:37 ET
Table 'Neva' 6-max Seat #3 is the button
Seat 3: sanman07 ($378.62 in chips)
Seat 5: B_loJkl ($73.81 in chips)
sanman07: posts small blind $1
B_loJkl: posts big blind $3
*** HOLE CARDS ***
sanman07: folds
Uncalled bet ($2) returned to B_loJkl
B_loJkl collected $2 from pot
B_loJkl: doesn't show hand
*** SUMMARY ***
Total pot $2 | Rake $0
Seat 3: sanman07 (button) (small blind) folded before Flop
Seat 5: B_loJkl (big blind) collected ($2)


PokerStars Hand #170159262075:  Hold'em Limit ($3/$6 USD) - 2017/05/08 23:27:00 ET
Table 'Neva' 6-max Seat #3 is the button
Seat 3: sanman07 ($378.86 in chips)
Seat 5: B_loJkl ($74.05 in chips)
sanman07: posts small blind $1
B_loJkl: posts big blind $3
*** HOLE CARDS ***
sanman07: raises $3 to $6
B_loJkl: calls $3
*** FLOP *** [Tc Jc 4s]
B_loJkl: checks
sanman07: bets $3
B_loJkl: folds
Uncalled bet ($3) returned to sanman07
sanman07 collected $11.76 from pot
*** SUMMARY ***
Total pot $12 | Rake $0.24
Board [Tc Jc 4s]
Seat 3: sanman07 (button) (small blind) collected ($11.76)
Seat 5: B_loJkl (big blind) folded on the Flop


PokerStars Hand #170159287136:  Hold'em Limit ($3/$6 USD) - 2017/05/08 23:28:23 ET
Table 'Neva' 6-max Seat #3 is the button
Seat 3: sanman07 ($389.14 in chips)
Seat 5: B_loJkl ($62.81 in chips)
sanman07: posts small blind $1
B_loJkl: posts big blind $3
*** HOLE CARDS ***
sanman07: raises $3 to $6
B_loJkl: calls $3
*** FLOP *** [4d 5s 6s]
aade1ante leaves the table
B_loJkl: checks
sanman07: bets $3
B_loJkl: calls $3
*** TURN *** [4d 5s 6s] [4h]
B_loJkl: checks
sanman07: bets $6
B_loJkl: folds
Uncalled bet ($6) returned to sanman07
sanman07 collected $17.64 from pot
*** SUMMARY ***
Total pot $18 | Rake $0.36
Board [4d 5s 6s 4h]
Seat 3: sanman07 (button) (small blind) collected ($17.64)
Seat 5: B_loJkl (big blind) folded on the Turn


PokerStars Hand #170159295589:  Hold'em Limit ($3/$6 USD) - 2017/05/08 23:28:52 ET
Table 'Neva' 6-max Seat #5 is the button
Seat 3: sanman07 ($397.78 in chips)
Seat 5: B_loJkl ($53.81 in chips)
B_loJkl: posts small blind $1
sanman07: posts big blind $3
*** HOLE CARDS ***
B_loJkl: folds
Uncalled bet ($2) returned to sanman07
sanman07 collected $2 from pot
*** SUMMARY ***
Total pot $2 | Rake $0
Seat 3: sanman07 (big blind) collected ($2)
Seat 5: B_loJkl (button) (small blind) folded before Flop


PokerStars Hand #170159297890:  Hold'em Limit ($3/$6 USD) - 2017/05/08 23:29:00 ET
Table 'Neva' 6-max Seat #3 is the button
Seat 3: sanman07 ($398.78 in chips)
Seat 5: B_loJkl ($52.81 in chips)
sanman07: posts small blind $1
B_loJkl: posts big blind $3
*** HOLE CARDS ***
sanman07: raises $3 to $6
B_loJkl: calls $3
*** FLOP *** [5c 6c Qh]
B_loJkl: checks
sanman07: bets $3
B_loJkl: calls $3
*** TURN *** [5c 6c Qh] [Ah]
B_loJkl: checks
sanman07: bets $6
B_loJkl: calls $6
*** RIVER *** [5c 6c Qh Ah] [Qc]
B_loJkl: checks
sanman07: bets $6
B_loJkl: folds
Uncalled bet ($6) returned to sanman07
sanman07 collected $29.50 from pot
*** SUMMARY ***
Total pot $30 | Rake $0.50
Board [5c 6c Qh Ah Qc]
Seat 3: sanman07 (button) (small blind) collected ($29.50)
Seat 5: B_loJkl (big blind) folded on the River


PokerStars Hand #170159307726:  Hold'em Limit ($3/$6 USD) - 2017/05/08 23:29:32 ET
Table 'Neva' 6-max Seat #5 is the button
Seat 3: sanman07 ($413.28 in chips)
Seat 5: B_loJkl ($37.81 in chips)
B_loJkl: posts small blind $1
sanman07: posts big blind $3
*** HOLE CARDS ***
B_loJkl: folds
Uncalled bet ($2) returned to sanman07
sanman07 collected $2 from pot
*** SUMMARY ***
Total pot $2 | Rake $0
Seat 3: sanman07 (big blind) collected ($2)
Seat 5: B_loJkl (button) (small blind) folded before Flop


