PokerStars Hand #160771634111:  Hold'em Limit ($3/$6 USD) - 2016/11/01 22:16:41 ET
Table 'Newtonia' 6-max Seat #3 is the button
Seat 3: TineJ2650 ($75.66 in chips)
Seat 4: assitoni ($120 in chips)
TineJ2650: posts small blind $1
assitoni: posts big blind $3
*** HOLE CARDS ***
TineJ2650: raises $3 to $6
assitoni: raises $3 to $9
TineJ2650: raises $3 to $12
Betting is capped
assitoni: calls $3
*** FLOP *** [8c Qh 3h]
assitoni: checks
TineJ2650: checks
*** TURN *** [8c Qh 3h] [9h]
assitoni: checks
TineJ2650: bets $6
assitoni: calls $6
*** RIVER *** [8c Qh 3h 9h] [Jc]
assitoni: checks
TineJ2650: bets $6
assitoni: calls $6
*** SHOW DOWN ***
TineJ2650: shows [5d 4d] (high card Queen)
assitoni: shows [5c 5h] (a pair of Fives)
assitoni collected $47.50 from pot
*** SUMMARY ***
Total pot $48 | Rake $0.50
Board [8c Qh 3h 9h Jc]
Seat 3: TineJ2650 (button) (small blind) showed [5d 4d] and lost with high card Queen
Seat 4: assitoni (big blind) showed [5c 5h] and won ($47.50) with a pair of Fives


PokerStars Hand #160771650416:  Hold'em Limit ($3/$6 USD) - 2016/11/01 22:17:22 ET
Table 'Newtonia' 6-max Seat #4 is the button
Seat 3: TineJ2650 ($51.66 in chips)
Seat 4: assitoni ($143.50 in chips)
assitoni: posts small blind $1
TineJ2650: posts big blind $3
*** HOLE CARDS ***
assitoni: raises $3 to $6
TineJ2650: calls $3
*** FLOP *** [3s 6h 9h]
TineJ2650: checks
assitoni: bets $3
TineJ2650: calls $3
*** TURN *** [3s 6h 9h] [2h]
TineJ2650: checks
assitoni: bets $6
TineJ2650: calls $6
*** RIVER *** [3s 6h 9h 2h] [8d]
TineJ2650: checks
assitoni: bets $6
TineJ2650: folds
Uncalled bet ($6) returned to assitoni
assitoni collected $29.50 from pot
assitoni: doesn't show hand
*** SUMMARY ***
Total pot $30 | Rake $0.50
Board [3s 6h 9h 2h 8d]
Seat 3: TineJ2650 (big blind) folded on the River
Seat 4: assitoni (button) (small blind) collected ($29.50)


PokerStars Hand #160771663982:  Hold'em Limit ($3/$6 USD) - 2016/11/01 22:17:56 ET
Table 'Newtonia' 6-max Seat #3 is the button
Seat 3: TineJ2650 ($36.66 in chips)
Seat 4: assitoni ($158 in chips)
TineJ2650: posts small blind $1
assitoni: posts big blind $3
*** HOLE CARDS ***
TineJ2650: raises $3 to $6
assitoni: folds
Uncalled bet ($3) returned to TineJ2650
TineJ2650 collected $6 from pot
TineJ2650: doesn't show hand
*** SUMMARY ***
Total pot $6 | Rake $0
Seat 3: TineJ2650 (button) (small blind) collected ($6)
Seat 4: assitoni (big blind) folded before Flop


PokerStars Hand #160771684635:  Hold'em Limit ($3/$6 USD) - 2016/11/01 22:18:49 ET
Table 'Newtonia' 6-max Seat #4 is the button
Seat 3: TineJ2650 ($53.16 in chips)
Seat 4: assitoni ($141 in chips)
assitoni: posts small blind $1
TineJ2650: posts big blind $3
*** HOLE CARDS ***
assitoni: folds
Uncalled bet ($2) returned to TineJ2650
TineJ2650 collected $2 from pot
TineJ2650: doesn't show hand
*** SUMMARY ***
Total pot $2 | Rake $0
Seat 3: TineJ2650 (big blind) collected ($2)
Seat 4: assitoni (button) (small blind) folded before Flop


PokerStars Hand #160771682670:  Hold'em Limit ($3/$6 USD) - 2016/11/01 22:18:43 ET
Table 'Newtonia' 6-max Seat #3 is the button
Seat 3: TineJ2650 ($54.16 in chips)
Seat 4: assitoni ($140 in chips)
TineJ2650: posts small blind $1
assitoni: posts big blind $3
*** HOLE CARDS ***
TineJ2650: folds
Uncalled bet ($2) returned to assitoni
assitoni collected $2 from pot
assitoni: doesn't show hand
*** SUMMARY ***
Total pot $2 | Rake $0
Seat 3: TineJ2650 (button) (small blind) folded before Flop
Seat 4: assitoni (big blind) collected ($2)


PokerStars Hand #160771667652:  Hold'em Limit ($3/$6 USD) - 2016/11/01 22:18:06 ET
Table 'Newtonia' 6-max Seat #4 is the button
Seat 3: TineJ2650 ($39.66 in chips)
Seat 4: assitoni ($155 in chips)
assitoni: posts small blind $1
TineJ2650: posts big blind $3
*** HOLE CARDS ***
assitoni: raises $3 to $6
TineJ2650: calls $3
*** FLOP *** [Jc 8c Qc]
TineJ2650: checks
assitoni: bets $3
TineJ2650: calls $3
*** TURN *** [Jc 8c Qc] [5d]
TineJ2650: checks
assitoni: bets $6
TineJ2650: calls $6
*** RIVER *** [Jc 8c Qc 5d] [7s]
TineJ2650: checks
assitoni: checks
*** SHOW DOWN ***
TineJ2650: shows [8h Ts] (a pair of Eights)
assitoni: mucks hand
TineJ2650 collected $29.50 from pot
*** SUMMARY ***
Total pot $30 | Rake $0.50
Board [Jc 8c Qc 5d 7s]
Seat 3: TineJ2650 (big blind) showed [8h Ts] and won ($29.50) with a pair of Eights
Seat 4: assitoni (button) (small blind) mucked


PokerStars Hand #160771687000:  Hold'em Limit ($3/$6 USD) - 2016/11/01 22:18:55 ET
Table 'Newtonia' 6-max Seat #3 is the button
Seat 3: TineJ2650 ($54.16 in chips)
Seat 4: assitoni ($140 in chips)
TineJ2650: posts small blind $1
assitoni: posts big blind $3
*** HOLE CARDS ***
TineJ2650: raises $3 to $6
assitoni: raises $3 to $9
TineJ2650: calls $3
*** FLOP *** [Qc Th Ts]
assitoni: bets $3
TineJ2650: calls $3
*** TURN *** [Qc Th Ts] [Kh]
assitoni: bets $6
TineJ2650: calls $6
*** RIVER *** [Qc Th Ts Kh] [5s]
assitoni: checks
TineJ2650: checks
*** SHOW DOWN ***
assitoni: shows [7h Ah] (a pair of Tens)
TineJ2650: shows [As 9s] (a pair of Tens)
assitoni collected $17.75 from pot
TineJ2650 collected $17.75 from pot
*** SUMMARY ***
Total pot $36 | Rake $0.50
Board [Qc Th Ts Kh 5s]
Seat 3: TineJ2650 (button) (small blind) showed [As 9s] and won ($17.75) with a pair of Tens
Seat 4: assitoni (big blind) showed [7h Ah] and won ($17.75) with a pair of Tens


PokerStars Hand #160771699790:  Hold'em Limit ($3/$6 USD) - 2016/11/01 22:19:27 ET
Table 'Newtonia' 6-max Seat #4 is the button
Seat 3: TineJ2650 ($53.91 in chips)
Seat 4: assitoni ($139.75 in chips)
assitoni: posts small blind $1
TineJ2650: posts big blind $3
*** HOLE CARDS ***
assitoni: raises $3 to $6
TineJ2650: folds
Uncalled bet ($3) returned to assitoni
assitoni collected $6 from pot
assitoni: doesn't show hand
*** SUMMARY ***
Total pot $6 | Rake $0
Seat 3: TineJ2650 (big blind) folded before Flop
Seat 4: assitoni (button) (small blind) collected ($6)


PokerStars Hand #160771732154:  Hold'em Limit ($3/$6 USD) - 2016/11/01 22:20:49 ET
Table 'Newtonia' 6-max Seat #3 is the button
Seat 3: TineJ2650 ($59.41 in chips)
Seat 4: assitoni ($133.25 in chips)
TineJ2650: posts small blind $1
assitoni: posts big blind $3
*** HOLE CARDS ***
TineJ2650: folds
Uncalled bet ($2) returned to assitoni
assitoni collected $2 from pot
assitoni: doesn't show hand
*** SUMMARY ***
Total pot $2 | Rake $0
Seat 3: TineJ2650 (button) (small blind) folded before Flop
Seat 4: assitoni (big blind) collected ($2)


PokerStars Hand #160771717606:  Hold'em Limit ($3/$6 USD) - 2016/11/01 22:20:12 ET
Table 'Newtonia' 6-max Seat #4 is the button
Seat 3: TineJ2650 ($74.41 in chips)
Seat 4: assitoni ($118.75 in chips)
assitoni: posts small blind $1
TineJ2650: posts big blind $3
*** HOLE CARDS ***
assitoni: raises $3 to $6
TineJ2650: calls $3
*** FLOP *** [2s Ts 9s]
TineJ2650: checks
assitoni: bets $3
TineJ2650: calls $3
*** TURN *** [2s Ts 9s] [Jh]
TineJ2650: checks
assitoni: checks
*** RIVER *** [2s Ts 9s Jh] [Qh]
TineJ2650: checks
assitoni: bets $6
TineJ2650: calls $6
*** SHOW DOWN ***
assitoni: shows [4d Ks] (a straight, Nine to King)
TineJ2650: mucks hand
assitoni collected $29.50 from pot
*** SUMMARY ***
Total pot $30 | Rake $0.50
Board [2s Ts 9s Jh Qh]
Seat 3: TineJ2650 (big blind) mucked
Seat 4: assitoni (button) (small blind) showed [4d Ks] and won ($29.50) with a straight, Nine to King


PokerStars Hand #160771703505:  Hold'em Limit ($3/$6 USD) - 2016/11/01 22:19:36 ET
Table 'Newtonia' 6-max Seat #3 is the button
Seat 3: TineJ2650 ($50.91 in chips)
Seat 4: assitoni ($142.75 in chips)
TineJ2650: posts small blind $1
assitoni: posts big blind $3
*** HOLE CARDS ***
TineJ2650: raises $3 to $6
assitoni: raises $3 to $9
TineJ2650: calls $3
*** FLOP *** [Jh Ah 9d]
assitoni: bets $3
TineJ2650: calls $3
*** TURN *** [Jh Ah 9d] [3s]
assitoni: bets $6
TineJ2650: calls $6
*** RIVER *** [Jh Ah 9d 3s] [6d]
assitoni: bets $6
TineJ2650: calls $6
*** SHOW DOWN ***
assitoni: shows [Kc Jd] (a pair of Jacks)
TineJ2650: shows [Qh Qc] (a pair of Queens)
TineJ2650 collected $47.50 from pot
*** SUMMARY ***
Total pot $48 | Rake $0.50
Board [Jh Ah 9d 3s 6d]
Seat 3: TineJ2650 (button) (small blind) showed [Qh Qc] and won ($47.50) with a pair of Queens
Seat 4: assitoni (big blind) showed [Kc Jd] and lost with a pair of Jacks


PokerStars Hand #160771734163:  Hold'em Limit ($3/$6 USD) - 2016/11/01 22:20:54 ET
Table 'Newtonia' 6-max Seat #4 is the button
Seat 3: TineJ2650 ($58.41 in chips)
Seat 4: assitoni ($134.25 in chips)
assitoni: posts small blind $1
TineJ2650: posts big blind $3
*** HOLE CARDS ***
assitoni: raises $3 to $6
TineJ2650: raises $3 to $9
assitoni: calls $3
*** FLOP *** [4c Kh 2s]
TineJ2650: checks
assitoni: bets $3
TineJ2650: calls $3
*** TURN *** [4c Kh 2s] [Kc]
TineJ2650: checks
assitoni: bets $6
TineJ2650: calls $6
*** RIVER *** [4c Kh 2s Kc] [5d]
TineJ2650: checks
assitoni: bets $6
TineJ2650: raises $6 to $12
assitoni: calls $6
*** SHOW DOWN ***
TineJ2650: shows [3d Kd] (three of a kind, Kings)
assitoni: mucks hand
TineJ2650 collected $59.50 from pot
*** SUMMARY ***
Total pot $60 | Rake $0.50
Board [4c Kh 2s Kc 5d]
Seat 3: TineJ2650 (big blind) showed [3d Kd] and won ($59.50) with three of a kind, Kings
Seat 4: assitoni (button) (small blind) mucked


PokerStars Hand #160771748634:  Hold'em Limit ($3/$6 USD) - 2016/11/01 22:21:31 ET
Table 'Newtonia' 6-max Seat #3 is the button
Seat 3: TineJ2650 ($87.91 in chips)
Seat 4: assitoni ($104.25 in chips)
TineJ2650: posts small blind $1
assitoni: posts big blind $3
*** HOLE CARDS ***
TineJ2650: folds
Uncalled bet ($2) returned to assitoni
TineJ2650 leaves the table
assitoni collected $2 from pot
assitoni: doesn't show hand
*** SUMMARY ***
Total pot $2 | Rake $0
Seat 3: TineJ2650 (button) (small blind) folded before Flop
Seat 4: assitoni (big blind) collected ($2)


