PokerStars Hand #161882672798:  Hold'em Limit ($3/$6 USD) - 2016/11/24 7:38:39 ET
Table 'Newtonia' 6-max Seat #2 is the button
Seat 1: SALZHERZ ($115 in chips)
Seat 2: grabaz ($245 in chips)
grabaz: posts small blind $1
SALZHERZ: posts big blind $3
*** HOLE CARDS ***
grabaz: raises $3 to $6
SALZHERZ: folds
Uncalled bet ($3) returned to grabaz
grabaz collected $6 from pot
grabaz: doesn't show hand
*** SUMMARY ***
Total pot $6 | Rake $0
Seat 1: SALZHERZ (big blind) folded before Flop
Seat 2: grabaz (button) (small blind) collected ($6)


PokerStars Hand #161882669746:  Hold'em Limit ($3/$6 USD) - 2016/11/24 7:38:33 ET
Table 'Newtonia' 6-max Seat #1 is the button
Seat 1: SALZHERZ ($116 in chips)
Seat 2: grabaz ($244 in chips)
SALZHERZ: posts small blind $1
grabaz: posts big blind $3
*** HOLE CARDS ***
SALZHERZ: folds
Uncalled bet ($2) returned to grabaz
grabaz collected $2 from pot
grabaz: doesn't show hand
*** SUMMARY ***
Total pot $2 | Rake $0
Seat 1: SALZHERZ (button) (small blind) folded before Flop
Seat 2: grabaz (big blind) collected ($2)


PokerStars Hand #161882676067:  Hold'em Limit ($3/$6 USD) - 2016/11/24 7:38:45 ET
Table 'Newtonia' 6-max Seat #1 is the button
Seat 1: SALZHERZ ($112 in chips)
Seat 2: grabaz ($248 in chips)
SALZHERZ: posts small blind $1
grabaz: posts big blind $3
*** HOLE CARDS ***
SALZHERZ: raises $3 to $6
grabaz: calls $3
*** FLOP *** [Td Jh Qh]
grabaz: checks
SALZHERZ: bets $3
grabaz: calls $3
*** TURN *** [Td Jh Qh] [Ah]
grabaz: checks
SALZHERZ: checks
*** RIVER *** [Td Jh Qh Ah] [7s]
grabaz: bets $6
SALZHERZ: raises $6 to $12
grabaz: calls $6
*** SHOW DOWN ***
SALZHERZ: shows [Th Kh] (a Royal Flush)
grabaz: mucks hand
SALZHERZ collected $41.50 from pot
*** SUMMARY ***
Total pot $42 | Rake $0.50
Board [Td Jh Qh Ah 7s]
Seat 1: SALZHERZ (button) (small blind) showed [Th Kh] and won ($41.50) with a Royal Flush
Seat 2: grabaz (big blind) mucked


PokerStars Hand #161882688300:  Hold'em Limit ($3/$6 USD) - 2016/11/24 7:39:07 ET
Table 'Newtonia' 6-max Seat #2 is the button
Seat 1: SALZHERZ ($132.50 in chips)
Seat 2: grabaz ($227 in chips)
grabaz: posts small blind $1
SALZHERZ: posts big blind $3
*** HOLE CARDS ***
grabaz: raises $3 to $6
SALZHERZ: folds
Uncalled bet ($3) returned to grabaz
grabaz collected $6 from pot
grabaz: doesn't show hand
*** SUMMARY ***
Total pot $6 | Rake $0
Seat 1: SALZHERZ (big blind) folded before Flop
Seat 2: grabaz (button) (small blind) collected ($6)


PokerStars Hand #161882705821:  Hold'em Limit ($3/$6 USD) - 2016/11/24 7:39:40 ET
Table 'Newtonia' 6-max Seat #2 is the button
Seat 1: SALZHERZ ($144 in chips)
Seat 2: grabaz ($215 in chips)
grabaz: posts small blind $1
SALZHERZ: posts big blind $3
*** HOLE CARDS ***
grabaz: raises $3 to $6
SALZHERZ: folds
Uncalled bet ($3) returned to grabaz
grabaz collected $6 from pot
grabaz: doesn't show hand
*** SUMMARY ***
Total pot $6 | Rake $0
Seat 1: SALZHERZ (big blind) folded before Flop
Seat 2: grabaz (button) (small blind) collected ($6)


PokerStars Hand #161882692432:  Hold'em Limit ($3/$6 USD) - 2016/11/24 7:39:15 ET
Table 'Newtonia' 6-max Seat #1 is the button
Seat 1: SALZHERZ ($129.50 in chips)
Seat 2: grabaz ($230 in chips)
SALZHERZ: posts small blind $1
grabaz: posts big blind $3
*** HOLE CARDS ***
SALZHERZ: raises $3 to $6
grabaz: calls $3
*** FLOP *** [7s 3s 9d]
grabaz: checks
SALZHERZ: bets $3
grabaz: calls $3
*** TURN *** [7s 3s 9d] [Ks]
grabaz: checks
SALZHERZ: bets $6
grabaz: calls $6
*** RIVER *** [7s 3s 9d Ks] [Qs]
grabaz: checks
SALZHERZ: bets $6
grabaz: folds
Uncalled bet ($6) returned to SALZHERZ
SALZHERZ collected $29.50 from pot
SALZHERZ: doesn't show hand
*** SUMMARY ***
Total pot $30 | Rake $0.50
Board [7s 3s 9d Ks Qs]
Seat 1: SALZHERZ (button) (small blind) collected ($29.50)
Seat 2: grabaz (big blind) folded on the River


PokerStars Hand #161882712007:  Hold'em Limit ($3/$6 USD) - 2016/11/24 7:39:51 ET
Table 'Newtonia' 6-max Seat #2 is the button
Seat 1: SALZHERZ ($140 in chips)
Seat 2: grabaz ($219 in chips)
grabaz: posts small blind $1
SALZHERZ: posts big blind $3
*** HOLE CARDS ***
grabaz: raises $3 to $6
SALZHERZ: raises $3 to $9
grabaz: calls $3
*** FLOP *** [9s 7s 3c]
SALZHERZ: checks
grabaz: bets $3
SALZHERZ: calls $3
*** TURN *** [9s 7s 3c] [7c]
SALZHERZ: checks
grabaz: bets $6
SALZHERZ: calls $6
*** RIVER *** [9s 7s 3c 7c] [9c]
SALZHERZ: checks
grabaz: bets $6
SALZHERZ: calls $6
*** SHOW DOWN ***
grabaz: shows [Ah Ad] (two pair, Aces and Nines)
SALZHERZ: mucks hand
grabaz collected $47.50 from pot
*** SUMMARY ***
Total pot $48 | Rake $0.50
Board [9s 7s 3c 7c 9c]
Seat 1: SALZHERZ (big blind) mucked
Seat 2: grabaz (button) (small blind) showed [Ah Ad] and won ($47.50) with two pair, Aces and Nines


PokerStars Hand #161882709336:  Hold'em Limit ($3/$6 USD) - 2016/11/24 7:39:46 ET
Table 'Newtonia' 6-max Seat #1 is the button
Seat 1: SALZHERZ ($141 in chips)
Seat 2: grabaz ($218 in chips)
SALZHERZ: posts small blind $1
grabaz: posts big blind $3
*** HOLE CARDS ***
SALZHERZ: folds
Uncalled bet ($2) returned to grabaz
grabaz collected $2 from pot
grabaz: doesn't show hand
*** SUMMARY ***
Total pot $2 | Rake $0
Seat 1: SALZHERZ (button) (small blind) folded before Flop
Seat 2: grabaz (big blind) collected ($2)


PokerStars Hand #161882724924:  Hold'em Limit ($3/$6 USD) - 2016/11/24 7:40:15 ET
Table 'Newtonia' 6-max Seat #1 is the button
Seat 1: SALZHERZ ($116 in chips)
Seat 2: grabaz ($242.50 in chips)
SALZHERZ: posts small blind $1
grabaz: posts big blind $3
*** HOLE CARDS ***
SALZHERZ: raises $3 to $6
grabaz: calls $3
*** FLOP *** [Ah 9d Qs]
Kikimor1220 joins the table at seat #6
grabaz: checks
SALZHERZ: bets $3
ribban4747 joins the table at seat #4
grabaz: calls $3
*** TURN *** [Ah 9d Qs] [6h]
grabaz: checks
SALZHERZ: bets $6
grabaz: calls $6
*** RIVER *** [Ah 9d Qs 6h] [Tc]
grabaz: checks
SALZHERZ: checks
*** SHOW DOWN ***
grabaz: shows [5s Qh] (a pair of Queens)
SALZHERZ: mucks hand
grabaz collected $29.50 from pot
*** SUMMARY ***
Total pot $30 | Rake $0.50
Board [Ah 9d Qs 6h Tc]
Seat 1: SALZHERZ (button) (small blind) mucked
Seat 2: grabaz (big blind) showed [5s Qh] and won ($29.50) with a pair of Queens


PokerStars Hand #161885168164:  Hold'em Limit ($3/$6 USD) - 2016/11/24 8:52:27 ET
Table 'Newtonia' 6-max Seat #2 is the button
Seat 2: grabaz ($206.26 in chips)
Seat 4: jackRizzar ($241.56 in chips)
Sirocko will be allowed to play after the button
grabaz: posts small blind $1
jackRizzar: posts big blind $3
*** HOLE CARDS ***
grabaz: raises $3 to $6
Sirocko leaves the table
BuzovaPro joins the table at seat #6
jackRizzar: raises $3 to $9
grabaz: calls $3
*** FLOP *** [Kc 3h Ad]
qqppii999 leaves the table
BuzovaPro leaves the table
jackRizzar: bets $3
grabaz: calls $3
*** TURN *** [Kc 3h Ad] [3d]
jackRizzar: checks
grabaz: checks
*** RIVER *** [Kc 3h Ad 3d] [3s]
jackRizzar: bets $6
HAL9QQQ leaves the table
grabaz: folds
Uncalled bet ($6) returned to jackRizzar
jackRizzar collected $23.52 from pot
jackRizzar: doesn't show hand
*** SUMMARY ***
Total pot $24 | Rake $0.48
Board [Kc 3h Ad 3d 3s]
Seat 2: grabaz (button) (small blind) folded on the River
Seat 4: jackRizzar (big blind) collected ($23.52)


