PokerStars Hand #152417999969:  Hold'em Limit ($3/$6 USD) - 2016/04/25 7:19:37 ET
Table 'Newtonia' 6-max Seat #1 is the button
Seat 1: Slava1786 ($58.14 in chips)
Seat 2: Agrotait ($77.76 in chips)
Slava1786: posts small blind $1
Agrotait: posts big blind $3
*** HOLE CARDS ***
Slava1786: calls $2
Agrotait: checks
*** FLOP *** [Ah 5c Jd]
HAL9QQQ joins the table at seat #5
Agrotait: bets $3
Slava1786: folds
Uncalled bet ($3) returned to Agrotait
Agrotait collected $5.88 from pot
Agrotait: doesn't show hand
*** SUMMARY ***
Total pot $6 | Rake $0.12
Board [Ah 5c Jd]
Seat 1: Slava1786 (button) (small blind) folded on the Flop
Seat 2: Agrotait (big blind) collected ($5.88)


PokerStars Hand #152417994447:  Hold'em Limit ($3/$6 USD) - 2016/04/25 7:19:25 ET
Table 'Newtonia' 6-max Seat #2 is the button
Seat 1: Slava1786 ($64.14 in chips)
Seat 2: Agrotait ($72 in chips)
Agrotait: posts small blind $1
Slava1786: posts big blind $3
*** HOLE CARDS ***
Agrotait: raises $3 to $6
Slava1786: calls $3
*** FLOP *** [6s Th Ah]
Slava1786: checks
Agrotait: bets $3
Slava1786: folds
Uncalled bet ($3) returned to Agrotait
Agrotait collected $11.76 from pot
Agrotait: doesn't show hand
*** SUMMARY ***
Total pot $12 | Rake $0.24
Board [6s Th Ah]
Seat 1: Slava1786 (big blind) folded on the Flop
Seat 2: Agrotait (button) (small blind) collected ($11.76)


PokerStars Hand #152417987275:  Hold'em Limit ($3/$6 USD) - 2016/04/25 7:19:09 ET
Table 'Newtonia' 6-max Seat #1 is the button
Seat 1: Slava1786 ($46.64 in chips)
Seat 2: Agrotait ($64.88 in chips)
Slava1786: posts small blind $1
Agrotait: posts big blind $3
*** HOLE CARDS ***
Slava1786: calls $2
Agrotait: checks
*** FLOP *** [3c 7c Js]
Agrotait: bets $3
Slava1786: calls $3
*** TURN *** [3c 7c Js] [Td]
Agrotait: bets $6
Slava1786: calls $6
*** RIVER *** [3c 7c Js Td] [Qc]
Agrotait: bets $6
Slava1786: calls $6
*** SHOW DOWN ***
Agrotait: shows [Qs 3s] (two pair, Queens and Threes)
Slava1786: shows [Qh Tc] (two pair, Queens and Tens)
Slava1786 collected $35.50 from pot
*** SUMMARY ***
Total pot $36 | Rake $0.50
Board [3c 7c Js Td Qc]
Seat 1: Slava1786 (button) (small blind) showed [Qh Tc] and won ($35.50) with two pair, Queens and Tens
Seat 2: Agrotait (big blind) showed [Qs 3s] and lost with two pair, Queens and Threes


PokerStars Hand #152418089887:  Hold'em Limit ($3/$6 USD) - 2016/04/25 7:22:48 ET
Table 'Newtonia' 6-max Seat #2 is the button
Seat 1: Slava1786 ($8.03 in chips)
Seat 2: Agrotait ($67.86 in chips)
Agrotait: posts small blind $1
HAL9QQQ: is sitting out
Slava1786: posts big blind $3
*** HOLE CARDS ***
Agrotait: raises $3 to $6
Slava1786: raises $2.03 to $8.03 and is all-in
Agrotait: calls $2.03
*** FLOP *** [9c 8s 4d]
*** TURN *** [9c 8s 4d] [Kh]
*** RIVER *** [9c 8s 4d Kh] [As]
*** SHOW DOWN ***
Slava1786: shows [3d Qd] (high card Ace)
Agrotait: shows [7h 3h] (high card Ace - lower kicker)
Slava1786 collected $15.74 from pot
*** SUMMARY ***
Total pot $16.06 | Rake $0.32
Board [9c 8s 4d Kh As]
Seat 1: Slava1786 (big blind) showed [3d Qd] and won ($15.74) with high card Ace
Seat 2: Agrotait (button) (small blind) showed [7h 3h] and lost with high card Ace


PokerStars Hand #152418131572:  Hold'em Limit ($3/$6 USD) - 2016/04/25 7:24:17 ET
Table 'Newtonia' 6-max Seat #2 is the button
Seat 1: Slava1786 ($5.74 in chips)
Seat 2: Agrotait ($81.76 in chips)
Agrotait: posts small blind $1
Slava1786: posts big blind $3
*** HOLE CARDS ***
Agrotait: raises $3 to $6
Slava1786: calls $2.74 and is all-in
Uncalled bet ($0.26) returned to Agrotait
*** FLOP *** [9s 8s 5c]
*** TURN *** [9s 8s 5c] [6s]
*** RIVER *** [9s 8s 5c 6s] [Td]
*** SHOW DOWN ***
Slava1786: shows [Ac Kc] (high card Ace)
Agrotait: shows [6d Jc] (a pair of Sixes)
Agrotait collected $11.25 from pot
*** SUMMARY ***
Total pot $11.48 | Rake $0.23
Board [9s 8s 5c 6s Td]
Seat 1: Slava1786 (big blind) showed [Ac Kc] and lost with high card Ace
Seat 2: Agrotait (button) (small blind) showed [6d Jc] and won ($11.25) with a pair of Sixes


PokerStars Hand #152418128860:  Hold'em Limit ($3/$6 USD) - 2016/04/25 7:24:11 ET
Table 'Newtonia' 6-max Seat #1 is the button
Seat 1: Slava1786 ($6.74 in chips)
Seat 2: Agrotait ($80.76 in chips)
Slava1786: posts small blind $1
Agrotait: posts big blind $3
*** HOLE CARDS ***
Slava1786: folds
Uncalled bet ($2) returned to Agrotait
Agrotait collected $2 from pot
Agrotait: doesn't show hand
*** SUMMARY ***
Total pot $2 | Rake $0
Seat 1: Slava1786 (button) (small blind) folded before Flop
Seat 2: Agrotait (big blind) collected ($2)


PokerStars Hand #152418125550:  Hold'em Limit ($3/$6 USD) - 2016/04/25 7:24:04 ET
Table 'Newtonia' 6-max Seat #2 is the button
Seat 1: Slava1786 ($9.74 in chips)
Seat 2: Agrotait ($77.76 in chips)
Agrotait: posts small blind $1
Slava1786: posts big blind $3
*** HOLE CARDS ***
Agrotait: raises $3 to $6
Slava1786: folds
Uncalled bet ($3) returned to Agrotait
Agrotait collected $6 from pot
Agrotait: doesn't show hand
Slava1786 said, "SUKA"
*** SUMMARY ***
Total pot $6 | Rake $0
Seat 1: Slava1786 (big blind) folded before Flop
Seat 2: Agrotait (button) (small blind) collected ($6)


PokerStars Hand #152418104919:  Hold'em Limit ($3/$6 USD) - 2016/04/25 7:23:20 ET
Table 'Newtonia' 6-max Seat #1 is the button
Seat 1: Slava1786 ($15.74 in chips)
Seat 2: Agrotait ($72 in chips)
Slava1786: posts small blind $1
Agrotait: posts big blind $3
*** HOLE CARDS ***
Slava1786: calls $2
Agrotait: raises $3 to $6
Slava1786: calls $3
*** FLOP *** [Kc Kh 3s]
Agrotait: bets $3
Slava1786: folds
Uncalled bet ($3) returned to Agrotait
Agrotait collected $11.76 from pot
Agrotait: doesn't show hand
*** SUMMARY ***
Total pot $12 | Rake $0.24
Board [Kc Kh 3s]
Seat 1: Slava1786 (button) (small blind) folded on the Flop
Seat 2: Agrotait (big blind) collected ($11.76)


