PokerStars Hand #152170239993:  Hold'em Limit ($3/$6 USD) - 2016/04/19 20:40:21 ET
Table 'Newtonia III' 6-max Seat #3 is the button
Seat 3: Njiaans ($117.19 in chips)
Seat 5: kurt183 ($371.70 in chips)
Njiaans: posts small blind $1
kurt183: posts big blind $3
*** HOLE CARDS ***
Njiaans: raises $3 to $6
kurt183: folds
Uncalled bet ($3) returned to Njiaans
Njiaans collected $6 from pot
Njiaans: doesn't show hand
*** SUMMARY ***
Total pot $6 | Rake $0
Seat 3: Njiaans (button) (small blind) collected ($6)
Seat 5: kurt183 (big blind) folded before Flop


PokerStars Hand #152170237423:  Hold'em Limit ($3/$6 USD) - 2016/04/19 20:40:16 ET
Table 'Newtonia III' 6-max Seat #5 is the button
Seat 3: Njiaans ($116.19 in chips)
Seat 5: kurt183 ($372.70 in chips)
kurt183: posts small blind $1
MissEKAmouse: is sitting out
Njiaans: posts big blind $3
*** HOLE CARDS ***
kurt183: folds
Uncalled bet ($2) returned to Njiaans
Njiaans collected $2 from pot
Njiaans: doesn't show hand
*** SUMMARY ***
Total pot $2 | Rake $0
Seat 3: Njiaans (big blind) collected ($2)
Seat 5: kurt183 (button) (small blind) folded before Flop


PokerStars Hand #152170252198:  Hold'em Limit ($3/$6 USD) - 2016/04/19 20:40:48 ET
Table 'Newtonia III' 6-max Seat #3 is the button
Seat 3: Njiaans ($96.19 in chips)
Seat 5: kurt183 ($392.20 in chips)
Njiaans: posts small blind $1
kurt183: posts big blind $3
*** HOLE CARDS ***
Njiaans: raises $3 to $6
kurt183: raises $3 to $9
Njiaans: calls $3
*** FLOP *** [3s 4h Kh]
kurt183: bets $3
Njiaans: calls $3
*** TURN *** [3s 4h Kh] [9s]
kurt183: bets $6
Njiaans: calls $6
*** RIVER *** [3s 4h Kh 9s] [5d]
kurt183: bets $6
Njiaans: raises $6 to $12
kurt183: folds
Uncalled bet ($6) returned to Njiaans
Njiaans collected $47.50 from pot
Njiaans: doesn't show hand
*** SUMMARY ***
Total pot $48 | Rake $0.50
Board [3s 4h Kh 9s 5d]
Seat 3: Njiaans (button) (small blind) collected ($47.50)
Seat 5: kurt183 (big blind) folded on the River


PokerStars Hand #152170242654:  Hold'em Limit ($3/$6 USD) - 2016/04/19 20:40:27 ET
Table 'Newtonia III' 6-max Seat #5 is the button
Seat 3: Njiaans ($120.19 in chips)
Seat 5: kurt183 ($368.70 in chips)
kurt183: posts small blind $1
Njiaans: posts big blind $3
*** HOLE CARDS ***
kurt183: raises $3 to $6
Njiaans: calls $3
*** FLOP *** [7c 4s 3s]
Njiaans: checks
kurt183: bets $3
Njiaans: raises $3 to $6
kurt183: calls $3
*** TURN *** [7c 4s 3s] [8c]
Njiaans: bets $6
kurt183: calls $6
*** RIVER *** [7c 4s 3s 8c] [5c]
Njiaans: checks
kurt183: bets $6
Njiaans: calls $6
*** SHOW DOWN ***
kurt183: shows [2c Ad] (a straight, Ace to Five)
Njiaans: mucks hand
kurt183 collected $47.50 from pot
*** SUMMARY ***
Total pot $48 | Rake $0.50
Board [7c 4s 3s 8c 5c]
Seat 3: Njiaans (big blind) mucked
Seat 5: kurt183 (button) (small blind) showed [2c Ad] and won ($47.50) with a straight, Ace to Five


PokerStars Hand #152170288117:  Hold'em Limit ($3/$6 USD) - 2016/04/19 20:42:07 ET
Table 'Newtonia III' 6-max Seat #5 is the button
Seat 3: Njiaans ($103.69 in chips)
Seat 5: kurt183 ($383.70 in chips)
kurt183: posts small blind $1
Njiaans: posts big blind $3
*** HOLE CARDS ***
kurt183: raises $3 to $6
Njiaans: calls $3
*** FLOP *** [5c Td Ks]
Njiaans: checks
kurt183: bets $3
Njiaans: raises $3 to $6
kurt183: calls $3
*** TURN *** [5c Td Ks] [Kd]
Njiaans: checks
kurt183: bets $6
Njiaans: folds
Uncalled bet ($6) returned to kurt183
kurt183 collected $23.52 from pot
kurt183: doesn't show hand
*** SUMMARY ***
Total pot $24 | Rake $0.48
Board [5c Td Ks Kd]
Seat 3: Njiaans (big blind) folded on the Turn
Seat 5: kurt183 (button) (small blind) collected ($23.52)


PokerStars Hand #152170267982:  Hold'em Limit ($3/$6 USD) - 2016/04/19 20:41:22 ET
Table 'Newtonia III' 6-max Seat #5 is the button
Seat 3: Njiaans ($119.69 in chips)
Seat 5: kurt183 ($368.20 in chips)
kurt183: posts small blind $1
Njiaans: posts big blind $3
*** HOLE CARDS ***
kurt183: raises $3 to $6
Njiaans: calls $3
*** FLOP *** [8c 7d As]
Njiaans: checks
kurt183: bets $3
Njiaans: calls $3
*** TURN *** [8c 7d As] [7c]
Njiaans: checks
kurt183: bets $6
Njiaans: calls $6
*** RIVER *** [8c 7d As 7c] [Th]
Njiaans: checks
kurt183: bets $6
Njiaans: folds
Uncalled bet ($6) returned to kurt183
kurt183 collected $29.50 from pot
kurt183: doesn't show hand
*** SUMMARY ***
Total pot $30 | Rake $0.50
Board [8c 7d As 7c Th]
Seat 3: Njiaans (big blind) folded on the River
Seat 5: kurt183 (button) (small blind) collected ($29.50)


PokerStars Hand #152170316403:  Hold'em Limit ($3/$6 USD) - 2016/04/19 20:42:55 ET
Table 'Newtonia III' 6-max Seat #5 is the button
Seat 3: Njiaans ($77.69 in chips)
Seat 5: kurt183 ($408.72 in chips)
kurt183: posts small blind $1
Njiaans: posts big blind $3
*** HOLE CARDS ***
kurt183: raises $3 to $6
Njiaans: calls $3
*** FLOP *** [Jd Qd Ac]
Njiaans: checks
kurt183: checks
*** TURN *** [Jd Qd Ac] [Kc]
Njiaans: bets $6
kurt183: calls $6
*** RIVER *** [Jd Qd Ac Kc] [5d]
Njiaans: checks
kurt183: bets $6
Njiaans: folds
Uncalled bet ($6) returned to kurt183
kurt183 collected $23.52 from pot
kurt183: doesn't show hand
*** SUMMARY ***
Total pot $24 | Rake $0.48
Board [Jd Qd Ac Kc 5d]
Seat 3: Njiaans (big blind) folded on the River
Seat 5: kurt183 (button) (small blind) collected ($23.52)


PokerStars Hand #152170313917:  Hold'em Limit ($3/$6 USD) - 2016/04/19 20:42:49 ET
Table 'Newtonia III' 6-max Seat #3 is the button
Seat 3: Njiaans ($74.69 in chips)
Seat 5: kurt183 ($411.72 in chips)
Njiaans: posts small blind $1
kurt183: posts big blind $3
*** HOLE CARDS ***
Njiaans: raises $3 to $6
kurt183: folds
Uncalled bet ($3) returned to Njiaans
Njiaans collected $6 from pot
Njiaans: doesn't show hand
*** SUMMARY ***
Total pot $6 | Rake $0
Seat 3: Njiaans (button) (small blind) collected ($6)
Seat 5: kurt183 (big blind) folded before Flop


PokerStars Hand #152170297303:  Hold'em Limit ($3/$6 USD) - 2016/04/19 20:42:27 ET
Table 'Newtonia III' 6-max Seat #3 is the button
Seat 3: Njiaans ($91.69 in chips)
Seat 5: kurt183 ($395.22 in chips)
Njiaans: posts small blind $1
kurt183: posts big blind $3
*** HOLE CARDS ***
Njiaans: raises $3 to $6
kurt183: calls $3
*** FLOP *** [4c 2d 5s]
kurt183: checks
Njiaans: checks
*** TURN *** [4c 2d 5s] [8h]
kurt183: bets $6
Njiaans: calls $6
*** RIVER *** [4c 2d 5s 8h] [Th]
kurt183: bets $6
Njiaans: calls $6
*** SHOW DOWN ***
kurt183: shows [8s As] (a pair of Eights)
Njiaans: mucks hand
kurt183 collected $35.50 from pot
*** SUMMARY ***
Total pot $36 | Rake $0.50
Board [4c 2d 5s 8h Th]
Seat 3: Njiaans (button) (small blind) mucked
Seat 5: kurt183 (big blind) showed [8s As] and won ($35.50) with a pair of Eights


PokerStars Hand #152170335986:  Hold'em Limit ($3/$6 USD) - 2016/04/19 20:43:39 ET
Table 'Newtonia III' 6-max Seat #5 is the button
Seat 3: Njiaans ($72 in chips)
Seat 5: kurt183 ($440.74 in chips)
kurt183: posts small blind $1
Njiaans: posts big blind $3
*** HOLE CARDS ***
kurt183: folds
Uncalled bet ($2) returned to Njiaans
Njiaans collected $2 from pot
Njiaans: doesn't show hand
*** SUMMARY ***
Total pot $2 | Rake $0
Seat 3: Njiaans (big blind) collected ($2)
Seat 5: kurt183 (button) (small blind) folded before Flop


PokerStars Hand #152170333550:  Hold'em Limit ($3/$6 USD) - 2016/04/19 20:43:34 ET
Table 'Newtonia III' 6-max Seat #3 is the button
Seat 3: Njiaans ($73 in chips)
Seat 5: kurt183 ($439.74 in chips)
Njiaans: posts small blind $1
kurt183: posts big blind $3
*** HOLE CARDS ***
Njiaans: folds
Uncalled bet ($2) returned to kurt183
kurt183 collected $2 from pot
kurt183: doesn't show hand
*** SUMMARY ***
Total pot $2 | Rake $0
Seat 3: Njiaans (button) (small blind) folded before Flop
Seat 5: kurt183 (big blind) collected ($2)


PokerStars Hand #152170338200:  Hold'em Limit ($3/$6 USD) - 2016/04/19 20:43:44 ET
Table 'Newtonia III' 6-max Seat #3 is the button
Seat 3: Njiaans ($73 in chips)
Seat 5: kurt183 ($439.74 in chips)
Njiaans: posts small blind $1
kurt183: posts big blind $3
*** HOLE CARDS ***
Njiaans: raises $3 to $6
kurt183: calls $3
*** FLOP *** [6c 5s 9s]
fabricio004 joins the table at seat #4
kurt183: checks
Njiaans: bets $3
ABATAPP joins the table at seat #6
kurt183: calls $3
*** TURN *** [6c 5s 9s] [5h]
kurt183: checks
Njiaans: bets $6
kurt183: folds
Uncalled bet ($6) returned to Njiaans
Njiaans collected $17.64 from pot
Njiaans: doesn't show hand
*** SUMMARY ***
Total pot $18 | Rake $0.36
Board [6c 5s 9s 5h]
Seat 3: Njiaans (button) (small blind) collected ($17.64)
Seat 5: kurt183 (big blind) folded on the Turn


PokerStars Hand #152171698719:  Hold'em Limit ($3/$6 USD) - 2016/04/19 21:38:27 ET
Table 'Newtonia III' 6-max Seat #5 is the button
Seat 5: kurt183 ($473.63 in chips)
Seat 6: ABATAPP ($94.81 in chips)
graxa66 will be allowed to play after the button
kurt183: posts small blind $1
ABATAPP: posts big blind $3
*** HOLE CARDS ***
kurt183: raises $3 to $6
ABATAPP: folds
Uncalled bet ($3) returned to kurt183
kurt183 collected $6 from pot
kurt183: doesn't show hand
*** SUMMARY ***
Total pot $6 | Rake $0
Seat 5: kurt183 (button) (small blind) collected ($6)
Seat 6: ABATAPP (big blind) folded before Flop


PokerStars Hand #152171743382:  Hold'em Limit ($3/$6 USD) - 2016/04/19 21:40:24 ET
Table 'Newtonia III' 6-max Seat #6 is the button
Seat 5: kurt183 ($504.80 in chips)
Seat 6: ABATAPP ($88.81 in chips)
ABATAPP: posts small blind $1
kurt183: posts big blind $3
*** HOLE CARDS ***
ABATAPP: raises $3 to $6
kurt183: raises $3 to $9
ABATAPP: calls $3
*** FLOP *** [5s 6s 9c]
kurt183: bets $3
ABATAPP: calls $3
*** TURN *** [5s 6s 9c] [3s]
kurt183: bets $6
ABATAPP: folds
Uncalled bet ($6) returned to kurt183
kurt183 collected $23.52 from pot
kurt183: doesn't show hand
*** SUMMARY ***
Total pot $24 | Rake $0.48
Board [5s 6s 9c 3s]
Seat 5: kurt183 (big blind) collected ($23.52)
Seat 6: ABATAPP (button) (small blind) folded on the Turn


PokerStars Hand #152171737557:  Hold'em Limit ($3/$6 USD) - 2016/04/19 21:40:08 ET
Table 'Newtonia III' 6-max Seat #5 is the button
Seat 5: kurt183 ($509.80 in chips)
Seat 6: ABATAPP ($83.81 in chips)
kurt183: posts small blind $1
ABATAPP: posts big blind $3
*** HOLE CARDS ***
kurt183: folds
Uncalled bet ($2) returned to ABATAPP
ABATAPP collected $2 from pot
ABATAPP: doesn't show hand
*** SUMMARY ***
Total pot $2 | Rake $0
Seat 5: kurt183 (button) (small blind) folded before Flop
Seat 6: ABATAPP (big blind) collected ($2)


PokerStars Hand #152171741614:  Hold'em Limit ($3/$6 USD) - 2016/04/19 21:40:19 ET
Table 'Newtonia III' 6-max Seat #5 is the button
Seat 5: kurt183 ($505.80 in chips)
Seat 6: ABATAPP ($87.81 in chips)
kurt183: posts small blind $1
ABATAPP: posts big blind $3
*** HOLE CARDS ***
kurt183: folds
Uncalled bet ($2) returned to ABATAPP
ABATAPP collected $2 from pot
ABATAPP: doesn't show hand
*** SUMMARY ***
Total pot $2 | Rake $0
Seat 5: kurt183 (button) (small blind) folded before Flop
Seat 6: ABATAPP (big blind) collected ($2)


PokerStars Hand #152171762580:  Hold'em Limit ($3/$6 USD) - 2016/04/19 21:41:15 ET
Table 'Newtonia III' 6-max Seat #5 is the button
Seat 5: kurt183 ($512.08 in chips)
Seat 6: ABATAPP ($80.33 in chips)
kurt183: posts small blind $1
ABATAPP: posts big blind $3
*** HOLE CARDS ***
kurt183: raises $3 to $6
ABATAPP: raises $3 to $9
kurt183: calls $3
*** FLOP *** [Qh 5c 6c]
ABATAPP: checks
kurt183: bets $3
ABATAPP: calls $3
*** TURN *** [Qh 5c 6c] [8d]
ABATAPP: checks
kurt183: bets $6
ABATAPP: calls $6
*** RIVER *** [Qh 5c 6c 8d] [8h]
ABATAPP: checks
kurt183: checks
*** SHOW DOWN ***
ABATAPP: shows [Jh Jd] (two pair, Jacks and Eights)
kurt183: mucks hand
ABATAPP collected $35.50 from pot
*** SUMMARY ***
Total pot $36 | Rake $0.50
Board [Qh 5c 6c 8d 8h]
Seat 5: kurt183 (button) (small blind) mucked
Seat 6: ABATAPP (big blind) showed [Jh Jd] and won ($35.50) with two pair, Jacks and Eights


PokerStars Hand #152171760985:  Hold'em Limit ($3/$6 USD) - 2016/04/19 21:41:10 ET
Table 'Newtonia III' 6-max Seat #6 is the button
Seat 5: kurt183 ($511.08 in chips)
Seat 6: ABATAPP ($81.33 in chips)
ABATAPP: posts small blind $1
kurt183: posts big blind $3
*** HOLE CARDS ***
ABATAPP: folds
Uncalled bet ($2) returned to kurt183
kurt183 collected $2 from pot
*** SUMMARY ***
Total pot $2 | Rake $0
Seat 5: kurt183 (big blind) collected ($2)
Seat 6: ABATAPP (button) (small blind) folded before Flop


PokerStars Hand #152171755034:  Hold'em Limit ($3/$6 USD) - 2016/04/19 21:40:55 ET
Table 'Newtonia III' 6-max Seat #5 is the button
Seat 5: kurt183 ($523.08 in chips)
Seat 6: ABATAPP ($69.81 in chips)
kurt183: posts small blind $1
ABATAPP: posts big blind $3
*** HOLE CARDS ***
kurt183: raises $3 to $6
ABATAPP: raises $3 to $9
kurt183: calls $3
*** FLOP *** [7s Ts Js]
ABATAPP: bets $3
kurt183: calls $3
*** TURN *** [7s Ts Js] [5d]
ABATAPP: bets $6
kurt183: folds
Uncalled bet ($6) returned to ABATAPP
ABATAPP collected $23.52 from pot
ABATAPP: doesn't show hand
*** SUMMARY ***
Total pot $24 | Rake $0.48
Board [7s Ts Js 5d]
Seat 5: kurt183 (button) (small blind) folded on the Turn
Seat 6: ABATAPP (big blind) collected ($23.52)


PokerStars Hand #152171770535:  Hold'em Limit ($3/$6 USD) - 2016/04/19 21:41:36 ET
Table 'Newtonia III' 6-max Seat #6 is the button
Seat 5: kurt183 ($494.08 in chips)
Seat 6: ABATAPP ($97.83 in chips)
ABATAPP: posts small blind $1
kurt183: posts big blind $3
*** HOLE CARDS ***
ABATAPP: raises $3 to $6
kurt183: folds
Uncalled bet ($3) returned to ABATAPP
ABATAPP collected $6 from pot
ABATAPP: doesn't show hand
*** SUMMARY ***
Total pot $6 | Rake $0
Seat 5: kurt183 (big blind) folded before Flop
Seat 6: ABATAPP (button) (small blind) collected ($6)


PokerStars Hand #152171753282:  Hold'em Limit ($3/$6 USD) - 2016/04/19 21:40:50 ET
Table 'Newtonia III' 6-max Seat #6 is the button
Seat 5: kurt183 ($522.08 in chips)
Seat 6: ABATAPP ($70.81 in chips)
ABATAPP: posts small blind $1
kurt183: posts big blind $3
*** HOLE CARDS ***
ABATAPP: folds
Uncalled bet ($2) returned to kurt183
kurt183 collected $2 from pot
kurt183: doesn't show hand
*** SUMMARY ***
Total pot $2 | Rake $0
Seat 5: kurt183 (big blind) collected ($2)
Seat 6: ABATAPP (button) (small blind) folded before Flop


PokerStars Hand #152171749306:  Hold'em Limit ($3/$6 USD) - 2016/04/19 21:40:39 ET
Table 'Newtonia III' 6-max Seat #5 is the button
Seat 5: kurt183 ($516.32 in chips)
Seat 6: ABATAPP ($76.81 in chips)
kurt183: posts small blind $1
ABATAPP: posts big blind $3
*** HOLE CARDS ***
kurt183: raises $3 to $6
ABATAPP: calls $3
*** FLOP *** [3d As 3s]
ABATAPP: checks
kurt183: bets $3
ABATAPP: folds
Uncalled bet ($3) returned to kurt183
kurt183 collected $11.76 from pot
kurt183: doesn't show hand
*** SUMMARY ***
Total pot $12 | Rake $0.24
Board [3d As 3s]
Seat 5: kurt183 (button) (small blind) collected ($11.76)
Seat 6: ABATAPP (big blind) folded on the Flop


PokerStars Hand #152171787935:  Hold'em Limit ($3/$6 USD) - 2016/04/19 21:42:22 ET
Table 'Newtonia III' 6-max Seat #6 is the button
Seat 5: kurt183 ($461.08 in chips)
Seat 6: ABATAPP ($129.97 in chips)
ABATAPP: posts small blind $1
kurt183: posts big blind $3
*** HOLE CARDS ***
ABATAPP: raises $3 to $6
kurt183: calls $3
*** FLOP *** [Tc 3c Kd]
kurt183: checks
ABATAPP: bets $3
kurt183: calls $3
*** TURN *** [Tc 3c Kd] [2d]
kurt183: checks
ABATAPP: checks
*** RIVER *** [Tc 3c Kd 2d] [7s]
kurt183: bets $6
ABATAPP: folds
Uncalled bet ($6) returned to kurt183
kurt183 collected $17.64 from pot
kurt183: doesn't show hand
*** SUMMARY ***
Total pot $18 | Rake $0.36
Board [Tc 3c Kd 2d 7s]
Seat 5: kurt183 (big blind) collected ($17.64)
Seat 6: ABATAPP (button) (small blind) folded on the River


PokerStars Hand #152171785797:  Hold'em Limit ($3/$6 USD) - 2016/04/19 21:42:17 ET
Table 'Newtonia III' 6-max Seat #5 is the button
Seat 5: kurt183 ($458.08 in chips)
Seat 6: ABATAPP ($132.97 in chips)
kurt183: posts small blind $1
ABATAPP: posts big blind $3
*** HOLE CARDS ***
kurt183: raises $3 to $6
ABATAPP: folds
Uncalled bet ($3) returned to kurt183
kurt183 collected $6 from pot
kurt183: doesn't show hand
*** SUMMARY ***
Total pot $6 | Rake $0
Seat 5: kurt183 (button) (small blind) collected ($6)
Seat 6: ABATAPP (big blind) folded before Flop


PokerStars Hand #152171778893:  Hold'em Limit ($3/$6 USD) - 2016/04/19 21:41:58 ET
Table 'Newtonia III' 6-max Seat #6 is the button
Seat 5: kurt183 ($482.08 in chips)
Seat 6: ABATAPP ($109.47 in chips)
ABATAPP: posts small blind $1
kurt183: posts big blind $3
*** HOLE CARDS ***
ABATAPP: raises $3 to $6
kurt183: raises $3 to $9
ABATAPP: calls $3
*** FLOP *** [9c 6d 8s]
kurt183: bets $3
ABATAPP: calls $3
*** TURN *** [9c 6d 8s] [2s]
kurt183: bets $6
ABATAPP: calls $6
*** RIVER *** [9c 6d 8s 2s] [6s]
kurt183: bets $6
ABATAPP: calls $6
*** SHOW DOWN ***
kurt183: shows [As Qh] (a pair of Sixes)
ABATAPP: shows [Jd 9d] (two pair, Nines and Sixes)
ABATAPP collected $47.50 from pot
*** SUMMARY ***
Total pot $48 | Rake $0.50
Board [9c 6d 8s 2s 6s]
Seat 5: kurt183 (big blind) showed [As Qh] and lost with a pair of Sixes
Seat 6: ABATAPP (button) (small blind) showed [Jd 9d] and won ($47.50) with two pair, Nines and Sixes


PokerStars Hand #152171772895:  Hold'em Limit ($3/$6 USD) - 2016/04/19 21:41:42 ET
Table 'Newtonia III' 6-max Seat #5 is the button
Seat 5: kurt183 ($491.08 in chips)
Seat 6: ABATAPP ($100.83 in chips)
kurt183: posts small blind $1
ABATAPP: posts big blind $3
*** HOLE CARDS ***
kurt183: raises $3 to $6
ABATAPP: calls $3
*** FLOP *** [Td As Tc]
ABATAPP: checks
kurt183: bets $3
ABATAPP: calls $3
*** TURN *** [Td As Tc] [Js]
ABATAPP: bets $6
kurt183: folds
Uncalled bet ($6) returned to ABATAPP
ABATAPP collected $17.64 from pot
ABATAPP: doesn't show hand
*** SUMMARY ***
Total pot $18 | Rake $0.36
Board [Td As Tc Js]
Seat 5: kurt183 (button) (small blind) folded on the Turn
Seat 6: ABATAPP (big blind) collected ($17.64)


PokerStars Hand #152171810998:  Hold'em Limit ($3/$6 USD) - 2016/04/19 21:43:24 ET
Table 'Newtonia III' 6-max Seat #5 is the button
Seat 5: kurt183 ($457.48 in chips)
Seat 6: ABATAPP ($132.47 in chips)
kurt183: posts small blind $1
ABATAPP: posts big blind $3
*** HOLE CARDS ***
kurt183: folds
Uncalled bet ($2) returned to ABATAPP
ABATAPP collected $2 from pot
ABATAPP: doesn't show hand
*** SUMMARY ***
Total pot $2 | Rake $0
Seat 5: kurt183 (button) (small blind) folded before Flop
Seat 6: ABATAPP (big blind) collected ($2)


PokerStars Hand #152171803233:  Hold'em Limit ($3/$6 USD) - 2016/04/19 21:43:03 ET
Table 'Newtonia III' 6-max Seat #6 is the button
Seat 5: kurt183 ($451.72 in chips)
Seat 6: ABATAPP ($138.47 in chips)
ABATAPP: posts small blind $1
kurt183: posts big blind $3
*** HOLE CARDS ***
ABATAPP: raises $3 to $6
kurt183: calls $3
*** FLOP *** [Kd Ks 4c]
kurt183: checks
ABATAPP: checks
*** TURN *** [Kd Ks 4c] [7h]
kurt183: bets $6
ABATAPP: folds
Uncalled bet ($6) returned to kurt183
kurt183 collected $11.76 from pot
kurt183: doesn't show hand
*** SUMMARY ***
Total pot $12 | Rake $0.24
Board [Kd Ks 4c 7h]
Seat 5: kurt183 (big blind) collected ($11.76)
Seat 6: ABATAPP (button) (small blind) folded on the Turn


PokerStars Hand #152171794412:  Hold'em Limit ($3/$6 USD) - 2016/04/19 21:42:40 ET
Table 'Newtonia III' 6-max Seat #5 is the button
Seat 5: kurt183 ($469.72 in chips)
Seat 6: ABATAPP ($120.97 in chips)
kurt183: posts small blind $1
ABATAPP: posts big blind $3
*** HOLE CARDS ***
kurt183: raises $3 to $6
ABATAPP: raises $3 to $9
kurt183: calls $3
*** FLOP *** [Td Qs 6s]
ABATAPP: bets $3
kurt183: calls $3
*** TURN *** [Td Qs 6s] [2d]
ABATAPP: bets $6
kurt183: calls $6
*** RIVER *** [Td Qs 6s 2d] [Qc]
ABATAPP: bets $6
kurt183: folds
Uncalled bet ($6) returned to ABATAPP
ABATAPP collected $35.50 from pot
ABATAPP: doesn't show hand
*** SUMMARY ***
Total pot $36 | Rake $0.50
Board [Td Qs 6s 2d Qc]
Seat 5: kurt183 (button) (small blind) folded on the River
Seat 6: ABATAPP (big blind) collected ($35.50)


PokerStars Hand #152171812876:  Hold'em Limit ($3/$6 USD) - 2016/04/19 21:43:29 ET
Table 'Newtonia III' 6-max Seat #6 is the button
Seat 5: kurt183 ($456.48 in chips)
Seat 6: ABATAPP ($133.47 in chips)
ABATAPP: posts small blind $1
kurt183: posts big blind $3
*** HOLE CARDS ***
ABATAPP: raises $3 to $6
kurt183: calls $3
*** FLOP *** [4h 3d Td]
kurt183: checks
ABATAPP: bets $3
kurt183: calls $3
*** TURN *** [4h 3d Td] [Th]
kurt183: checks
ABATAPP: checks
*** RIVER *** [4h 3d Td Th] [6d]
kurt183: checks
ABATAPP: checks
*** SHOW DOWN ***
kurt183: shows [7s 8d] (a pair of Tens)
ABATAPP: shows [As 9h] (a pair of Tens - Ace kicker)
ABATAPP collected $17.64 from pot
*** SUMMARY ***
Total pot $18 | Rake $0.36
Board [4h 3d Td Th 6d]
Seat 5: kurt183 (big blind) showed [7s 8d] and lost with a pair of Tens
Seat 6: ABATAPP (button) (small blind) showed [As 9h] and won ($17.64) with a pair of Tens


PokerStars Hand #152171839473:  Hold'em Limit ($3/$6 USD) - 2016/04/19 21:44:40 ET
Table 'Newtonia III' 6-max Seat #5 is the button
Seat 5: kurt183 ($476.98 in chips)
Seat 6: ABATAPP ($111.87 in chips)
kurt183: posts small blind $1
ABATAPP: posts big blind $3
*** HOLE CARDS ***
kurt183: raises $3 to $6
ABATAPP: folds
Uncalled bet ($3) returned to kurt183
kurt183 collected $6 from pot
*** SUMMARY ***
Total pot $6 | Rake $0
Seat 5: kurt183 (button) (small blind) collected ($6)
Seat 6: ABATAPP (big blind) folded before Flop


PokerStars Hand #152171837641:  Hold'em Limit ($3/$6 USD) - 2016/04/19 21:44:35 ET
Table 'Newtonia III' 6-max Seat #6 is the button
Seat 5: kurt183 ($475.98 in chips)
Seat 6: ABATAPP ($112.87 in chips)
ABATAPP: posts small blind $1
kurt183: posts big blind $3
*** HOLE CARDS ***
ABATAPP: folds
Uncalled bet ($2) returned to kurt183
kurt183 collected $2 from pot
*** SUMMARY ***
Total pot $2 | Rake $0
Seat 5: kurt183 (big blind) collected ($2)
Seat 6: ABATAPP (button) (small blind) folded before Flop


PokerStars Hand #152171829845:  Hold'em Limit ($3/$6 USD) - 2016/04/19 21:44:14 ET
Table 'Newtonia III' 6-max Seat #5 is the button
Seat 5: kurt183 ($481.98 in chips)
Seat 6: ABATAPP ($107.11 in chips)
kurt183: posts small blind $1
ABATAPP: posts big blind $3
*** HOLE CARDS ***
kurt183: raises $3 to $6
ABATAPP: calls $3
*** FLOP *** [7c 2h 3s]
ABATAPP: checks
kurt183: checks
*** TURN *** [7c 2h 3s] [3c]
ABATAPP: checks
kurt183: checks
*** RIVER *** [7c 2h 3s 3c] [4h]
ABATAPP: bets $6
kurt183: folds
Uncalled bet ($6) returned to ABATAPP
ABATAPP collected $11.76 from pot
ABATAPP: doesn't show hand
*** SUMMARY ***
Total pot $12 | Rake $0.24
Board [7c 2h 3s 3c 4h]
Seat 5: kurt183 (button) (small blind) folded on the River
Seat 6: ABATAPP (big blind) collected ($11.76)


PokerStars Hand #152171820003:  Hold'em Limit ($3/$6 USD) - 2016/04/19 21:43:48 ET
Table 'Newtonia III' 6-max Seat #5 is the button
Seat 5: kurt183 ($447.48 in chips)
Seat 6: ABATAPP ($142.11 in chips)
kurt183: posts small blind $1
ABATAPP: posts big blind $3
*** HOLE CARDS ***
kurt183: folds
Uncalled bet ($2) returned to ABATAPP
ABATAPP collected $2 from pot
ABATAPP: doesn't show hand
*** SUMMARY ***
Total pot $2 | Rake $0
Seat 5: kurt183 (button) (small blind) folded before Flop
Seat 6: ABATAPP (big blind) collected ($2)


PokerStars Hand #152171821805:  Hold'em Limit ($3/$6 USD) - 2016/04/19 21:43:53 ET
Table 'Newtonia III' 6-max Seat #6 is the button
Seat 5: kurt183 ($446.48 in chips)
Seat 6: ABATAPP ($143.11 in chips)
ABATAPP: posts small blind $1
kurt183: posts big blind $3
*** HOLE CARDS ***
ABATAPP: raises $3 to $6
kurt183: raises $3 to $9
ABATAPP: calls $3
*** FLOP *** [2h Ah 9c]
kurt183: bets $3
ABATAPP: calls $3
*** TURN *** [2h Ah 9c] [7d]
kurt183: bets $6
ABATAPP: raises $6 to $12
kurt183: raises $6 to $18
ABATAPP: calls $6
*** RIVER *** [2h Ah 9c 7d] [8c]
kurt183: bets $6
ABATAPP: calls $6
*** SHOW DOWN ***
kurt183: shows [9s Ac] (two pair, Aces and Nines)
ABATAPP: mucks hand
kurt183 collected $71.50 from pot
*** SUMMARY ***
Total pot $72 | Rake $0.50
Board [2h Ah 9c 7d 8c]
Seat 5: kurt183 (big blind) showed [9s Ac] and won ($71.50) with two pair, Aces and Nines
Seat 6: ABATAPP (button) (small blind) mucked


PokerStars Hand #152171855306:  Hold'em Limit ($3/$6 USD) - 2016/04/19 21:45:23 ET
Table 'Newtonia III' 6-max Seat #6 is the button
Seat 5: kurt183 ($470.98 in chips)
Seat 6: ABATAPP ($117.63 in chips)
ABATAPP: posts small blind $1
kurt183: posts big blind $3
*** HOLE CARDS ***
ABATAPP: folds
Uncalled bet ($2) returned to kurt183
kurt183 collected $2 from pot
*** SUMMARY ***
Total pot $2 | Rake $0
Seat 5: kurt183 (big blind) collected ($2)
Seat 6: ABATAPP (button) (small blind) folded before Flop


PokerStars Hand #152171853349:  Hold'em Limit ($3/$6 USD) - 2016/04/19 21:45:18 ET
Table 'Newtonia III' 6-max Seat #5 is the button
Seat 5: kurt183 ($471.98 in chips)
Seat 6: ABATAPP ($116.63 in chips)
kurt183: posts small blind $1
ABATAPP: posts big blind $3
*** HOLE CARDS ***
kurt183: folds
Uncalled bet ($2) returned to ABATAPP
ABATAPP collected $2 from pot
ABATAPP: doesn't show hand
*** SUMMARY ***
Total pot $2 | Rake $0
Seat 5: kurt183 (button) (small blind) folded before Flop
Seat 6: ABATAPP (big blind) collected ($2)


PokerStars Hand #152171851705:  Hold'em Limit ($3/$6 USD) - 2016/04/19 21:45:13 ET
Table 'Newtonia III' 6-max Seat #6 is the button
Seat 5: kurt183 ($470.98 in chips)
Seat 6: ABATAPP ($117.63 in chips)
ABATAPP: posts small blind $1
kurt183: posts big blind $3
*** HOLE CARDS ***
ABATAPP: folds
Uncalled bet ($2) returned to kurt183
kurt183 collected $2 from pot
*** SUMMARY ***
Total pot $2 | Rake $0
Seat 5: kurt183 (big blind) collected ($2)
Seat 6: ABATAPP (button) (small blind) folded before Flop


PokerStars Hand #152171844395:  Hold'em Limit ($3/$6 USD) - 2016/04/19 21:44:54 ET
Table 'Newtonia III' 6-max Seat #5 is the button
Seat 5: kurt183 ($476.98 in chips)
Seat 6: ABATAPP ($111.87 in chips)
kurt183: posts small blind $1
ABATAPP: posts big blind $3
*** HOLE CARDS ***
kurt183: raises $3 to $6
ABATAPP: calls $3
*** FLOP *** [Ah 4d Ac]
ABATAPP: checks
kurt183: checks
*** TURN *** [Ah 4d Ac] [2d]
ABATAPP: checks
kurt183: checks
*** RIVER *** [Ah 4d Ac 2d] [7c]
ABATAPP: bets $6
kurt183: folds
Uncalled bet ($6) returned to ABATAPP
ABATAPP collected $11.76 from pot
ABATAPP: doesn't show hand
*** SUMMARY ***
Total pot $12 | Rake $0.24
Board [Ah 4d Ac 2d 7c]
Seat 5: kurt183 (button) (small blind) folded on the River
Seat 6: ABATAPP (big blind) collected ($11.76)


PokerStars Hand #152171841913:  Hold'em Limit ($3/$6 USD) - 2016/04/19 21:44:47 ET
Table 'Newtonia III' 6-max Seat #6 is the button
Seat 5: kurt183 ($479.98 in chips)
Seat 6: ABATAPP ($108.87 in chips)
ABATAPP: posts small blind $1
kurt183: posts big blind $3
*** HOLE CARDS ***
ABATAPP: raises $3 to $6
kurt183: folds
Uncalled bet ($3) returned to ABATAPP
ABATAPP collected $6 from pot
ABATAPP: doesn't show hand
*** SUMMARY ***
Total pot $6 | Rake $0
Seat 5: kurt183 (big blind) folded before Flop
Seat 6: ABATAPP (button) (small blind) collected ($6)


PokerStars Hand #152171870885:  Hold'em Limit ($3/$6 USD) - 2016/04/19 21:46:05 ET
Table 'Newtonia III' 6-max Seat #5 is the button
Seat 5: kurt183 ($465.73 in chips)
Seat 6: ABATAPP ($122.14 in chips)
kurt183: posts small blind $1
ABATAPP: posts big blind $3
*** HOLE CARDS ***
kurt183: raises $3 to $6
ABATAPP: calls $3
*** FLOP *** [Qs Th As]
ABATAPP: checks
kurt183: bets $3
ABATAPP: calls $3
*** TURN *** [Qs Th As] [Tc]
ABATAPP: checks
kurt183: checks
*** RIVER *** [Qs Th As Tc] [6d]
ABATAPP: checks
kurt183: checks
*** SHOW DOWN ***
ABATAPP: shows [6c Ad] (two pair, Aces and Tens)
kurt183: mucks hand
ABATAPP collected $17.64 from pot
*** SUMMARY ***
Total pot $18 | Rake $0.36
Board [Qs Th As Tc 6d]
Seat 5: kurt183 (button) (small blind) mucked
Seat 6: ABATAPP (big blind) showed [6c Ad] and won ($17.64) with two pair, Aces and Tens


PokerStars Hand #152171866321:  Hold'em Limit ($3/$6 USD) - 2016/04/19 21:45:53 ET
Table 'Newtonia III' 6-max Seat #6 is the button
Seat 5: kurt183 ($471.73 in chips)
Seat 6: ABATAPP ($116.38 in chips)
ABATAPP: posts small blind $1
kurt183: posts big blind $3
*** HOLE CARDS ***
ABATAPP: raises $3 to $6
kurt183: calls $3
*** FLOP *** [2s 8h Tc]
kurt183: checks
ABATAPP: bets $3
kurt183: folds
Uncalled bet ($3) returned to ABATAPP
ABATAPP collected $11.76 from pot
ABATAPP: doesn't show hand
*** SUMMARY ***
Total pot $12 | Rake $0.24
Board [2s 8h Tc]
Seat 5: kurt183 (big blind) folded on the Flop
Seat 6: ABATAPP (button) (small blind) collected ($11.76)


PokerStars Hand #152171857210:  Hold'em Limit ($3/$6 USD) - 2016/04/19 21:45:28 ET
Table 'Newtonia III' 6-max Seat #5 is the button
Seat 5: kurt183 ($471.98 in chips)
Seat 6: ABATAPP ($116.63 in chips)
kurt183: posts small blind $1
ABATAPP: posts big blind $3
*** HOLE CARDS ***
kurt183: raises $3 to $6
ABATAPP: calls $3
*** FLOP *** [Ah Ac 6c]
ABATAPP: checks
kurt183: checks
*** TURN *** [Ah Ac 6c] [3c]
ABATAPP: checks
kurt183: checks
*** RIVER *** [Ah Ac 6c 3c] [Ks]
ABATAPP: bets $6
kurt183: raises $6 to $12
ABATAPP: calls $6
*** SHOW DOWN ***
kurt183: shows [Kd 5s] (two pair, Aces and Kings)
ABATAPP: shows [3s Kc] (two pair, Aces and Kings)
ABATAPP collected $17.75 from pot
kurt183 collected $17.75 from pot
*** SUMMARY ***
Total pot $36 | Rake $0.50
Board [Ah Ac 6c 3c Ks]
Seat 5: kurt183 (button) (small blind) showed [Kd 5s] and won ($17.75) with two pair, Aces and Kings
Seat 6: ABATAPP (big blind) showed [3s Kc] and won ($17.75) with two pair, Aces and Kings


PokerStars Hand #152173330406:  Hold'em Limit ($3/$6 USD) - 2016/04/19 22:56:44 ET
Table 'Newtonia III' 6-max Seat #2 is the button
Seat 2: MissEKAmouse ($166.92 in chips)
Seat 5: kurt183 ($497.75 in chips)
MissEKAmouse: posts small blind $1
kurt183: posts big blind $3
*** HOLE CARDS ***
MissEKAmouse: folds
Uncalled bet ($2) returned to kurt183
kurt183 collected $2 from pot
kurt183: doesn't show hand
*** SUMMARY ***
Total pot $2 | Rake $0
Seat 2: MissEKAmouse (button) (small blind) folded before Flop
Seat 5: kurt183 (big blind) collected ($2)


PokerStars Hand #152173320231:  Hold'em Limit ($3/$6 USD) - 2016/04/19 22:56:06 ET
Table 'Newtonia III' 6-max Seat #5 is the button
Seat 2: MissEKAmouse ($166.16 in chips)
Seat 5: kurt183 ($498.99 in chips)
kurt183: posts small blind $1
MissEKAmouse: posts big blind $3
*** HOLE CARDS ***
FissionChain leaves the table
kurt183: folds
Uncalled bet ($2) returned to MissEKAmouse
MissEKAmouse collected $2 from pot
MissEKAmouse: doesn't show hand
*** SUMMARY ***
Total pot $2 | Rake $0
Seat 2: MissEKAmouse (big blind) collected ($2)
Seat 5: kurt183 (button) (small blind) folded before Flop


PokerStars Hand #152173318812:  Hold'em Limit ($3/$6 USD) - 2016/04/19 22:56:01 ET
Table 'Newtonia III' 6-max Seat #2 is the button
Seat 2: MissEKAmouse ($167.16 in chips)
Seat 5: kurt183 ($497.99 in chips)
MissEKAmouse: posts small blind $1
anetkaapro was removed from the table for failing to post
kurt183: posts big blind $3
*** HOLE CARDS ***
MissEKAmouse: folds
Uncalled bet ($2) returned to kurt183
kurt183 collected $2 from pot
kurt183: doesn't show hand
*** SUMMARY ***
Total pot $2 | Rake $0
Seat 2: MissEKAmouse (button) (small blind) folded before Flop
Seat 5: kurt183 (big blind) collected ($2)


PokerStars Hand #152173316810:  Hold'em Limit ($3/$6 USD) - 2016/04/19 22:55:53 ET
Table 'Newtonia III' 6-max Seat #5 is the button
Seat 2: MissEKAmouse ($170.16 in chips)
Seat 5: kurt183 ($494.99 in chips)
kurt183: posts small blind $1
ABATAPP: is sitting out
MissEKAmouse: posts big blind $3
*** HOLE CARDS ***
kurt183: raises $3 to $6
MissEKAmouse: folds
Uncalled bet ($3) returned to kurt183
kurt183 collected $6 from pot
*** SUMMARY ***
Total pot $6 | Rake $0
Seat 2: MissEKAmouse (big blind) folded before Flop
Seat 5: kurt183 (button) (small blind) collected ($6)


PokerStars Hand #152173321711:  Hold'em Limit ($3/$6 USD) - 2016/04/19 22:56:12 ET
Table 'Newtonia III' 6-max Seat #2 is the button
Seat 2: MissEKAmouse ($167.16 in chips)
Seat 5: kurt183 ($497.99 in chips)
MissEKAmouse: posts small blind $1
kurt183: posts big blind $3
*** HOLE CARDS ***
MissEKAmouse: raises $3 to $6
kurt183: calls $3
*** FLOP *** [3h 6s 4s]
kurt183: checks
MissEKAmouse: bets $3
kurt183: folds
Uncalled bet ($3) returned to MissEKAmouse
MissEKAmouse collected $11.76 from pot
MissEKAmouse: doesn't show hand
*** SUMMARY ***
Total pot $12 | Rake $0.24
Board [3h 6s 4s]
Seat 2: MissEKAmouse (button) (small blind) collected ($11.76)
Seat 5: kurt183 (big blind) folded on the Flop


PokerStars Hand #152173325540:  Hold'em Limit ($3/$6 USD) - 2016/04/19 22:56:26 ET
Table 'Newtonia III' 6-max Seat #5 is the button
Seat 2: MissEKAmouse ($172.92 in chips)
Seat 5: kurt183 ($491.99 in chips)
kurt183: posts small blind $1
MissEKAmouse: posts big blind $3
*** HOLE CARDS ***
kurt183: raises $3 to $6
MissEKAmouse: calls $3
*** FLOP *** [6h Kh 2h]
MissEKAmouse: checks
kurt183: bets $3
MissEKAmouse: folds
Uncalled bet ($3) returned to kurt183
kurt183 collected $11.76 from pot
kurt183: doesn't show hand
*** SUMMARY ***
Total pot $12 | Rake $0.24
Board [6h Kh 2h]
Seat 2: MissEKAmouse (big blind) folded on the Flop
Seat 5: kurt183 (button) (small blind) collected ($11.76)


PokerStars Hand #152173333677:  Hold'em Limit ($3/$6 USD) - 2016/04/19 22:56:56 ET
Table 'Newtonia III' 6-max Seat #2 is the button
Seat 2: MissEKAmouse ($166.92 in chips)
Seat 5: kurt183 ($497.75 in chips)
MissEKAmouse: posts small blind $1
kurt183: posts big blind $3
*** HOLE CARDS ***
MissEKAmouse: folds
Uncalled bet ($2) returned to kurt183
kurt183 collected $2 from pot
kurt183: doesn't show hand
*** SUMMARY ***
Total pot $2 | Rake $0
Seat 2: MissEKAmouse (button) (small blind) folded before Flop
Seat 5: kurt183 (big blind) collected ($2)


PokerStars Hand #152173332364:  Hold'em Limit ($3/$6 USD) - 2016/04/19 22:56:51 ET
Table 'Newtonia III' 6-max Seat #5 is the button
Seat 2: MissEKAmouse ($165.92 in chips)
Seat 5: kurt183 ($498.75 in chips)
kurt183: posts small blind $1
MissEKAmouse: posts big blind $3
*** HOLE CARDS ***
kurt183: folds
Uncalled bet ($2) returned to MissEKAmouse
MissEKAmouse collected $2 from pot
MissEKAmouse: doesn't show hand
*** SUMMARY ***
Total pot $2 | Rake $0
Seat 2: MissEKAmouse (big blind) collected ($2)
Seat 5: kurt183 (button) (small blind) folded before Flop


PokerStars Hand #152173345206:  Hold'em Limit ($3/$6 USD) - 2016/04/19 22:57:38 ET
Table 'Newtonia III' 6-max Seat #6 is the button
Seat 5: kurt183 ($504.51 in chips)
Seat 6: ABATAPP ($215.57 in chips)
ABATAPP: posts small blind $1
kurt183: posts big blind $3
*** HOLE CARDS ***
ABATAPP: folds
Uncalled bet ($2) returned to kurt183
kurt183 collected $2 from pot
kurt183: doesn't show hand
*** SUMMARY ***
Total pot $2 | Rake $0
Seat 5: kurt183 (big blind) collected ($2)
Seat 6: ABATAPP (button) (small blind) folded before Flop


PokerStars Hand #152173337663:  Hold'em Limit ($3/$6 USD) - 2016/04/19 22:57:11 ET
Table 'Newtonia III' 6-max Seat #5 is the button
Seat 5: kurt183 ($498.75 in chips)
Seat 6: ABATAPP ($221.57 in chips)
kurt183: posts small blind $1
ABATAPP: posts big blind $3
*** HOLE CARDS ***
kurt183: raises $3 to $6
MissEKAmouse leaves the table
ABATAPP: calls $3
*** FLOP *** [Ac As Ks]
ABATAPP: checks
kurt183: bets $3
ABATAPP: folds
Uncalled bet ($3) returned to kurt183
kurt183 collected $11.76 from pot
kurt183: doesn't show hand
*** SUMMARY ***
Total pot $12 | Rake $0.24
Board [Ac As Ks]
Seat 5: kurt183 (button) (small blind) collected ($11.76)
Seat 6: ABATAPP (big blind) folded on the Flop


PokerStars Hand #152173352660:  Hold'em Limit ($3/$6 USD) - 2016/04/19 22:58:06 ET
Table 'Newtonia III' 6-max Seat #6 is the button
Seat 5: kurt183 ($472.51 in chips)
Seat 6: ABATAPP ($247.07 in chips)
ABATAPP: posts small blind $1
kurt183: posts big blind $3
*** HOLE CARDS ***
ABATAPP: raises $3 to $6
kurt183: raises $3 to $9
ABATAPP: calls $3
*** FLOP *** [9h Tc 7c]
kurt183: bets $3
ABATAPP: raises $3 to $6
kurt183: calls $3
*** TURN *** [9h Tc 7c] [Js]
kurt183: checks
ABATAPP: bets $6
kurt183: folds
Uncalled bet ($6) returned to ABATAPP
ABATAPP collected $29.50 from pot
ABATAPP: doesn't show hand
*** SUMMARY ***
Total pot $30 | Rake $0.50
Board [9h Tc 7c Js]
Seat 5: kurt183 (big blind) folded on the Turn
Seat 6: ABATAPP (button) (small blind) collected ($29.50)


PokerStars Hand #152173361776:  Hold'em Limit ($3/$6 USD) - 2016/04/19 22:58:39 ET
Table 'Newtonia III' 6-max Seat #6 is the button
Seat 5: kurt183 ($442.51 in chips)
Seat 6: ABATAPP ($276.07 in chips)
ABATAPP: posts small blind $1
kurt183: posts big blind $3
*** HOLE CARDS ***
ABATAPP: raises $3 to $6
kurt183: raises $3 to $9
ABATAPP: calls $3
*** FLOP *** [8d 2d 5d]
kurt183: bets $3
ABATAPP: calls $3
*** TURN *** [8d 2d 5d] [Jc]
kurt183: bets $6
ABATAPP: calls $6
*** RIVER *** [8d 2d 5d Jc] [6c]
kurt183: bets $6
ABATAPP: folds
Uncalled bet ($6) returned to kurt183
kurt183 collected $35.50 from pot
kurt183: doesn't show hand
*** SUMMARY ***
Total pot $36 | Rake $0.50
Board [8d 2d 5d Jc 6c]
Seat 5: kurt183 (big blind) collected ($35.50)
Seat 6: ABATAPP (button) (small blind) folded on the River


PokerStars Hand #152173357534:  Hold'em Limit ($3/$6 USD) - 2016/04/19 22:58:24 ET
Table 'Newtonia III' 6-max Seat #5 is the button
Seat 5: kurt183 ($457.51 in chips)
Seat 6: ABATAPP ($261.57 in chips)
kurt183: posts small blind $1
ABATAPP: posts big blind $3
*** HOLE CARDS ***
kurt183: raises $3 to $6
ABATAPP: calls $3
*** FLOP *** [Jc 4c 4s]
ABATAPP: checks
kurt183: bets $3
ABATAPP: calls $3
*** TURN *** [Jc 4c 4s] [Js]
ABATAPP: checks
kurt183: bets $6
ABATAPP: raises $6 to $12
kurt183: folds
Uncalled bet ($6) returned to ABATAPP
ABATAPP collected $29.50 from pot
ABATAPP: doesn't show hand
*** SUMMARY ***
Total pot $30 | Rake $0.50
Board [Jc 4c 4s Js]
Seat 5: kurt183 (button) (small blind) folded on the Turn
Seat 6: ABATAPP (big blind) collected ($29.50)


PokerStars Hand #152173346528:  Hold'em Limit ($3/$6 USD) - 2016/04/19 22:57:43 ET
Table 'Newtonia III' 6-max Seat #5 is the button
Seat 5: kurt183 ($505.51 in chips)
Seat 6: ABATAPP ($214.57 in chips)
kurt183: posts small blind $1
ABATAPP: posts big blind $3
*** HOLE CARDS ***
kurt183: raises $3 to $6
ABATAPP: raises $3 to $9
kurt183: raises $3 to $12
Betting is capped
ABATAPP: calls $3
*** FLOP *** [2d 9s 9c]
ABATAPP: checks
kurt183: bets $3
ABATAPP: calls $3
*** TURN *** [2d 9s 9c] [5s]
ABATAPP: checks
kurt183: bets $6
ABATAPP: raises $6 to $12
kurt183: calls $6
*** RIVER *** [2d 9s 9c 5s] [4d]
ABATAPP: bets $6
kurt183: calls $6
*** SHOW DOWN ***
ABATAPP: shows [8s 9d] (three of a kind, Nines)
kurt183: mucks hand
ABATAPP collected $65.50 from pot
*** SUMMARY ***
Total pot $66 | Rake $0.50
Board [2d 9s 9c 5s 4d]
Seat 5: kurt183 (button) (small blind) mucked
Seat 6: ABATAPP (big blind) showed [8s 9d] and won ($65.50) with three of a kind, Nines


PokerStars Hand #152173370231:  Hold'em Limit ($3/$6 USD) - 2016/04/19 22:59:10 ET
Table 'Newtonia III' 6-max Seat #6 is the button
Seat 5: kurt183 ($477.51 in chips)
Seat 6: ABATAPP ($240.07 in chips)
ABATAPP: posts small blind $1
kurt183: posts big blind $3
*** HOLE CARDS ***
ABATAPP: folds
Uncalled bet ($2) returned to kurt183
kurt183 collected $2 from pot
kurt183: doesn't show hand
*** SUMMARY ***
Total pot $2 | Rake $0
Seat 5: kurt183 (big blind) collected ($2)
Seat 6: ABATAPP (button) (small blind) folded before Flop


PokerStars Hand #152173366182:  Hold'em Limit ($3/$6 USD) - 2016/04/19 22:58:55 ET
Table 'Newtonia III' 6-max Seat #5 is the button
Seat 5: kurt183 ($460.01 in chips)
Seat 6: ABATAPP ($258.07 in chips)
kurt183: posts small blind $1
ABATAPP: posts big blind $3
*** HOLE CARDS ***
kurt183: raises $3 to $6
ABATAPP: calls $3
*** FLOP *** [Jh Ks 7d]
ABATAPP: checks
kurt183: checks
*** TURN *** [Jh Ks 7d] [Kc]
ABATAPP: bets $6
kurt183: calls $6
*** RIVER *** [Jh Ks 7d Kc] [9s]
ABATAPP: bets $6
kurt183: calls $6
*** SHOW DOWN ***
ABATAPP: shows [8c Qh] (a pair of Kings)
kurt183: shows [Ah 9c] (two pair, Kings and Nines)
kurt183 collected $35.50 from pot
*** SUMMARY ***
Total pot $36 | Rake $0.50
Board [Jh Ks 7d Kc 9s]
Seat 5: kurt183 (button) (small blind) showed [Ah 9c] and won ($35.50) with two pair, Kings and Nines
Seat 6: ABATAPP (big blind) showed [8c Qh] and lost with a pair of Kings


PokerStars Hand #152173380145:  Hold'em Limit ($3/$6 USD) - 2016/04/19 22:59:47 ET
Table 'Newtonia III' 6-max Seat #6 is the button
Seat 5: kurt183 ($452.51 in chips)
Seat 6: ABATAPP ($264.57 in chips)
ABATAPP: posts small blind $1
kurt183: posts big blind $3
*** HOLE CARDS ***
ABATAPP: raises $3 to $6
kurt183: folds
Uncalled bet ($3) returned to ABATAPP
ABATAPP collected $6 from pot
ABATAPP: doesn't show hand
*** SUMMARY ***
Total pot $6 | Rake $0
Seat 5: kurt183 (big blind) folded before Flop
Seat 6: ABATAPP (button) (small blind) collected ($6)


PokerStars Hand #152173378459:  Hold'em Limit ($3/$6 USD) - 2016/04/19 22:59:41 ET
Table 'Newtonia III' 6-max Seat #5 is the button
Seat 5: kurt183 ($449.51 in chips)
Seat 6: ABATAPP ($267.57 in chips)
kurt183: posts small blind $1
ABATAPP: posts big blind $3
*** HOLE CARDS ***
kurt183: raises $3 to $6
ABATAPP: folds
Uncalled bet ($3) returned to kurt183
kurt183 collected $6 from pot
kurt183: doesn't show hand
*** SUMMARY ***
Total pot $6 | Rake $0
Seat 5: kurt183 (button) (small blind) collected ($6)
Seat 6: ABATAPP (big blind) folded before Flop


PokerStars Hand #152173377069:  Hold'em Limit ($3/$6 USD) - 2016/04/19 22:59:35 ET
Table 'Newtonia III' 6-max Seat #6 is the button
Seat 5: kurt183 ($448.51 in chips)
Seat 6: ABATAPP ($268.57 in chips)
ABATAPP: posts small blind $1
kurt183: posts big blind $3
*** HOLE CARDS ***
ABATAPP: folds
Uncalled bet ($2) returned to kurt183
kurt183 collected $2 from pot
kurt183: doesn't show hand
*** SUMMARY ***
Total pot $2 | Rake $0
Seat 5: kurt183 (big blind) collected ($2)
Seat 6: ABATAPP (button) (small blind) folded before Flop


PokerStars Hand #152173371406:  Hold'em Limit ($3/$6 USD) - 2016/04/19 22:59:15 ET
Table 'Newtonia III' 6-max Seat #5 is the button
Seat 5: kurt183 ($478.51 in chips)
Seat 6: ABATAPP ($239.07 in chips)
kurt183: posts small blind $1
ABATAPP: posts big blind $3
*** HOLE CARDS ***
kurt183: raises $3 to $6
ABATAPP: calls $3
*** FLOP *** [Ks Jd 7d]
ABATAPP: checks
kurt183: bets $3
ABATAPP: raises $3 to $6
kurt183: calls $3
*** TURN *** [Ks Jd 7d] [6d]
ABATAPP: bets $6
kurt183: calls $6
*** RIVER *** [Ks Jd 7d 6d] [7s]
ABATAPP: bets $6
kurt183: raises $6 to $12
ABATAPP: calls $6
*** SHOW DOWN ***
kurt183: shows [2c Kd] (two pair, Kings and Sevens)
ABATAPP: shows [3c 7c] (three of a kind, Sevens)
ABATAPP collected $59.50 from pot
*** SUMMARY ***
Total pot $60 | Rake $0.50
Board [Ks Jd 7d 6d 7s]
Seat 5: kurt183 (button) (small blind) showed [2c Kd] and lost with two pair, Kings and Sevens
Seat 6: ABATAPP (big blind) showed [3c 7c] and won ($59.50) with three of a kind, Sevens


PokerStars Hand #152173383056:  Hold'em Limit ($3/$6 USD) - 2016/04/19 22:59:58 ET
Table 'Newtonia III' 6-max Seat #6 is the button
Seat 5: kurt183 ($448.51 in chips)
Seat 6: ABATAPP ($268.57 in chips)
ABATAPP: posts small blind $1
kurt183: posts big blind $3
*** HOLE CARDS ***
ABATAPP: raises $3 to $6
kurt183: calls $3
*** FLOP *** [2s 6s 3d]
kurt183: checks
ABATAPP: checks
*** TURN *** [2s 6s 3d] [8h]
kurt183: checks
ABATAPP: bets $6
kurt183: folds
Uncalled bet ($6) returned to ABATAPP
ABATAPP collected $11.76 from pot
ABATAPP: doesn't show hand
*** SUMMARY ***
Total pot $12 | Rake $0.24
Board [2s 6s 3d 8h]
Seat 5: kurt183 (big blind) folded on the Turn
Seat 6: ABATAPP (button) (small blind) collected ($11.76)


PokerStars Hand #152173391891:  Hold'em Limit ($3/$6 USD) - 2016/04/19 23:00:29 ET
Table 'Newtonia III' 6-max Seat #6 is the button
Seat 5: kurt183 ($430.51 in chips)
Seat 6: ABATAPP ($285.85 in chips)
ABATAPP: posts small blind $1
kurt183: posts big blind $3
*** HOLE CARDS ***
ABATAPP: raises $3 to $6
kurt183: folds
Uncalled bet ($3) returned to ABATAPP
ABATAPP collected $6 from pot
ABATAPP: doesn't show hand
*** SUMMARY ***
Total pot $6 | Rake $0
Seat 5: kurt183 (big blind) folded before Flop
Seat 6: ABATAPP (button) (small blind) collected ($6)


PokerStars Hand #152173387064:  Hold'em Limit ($3/$6 USD) - 2016/04/19 23:00:12 ET
Table 'Newtonia III' 6-max Seat #5 is the button
Seat 5: kurt183 ($442.51 in chips)
Seat 6: ABATAPP ($274.33 in chips)
kurt183: posts small blind $1
ABATAPP: posts big blind $3
*** HOLE CARDS ***
kurt183: raises $3 to $6
ABATAPP: calls $3
*** FLOP *** [3h 6s 6c]
ABATAPP: checks
kurt183: checks
*** TURN *** [3h 6s 6c] [Qd]
ABATAPP: checks
kurt183: checks
*** RIVER *** [3h 6s 6c Qd] [Qc]
ABATAPP: bets $6
kurt183: calls $6
*** SHOW DOWN ***
ABATAPP: shows [7c As] (two pair, Queens and Sixes)
kurt183: mucks hand
ABATAPP collected $23.52 from pot
*** SUMMARY ***
Total pot $24 | Rake $0.48
Board [3h 6s 6c Qd Qc]
Seat 5: kurt183 (button) (small blind) mucked
Seat 6: ABATAPP (big blind) showed [7c As] and won ($23.52) with two pair, Queens and Sixes


PokerStars Hand #152173393650:  Hold'em Limit ($3/$6 USD) - 2016/04/19 23:00:35 ET
Table 'Newtonia III' 6-max Seat #5 is the button
Seat 5: kurt183 ($427.51 in chips)
Seat 6: ABATAPP ($288.85 in chips)
kurt183: posts small blind $1
ABATAPP: posts big blind $3
*** HOLE CARDS ***
kurt183: raises $3 to $6
ABATAPP: calls $3
*** FLOP *** [4c 7d Js]
ABATAPP: checks
kurt183: checks
*** TURN *** [4c 7d Js] [9s]
ABATAPP: bets $6
kurt183: folds
Uncalled bet ($6) returned to ABATAPP
ABATAPP collected $11.76 from pot
ABATAPP: doesn't show hand
*** SUMMARY ***
Total pot $12 | Rake $0.24
Board [4c 7d Js 9s]
Seat 5: kurt183 (button) (small blind) folded on the Turn
Seat 6: ABATAPP (big blind) collected ($11.76)


PokerStars Hand #152173381795:  Hold'em Limit ($3/$6 USD) - 2016/04/19 22:59:53 ET
Table 'Newtonia III' 6-max Seat #5 is the button
Seat 5: kurt183 ($449.51 in chips)
Seat 6: ABATAPP ($267.57 in chips)
kurt183: posts small blind $1
ABATAPP: posts big blind $3
*** HOLE CARDS ***
kurt183: folds
Uncalled bet ($2) returned to ABATAPP
ABATAPP collected $2 from pot
ABATAPP: doesn't show hand
*** SUMMARY ***
Total pot $2 | Rake $0
Seat 5: kurt183 (button) (small blind) folded before Flop
Seat 6: ABATAPP (big blind) collected ($2)


PokerStars Hand #152173400977:  Hold'em Limit ($3/$6 USD) - 2016/04/19 23:01:01 ET
Table 'Newtonia III' 6-max Seat #5 is the button
Seat 5: kurt183 ($430.15 in chips)
Seat 6: ABATAPP ($285.61 in chips)
kurt183: posts small blind $1
ABATAPP: posts big blind $3
*** HOLE CARDS ***
kurt183: raises $3 to $6
ABATAPP: folds
Uncalled bet ($3) returned to kurt183
kurt183 collected $6 from pot
kurt183: doesn't show hand
*** SUMMARY ***
Total pot $6 | Rake $0
Seat 5: kurt183 (button) (small blind) collected ($6)
Seat 6: ABATAPP (big blind) folded before Flop


PokerStars Hand #152173397070:  Hold'em Limit ($3/$6 USD) - 2016/04/19 23:00:47 ET
Table 'Newtonia III' 6-max Seat #6 is the button
Seat 5: kurt183 ($421.51 in chips)
Seat 6: ABATAPP ($294.61 in chips)
ABATAPP: posts small blind $1
kurt183: posts big blind $3
*** HOLE CARDS ***
ABATAPP: raises $3 to $6
kurt183: raises $3 to $9
ABATAPP: calls $3
*** FLOP *** [3h 8h 2c]
kurt183: bets $3
ABATAPP: folds
Uncalled bet ($3) returned to kurt183
kurt183 collected $17.64 from pot
kurt183: doesn't show hand
*** SUMMARY ***
Total pot $18 | Rake $0.36
Board [3h 8h 2c]
Seat 5: kurt183 (big blind) collected ($17.64)
Seat 6: ABATAPP (button) (small blind) folded on the Flop


PokerStars Hand #152173406194:  Hold'em Limit ($3/$6 USD) - 2016/04/19 23:01:18 ET
Table 'Newtonia III' 6-max Seat #6 is the button
Seat 5: kurt183 ($433.15 in chips)
Seat 6: ABATAPP ($282.61 in chips)
ABATAPP: posts small blind $1
kurt183: posts big blind $3
*** HOLE CARDS ***
ABATAPP: folds
Uncalled bet ($2) returned to kurt183
kurt183 collected $2 from pot
kurt183: doesn't show hand
*** SUMMARY ***
Total pot $2 | Rake $0
Seat 5: kurt183 (big blind) collected ($2)
Seat 6: ABATAPP (button) (small blind) folded before Flop


PokerStars Hand #152173404427:  Hold'em Limit ($3/$6 USD) - 2016/04/19 23:01:12 ET
Table 'Newtonia III' 6-max Seat #5 is the button
Seat 5: kurt183 ($430.15 in chips)
Seat 6: ABATAPP ($285.61 in chips)
kurt183: posts small blind $1
ABATAPP: posts big blind $3
*** HOLE CARDS ***
kurt183: raises $3 to $6
ABATAPP: folds
Uncalled bet ($3) returned to kurt183
kurt183 collected $6 from pot
kurt183: doesn't show hand
*** SUMMARY ***
Total pot $6 | Rake $0
Seat 5: kurt183 (button) (small blind) collected ($6)
Seat 6: ABATAPP (big blind) folded before Flop


PokerStars Hand #152173409027:  Hold'em Limit ($3/$6 USD) - 2016/04/19 23:01:28 ET
Table 'Newtonia III' 6-max Seat #6 is the button
Seat 5: kurt183 ($433.15 in chips)
Seat 6: ABATAPP ($282.61 in chips)
ABATAPP: posts small blind $1
kurt183: posts big blind $3
*** HOLE CARDS ***
ABATAPP: folds
Uncalled bet ($2) returned to kurt183
kurt183 collected $2 from pot
kurt183: doesn't show hand
*** SUMMARY ***
Total pot $2 | Rake $0
Seat 5: kurt183 (big blind) collected ($2)
Seat 6: ABATAPP (button) (small blind) folded before Flop


PokerStars Hand #152173407681:  Hold'em Limit ($3/$6 USD) - 2016/04/19 23:01:24 ET
Table 'Newtonia III' 6-max Seat #5 is the button
Seat 5: kurt183 ($434.15 in chips)
Seat 6: ABATAPP ($281.61 in chips)
kurt183: posts small blind $1
ABATAPP: posts big blind $3
*** HOLE CARDS ***
kurt183: folds
Uncalled bet ($2) returned to ABATAPP
ABATAPP collected $2 from pot
ABATAPP: doesn't show hand
*** SUMMARY ***
Total pot $2 | Rake $0
Seat 5: kurt183 (button) (small blind) folded before Flop
Seat 6: ABATAPP (big blind) collected ($2)


PokerStars Hand #152173410492:  Hold'em Limit ($3/$6 USD) - 2016/04/19 23:01:33 ET
Table 'Newtonia III' 6-max Seat #5 is the button
Seat 5: kurt183 ($434.15 in chips)
Seat 6: ABATAPP ($281.61 in chips)
kurt183: posts small blind $1
ABATAPP: posts big blind $3
*** HOLE CARDS ***
kurt183: raises $3 to $6
ABATAPP: calls $3
*** FLOP *** [Tc As 7d]
ABATAPP: checks
kurt183: bets $3
ABATAPP: folds
Uncalled bet ($3) returned to kurt183
kurt183 collected $11.76 from pot
kurt183: doesn't show hand
*** SUMMARY ***
Total pot $12 | Rake $0.24
Board [Tc As 7d]
Seat 5: kurt183 (button) (small blind) collected ($11.76)
Seat 6: ABATAPP (big blind) folded on the Flop


PokerStars Hand #152173402665:  Hold'em Limit ($3/$6 USD) - 2016/04/19 23:01:06 ET
Table 'Newtonia III' 6-max Seat #6 is the button
Seat 5: kurt183 ($433.15 in chips)
Seat 6: ABATAPP ($282.61 in chips)
ABATAPP: posts small blind $1
kurt183: posts big blind $3
*** HOLE CARDS ***
ABATAPP: raises $3 to $6
kurt183: folds
Uncalled bet ($3) returned to ABATAPP
ABATAPP collected $6 from pot
ABATAPP: doesn't show hand
*** SUMMARY ***
Total pot $6 | Rake $0
Seat 5: kurt183 (big blind) folded before Flop
Seat 6: ABATAPP (button) (small blind) collected ($6)


PokerStars Hand #152173433939:  Hold'em Limit ($3/$6 USD) - 2016/04/19 23:02:43 ET
Table 'Newtonia III' 6-max Seat #5 is the button
Seat 5: kurt183 ($433.41 in chips)
Seat 6: ABATAPP ($280.77 in chips)
kurt183: posts small blind $1
ABATAPP: posts big blind $3
*** HOLE CARDS ***
kurt183: raises $3 to $6
ABATAPP: calls $3
*** FLOP *** [9d 3s Ad]
ABATAPP: checks
kurt183: bets $3
ABATAPP: folds
Uncalled bet ($3) returned to kurt183
kurt183 collected $11.76 from pot
*** SUMMARY ***
Total pot $12 | Rake $0.24
Board [9d 3s Ad]
Seat 5: kurt183 (button) (small blind) collected ($11.76)
Seat 6: ABATAPP (big blind) folded on the Flop


PokerStars Hand #152173413708:  Hold'em Limit ($3/$6 USD) - 2016/04/19 23:01:43 ET
Table 'Newtonia III' 6-max Seat #6 is the button
Seat 5: kurt183 ($439.91 in chips)
Seat 6: ABATAPP ($275.61 in chips)
ABATAPP: posts small blind $1
kurt183: posts big blind $3
*** HOLE CARDS ***
ABATAPP: raises $3 to $6
kurt183: calls $3
*** FLOP *** [2h Kc Jd]
kurt183: checks
ABATAPP: bets $3
kurt183: calls $3
*** TURN *** [2h Kc Jd] [Ts]
kurt183: checks
ABATAPP: checks
*** RIVER *** [2h Kc Jd Ts] [Ad]
kurt183: checks
ABATAPP: bets $6
kurt183: calls $6
*** SHOW DOWN ***
ABATAPP: shows [7c 2c] (a pair of Deuces)
kurt183: shows [Kd 5h] (a pair of Kings)
kurt183 collected $29.50 from pot
*** SUMMARY ***
Total pot $30 | Rake $0.50
Board [2h Kc Jd Ts Ad]
Seat 5: kurt183 (big blind) showed [Kd 5h] and won ($29.50) with a pair of Kings
Seat 6: ABATAPP (button) (small blind) showed [7c 2c] and lost with a pair of Deuces


PokerStars Hand #152173422007:  Hold'em Limit ($3/$6 USD) - 2016/04/19 23:02:04 ET
Table 'Newtonia III' 6-max Seat #5 is the button
Seat 5: kurt183 ($454.41 in chips)
Seat 6: ABATAPP ($260.61 in chips)
kurt183: posts small blind $1
ABATAPP: posts big blind $3
*** HOLE CARDS ***
kurt183: raises $3 to $6
ABATAPP: calls $3
*** FLOP *** [8d Jh 4h]
ABATAPP: checks
kurt183: bets $3
ABATAPP: calls $3
*** TURN *** [8d Jh 4h] [Tc]
ABATAPP: checks
kurt183: checks
*** RIVER *** [8d Jh 4h Tc] [2s]
ABATAPP: checks
kurt183: checks
*** SHOW DOWN ***
ABATAPP: shows [Ah 9d] (high card Ace)
kurt183: mucks hand
ABATAPP collected $17.64 from pot
*** SUMMARY ***
Total pot $18 | Rake $0.36
Board [8d Jh 4h Tc 2s]
Seat 5: kurt183 (button) (small blind) mucked
Seat 6: ABATAPP (big blind) showed [Ah 9d] and won ($17.64) with high card Ace


PokerStars Hand #152173428508:  Hold'em Limit ($3/$6 USD) - 2016/04/19 23:02:26 ET
Table 'Newtonia III' 6-max Seat #6 is the button
Seat 5: kurt183 ($445.41 in chips)
Seat 6: ABATAPP ($269.25 in chips)
ABATAPP: posts small blind $1
kurt183: posts big blind $3
*** HOLE CARDS ***
ABATAPP: raises $3 to $6
kurt183: calls $3
*** FLOP *** [Qd Ks 7s]
kurt183: checks
ABATAPP: checks
*** TURN *** [Qd Ks 7s] [2h]
kurt183: checks
ABATAPP: checks
*** RIVER *** [Qd Ks 7s 2h] [9d]
kurt183: bets $6
ABATAPP: calls $6
*** SHOW DOWN ***
kurt183: shows [9c 5c] (a pair of Nines)
ABATAPP: shows [9h Td] (a pair of Nines - King+Queen+Ten kicker)
ABATAPP collected $23.52 from pot
*** SUMMARY ***
Total pot $24 | Rake $0.48
Board [Qd Ks 7s 2h 9d]
Seat 5: kurt183 (big blind) showed [9c 5c] and lost with a pair of Nines
Seat 6: ABATAPP (button) (small blind) showed [9h Td] and won ($23.52) with a pair of Nines


PokerStars Hand #152173439481:  Hold'em Limit ($3/$6 USD) - 2016/04/19 23:03:01 ET
Table 'Newtonia III' 6-max Seat #5 is the button
Seat 5: kurt183 ($440.17 in chips)
Seat 6: ABATAPP ($273.77 in chips)
kurt183: posts small blind $1
ABATAPP: posts big blind $3
*** HOLE CARDS ***
kurt183: raises $3 to $6
ABATAPP: calls $3
*** FLOP *** [6h Ad 7h]
ABATAPP: checks
kurt183: bets $3
ABATAPP: calls $3
*** TURN *** [6h Ad 7h] [Qs]
ABATAPP: checks
kurt183: bets $6
ABATAPP: calls $6
*** RIVER *** [6h Ad 7h Qs] [Kd]
ABATAPP: checks
kurt183: bets $6
ABATAPP: calls $6
*** SHOW DOWN ***
kurt183: shows [Kc 4c] (a pair of Kings)
ABATAPP: shows [5h Kh] (a pair of Kings)
ABATAPP collected $20.75 from pot
kurt183 collected $20.75 from pot
*** SUMMARY ***
Total pot $42 | Rake $0.50
Board [6h Ad 7h Qs Kd]
Seat 5: kurt183 (button) (small blind) showed [Kc 4c] and won ($20.75) with a pair of Kings
Seat 6: ABATAPP (big blind) showed [5h Kh] and won ($20.75) with a pair of Kings


PokerStars Hand #152173448463:  Hold'em Limit ($3/$6 USD) - 2016/04/19 23:03:31 ET
Table 'Newtonia III' 6-max Seat #5 is the button
Seat 5: kurt183 ($436.92 in chips)
Seat 6: ABATAPP ($276.52 in chips)
kurt183: posts small blind $1
ABATAPP: posts big blind $3
*** HOLE CARDS ***
kurt183: raises $3 to $6
ABATAPP: calls $3
*** FLOP *** [Jd 4h 4d]
ABATAPP: checks
kurt183: checks
*** TURN *** [Jd 4h 4d] [7c]
ABATAPP: bets $6
kurt183: calls $6
*** RIVER *** [Jd 4h 4d 7c] [Jh]
ABATAPP: checks
kurt183: checks
*** SHOW DOWN ***
ABATAPP: shows [Ks 5s] (two pair, Jacks and Fours)
kurt183: shows [Kh Tc] (two pair, Jacks and Fours)
ABATAPP collected $11.76 from pot
kurt183 collected $11.76 from pot
*** SUMMARY ***
Total pot $24 | Rake $0.48
Board [Jd 4h 4d 7c Jh]
Seat 5: kurt183 (button) (small blind) showed [Kh Tc] and won ($11.76) with two pair, Jacks and Fours
Seat 6: ABATAPP (big blind) showed [Ks 5s] and won ($11.76) with two pair, Jacks and Fours


PokerStars Hand #152173453472:  Hold'em Limit ($3/$6 USD) - 2016/04/19 23:03:47 ET
Table 'Newtonia III' 6-max Seat #6 is the button
Seat 5: kurt183 ($436.68 in chips)
Seat 6: ABATAPP ($276.28 in chips)
ABATAPP: posts small blind $1
kurt183: posts big blind $3
*** HOLE CARDS ***
ABATAPP: raises $3 to $6
kurt183: folds
Uncalled bet ($3) returned to ABATAPP
ABATAPP collected $6 from pot
ABATAPP: doesn't show hand
*** SUMMARY ***
Total pot $6 | Rake $0
Seat 5: kurt183 (big blind) folded before Flop
Seat 6: ABATAPP (button) (small blind) collected ($6)


PokerStars Hand #152173446231:  Hold'em Limit ($3/$6 USD) - 2016/04/19 23:03:23 ET
Table 'Newtonia III' 6-max Seat #6 is the button
Seat 5: kurt183 ($439.92 in chips)
Seat 6: ABATAPP ($273.52 in chips)
ABATAPP: posts small blind $1
kurt183: posts big blind $3
*** HOLE CARDS ***
ABATAPP: raises $3 to $6
kurt183: folds
Uncalled bet ($3) returned to ABATAPP
ABATAPP collected $6 from pot
ABATAPP: doesn't show hand
*** SUMMARY ***
Total pot $6 | Rake $0
Seat 5: kurt183 (big blind) folded before Flop
Seat 6: ABATAPP (button) (small blind) collected ($6)


PokerStars Hand #152173455812:  Hold'em Limit ($3/$6 USD) - 2016/04/19 23:03:54 ET
Table 'Newtonia III' 6-max Seat #5 is the button
Seat 5: kurt183 ($433.68 in chips)
Seat 6: ABATAPP ($279.28 in chips)
kurt183: posts small blind $1
ABATAPP: posts big blind $3
*** HOLE CARDS ***
kurt183: raises $3 to $6
ABATAPP: calls $3
*** FLOP *** [Js 5s 7d]
ABATAPP: checks
kurt183: bets $3
ABATAPP: raises $3 to $6
kurt183: calls $3
*** TURN *** [Js 5s 7d] [8d]
ABATAPP: bets $6
kurt183: calls $6
*** RIVER *** [Js 5s 7d 8d] [9d]
ABATAPP: checks
kurt183: bets $6
ABATAPP: folds
Uncalled bet ($6) returned to kurt183
kurt183 collected $35.50 from pot
kurt183: doesn't show hand
*** SUMMARY ***
Total pot $36 | Rake $0.50
Board [Js 5s 7d 8d 9d]
Seat 5: kurt183 (button) (small blind) collected ($35.50)
Seat 6: ABATAPP (big blind) folded on the River


PokerStars Hand #152173467258:  Hold'em Limit ($3/$6 USD) - 2016/04/19 23:04:31 ET
Table 'Newtonia III' 6-max Seat #5 is the button
Seat 5: kurt183 ($456.94 in chips)
Seat 6: ABATAPP ($255.28 in chips)
kurt183: posts small blind $1
ABATAPP: posts big blind $3
*** HOLE CARDS ***
kurt183: folds
Uncalled bet ($2) returned to ABATAPP
ABATAPP collected $2 from pot
ABATAPP: doesn't show hand
*** SUMMARY ***
Total pot $2 | Rake $0
Seat 5: kurt183 (button) (small blind) folded before Flop
Seat 6: ABATAPP (big blind) collected ($2)


PokerStars Hand #152173463222:  Hold'em Limit ($3/$6 USD) - 2016/04/19 23:04:18 ET
Table 'Newtonia III' 6-max Seat #6 is the button
Seat 5: kurt183 ($451.18 in chips)
Seat 6: ABATAPP ($261.28 in chips)
ABATAPP: posts small blind $1
kurt183: posts big blind $3
*** HOLE CARDS ***
ABATAPP: raises $3 to $6
kurt183: calls $3
*** FLOP *** [5h 6d 8d]
kurt183: bets $3
ABATAPP: folds
Uncalled bet ($3) returned to kurt183
kurt183 collected $11.76 from pot
kurt183: doesn't show hand
*** SUMMARY ***
Total pot $12 | Rake $0.24
Board [5h 6d 8d]
Seat 5: kurt183 (big blind) collected ($11.76)
Seat 6: ABATAPP (button) (small blind) folded on the Flop


PokerStars Hand #152173478654:  Hold'em Limit ($3/$6 USD) - 2016/04/19 23:05:08 ET
Table 'Newtonia III' 6-max Seat #5 is the button
Seat 5: kurt183 ($457.58 in chips)
Seat 6: ABATAPP ($254.04 in chips)
kurt183: posts small blind $1
ABATAPP: posts big blind $3
*** HOLE CARDS ***
kurt183: raises $3 to $6
chrispy12345 joins the table at seat #1
ABATAPP: folds
Uncalled bet ($3) returned to kurt183
kurt183 collected $6 from pot
*** SUMMARY ***
Total pot $6 | Rake $0
Seat 5: kurt183 (button) (small blind) collected ($6)
Seat 6: ABATAPP (big blind) folded before Flop


PokerStars Hand #152173474497:  Hold'em Limit ($3/$6 USD) - 2016/04/19 23:04:54 ET
Table 'Newtonia III' 6-max Seat #6 is the button
Seat 5: kurt183 ($448.94 in chips)
Seat 6: ABATAPP ($263.04 in chips)
ABATAPP: posts small blind $1
kurt183: posts big blind $3
*** HOLE CARDS ***
ABATAPP: raises $3 to $6
kurt183: raises $3 to $9
ABATAPP: calls $3
*** FLOP *** [6c 3h Td]
kurt183: bets $3
ABATAPP: folds
Uncalled bet ($3) returned to kurt183
kurt183 collected $17.64 from pot
kurt183: doesn't show hand
*** SUMMARY ***
Total pot $18 | Rake $0.36
Board [6c 3h Td]
Seat 5: kurt183 (big blind) collected ($17.64)
Seat 6: ABATAPP (button) (small blind) folded on the Flop


PokerStars Hand #152173472717:  Hold'em Limit ($3/$6 USD) - 2016/04/19 23:04:48 ET
Table 'Newtonia III' 6-max Seat #5 is the button
Seat 5: kurt183 ($449.94 in chips)
Seat 6: ABATAPP ($262.04 in chips)
kurt183: posts small blind $1
ABATAPP: posts big blind $3
*** HOLE CARDS ***
kurt183: folds
Uncalled bet ($2) returned to ABATAPP
ABATAPP collected $2 from pot
ABATAPP: doesn't show hand
*** SUMMARY ***
Total pot $2 | Rake $0
Seat 5: kurt183 (button) (small blind) folded before Flop
Seat 6: ABATAPP (big blind) collected ($2)


PokerStars Hand #152173468928:  Hold'em Limit ($3/$6 USD) - 2016/04/19 23:04:36 ET
Table 'Newtonia III' 6-max Seat #6 is the button
Seat 5: kurt183 ($455.94 in chips)
Seat 6: ABATAPP ($256.28 in chips)
ABATAPP: posts small blind $1
kurt183: posts big blind $3
*** HOLE CARDS ***
ABATAPP: raises $3 to $6
kurt183: calls $3
*** FLOP *** [Tc 6d 3s]
kurt183: checks
ABATAPP: bets $3
kurt183: folds
Uncalled bet ($3) returned to ABATAPP
ABATAPP collected $11.76 from pot
ABATAPP: doesn't show hand
*** SUMMARY ***
Total pot $12 | Rake $0.24
Board [Tc 6d 3s]
Seat 5: kurt183 (big blind) folded on the Flop
Seat 6: ABATAPP (button) (small blind) collected ($11.76)


PokerStars Hand #152173518528:  Hold'em Limit ($3/$6 USD) - 2016/04/19 23:06:54 ET
Table 'Newtonia III' 6-max Seat #6 is the button
Seat 5: kurt183 ($455.29 in chips)
Seat 6: ABATAPP ($292.55 in chips)
ABATAPP: posts small blind $1
kurt183: posts big blind $3
*** HOLE CARDS ***
ABATAPP: raises $3 to $6
kurt183: folds
Uncalled bet ($3) returned to ABATAPP
ABATAPP collected $6 from pot
ABATAPP: doesn't show hand
*** SUMMARY ***
Total pot $6 | Rake $0
Seat 5: kurt183 (big blind) folded before Flop
Seat 6: ABATAPP (button) (small blind) collected ($6)


PokerStars Hand #152173521732:  Hold'em Limit ($3/$6 USD) - 2016/04/19 23:07:05 ET
Table 'Newtonia III' 6-max Seat #6 is the button
Seat 5: kurt183 ($451.29 in chips)
Seat 6: ABATAPP ($296.55 in chips)
ABATAPP: posts small blind $1
kurt183: posts big blind $3
*** HOLE CARDS ***
ABATAPP: raises $3 to $6
kurt183: raises $3 to $9
ABATAPP: calls $3
*** FLOP *** [6c 2h 6d]
kurt183: bets $3
ABATAPP: raises $3 to $6
kurt183: calls $3
*** TURN *** [6c 2h 6d] [8h]
kurt183: checks
ABATAPP: checks
*** RIVER *** [6c 2h 6d 8h] [Th]
kurt183: bets $6
ABATAPP: folds
Uncalled bet ($6) returned to kurt183
kurt183 collected $29.50 from pot
kurt183: doesn't show hand
*** SUMMARY ***
Total pot $30 | Rake $0.50
Board [6c 2h 6d 8h Th]
Seat 5: kurt183 (big blind) collected ($29.50)
Seat 6: ABATAPP (button) (small blind) folded on the River


PokerStars Hand #152173528084:  Hold'em Limit ($3/$6 USD) - 2016/04/19 23:07:26 ET
Table 'Newtonia III' 6-max Seat #5 is the button
Seat 5: kurt183 ($465.79 in chips)
Seat 6: ABATAPP ($281.55 in chips)
kurt183: posts small blind $1
ABATAPP: posts big blind $3
*** HOLE CARDS ***
kurt183: raises $3 to $6
happyyak joins the table at seat #4
ABATAPP: folds
Uncalled bet ($3) returned to kurt183
kurt183 collected $6 from pot
*** SUMMARY ***
Total pot $6 | Rake $0
Seat 5: kurt183 (button) (small blind) collected ($6)
Seat 6: ABATAPP (big blind) folded before Flop


PokerStars Hand #152176469320:  Hold'em Limit ($3/$6 USD) - 2016/04/20 2:13:25 ET
Table 'Newtonia III' 6-max Seat #5 is the button
Seat 4: AzureCaper ($322.56 in chips)
Seat 5: kurt183 ($343.22 in chips)
kurt183: posts small blind $1
anetkaapro was removed from the table for failing to post
AzureCaper: posts big blind $3
*** HOLE CARDS ***
kurt183: raises $3 to $6
AzureCaper: calls $3
*** FLOP *** [4c 7d Tc]
AzureCaper: checks
kurt183: bets $3
AzureCaper: raises $3 to $6
kurt183: calls $3
*** TURN *** [4c 7d Tc] [Qd]
AzureCaper: bets $6
kurt183: folds
Uncalled bet ($6) returned to AzureCaper
AzureCaper collected $23.52 from pot
AzureCaper: doesn't show hand
*** SUMMARY ***
Total pot $24 | Rake $0.48
Board [4c 7d Tc Qd]
Seat 4: AzureCaper (big blind) collected ($23.52)
Seat 5: kurt183 (button) (small blind) folded on the Turn


PokerStars Hand #152176467811:  Hold'em Limit ($3/$6 USD) - 2016/04/20 2:13:19 ET
Table 'Newtonia III' 6-max Seat #4 is the button
Seat 4: AzureCaper ($323.56 in chips)
Seat 5: kurt183 ($342.22 in chips)
AzureCaper: posts small blind $1
kurt183: posts big blind $3
*** HOLE CARDS ***
AzureCaper: folds
Uncalled bet ($2) returned to kurt183
kurt183 collected $2 from pot
kurt183: doesn't show hand
*** SUMMARY ***
Total pot $2 | Rake $0
Seat 4: AzureCaper (button) (small blind) folded before Flop
Seat 5: kurt183 (big blind) collected ($2)


PokerStars Hand #152176464594:  Hold'em Limit ($3/$6 USD) - 2016/04/20 2:13:07 ET
Table 'Newtonia III' 6-max Seat #5 is the button
Seat 4: AzureCaper ($314.92 in chips)
Seat 5: kurt183 ($351.22 in chips)
kurt183: posts small blind $1
luckylady555: is sitting out
AzureCaper: posts big blind $3
*** HOLE CARDS ***
kurt183: raises $3 to $6
AzureCaper: calls $3
*** FLOP *** [2h As 6h]
luckylady555 leaves the table
AzureCaper: checks
kurt183: bets $3
AzureCaper: raises $3 to $6
kurt183: folds
Uncalled bet ($3) returned to AzureCaper
AzureCaper collected $17.64 from pot
AzureCaper: doesn't show hand
*** SUMMARY ***
Total pot $18 | Rake $0.36
Board [2h As 6h]
Seat 4: AzureCaper (big blind) collected ($17.64)
Seat 5: kurt183 (button) (small blind) folded on the Flop


PokerStars Hand #152176475528:  Hold'em Limit ($3/$6 USD) - 2016/04/20 2:13:49 ET
Table 'Newtonia III' 6-max Seat #5 is the button
Seat 4: AzureCaper ($337.08 in chips)
Seat 5: kurt183 ($328.22 in chips)
kurt183: posts small blind $1
AzureCaper: posts big blind $3
*** HOLE CARDS ***
kurt183: raises $3 to $6
AzureCaper: calls $3
*** FLOP *** [Jd Ac 5c]
AzureCaper: checks
kurt183: bets $3
AzureCaper: folds
Uncalled bet ($3) returned to kurt183
kurt183 collected $11.76 from pot
kurt183: doesn't show hand
*** SUMMARY ***
Total pot $12 | Rake $0.24
Board [Jd Ac 5c]
Seat 4: AzureCaper (big blind) folded on the Flop
Seat 5: kurt183 (button) (small blind) collected ($11.76)


PokerStars Hand #152176473848:  Hold'em Limit ($3/$6 USD) - 2016/04/20 2:13:43 ET
Table 'Newtonia III' 6-max Seat #4 is the button
Seat 4: AzureCaper ($334.08 in chips)
Seat 5: kurt183 ($331.22 in chips)
AzureCaper: posts small blind $1
kurt183: posts big blind $3
*** HOLE CARDS ***
AzureCaper: raises $3 to $6
kurt183: folds
Uncalled bet ($3) returned to AzureCaper
AzureCaper collected $6 from pot
AzureCaper: doesn't show hand
*** SUMMARY ***
Total pot $6 | Rake $0
Seat 4: AzureCaper (button) (small blind) collected ($6)
Seat 5: kurt183 (big blind) folded before Flop


PokerStars Hand #152176489523:  Hold'em Limit ($3/$6 USD) - 2016/04/20 2:14:43 ET
Table 'Newtonia III' 6-max Seat #4 is the button
Seat 4: AzureCaper ($320.84 in chips)
Seat 5: kurt183 ($343.48 in chips)
AzureCaper: posts small blind $1
kurt183: posts big blind $3
*** HOLE CARDS ***
AzureCaper: folds
Uncalled bet ($2) returned to kurt183
kurt183 collected $2 from pot
*** SUMMARY ***
Total pot $2 | Rake $0
Seat 4: AzureCaper (button) (small blind) folded before Flop
Seat 5: kurt183 (big blind) collected ($2)


PokerStars Hand #152176488310:  Hold'em Limit ($3/$6 USD) - 2016/04/20 2:14:39 ET
Table 'Newtonia III' 6-max Seat #5 is the button
Seat 4: AzureCaper ($319.84 in chips)
Seat 5: kurt183 ($344.48 in chips)
kurt183: posts small blind $1
AzureCaper: posts big blind $3
*** HOLE CARDS ***
kurt183: folds
Uncalled bet ($2) returned to AzureCaper
AzureCaper collected $2 from pot
AzureCaper: doesn't show hand
*** SUMMARY ***
Total pot $2 | Rake $0
Seat 4: AzureCaper (big blind) collected ($2)
Seat 5: kurt183 (button) (small blind) folded before Flop


PokerStars Hand #152176487106:  Hold'em Limit ($3/$6 USD) - 2016/04/20 2:14:34 ET
Table 'Newtonia III' 6-max Seat #4 is the button
Seat 4: AzureCaper ($320.84 in chips)
Seat 5: kurt183 ($343.48 in chips)
AzureCaper: posts small blind $1
kurt183: posts big blind $3
*** HOLE CARDS ***
AzureCaper: folds
Uncalled bet ($2) returned to kurt183
kurt183 collected $2 from pot
*** SUMMARY ***
Total pot $2 | Rake $0
Seat 4: AzureCaper (button) (small blind) folded before Flop
Seat 5: kurt183 (big blind) collected ($2)


PokerStars Hand #152176483609:  Hold'em Limit ($3/$6 USD) - 2016/04/20 2:14:20 ET
Table 'Newtonia III' 6-max Seat #4 is the button
Seat 4: AzureCaper ($314.08 in chips)
Seat 5: kurt183 ($350.48 in chips)
AzureCaper: posts small blind $1
kurt183: posts big blind $3
*** HOLE CARDS ***
AzureCaper: raises $3 to $6
kurt183: calls $3
*** FLOP *** [3h Kh 5d]
kurt183: checks
AzureCaper: bets $3
kurt183: folds
Uncalled bet ($3) returned to AzureCaper
AzureCaper collected $11.76 from pot
AzureCaper: doesn't show hand
*** SUMMARY ***
Total pot $12 | Rake $0.24
Board [3h Kh 5d]
Seat 4: AzureCaper (button) (small blind) collected ($11.76)
Seat 5: kurt183 (big blind) folded on the Flop


PokerStars Hand #152176477772:  Hold'em Limit ($3/$6 USD) - 2016/04/20 2:13:58 ET
Table 'Newtonia III' 6-max Seat #4 is the button
Seat 4: AzureCaper ($331.08 in chips)
Seat 5: kurt183 ($333.98 in chips)
AzureCaper: posts small blind $1
kurt183: posts big blind $3
*** HOLE CARDS ***
AzureCaper: raises $3 to $6
kurt183: calls $3
*** FLOP *** [8d 4d 8c]
kurt183: checks
AzureCaper: bets $3
kurt183: raises $3 to $6
AzureCaper: calls $3
*** TURN *** [8d 4d 8c] [8s]
kurt183: bets $6
AzureCaper: calls $6
*** RIVER *** [8d 4d 8c 8s] [3d]
kurt183: bets $6
AzureCaper: folds
Uncalled bet ($6) returned to kurt183
kurt183 collected $35.50 from pot
kurt183: doesn't show hand
*** SUMMARY ***
Total pot $36 | Rake $0.50
Board [8d 4d 8c 8s 3d]
Seat 4: AzureCaper (button) (small blind) folded on the River
Seat 5: kurt183 (big blind) collected ($35.50)


PokerStars Hand #152176491880:  Hold'em Limit ($3/$6 USD) - 2016/04/20 2:14:52 ET
Table 'Newtonia III' 6-max Seat #5 is the button
Seat 4: AzureCaper ($319.84 in chips)
Seat 5: kurt183 ($344.48 in chips)
kurt183: posts small blind $1
AzureCaper: posts big blind $3
*** HOLE CARDS ***
kurt183: raises $3 to $6
AzureCaper: calls $3
*** FLOP *** [2d Kd Jd]
AzureCaper: checks
kurt183: bets $3
AzureCaper: folds
Uncalled bet ($3) returned to kurt183
kurt183 collected $11.76 from pot
kurt183: doesn't show hand
*** SUMMARY ***
Total pot $12 | Rake $0.24
Board [2d Kd Jd]
Seat 4: AzureCaper (big blind) folded on the Flop
Seat 5: kurt183 (button) (small blind) collected ($11.76)


PokerStars Hand #152176482417:  Hold'em Limit ($3/$6 USD) - 2016/04/20 2:14:16 ET
Table 'Newtonia III' 6-max Seat #5 is the button
Seat 4: AzureCaper ($313.08 in chips)
Seat 5: kurt183 ($351.48 in chips)
kurt183: posts small blind $1
AzureCaper: posts big blind $3
*** HOLE CARDS ***
kurt183: folds
Uncalled bet ($2) returned to AzureCaper
AzureCaper collected $2 from pot
AzureCaper: doesn't show hand
*** SUMMARY ***
Total pot $2 | Rake $0
Seat 4: AzureCaper (big blind) collected ($2)
Seat 5: kurt183 (button) (small blind) folded before Flop


PokerStars Hand #152176507532:  Hold'em Limit ($3/$6 USD) - 2016/04/20 2:15:53 ET
Table 'Newtonia III' 6-max Seat #5 is the button
Seat 4: AzureCaper ($327.34 in chips)
Seat 5: kurt183 ($336 in chips)
kurt183: posts small blind $1
AzureCaper: posts big blind $3
*** HOLE CARDS ***
kurt183: raises $3 to $6
AzureCaper: folds
Uncalled bet ($3) returned to kurt183
kurt183 collected $6 from pot
*** SUMMARY ***
Total pot $6 | Rake $0
Seat 4: AzureCaper (big blind) folded before Flop
Seat 5: kurt183 (button) (small blind) collected ($6)


PokerStars Hand #152176506250:  Hold'em Limit ($3/$6 USD) - 2016/04/20 2:15:48 ET
Table 'Newtonia III' 6-max Seat #4 is the button
Seat 4: AzureCaper ($328.34 in chips)
Seat 5: kurt183 ($335 in chips)
AzureCaper: posts small blind $1
kurt183: posts big blind $3
*** HOLE CARDS ***
AzureCaper: folds
Uncalled bet ($2) returned to kurt183
kurt183 collected $2 from pot
kurt183: doesn't show hand
*** SUMMARY ***
Total pot $2 | Rake $0
Seat 4: AzureCaper (button) (small blind) folded before Flop
Seat 5: kurt183 (big blind) collected ($2)


PokerStars Hand #152176502361:  Hold'em Limit ($3/$6 USD) - 2016/04/20 2:15:33 ET
Table 'Newtonia III' 6-max Seat #5 is the button
Seat 4: AzureCaper ($327.34 in chips)
Seat 5: kurt183 ($336 in chips)
kurt183: posts small blind $1
AzureCaper: posts big blind $3
*** HOLE CARDS ***
kurt183: folds
Uncalled bet ($2) returned to AzureCaper
AzureCaper collected $2 from pot
AzureCaper: doesn't show hand
*** SUMMARY ***
Total pot $2 | Rake $0
Seat 4: AzureCaper (big blind) collected ($2)
Seat 5: kurt183 (button) (small blind) folded before Flop


PokerStars Hand #152176498485:  Hold'em Limit ($3/$6 USD) - 2016/04/20 2:15:18 ET
Table 'Newtonia III' 6-max Seat #4 is the button
Seat 4: AzureCaper ($306.84 in chips)
Seat 5: kurt183 ($357 in chips)
AzureCaper: posts small blind $1
kurt183: posts big blind $3
*** HOLE CARDS ***
AzureCaper: raises $3 to $6
kurt183: calls $3
*** FLOP *** [6s 3c Kd]
kurt183: bets $3
AzureCaper: calls $3
*** TURN *** [6s 3c Kd] [7c]
kurt183: bets $6
AzureCaper: calls $6
*** RIVER *** [6s 3c Kd 7c] [Ks]
kurt183: bets $6
AzureCaper: calls $6
*** SHOW DOWN ***
kurt183: shows [Ah 3d] (two pair, Kings and Threes)
AzureCaper: shows [Ts Th] (two pair, Kings and Tens)
AzureCaper collected $41.50 from pot
*** SUMMARY ***
Total pot $42 | Rake $0.50
Board [6s 3c Kd 7c Ks]
Seat 4: AzureCaper (button) (small blind) showed [Ts Th] and won ($41.50) with two pair, Kings and Tens
Seat 5: kurt183 (big blind) showed [Ah 3d] and lost with two pair, Kings and Threes


PokerStars Hand #152176496225:  Hold'em Limit ($3/$6 USD) - 2016/04/20 2:15:09 ET
Table 'Newtonia III' 6-max Seat #5 is the button
Seat 4: AzureCaper ($312.84 in chips)
Seat 5: kurt183 ($351.24 in chips)
kurt183: posts small blind $1
AzureCaper: posts big blind $3
*** HOLE CARDS ***
kurt183: raises $3 to $6
AzureCaper: calls $3
*** FLOP *** [7c 4d Ad]
AzureCaper: checks
kurt183: bets $3
AzureCaper: folds
Uncalled bet ($3) returned to kurt183
kurt183 collected $11.76 from pot
kurt183: doesn't show hand
*** SUMMARY ***
Total pot $12 | Rake $0.24
Board [7c 4d Ad]
Seat 4: AzureCaper (big blind) folded on the Flop
Seat 5: kurt183 (button) (small blind) collected ($11.76)


PokerStars Hand #152176494510:  Hold'em Limit ($3/$6 USD) - 2016/04/20 2:15:03 ET
Table 'Newtonia III' 6-max Seat #4 is the button
Seat 4: AzureCaper ($313.84 in chips)
Seat 5: kurt183 ($350.24 in chips)
AzureCaper: posts small blind $1
kurt183: posts big blind $3
*** HOLE CARDS ***
AzureCaper: folds
Uncalled bet ($2) returned to kurt183
kurt183 collected $2 from pot
kurt183: doesn't show hand
*** SUMMARY ***
Total pot $2 | Rake $0
Seat 4: AzureCaper (button) (small blind) folded before Flop
Seat 5: kurt183 (big blind) collected ($2)


PokerStars Hand #152176504931:  Hold'em Limit ($3/$6 USD) - 2016/04/20 2:15:43 ET
Table 'Newtonia III' 6-max Seat #5 is the button
Seat 4: AzureCaper ($327.34 in chips)
Seat 5: kurt183 ($336 in chips)
kurt183: posts small blind $1
AzureCaper: posts big blind $3
*** HOLE CARDS ***
kurt183: folds
Uncalled bet ($2) returned to AzureCaper
AzureCaper collected $2 from pot
AzureCaper: doesn't show hand
*** SUMMARY ***
Total pot $2 | Rake $0
Seat 4: AzureCaper (big blind) collected ($2)
Seat 5: kurt183 (button) (small blind) folded before Flop


PokerStars Hand #152176503555:  Hold'em Limit ($3/$6 USD) - 2016/04/20 2:15:37 ET
Table 'Newtonia III' 6-max Seat #4 is the button
Seat 4: AzureCaper ($328.34 in chips)
Seat 5: kurt183 ($335 in chips)
AzureCaper: posts small blind $1
kurt183: posts big blind $3
*** HOLE CARDS ***
AzureCaper: folds
Uncalled bet ($2) returned to kurt183
kurt183 collected $2 from pot
kurt183: doesn't show hand
*** SUMMARY ***
Total pot $2 | Rake $0
Seat 4: AzureCaper (button) (small blind) folded before Flop
Seat 5: kurt183 (big blind) collected ($2)


PokerStars Hand #152176512929:  Hold'em Limit ($3/$6 USD) - 2016/04/20 2:16:13 ET
Table 'Newtonia III' 6-max Seat #5 is the button
Seat 4: AzureCaper ($315.34 in chips)
Seat 5: kurt183 ($347.64 in chips)
kurt183: posts small blind $1
AzureCaper: posts big blind $3
*** HOLE CARDS ***
kurt183: raises $3 to $6
AzureCaper: folds
Uncalled bet ($3) returned to kurt183
kurt183 collected $6 from pot
kurt183: doesn't show hand
*** SUMMARY ***
Total pot $6 | Rake $0
Seat 4: AzureCaper (big blind) folded before Flop
Seat 5: kurt183 (button) (small blind) collected ($6)


PokerStars Hand #152176520476:  Hold'em Limit ($3/$6 USD) - 2016/04/20 2:16:42 ET
Table 'Newtonia III' 6-max Seat #4 is the button
Seat 4: AzureCaper ($279.34 in chips)
Seat 5: kurt183 ($383.14 in chips)
AzureCaper: posts small blind $1
kurt183: posts big blind $3
*** HOLE CARDS ***
AzureCaper: folds
Uncalled bet ($2) returned to kurt183
kurt183 collected $2 from pot
kurt183: doesn't show hand
*** SUMMARY ***
Total pot $2 | Rake $0
Seat 4: AzureCaper (button) (small blind) folded before Flop
Seat 5: kurt183 (big blind) collected ($2)


PokerStars Hand #152176518630:  Hold'em Limit ($3/$6 USD) - 2016/04/20 2:16:35 ET
Table 'Newtonia III' 6-max Seat #5 is the button
Seat 4: AzureCaper ($282.34 in chips)
Seat 5: kurt183 ($380.14 in chips)
kurt183: posts small blind $1
AzureCaper: posts big blind $3
*** HOLE CARDS ***
kurt183: raises $3 to $6
AzureCaper: folds
Uncalled bet ($3) returned to kurt183
kurt183 collected $6 from pot
kurt183: doesn't show hand
*** SUMMARY ***
Total pot $6 | Rake $0
Seat 4: AzureCaper (big blind) folded before Flop
Seat 5: kurt183 (button) (small blind) collected ($6)


PokerStars Hand #152176522677:  Hold'em Limit ($3/$6 USD) - 2016/04/20 2:16:51 ET
Table 'Newtonia III' 6-max Seat #4 is the button
Seat 4: AzureCaper ($279.34 in chips)
Seat 5: kurt183 ($383.14 in chips)
AzureCaper: posts small blind $1
kurt183: posts big blind $3
*** HOLE CARDS ***
anetkaapro joins the table at seat #6
AzureCaper: raises $3 to $6
kurt183: calls $3
*** FLOP *** [As Jc Qc]
kurt183: checks
AzureCaper: bets $3
kurt183: calls $3
*** TURN *** [As Jc Qc] [Kd]
kurt183: checks
AzureCaper: bets $6
kurt183: folds
Uncalled bet ($6) returned to AzureCaper
AzureCaper collected $17.64 from pot
AzureCaper: doesn't show hand
*** SUMMARY ***
Total pot $18 | Rake $0.36
Board [As Jc Qc Kd]
Seat 4: AzureCaper (button) (small blind) collected ($17.64)
Seat 5: kurt183 (big blind) folded on the Turn


PokerStars Hand #152176509390:  Hold'em Limit ($3/$6 USD) - 2016/04/20 2:16:00 ET
Table 'Newtonia III' 6-max Seat #4 is the button
Seat 4: AzureCaper ($324.34 in chips)
Seat 5: kurt183 ($339 in chips)
AzureCaper: posts small blind $1
kurt183: posts big blind $3
*** HOLE CARDS ***
AzureCaper: raises $3 to $6
kurt183: raises $3 to $9
AzureCaper: calls $3
*** FLOP *** [6h 7d 3d]
kurt183: bets $3
AzureCaper: folds
Uncalled bet ($3) returned to kurt183
kurt183 collected $17.64 from pot
kurt183: doesn't show hand
*** SUMMARY ***
Total pot $18 | Rake $0.36
Board [6h 7d 3d]
Seat 4: AzureCaper (button) (small blind) folded on the Flop
Seat 5: kurt183 (big blind) collected ($17.64)


PokerStars Hand #152176514431:  Hold'em Limit ($3/$6 USD) - 2016/04/20 2:16:19 ET
Table 'Newtonia III' 6-max Seat #4 is the button
Seat 4: AzureCaper ($312.34 in chips)
Seat 5: kurt183 ($350.64 in chips)
AzureCaper: posts small blind $1
kurt183: posts big blind $3
*** HOLE CARDS ***
AzureCaper: raises $3 to $6
kurt183: raises $3 to $9
AzureCaper: calls $3
*** FLOP *** [Td 5c 3s]
kurt183: bets $3
AzureCaper: calls $3
*** TURN *** [Td 5c 3s] [8c]
kurt183: bets $6
AzureCaper: raises $6 to $12
kurt183: calls $6
*** RIVER *** [Td 5c 3s 8c] [4s]
kurt183: checks
AzureCaper: bets $6
kurt183: calls $6
*** SHOW DOWN ***
AzureCaper: shows [As 8h] (a pair of Eights)
kurt183: shows [Th Ah] (a pair of Tens)
kurt183 collected $59.50 from pot
*** SUMMARY ***
Total pot $60 | Rake $0.50
Board [Td 5c 3s 8c 4s]
Seat 4: AzureCaper (button) (small blind) showed [As 8h] and lost with a pair of Eights
Seat 5: kurt183 (big blind) showed [Th Ah] and won ($59.50) with a pair of Tens


