PokerStars Hand #160568518876:  Hold'em Limit ($3/$6 USD) - 2016/10/28 17:45:45 ET
Table 'Newtonia' 6-max Seat #3 is the button
Seat 2: arocar ($137.50 in chips)
Seat 3: GRAILKO ($182 in chips)
GRAILKO: posts small blind $1
arocar: posts big blind $3
*** HOLE CARDS ***
GRAILKO: raises $3 to $6
arocar: folds
Uncalled bet ($3) returned to GRAILKO
GRAILKO collected $6 from pot
GRAILKO: doesn't show hand
*** SUMMARY ***
Total pot $6 | Rake $0
Seat 2: arocar (big blind) folded before Flop
Seat 3: GRAILKO (button) (small blind) collected ($6)


PokerStars Hand #160568496822:  Hold'em Limit ($3/$6 USD) - 2016/10/28 17:45:18 ET
Table 'Newtonia' 6-max Seat #2 is the button
Seat 2: arocar ($120 in chips)
Seat 3: GRAILKO ($200 in chips)
arocar: posts small blind $1
GRAILKO: posts big blind $3
*** HOLE CARDS ***
arocar: raises $3 to $6
GRAILKO: calls $3
*** FLOP *** [Qs 7d 4h]
GRAILKO: checks
arocar: checks
*** TURN *** [Qs 7d 4h] [5d]
GRAILKO: bets $6
arocar: calls $6
*** RIVER *** [Qs 7d 4h 5d] [3d]
GRAILKO: bets $6
arocar: calls $6
*** SHOW DOWN ***
GRAILKO: shows [8d Jc] (high card Queen)
arocar: shows [3s 3c] (three of a kind, Threes)
arocar collected $35.50 from pot
*** SUMMARY ***
Total pot $36 | Rake $0.50
Board [Qs 7d 4h 5d 3d]
Seat 2: arocar (button) (small blind) showed [3s 3c] and won ($35.50) with three of a kind, Threes
Seat 3: GRAILKO (big blind) showed [8d Jc] and lost with high card Queen


PokerStars Hand #160568535554:  Hold'em Limit ($3/$6 USD) - 2016/10/28 17:46:05 ET
Table 'Newtonia' 6-max Seat #2 is the button
Seat 2: arocar ($134.50 in chips)
Seat 3: GRAILKO ($185 in chips)
arocar: posts small blind $1
GRAILKO: posts big blind $3
*** HOLE CARDS ***
arocar: calls $2
GRAILKO: raises $3 to $6
arocar: calls $3
*** FLOP *** [Js 4s 2s]
GRAILKO: bets $3
arocar: calls $3
*** TURN *** [Js 4s 2s] [7s]
GRAILKO: bets $6
arocar: folds
Uncalled bet ($6) returned to GRAILKO
GRAILKO collected $17.64 from pot
GRAILKO: doesn't show hand
*** SUMMARY ***
Total pot $18 | Rake $0.36
Board [Js 4s 2s 7s]
Seat 2: arocar (button) (small blind) folded on the Turn
Seat 3: GRAILKO (big blind) collected ($17.64)


PokerStars Hand #160568530470:  Hold'em Limit ($3/$6 USD) - 2016/10/28 17:45:59 ET
Table 'Newtonia' 6-max Seat #3 is the button
Seat 2: arocar ($137.50 in chips)
Seat 3: GRAILKO ($182 in chips)
GRAILKO: posts small blind $1
arocar: posts big blind $3
*** HOLE CARDS ***
GRAILKO: raises $3 to $6
arocar: folds
Uncalled bet ($3) returned to GRAILKO
GRAILKO collected $6 from pot
GRAILKO: doesn't show hand
*** SUMMARY ***
Total pot $6 | Rake $0
Seat 2: arocar (big blind) folded before Flop
Seat 3: GRAILKO (button) (small blind) collected ($6)


PokerStars Hand #160568524922:  Hold'em Limit ($3/$6 USD) - 2016/10/28 17:45:52 ET
Table 'Newtonia' 6-max Seat #2 is the button
Seat 2: arocar ($134.50 in chips)
Seat 3: GRAILKO ($185 in chips)
arocar: posts small blind $1
GRAILKO: posts big blind $3
*** HOLE CARDS ***
arocar: raises $3 to $6
GRAILKO: folds
Uncalled bet ($3) returned to arocar
arocar collected $6 from pot
arocar: doesn't show hand
*** SUMMARY ***
Total pot $6 | Rake $0
Seat 2: arocar (button) (small blind) collected ($6)
Seat 3: GRAILKO (big blind) folded before Flop


PokerStars Hand #160568550915:  Hold'em Limit ($3/$6 USD) - 2016/10/28 17:46:24 ET
Table 'Newtonia' 6-max Seat #3 is the button
Seat 2: arocar ($125.50 in chips)
Seat 3: GRAILKO ($193.64 in chips)
GRAILKO: posts small blind $1
arocar: posts big blind $3
*** HOLE CARDS ***
GRAILKO: raises $3 to $6
arocar: calls $3
*** FLOP *** [8h Qc 5h]
arocar: bets $3
GRAILKO: calls $3
*** TURN *** [8h Qc 5h] [7s]
arocar: bets $6
GRAILKO: calls $6
*** RIVER *** [8h Qc 5h 7s] [Qs]
arocar: bets $6
GRAILKO: folds
Uncalled bet ($6) returned to arocar
arocar collected $29.50 from pot
arocar: doesn't show hand
*** SUMMARY ***
Total pot $30 | Rake $0.50
Board [8h Qc 5h 7s Qs]
Seat 2: arocar (big blind) collected ($29.50)
Seat 3: GRAILKO (button) (small blind) folded on the River


PokerStars Hand #160568593697:  Hold'em Limit ($3/$6 USD) - 2016/10/28 17:47:15 ET
Table 'Newtonia' 6-max Seat #3 is the button
Seat 2: arocar ($112 in chips)
Seat 3: GRAILKO ($206.14 in chips)
GRAILKO: posts small blind $1
arocar: posts big blind $3
*** HOLE CARDS ***
GRAILKO: raises $3 to $6
arocar: folds
Uncalled bet ($3) returned to GRAILKO
GRAILKO collected $6 from pot
GRAILKO: doesn't show hand
*** SUMMARY ***
Total pot $6 | Rake $0
Seat 2: arocar (big blind) folded before Flop
Seat 3: GRAILKO (button) (small blind) collected ($6)


PokerStars Hand #160568589302:  Hold'em Limit ($3/$6 USD) - 2016/10/28 17:47:10 ET
Table 'Newtonia' 6-max Seat #2 is the button
Seat 2: arocar ($113 in chips)
Seat 3: GRAILKO ($205.14 in chips)
arocar: posts small blind $1
GRAILKO: posts big blind $3
*** HOLE CARDS ***
arocar: folds
Uncalled bet ($2) returned to GRAILKO
GRAILKO collected $2 from pot
GRAILKO: doesn't show hand
*** SUMMARY ***
Total pot $2 | Rake $0
Seat 2: arocar (button) (small blind) folded before Flop
Seat 3: GRAILKO (big blind) collected ($2)


PokerStars Hand #160568582644:  Hold'em Limit ($3/$6 USD) - 2016/10/28 17:47:03 ET
Table 'Newtonia' 6-max Seat #3 is the button
Seat 2: arocar ($116 in chips)
Seat 3: GRAILKO ($202.14 in chips)
GRAILKO: posts small blind $1
arocar: posts big blind $3
*** HOLE CARDS ***
GRAILKO: raises $3 to $6
arocar: folds
Uncalled bet ($3) returned to GRAILKO
GRAILKO collected $6 from pot
GRAILKO: doesn't show hand
*** SUMMARY ***
Total pot $6 | Rake $0
Seat 2: arocar (big blind) folded before Flop
Seat 3: GRAILKO (button) (small blind) collected ($6)


PokerStars Hand #160568565781:  Hold'em Limit ($3/$6 USD) - 2016/10/28 17:46:42 ET
Table 'Newtonia' 6-max Seat #2 is the button
Seat 2: arocar ($140 in chips)
Seat 3: GRAILKO ($178.64 in chips)
arocar: posts small blind $1
GRAILKO: posts big blind $3
*** HOLE CARDS ***
arocar: raises $3 to $6
GRAILKO: calls $3
*** FLOP *** [8h 4h Ad]
GRAILKO: checks
arocar: bets $3
GRAILKO: raises $3 to $6
arocar: calls $3
*** TURN *** [8h 4h Ad] [Th]
GRAILKO: bets $6
arocar: calls $6
*** RIVER *** [8h 4h Ad Th] [Ts]
GRAILKO: bets $6
arocar: calls $6
*** SHOW DOWN ***
GRAILKO: shows [Ac 5d] (two pair, Aces and Tens)
arocar: mucks hand
GRAILKO collected $47.50 from pot
*** SUMMARY ***
Total pot $48 | Rake $0.50
Board [8h 4h Ad Th Ts]
Seat 2: arocar (button) (small blind) mucked
Seat 3: GRAILKO (big blind) showed [Ac 5d] and won ($47.50) with two pair, Aces and Tens


