PokerStars Hand #149002821502:  Hold'em Limit ($3/$6 USD) - 2016/02/18 6:46:14 ET
Table 'Nezarka' 6-max Seat #1 is the button
Seat 1: VolkovDmitri ($120 in chips)
Seat 4: Claudi1759 ($120 in chips)
VolkovDmitri: posts small blind $1
Claudi1759: posts big blind $3
*** HOLE CARDS ***
melyh82 joins the table at seat #3
VolkovDmitri: folds
Uncalled bet ($2) returned to Claudi1759
Claudi1759 collected $2 from pot
Claudi1759: doesn't show hand
*** SUMMARY ***
Total pot $2 | Rake $0
Seat 1: VolkovDmitri (button) (small blind) folded before Flop
Seat 4: Claudi1759 (big blind) collected ($2)


PokerStars Hand #149002824560:  Hold'em Limit ($3/$6 USD) - 2016/02/18 6:46:28 ET
Table 'Nezarka' 6-max Seat #4 is the button
Seat 1: VolkovDmitri ($120 in chips)
Seat 4: Claudi1759 ($121 in chips)
Claudi1759: posts small blind $1
VolkovDmitri: posts big blind $3
*** HOLE CARDS ***
Claudi1759: raises $3 to $6
VolkovDmitri: calls $3
*** FLOP *** [Jd 3c Kh]
VolkovDmitri: checks
Claudi1759: bets $3
VolkovDmitri: raises $3 to $6
Claudi1759: calls $3
*** TURN *** [Jd 3c Kh] [7c]
VolkovDmitri: bets $6
Claudi1759: calls $6
*** RIVER *** [Jd 3c Kh 7c] [2c]
VolkovDmitri: bets $6
Claudi1759: calls $6
*** SHOW DOWN ***
VolkovDmitri: shows [5s Kd] (a pair of Kings)
Claudi1759: mucks hand
VolkovDmitri collected $47.50 from pot
*** SUMMARY ***
Total pot $48 | Rake $0.50
Board [Jd 3c Kh 7c 2c]
Seat 1: VolkovDmitri (big blind) showed [5s Kd] and won ($47.50) with a pair of Kings
Seat 4: Claudi1759 (button) (small blind) mucked


