PokerStars Hand #147428610907:  Hold'em Limit ($3/$6 USD) - 2016/01/21 12:21:31 ET
Table 'Nezarka' 6-max Seat #4 is the button
Seat 4: Pandakey ($96 in chips)
Seat 5: sailence ($120 in chips)
Pandakey: posts small blind $1
sailence: posts big blind $3
*** HOLE CARDS ***
Pandakey: raises $3 to $6
sailence: calls $3
*** FLOP *** [6s Jd Ah]
sailence: checks
Pandakey: bets $3
sailence: folds
Uncalled bet ($3) returned to Pandakey
Pandakey collected $11.76 from pot
Pandakey: doesn't show hand
*** SUMMARY ***
Total pot $12 | Rake $0.24
Board [6s Jd Ah]
Seat 4: Pandakey (button) (small blind) collected ($11.76)
Seat 5: sailence (big blind) folded on the Flop


PokerStars Hand #147430711192:  Hold'em Limit ($3/$6 USD) - 2016/01/21 12:57:31 ET
Table 'Nezarka' 6-max Seat #3 is the button
Seat 3: wiezel0172 ($62.65 in chips)
Seat 4: Pandakey ($101.76 in chips)
wiezel0172: posts small blind $1
Pandakey: posts big blind $3
*** HOLE CARDS ***
wiezel0172: raises $3 to $6
Pandakey: raises $3 to $9
wiezel0172: calls $3
*** FLOP *** [2h 9h Qs]
Pandakey: bets $3
wiezel0172: calls $3
*** TURN *** [2h 9h Qs] [Kh]
Pandakey: bets $6
wiezel0172: raises $6 to $12
Pandakey: calls $6
*** RIVER *** [2h 9h Qs Kh] [6s]
Pandakey: checks
wiezel0172: bets $6
Pandakey: calls $6
*** SHOW DOWN ***
wiezel0172: shows [Jh Th] (a flush, King high)
Pandakey: mucks hand
wiezel0172 collected $59.50 from pot
vladal 888 joins the table at seat #6
SashaYuvelir joins the table at seat #5
*** SUMMARY ***
Total pot $60 | Rake $0.50
Board [2h 9h Qs Kh 6s]
Seat 3: wiezel0172 (button) (small blind) showed [Jh Th] and won ($59.50) with a flush, King high
Seat 4: Pandakey (big blind) mucked


