PokerStars Hand #162241827812:  Hold'em Limit ($3/$6 USD) - 2016/12/01 11:44:20 ET
Table 'Nicolaia II' 6-max Seat #5 is the button
Seat 5: Great_Kang ($120 in chips)
Seat 6: allexso ($63 in chips)
Great_Kang: posts small blind $1
allexso: posts big blind $3
*** HOLE CARDS ***
Great_Kang: raises $3 to $6
allexso: calls $3
*** FLOP *** [Qs Ad Js]
allexso: checks
Great_Kang: bets $3
allexso: calls $3
*** TURN *** [Qs Ad Js] [4h]
allexso: checks
Great_Kang: bets $6
allexso: raises $6 to $12
Great_Kang: calls $6
*** RIVER *** [Qs Ad Js 4h] [5d]
allexso: bets $6
Great_Kang: folds
Uncalled bet ($6) returned to allexso
allexso collected $41.50 from pot
*** SUMMARY ***
Total pot $42 | Rake $0.50
Board [Qs Ad Js 4h 5d]
Seat 5: Great_Kang (button) (small blind) folded on the River
Seat 6: allexso (big blind) collected ($41.50)


PokerStars Hand #162241876443:  Hold'em Limit ($3/$6 USD) - 2016/12/01 11:45:23 ET
Table 'Nicolaia II' 6-max Seat #5 is the button
Seat 5: Great_Kang ($137.50 in chips)
Seat 6: allexso ($65.50 in chips)
Great_Kang: posts small blind $1
allexso: posts big blind $3
*** HOLE CARDS ***
Great_Kang: raises $3 to $6
allexso: folds
Uncalled bet ($3) returned to Great_Kang
Great_Kang collected $6 from pot
Great_Kang: doesn't show hand
*** SUMMARY ***
Total pot $6 | Rake $0
Seat 5: Great_Kang (button) (small blind) collected ($6)
Seat 6: allexso (big blind) folded before Flop


PokerStars Hand #162241854912:  Hold'em Limit ($3/$6 USD) - 2016/12/01 11:44:55 ET
Table 'Nicolaia II' 6-max Seat #6 is the button
Seat 5: Great_Kang ($120 in chips)
Seat 6: allexso ($83.50 in chips)
allexso: posts small blind $1
Great_Kang: posts big blind $3
*** HOLE CARDS ***
allexso: raises $3 to $6
Great_Kang: raises $3 to $9
allexso: calls $3
*** FLOP *** [Js 8d 9d]
Great_Kang: bets $3
allexso: calls $3
*** TURN *** [Js 8d 9d] [6h]
Great_Kang: checks
allexso: checks
*** RIVER *** [Js 8d 9d 6h] [Jc]
Great_Kang: bets $6
allexso: calls $6
*** SHOW DOWN ***
Great_Kang: shows [7h 8h] (two pair, Jacks and Eights)
allexso: mucks hand
Great_Kang collected $35.50 from pot
*** SUMMARY ***
Total pot $36 | Rake $0.50
Board [Js 8d 9d 6h Jc]
Seat 5: Great_Kang (big blind) showed [7h 8h] and won ($35.50) with two pair, Jacks and Eights
Seat 6: allexso (button) (small blind) mucked


PokerStars Hand #162241881673:  Hold'em Limit ($3/$6 USD) - 2016/12/01 11:45:30 ET
Table 'Nicolaia II' 6-max Seat #6 is the button
Seat 5: Great_Kang ($140.50 in chips)
Seat 6: allexso ($62.50 in chips)
allexso: posts small blind $1
Great_Kang: posts big blind $3
*** HOLE CARDS ***
allexso: raises $3 to $6
Great_Kang: calls $3
*** FLOP *** [3d 7d Jc]
Great_Kang: checks
allexso: bets $3
Great_Kang: calls $3
*** TURN *** [3d 7d Jc] [6h]
Great_Kang: checks
allexso: checks
*** RIVER *** [3d 7d Jc 6h] [4s]
Great_Kang: bets $6
allexso: raises $6 to $12
Great_Kang: folds
Uncalled bet ($6) returned to allexso
allexso collected $29.50 from pot
*** SUMMARY ***
Total pot $30 | Rake $0.50
Board [3d 7d Jc 6h 4s]
Seat 5: Great_Kang (big blind) folded on the River
Seat 6: allexso (button) (small blind) collected ($29.50)


PokerStars Hand #162241901356:  Hold'em Limit ($3/$6 USD) - 2016/12/01 11:45:56 ET
Table 'Nicolaia II' 6-max Seat #5 is the button
Seat 5: Great_Kang ($125.50 in chips)
Seat 6: allexso ($77 in chips)
Great_Kang: posts small blind $1
allexso: posts big blind $3
*** HOLE CARDS ***
Great_Kang: raises $3 to $6
allexso: calls $3
*** FLOP *** [Ts 2h 3d]
allexso: checks
Great_Kang: bets $3
allexso: folds
Uncalled bet ($3) returned to Great_Kang
Great_Kang collected $11.76 from pot
Great_Kang: doesn't show hand
*** SUMMARY ***
Total pot $12 | Rake $0.24
Board [Ts 2h 3d]
Seat 5: Great_Kang (button) (small blind) collected ($11.76)
Seat 6: allexso (big blind) folded on the Flop


PokerStars Hand #162241916137:  Hold'em Limit ($3/$6 USD) - 2016/12/01 11:46:15 ET
Table 'Nicolaia II' 6-max Seat #6 is the button
Seat 5: Great_Kang ($131.26 in chips)
Seat 6: allexso ($71 in chips)
allexso: posts small blind $1
Great_Kang: posts big blind $3
*** HOLE CARDS ***
allexso: raises $3 to $6
Great_Kang: calls $3
*** FLOP *** [Th 2h 3d]
Great_Kang: checks
allexso: bets $3
Great_Kang: raises $3 to $6
allexso: calls $3
*** TURN *** [Th 2h 3d] [6d]
Great_Kang: bets $6
allexso: raises $6 to $12
Great_Kang: calls $6
*** RIVER *** [Th 2h 3d 6d] [5h]
Great_Kang: checks
B_loJkl joins the table at seat #1
allexso: checks
*** SHOW DOWN ***
Great_Kang: shows [Td 5s] (two pair, Tens and Fives)
allexso: mucks hand
Great_Kang collected $47.50 from pot
*** SUMMARY ***
Total pot $48 | Rake $0.50
Board [Th 2h 3d 6d 5h]
Seat 5: Great_Kang (big blind) showed [Td 5s] and won ($47.50) with two pair, Tens and Fives
Seat 6: allexso (button) (small blind) mucked


PokerStars Hand #162241939681:  Hold'em Limit ($3/$6 USD) - 2016/12/01 11:46:46 ET
Table 'Nicolaia II' 6-max Seat #5 is the button
Seat 5: Great_Kang ($154.76 in chips)
Seat 6: allexso ($47 in chips)
Great_Kang: posts small blind $1
allexso: posts big blind $3
*** HOLE CARDS ***
Great_Kang: raises $3 to $6
allexso: folds
Uncalled bet ($3) returned to Great_Kang
Great_Kang collected $6 from pot
Great_Kang: doesn't show hand
*** SUMMARY ***
Total pot $6 | Rake $0
Seat 5: Great_Kang (button) (small blind) collected ($6)
Seat 6: allexso (big blind) folded before Flop


PokerStars Hand #162242206807:  Hold'em Limit ($3/$6 USD) - 2016/12/01 11:52:35 ET
Table 'Nicolaia II' 6-max Seat #5 is the button
Seat 3: tamnt10549 ($61.10 in chips)
Seat 5: Great_Kang ($150.19 in chips)
Great_Kang: posts small blind $1
B_loJkl: is sitting out
tamnt10549: posts big blind $3
*** HOLE CARDS ***
B_loJkl leaves the table
Great_Kang: raises $3 to $6
tamnt10549: calls $3
*** FLOP *** [2c 9d 7s]
tamnt10549: checks
Great_Kang: bets $3
tamnt10549: calls $3
*** TURN *** [2c 9d 7s] [Tc]
tamnt10549: checks
Great_Kang: checks
*** RIVER *** [2c 9d 7s Tc] [5h]
tamnt10549: bets $6
Great_Kang: folds
Uncalled bet ($6) returned to tamnt10549
tamnt10549 collected $17.64 from pot
tamnt10549: doesn't show hand
*** SUMMARY ***
Total pot $18 | Rake $0.36
Board [2c 9d 7s Tc 5h]
Seat 3: tamnt10549 (big blind) collected ($17.64)
Seat 5: Great_Kang (button) (small blind) folded on the River


