PokerStars Hand #170661801126:  Hold'em Limit ($3/$6 USD) - 2017/05/20 4:33:29 ET
Table 'Niels' 6-max Seat #3 is the button
Seat 3: xcgxcg2005 ($120 in chips)
Seat 5: Krazy90 ($120 in chips)
Agrotait: is sitting out
xcgxcg2005: posts small blind $1
Krazy90: posts big blind $3
*** HOLE CARDS ***
xcgxcg2005: raises $3 to $6
Krazy90: folds
Uncalled bet ($3) returned to xcgxcg2005
xcgxcg2005 collected $6 from pot
xcgxcg2005: doesn't show hand
*** SUMMARY ***
Total pot $6 | Rake $0
Seat 3: xcgxcg2005 (button) (small blind) collected ($6)
Seat 5: Krazy90 (big blind) folded before Flop


PokerStars Hand #170661807301:  Hold'em Limit ($3/$6 USD) - 2017/05/20 4:33:47 ET
Table 'Niels' 6-max Seat #5 is the button
Seat 3: xcgxcg2005 ($123 in chips)
Seat 5: Krazy90 ($120 in chips)
Krazy90: posts small blind $1
xcgxcg2005: posts big blind $3
*** HOLE CARDS ***
Agrotait leaves the table
Krazy90: calls $2
xcgxcg2005: checks
*** FLOP *** [Kc 8d 8c]
xcgxcg2005: bets $3
Scheubi88 joins the table at seat #4
Krazy90: folds
Uncalled bet ($3) returned to xcgxcg2005
xcgxcg2005 collected $5.88 from pot
xcgxcg2005: doesn't show hand
*** SUMMARY ***
Total pot $6 | Rake $0.12
Board [Kc 8d 8c]
Seat 3: xcgxcg2005 (big blind) collected ($5.88)
Seat 5: Krazy90 (button) (small blind) folded on the Flop


PokerStars Hand #170662110498:  Hold'em Limit ($3/$6 USD) - 2017/05/20 4:48:21 ET
Table 'Niels' 6-max Seat #1 is the button
Seat 1: Rus29APX ($171.54 in chips)
Seat 4: Scheubi88 ($160.69 in chips)
Rus29APX: posts small blind $1
Scheubi88: posts big blind $3
*** HOLE CARDS ***
Rus29APX: raises $3 to $6
Scheubi88: folds
Uncalled bet ($3) returned to Rus29APX
Rus29APX collected $6 from pot
Rus29APX: doesn't show hand
*** SUMMARY ***
Total pot $6 | Rake $0
Seat 1: Rus29APX (button) (small blind) collected ($6)
Seat 4: Scheubi88 (big blind) folded before Flop


PokerStars Hand #170662104623:  Hold'em Limit ($3/$6 USD) - 2017/05/20 4:48:05 ET
Table 'Niels' 6-max Seat #4 is the button
Seat 1: Rus29APX ($177.54 in chips)
Seat 4: Scheubi88 ($154.93 in chips)
Scheubi88: posts small blind $1
Rus29APX: posts big blind $3
*** HOLE CARDS ***
Scheubi88: raises $3 to $6
Rus29APX: calls $3
*** FLOP *** [Js Qd 3s]
Rus29APX: checks
Scheubi88: bets $3
Rus29APX: folds
Uncalled bet ($3) returned to Scheubi88
Scheubi88 collected $11.76 from pot
Scheubi88: doesn't show hand
*** SUMMARY ***
Total pot $12 | Rake $0.24
Board [Js Qd 3s]
Seat 1: Rus29APX (big blind) folded on the Flop
Seat 4: Scheubi88 (button) (small blind) collected ($11.76)


PokerStars Hand #170662093194:  Hold'em Limit ($3/$6 USD) - 2017/05/20 4:47:32 ET
Table 'Niels' 6-max Seat #1 is the button
Seat 1: Rus29APX ($148.04 in chips)
Seat 4: Scheubi88 ($184.93 in chips)
Rus29APX: posts small blind $1
Scheubi88: posts big blind $3
*** HOLE CARDS ***
Rus29APX: raises $3 to $6
Scheubi88: calls $3
*** FLOP *** [Ks 5s 2h]
Scheubi88: checks
Rus29APX: bets $3
Scheubi88: raises $3 to $6
Rus29APX: calls $3
*** TURN *** [Ks 5s 2h] [Kh]
Scheubi88: bets $6
Rus29APX: raises $6 to $12
Scheubi88: calls $6
*** RIVER *** [Ks 5s 2h Kh] [6h]
Scheubi88: checks
Rus29APX: bets $6
Scheubi88: calls $6
*** SHOW DOWN ***
Rus29APX: shows [Kc 8d] (three of a kind, Kings)
Scheubi88: mucks hand
Rus29APX collected $59.50 from pot
*** SUMMARY ***
Total pot $60 | Rake $0.50
Board [Ks 5s 2h Kh 6h]
Seat 1: Rus29APX (button) (small blind) showed [Kc 8d] and won ($59.50) with three of a kind, Kings
Seat 4: Scheubi88 (big blind) mucked


PokerStars Hand #170662112869:  Hold'em Limit ($3/$6 USD) - 2017/05/20 4:48:28 ET
Table 'Niels' 6-max Seat #4 is the button
Seat 1: Rus29APX ($174.54 in chips)
Seat 4: Scheubi88 ($157.69 in chips)
Scheubi88: posts small blind $1
Rus29APX: posts big blind $3
*** HOLE CARDS ***
Scheubi88: raises $3 to $6
Rus29APX: calls $3
*** FLOP *** [5d Qd Ac]
Rus29APX: checks
Scheubi88: bets $3
Rus29APX: raises $3 to $6
Scheubi88: calls $3
*** TURN *** [5d Qd Ac] [7d]
Rus29APX: bets $6
Scheubi88: calls $6
*** RIVER *** [5d Qd Ac 7d] [6d]
Rus29APX: checks
Scheubi88: checks
*** SHOW DOWN ***
Rus29APX: shows [As 8c] (a pair of Aces)
Scheubi88: mucks hand
Rus29APX collected $35.50 from pot
*** SUMMARY ***
Total pot $36 | Rake $0.50
Board [5d Qd Ac 7d 6d]
Seat 1: Rus29APX (big blind) showed [As 8c] and won ($35.50) with a pair of Aces
Seat 4: Scheubi88 (button) (small blind) mucked


PokerStars Hand #170662125506:  Hold'em Limit ($3/$6 USD) - 2017/05/20 4:49:03 ET
Table 'Niels' 6-max Seat #1 is the button
Seat 1: Rus29APX ($192.04 in chips)
Seat 4: Scheubi88 ($139.69 in chips)
Rus29APX: posts small blind $1
Scheubi88: posts big blind $3
*** HOLE CARDS ***
Rus29APX: raises $3 to $6
Scheubi88: calls $3
*** FLOP *** [5s Jh 2s]
Scheubi88: checks
Rus29APX: checks
*** TURN *** [5s Jh 2s] [6d]
Scheubi88: bets $6
Rus29APX: folds
Uncalled bet ($6) returned to Scheubi88
Scheubi88 collected $11.76 from pot
Scheubi88: doesn't show hand
*** SUMMARY ***
Total pot $12 | Rake $0.24
Board [5s Jh 2s 6d]
Seat 1: Rus29APX (button) (small blind) folded on the Turn
Seat 4: Scheubi88 (big blind) collected ($11.76)


PokerStars Hand #170662147740:  Hold'em Limit ($3/$6 USD) - 2017/05/20 4:50:06 ET
Table 'Niels' 6-max Seat #1 is the button
Seat 1: Rus29APX ($168.04 in chips)
Seat 4: Scheubi88 ($162.95 in chips)
Rus29APX: posts small blind $1
Scheubi88: posts big blind $3
*** HOLE CARDS ***
Rus29APX: raises $3 to $6
Scheubi88: folds
Uncalled bet ($3) returned to Rus29APX
Rus29APX collected $6 from pot
Rus29APX: doesn't show hand
*** SUMMARY ***
Total pot $6 | Rake $0
Seat 1: Rus29APX (button) (small blind) collected ($6)
Seat 4: Scheubi88 (big blind) folded before Flop


PokerStars Hand #170662155327:  Hold'em Limit ($3/$6 USD) - 2017/05/20 4:50:27 ET
Table 'Niels' 6-max Seat #1 is the button
Seat 1: Rus29APX ($165.04 in chips)
Seat 4: Scheubi88 ($165.71 in chips)
Rus29APX: posts small blind $1
Scheubi88: posts big blind $3
*** HOLE CARDS ***
Rus29APX: raises $3 to $6
Scheubi88: folds
Uncalled bet ($3) returned to Rus29APX
Rus29APX collected $6 from pot
Rus29APX: doesn't show hand
*** SUMMARY ***
Total pot $6 | Rake $0
Seat 1: Rus29APX (button) (small blind) collected ($6)
Seat 4: Scheubi88 (big blind) folded before Flop


PokerStars Hand #170662149716:  Hold'em Limit ($3/$6 USD) - 2017/05/20 4:50:11 ET
Table 'Niels' 6-max Seat #4 is the button
Seat 1: Rus29APX ($171.04 in chips)
Seat 4: Scheubi88 ($159.95 in chips)
Scheubi88: posts small blind $1
Rus29APX: posts big blind $3
*** HOLE CARDS ***
Scheubi88: raises $3 to $6
Rus29APX: calls $3
*** FLOP *** [Kc 9c 3s]
Rus29APX: checks
Scheubi88: bets $3
Rus29APX: folds
Uncalled bet ($3) returned to Scheubi88
Scheubi88 collected $11.76 from pot
Scheubi88: doesn't show hand
*** SUMMARY ***
Total pot $12 | Rake $0.24
Board [Kc 9c 3s]
Seat 1: Rus29APX (big blind) folded on the Flop
Seat 4: Scheubi88 (button) (small blind) collected ($11.76)


PokerStars Hand #170662136979:  Hold'em Limit ($3/$6 USD) - 2017/05/20 4:49:36 ET
Table 'Niels' 6-max Seat #4 is the button
Seat 1: Rus29APX ($186.04 in chips)
Seat 4: Scheubi88 ($145.45 in chips)
Scheubi88: posts small blind $1
Rus29APX: posts big blind $3
*** HOLE CARDS ***
Scheubi88: raises $3 to $6
Rus29APX: calls $3
*** FLOP *** [Qs 2d 5s]
Rus29APX: checks
Scheubi88: bets $3
Rus29APX: raises $3 to $6
Scheubi88: calls $3
*** TURN *** [Qs 2d 5s] [Kd]
Rus29APX: bets $6
Scheubi88: raises $6 to $12
Rus29APX: folds
Uncalled bet ($6) returned to Scheubi88
Scheubi88 collected $35.50 from pot
Scheubi88: doesn't show hand
*** SUMMARY ***
Total pot $36 | Rake $0.50
Board [Qs 2d 5s Kd]
Seat 1: Rus29APX (big blind) folded on the Turn
Seat 4: Scheubi88 (button) (small blind) collected ($35.50)


