PokerStars Hand #170388022623:  Hold'em Limit ($3/$6 USD) - 2017/05/13 21:58:21 ET
Table 'Nihal' 6-max Seat #1 is the button
Seat 1: Velbor107 ($300 in chips)
Seat 3: bmfu649 ($30 in chips)
Velbor107: posts small blind $1
bmfu649: posts big blind $3
*** HOLE CARDS ***
vince4573 joins the table at seat #4
Velbor107: raises $3 to $6
bmfu649: calls $3
*** FLOP *** [Js Kc 3s]
bmfu649: bets $3
Velbor107: folds
Uncalled bet ($3) returned to bmfu649
bmfu649 collected $11.76 from pot
bmfu649: doesn't show hand
*** SUMMARY ***
Total pot $12 | Rake $0.24
Board [Js Kc 3s]
Seat 1: Velbor107 (button) (small blind) folded on the Flop
Seat 3: bmfu649 (big blind) collected ($11.76)


PokerStars Hand #170388040998:  Hold'em Limit ($3/$6 USD) - 2017/05/13 21:59:15 ET
Table 'Nihal' 6-max Seat #1 is the button
Seat 1: Velbor107 ($291 in chips)
Seat 3: bmfu649 ($66.81 in chips)
Velbor107: posts small blind $1
bmfu649: posts big blind $3
*** HOLE CARDS ***
Velbor107: folds
Uncalled bet ($2) returned to bmfu649
bmfu649 collected $2 from pot
bmfu649: doesn't show hand
*** SUMMARY ***
Total pot $2 | Rake $0
Seat 1: Velbor107 (button) (small blind) folded before Flop
Seat 3: bmfu649 (big blind) collected ($2)


PokerStars Hand #170388146544:  Hold'em Limit ($3/$6 USD) - 2017/05/13 22:03:59 ET
Table 'Nihal' 6-max Seat #1 is the button
Seat 1: Velbor107 ($300.37 in chips)
Seat 3: bmfu649 ($90.83 in chips)
Velbor107: posts small blind $1
bmfu649: posts big blind $3
*** HOLE CARDS ***
Velbor107: raises $3 to $6
bmfu649: calls $3
*** FLOP *** [3s Jh Th]
bmfu649: checks
Velbor107: checks
*** TURN *** [3s Jh Th] [6d]
bmfu649: checks
Velbor107: bets $6
bmfu649: calls $6
*** RIVER *** [3s Jh Th 6d] [8d]
bmfu649: checks
Velbor107: checks
*** SHOW DOWN ***
bmfu649: shows [Qs 3d] (a pair of Threes)
Velbor107: shows [3c Ac] (a pair of Threes - Ace kicker)
Velbor107 collected $23.52 from pot
*** SUMMARY ***
Total pot $24 | Rake $0.48
Board [3s Jh Th 6d 8d]
Seat 1: Velbor107 (button) (small blind) showed [3c Ac] and won ($23.52) with a pair of Threes
Seat 3: bmfu649 (big blind) showed [Qs 3d] and lost with a pair of Threes


PokerStars Hand #170388144504:  Hold'em Limit ($3/$6 USD) - 2017/05/13 22:03:54 ET
Table 'Nihal' 6-max Seat #3 is the button
Seat 1: Velbor107 ($299.37 in chips)
Seat 3: bmfu649 ($91.83 in chips)
bmfu649: posts small blind $1
Velbor107: posts big blind $3
*** HOLE CARDS ***
bmfu649: folds
Uncalled bet ($2) returned to Velbor107
Velbor107 collected $2 from pot
*** SUMMARY ***
Total pot $2 | Rake $0
Seat 1: Velbor107 (big blind) collected ($2)
Seat 3: bmfu649 (button) (small blind) folded before Flop


PokerStars Hand #170388142296:  Hold'em Limit ($3/$6 USD) - 2017/05/13 22:03:48 ET
Table 'Nihal' 6-max Seat #1 is the button
Seat 1: Velbor107 ($300.37 in chips)
Seat 3: bmfu649 ($90.83 in chips)
Velbor107: posts small blind $1
bmfu649: posts big blind $3
*** HOLE CARDS ***
Velbor107: folds
Uncalled bet ($2) returned to bmfu649
bmfu649 collected $2 from pot
bmfu649: doesn't show hand
*** SUMMARY ***
Total pot $2 | Rake $0
Seat 1: Velbor107 (button) (small blind) folded before Flop
Seat 3: bmfu649 (big blind) collected ($2)


PokerStars Hand #170388139761:  Hold'em Limit ($3/$6 USD) - 2017/05/13 22:03:42 ET
Table 'Nihal' 6-max Seat #3 is the button
Seat 1: Velbor107 ($303.37 in chips)
Seat 3: bmfu649 ($87.83 in chips)
bmfu649: posts small blind $1
Velbor107: posts big blind $3
*** HOLE CARDS ***
bmfu649: raises $3 to $6
Velbor107: folds
Uncalled bet ($3) returned to bmfu649
bmfu649 collected $6 from pot
bmfu649: doesn't show hand
*** SUMMARY ***
Total pot $6 | Rake $0
Seat 1: Velbor107 (big blind) folded before Flop
Seat 3: bmfu649 (button) (small blind) collected ($6)


PokerStars Hand #170388132511:  Hold'em Limit ($3/$6 USD) - 2017/05/13 22:03:23 ET
Table 'Nihal' 6-max Seat #1 is the button
Seat 1: Velbor107 ($324.37 in chips)
Seat 3: bmfu649 ($67.33 in chips)
Velbor107: posts small blind $1
bmfu649: posts big blind $3
*** HOLE CARDS ***
Velbor107: raises $3 to $6
bmfu649: calls $3
*** FLOP *** [3s Ks 2s]
bmfu649: checks
Velbor107: bets $3
bmfu649: calls $3
*** TURN *** [3s Ks 2s] [6d]
bmfu649: checks
Velbor107: bets $6
bmfu649: calls $6
*** RIVER *** [3s Ks 2s 6d] [2h]
bmfu649: checks
Velbor107: bets $6
bmfu649: calls $6
*** SHOW DOWN ***
Velbor107: shows [Th 6h] (two pair, Sixes and Deuces)
bmfu649: shows [7d Kd] (two pair, Kings and Deuces)
bmfu649 collected $41.50 from pot
*** SUMMARY ***
Total pot $42 | Rake $0.50
Board [3s Ks 2s 6d 2h]
Seat 1: Velbor107 (button) (small blind) showed [Th 6h] and lost with two pair, Sixes and Deuces
Seat 3: bmfu649 (big blind) showed [7d Kd] and won ($41.50) with two pair, Kings and Deuces


PokerStars Hand #170388121507:  Hold'em Limit ($3/$6 USD) - 2017/05/13 22:02:55 ET
Table 'Nihal' 6-max Seat #3 is the button
Seat 1: Velbor107 ($348.37 in chips)
Seat 3: bmfu649 ($43.83 in chips)
bmfu649: posts small blind $1
Velbor107: posts big blind $3
*** HOLE CARDS ***
bmfu649: raises $3 to $6
Velbor107: calls $3
*** FLOP *** [6h 6s Qs]
vince4573 leaves the table
Velbor107: checks
bmfu649: bets $3
Velbor107: raises $3 to $6
bmfu649: calls $3
*** TURN *** [6h 6s Qs] [4d]
Velbor107: bets $6
bmfu649: raises $6 to $12
Velbor107: calls $6
*** RIVER *** [6h 6s Qs 4d] [8h]
Velbor107: checks
bmfu649: bets $6
Velbor107: folds
Uncalled bet ($6) returned to bmfu649
bmfu649 collected $47.50 from pot
bmfu649: doesn't show hand
*** SUMMARY ***
Total pot $48 | Rake $0.50
Board [6h 6s Qs 4d 8h]
Seat 1: Velbor107 (big blind) folded on the River
Seat 3: bmfu649 (button) (small blind) collected ($47.50)


PokerStars Hand #170388159916:  Hold'em Limit ($3/$6 USD) - 2017/05/13 22:04:34 ET
Table 'Nihal' 6-max Seat #1 is the button
Seat 1: Velbor107 ($308.89 in chips)
Seat 3: bmfu649 ($81.83 in chips)
Velbor107: posts small blind $1
bmfu649: posts big blind $3
*** HOLE CARDS ***
Velbor107: raises $3 to $6
bmfu649: calls $3
*** FLOP *** [Kc 6d 7s]
bmfu649: checks
Velbor107: bets $3
bmfu649: calls $3
*** TURN *** [Kc 6d 7s] [3c]
bmfu649: checks
Velbor107: bets $6
bmfu649: calls $6
*** RIVER *** [Kc 6d 7s 3c] [Tc]
bmfu649: checks
Velbor107: checks
*** SHOW DOWN ***
bmfu649: shows [5c 7c] (a flush, King high)
Velbor107: mucks hand
bmfu649 collected $29.50 from pot
*** SUMMARY ***
Total pot $30 | Rake $0.50
Board [Kc 6d 7s 3c Tc]
Seat 1: Velbor107 (button) (small blind) mucked
Seat 3: bmfu649 (big blind) showed [5c 7c] and won ($29.50) with a flush, King high


PokerStars Hand #170388152990:  Hold'em Limit ($3/$6 USD) - 2017/05/13 22:04:16 ET
Table 'Nihal' 6-max Seat #3 is the button
Seat 1: Velbor107 ($311.89 in chips)
Seat 3: bmfu649 ($78.83 in chips)
bmfu649: posts small blind $1
Velbor107: posts big blind $3
*** HOLE CARDS ***
bmfu649: raises $3 to $6
Velbor107: folds
Uncalled bet ($3) returned to bmfu649
bmfu649 collected $6 from pot
bmfu649: doesn't show hand
*** SUMMARY ***
Total pot $6 | Rake $0
Seat 1: Velbor107 (big blind) folded before Flop
Seat 3: bmfu649 (button) (small blind) collected ($6)


PokerStars Hand #170388184020:  Hold'em Limit ($3/$6 USD) - 2017/05/13 22:05:36 ET
Table 'Nihal' 6-max Seat #1 is the button
Seat 1: Velbor107 ($274.89 in chips)
Seat 3: bmfu649 ($114.83 in chips)
Velbor107: posts small blind $1
bmfu649: posts big blind $3
*** HOLE CARDS ***
Velbor107: raises $3 to $6
bmfu649: calls $3
*** FLOP *** [Ah 9h 2d]
bmfu649: checks
Velbor107: bets $3
bmfu649: folds
Uncalled bet ($3) returned to Velbor107
Velbor107 collected $11.76 from pot
*** SUMMARY ***
Total pot $12 | Rake $0.24
Board [Ah 9h 2d]
Seat 1: Velbor107 (button) (small blind) collected ($11.76)
Seat 3: bmfu649 (big blind) folded on the Flop


PokerStars Hand #170388181639:  Hold'em Limit ($3/$6 USD) - 2017/05/13 22:05:30 ET
Table 'Nihal' 6-max Seat #3 is the button
Seat 1: Velbor107 ($277.89 in chips)
Seat 3: bmfu649 ($111.83 in chips)
bmfu649: posts small blind $1
Velbor107: posts big blind $3
*** HOLE CARDS ***
bmfu649: raises $3 to $6
Velbor107: folds
Uncalled bet ($3) returned to bmfu649
bmfu649 collected $6 from pot
bmfu649: doesn't show hand
*** SUMMARY ***
Total pot $6 | Rake $0
Seat 1: Velbor107 (big blind) folded before Flop
Seat 3: bmfu649 (button) (small blind) collected ($6)


PokerStars Hand #170388178786:  Hold'em Limit ($3/$6 USD) - 2017/05/13 22:05:22 ET
Table 'Nihal' 6-max Seat #1 is the button
Seat 1: Velbor107 ($278.89 in chips)
Seat 3: bmfu649 ($110.83 in chips)
Velbor107: posts small blind $1
bmfu649: posts big blind $3
*** HOLE CARDS ***
Velbor107: folds
Uncalled bet ($2) returned to bmfu649
bmfu649 collected $2 from pot
bmfu649: doesn't show hand
*** SUMMARY ***
Total pot $2 | Rake $0
Seat 1: Velbor107 (button) (small blind) folded before Flop
Seat 3: bmfu649 (big blind) collected ($2)


PokerStars Hand #170388169632:  Hold'em Limit ($3/$6 USD) - 2017/05/13 22:04:59 ET
Table 'Nihal' 6-max Seat #3 is the button
Seat 1: Velbor107 ($293.89 in chips)
Seat 3: bmfu649 ($96.33 in chips)
bmfu649: posts small blind $1
Velbor107: posts big blind $3
*** HOLE CARDS ***
bmfu649: raises $3 to $6
Velbor107: calls $3
*** FLOP *** [3s 3h 3d]
Velbor107: checks
bmfu649: bets $3
Velbor107: calls $3
*** TURN *** [3s 3h 3d] [4s]
Velbor107: checks
bmfu649: bets $6
Velbor107: calls $6
*** RIVER *** [3s 3h 3d 4s] [8h]
Velbor107: checks
bmfu649: bets $6
Velbor107: folds
Uncalled bet ($6) returned to bmfu649
bmfu649 collected $29.50 from pot
bmfu649: doesn't show hand
*** SUMMARY ***
Total pot $30 | Rake $0.50
Board [3s 3h 3d 4s 8h]
Seat 1: Velbor107 (big blind) folded on the River
Seat 3: bmfu649 (button) (small blind) collected ($29.50)


PokerStars Hand #170388209049:  Hold'em Limit ($3/$6 USD) - 2017/05/13 22:06:42 ET
Table 'Nihal' 6-max Seat #3 is the button
Seat 1: Velbor107 ($292.15 in chips)
Seat 3: bmfu649 ($96.47 in chips)
bmfu649: posts small blind $1
Velbor107: posts big blind $3
*** HOLE CARDS ***
bmfu649: folds
Uncalled bet ($2) returned to Velbor107
bmfu649 leaves the table
Velbor107 collected $2 from pot
*** SUMMARY ***
Total pot $2 | Rake $0
Seat 1: Velbor107 (big blind) collected ($2)
Seat 3: bmfu649 (button) (small blind) folded before Flop


PokerStars Hand #170388199988:  Hold'em Limit ($3/$6 USD) - 2017/05/13 22:06:18 ET
Table 'Nihal' 6-max Seat #1 is the button
Seat 1: Velbor107 ($271.65 in chips)
Seat 3: bmfu649 ($117.47 in chips)
Velbor107: posts small blind $1
bmfu649: posts big blind $3
*** HOLE CARDS ***
Velbor107: raises $3 to $6
bmfu649: calls $3
*** FLOP *** [6c Qc Kd]
bmfu649: checks
Velbor107: bets $3
bmfu649: calls $3
*** TURN *** [6c Qc Kd] [Ac]
bmfu649: checks
Velbor107: bets $6
bmfu649: calls $6
*** RIVER *** [6c Qc Kd Ac] [5d]
bmfu649: checks
Velbor107: bets $6
bmfu649: calls $6
*** SHOW DOWN ***
Velbor107: shows [Tc Js] (a straight, Ten to Ace)
bmfu649: mucks hand
Velbor107 collected $41.50 from pot
*** SUMMARY ***
Total pot $42 | Rake $0.50
Board [6c Qc Kd Ac 5d]
Seat 1: Velbor107 (button) (small blind) showed [Tc Js] and won ($41.50) with a straight, Ten to Ace
Seat 3: bmfu649 (big blind) mucked


PokerStars Hand #170388188528:  Hold'em Limit ($3/$6 USD) - 2017/05/13 22:05:48 ET
Table 'Nihal' 6-max Seat #3 is the button
Seat 1: Velbor107 ($280.65 in chips)
Seat 3: bmfu649 ($108.83 in chips)
bmfu649: posts small blind $1
Velbor107: posts big blind $3
*** HOLE CARDS ***
bmfu649: raises $3 to $6
Velbor107: calls $3
*** FLOP *** [4d Qs Ac]
Velbor107: checks
bmfu649: bets $3
Velbor107: calls $3
*** TURN *** [4d Qs Ac] [3s]
Velbor107: checks
bmfu649: bets $6
Velbor107: folds
Uncalled bet ($6) returned to bmfu649
bmfu649 collected $17.64 from pot
bmfu649: doesn't show hand
*** SUMMARY ***
Total pot $18 | Rake $0.36
Board [4d Qs Ac 3s]
Seat 1: Velbor107 (big blind) folded on the Turn
Seat 3: bmfu649 (button) (small blind) collected ($17.64)


