PokerStars Hand #172352799004:  Hold'em Limit ($3/$6 USD) - 2017/06/28 14:14:51 ET
Table 'Nihal' 6-max Seat #6 is the button
Seat 3: sim5sim5 ($75 in chips)
Seat 6: manly70 ($147.85 in chips)
manly70: posts small blind $1
sim5sim5: posts big blind $3
*** HOLE CARDS ***
manly70: raises $3 to $6
sim5sim5: calls $3
*** FLOP *** [9d 3d Ks]
sim5sim5: checks
manly70: bets $3
sim5sim5: raises $3 to $6
manly70: folds
Uncalled bet ($3) returned to sim5sim5
sim5sim5 collected $17.64 from pot
sim5sim5: doesn't show hand
*** SUMMARY ***
Total pot $18 | Rake $0.36
Board [9d 3d Ks]
Seat 3: sim5sim5 (big blind) collected ($17.64)
Seat 6: manly70 (button) (small blind) folded on the Flop


PokerStars Hand #172352819277:  Hold'em Limit ($3/$6 USD) - 2017/06/28 14:15:19 ET
Table 'Nihal' 6-max Seat #3 is the button
Seat 3: sim5sim5 ($83.64 in chips)
Seat 6: manly70 ($138.85 in chips)
sim5sim5: posts small blind $1
manly70: posts big blind $3
*** HOLE CARDS ***
sim5sim5: raises $3 to $6
manly70: folds
Uncalled bet ($3) returned to sim5sim5
sim5sim5 collected $6 from pot
sim5sim5: doesn't show hand
*** SUMMARY ***
Total pot $6 | Rake $0
Seat 3: sim5sim5 (button) (small blind) collected ($6)
Seat 6: manly70 (big blind) folded before Flop


PokerStars Hand #172352825166:  Hold'em Limit ($3/$6 USD) - 2017/06/28 14:15:27 ET
Table 'Nihal' 6-max Seat #6 is the button
Seat 3: sim5sim5 ($86.64 in chips)
Seat 6: manly70 ($135.85 in chips)
manly70: posts small blind $1
sim5sim5: posts big blind $3
*** HOLE CARDS ***
karambakilla joins the table at seat #1
manly70: raises $3 to $6
sim5sim5: calls $3
*** FLOP *** [8d 2s 4h]
sim5sim5: checks
manly70: bets $3
sim5sim5: calls $3
*** TURN *** [8d 2s 4h] [6d]
sim5sim5: checks
manly70: bets $6
sim5sim5: folds
Uncalled bet ($6) returned to manly70
manly70 collected $17.64 from pot
*** SUMMARY ***
Total pot $18 | Rake $0.36
Board [8d 2s 4h 6d]
Seat 3: sim5sim5 (big blind) folded on the Turn
Seat 6: manly70 (button) (small blind) collected ($17.64)


PokerStars Hand #172352848586:  Hold'em Limit ($3/$6 USD) - 2017/06/28 14:16:00 ET
Table 'Nihal' 6-max Seat #6 is the button
Seat 3: sim5sim5 ($80.64 in chips)
Seat 6: manly70 ($141.49 in chips)
manly70: posts small blind $1
sim5sim5: posts big blind $3
*** HOLE CARDS ***
manly70: folds
Uncalled bet ($2) returned to sim5sim5
sim5sim5 collected $2 from pot
sim5sim5: doesn't show hand
*** SUMMARY ***
Total pot $2 | Rake $0
Seat 3: sim5sim5 (big blind) collected ($2)
Seat 6: manly70 (button) (small blind) folded before Flop


PokerStars Hand #172352842467:  Hold'em Limit ($3/$6 USD) - 2017/06/28 14:15:52 ET
Table 'Nihal' 6-max Seat #3 is the button
Seat 3: sim5sim5 ($77.64 in chips)
Seat 6: manly70 ($144.49 in chips)
sim5sim5: posts small blind $1
manly70: posts big blind $3
*** HOLE CARDS ***
sim5sim5: raises $3 to $6
manly70: folds
Uncalled bet ($3) returned to sim5sim5
sim5sim5 collected $6 from pot
sim5sim5: doesn't show hand
*** SUMMARY ***
Total pot $6 | Rake $0
Seat 3: sim5sim5 (button) (small blind) collected ($6)
Seat 6: manly70 (big blind) folded before Flop


PokerStars Hand #172352853629:  Hold'em Limit ($3/$6 USD) - 2017/06/28 14:16:07 ET
Table 'Nihal' 6-max Seat #3 is the button
Seat 3: sim5sim5 ($81.64 in chips)
Seat 6: manly70 ($140.49 in chips)
sim5sim5: posts small blind $1
manly70: posts big blind $3
*** HOLE CARDS ***
sim5sim5: raises $3 to $6
manly70: calls $3
*** FLOP *** [7s 9s Js]
manly70: checks
sim5sim5: bets $3
manly70: raises $3 to $6
sim5sim5: calls $3
*** TURN *** [7s 9s Js] [5h]
manly70: bets $6
sim5sim5: folds
Uncalled bet ($6) returned to manly70
manly70 collected $23.52 from pot
*** SUMMARY ***
Total pot $24 | Rake $0.48
Board [7s 9s Js 5h]
Seat 3: sim5sim5 (button) (small blind) folded on the Turn
Seat 6: manly70 (big blind) collected ($23.52)


PokerStars Hand #172352885971:  Hold'em Limit ($3/$6 USD) - 2017/06/28 14:16:52 ET
Table 'Nihal' 6-max Seat #3 is the button
Seat 3: sim5sim5 ($86.50 in chips)
Seat 6: manly70 ($137.01 in chips)
sim5sim5: posts small blind $1
manly70: posts big blind $3
*** HOLE CARDS ***
sim5sim5: raises $3 to $6
manly70: calls $3
*** FLOP *** [Qs 7h 6s]
manly70: checks
sim5sim5: bets $3
manly70: calls $3
*** TURN *** [Qs 7h 6s] [6h]
manly70: checks
sim5sim5: bets $6
manly70: calls $6
*** RIVER *** [Qs 7h 6s 6h] [Kc]
manly70: checks
sim5sim5: checks
*** SHOW DOWN ***
manly70: shows [Jc Qc] (two pair, Queens and Sixes)
sim5sim5: mucks hand
manly70 collected $29.50 from pot
*** SUMMARY ***
Total pot $30 | Rake $0.50
Board [Qs 7h 6s 6h Kc]
Seat 3: sim5sim5 (button) (small blind) mucked
Seat 6: manly70 (big blind) showed [Jc Qc] and won ($29.50) with two pair, Queens and Sixes


PokerStars Hand #172352868588:  Hold'em Limit ($3/$6 USD) - 2017/06/28 14:16:28 ET
Table 'Nihal' 6-max Seat #6 is the button
Seat 3: sim5sim5 ($72 in chips)
Seat 6: manly70 ($152.01 in chips)
manly70: posts small blind $1
sim5sim5: posts big blind $3
*** HOLE CARDS ***
manly70: calls $2
sim5sim5: raises $3 to $6
manly70: calls $3
*** FLOP *** [2c 3h 4c]
sim5sim5: bets $3
manly70: calls $3
*** TURN *** [2c 3h 4c] [8d]
sim5sim5: bets $6
manly70: calls $6
*** RIVER *** [2c 3h 4c 8d] [4s]
sim5sim5: bets $6
manly70: folds
Uncalled bet ($6) returned to sim5sim5
sim5sim5 collected $29.50 from pot
sim5sim5: doesn't show hand
*** SUMMARY ***
Total pot $30 | Rake $0.50
Board [2c 3h 4c 8d 4s]
Seat 3: sim5sim5 (big blind) collected ($29.50)
Seat 6: manly70 (button) (small blind) folded on the River


PokerStars Hand #172352904939:  Hold'em Limit ($3/$6 USD) - 2017/06/28 14:17:19 ET
Table 'Nihal' 6-max Seat #6 is the button
Seat 3: sim5sim5 ($72 in chips)
Seat 6: manly70 ($151.51 in chips)
manly70: posts small blind $1
sim5sim5: posts big blind $3
*** HOLE CARDS ***
manly70: raises $3 to $6
sim5sim5: calls $3
*** FLOP *** [7c 4c Kc]
sim5sim5: checks
manly70: bets $3
sim5sim5: folds
Uncalled bet ($3) returned to manly70
manly70 collected $11.76 from pot
*** SUMMARY ***
Total pot $12 | Rake $0.24
Board [7c 4c Kc]
Seat 3: sim5sim5 (big blind) folded on the Flop
Seat 6: manly70 (button) (small blind) collected ($11.76)


PokerStars Hand #172352916421:  Hold'em Limit ($3/$6 USD) - 2017/06/28 14:17:35 ET
Table 'Nihal' 6-max Seat #3 is the button
Seat 3: sim5sim5 ($72 in chips)
Seat 6: manly70 ($157.27 in chips)
sim5sim5: posts small blind $1
manly70: posts big blind $3
*** HOLE CARDS ***
popeluha joins the table at seat #5
sim5sim5: raises $3 to $6
manly70: calls $3
*** FLOP *** [Qh Jh Td]
manly70: checks
sim5sim5: bets $3
manly70: calls $3
*** TURN *** [Qh Jh Td] [3s]
manly70: checks
sim5sim5: checks
*** RIVER *** [Qh Jh Td 3s] [Ac]
manly70: bets $6
sim5sim5: folds
Uncalled bet ($6) returned to manly70
manly70 collected $17.64 from pot
*** SUMMARY ***
Total pot $18 | Rake $0.36
Board [Qh Jh Td 3s Ac]
Seat 3: sim5sim5 (button) (small blind) folded on the River
Seat 6: manly70 (big blind) collected ($17.64)


