PokerStars Hand #157432002168:  Hold'em Limit ($3/$6 USD) - 2016/08/18 11:20:30 ET
Table 'Nihal II' 6-max Seat #6 is the button
Seat 1: Velbor107 ($300 in chips)
Seat 6: prallimall ($76.15 in chips)
prallimall: posts small blind $1
Velbor107: posts big blind $3
*** HOLE CARDS ***
prallimall: raises $3 to $6
Velbor107: calls $3
*** FLOP *** [8c Ts 9s]
Velbor107: checks
prallimall: bets $3
Velbor107: folds
Uncalled bet ($3) returned to prallimall
prallimall collected $11.76 from pot
prallimall: doesn't show hand
*** SUMMARY ***
Total pot $12 | Rake $0.24
Board [8c Ts 9s]
Seat 1: Velbor107 (big blind) folded on the Flop
Seat 6: prallimall (button) (small blind) collected ($11.76)


PokerStars Hand #157432039867:  Hold'em Limit ($3/$6 USD) - 2016/08/18 11:21:37 ET
Table 'Nihal II' 6-max Seat #1 is the button
Seat 1: Velbor107 ($302.50 in chips)
Seat 6: prallimall ($72.41 in chips)
Velbor107: posts small blind $1
prallimall: posts big blind $3
*** HOLE CARDS ***
Velbor107: folds
Uncalled bet ($2) returned to prallimall
prallimall collected $2 from pot
prallimall: doesn't show hand
*** SUMMARY ***
Total pot $2 | Rake $0
Seat 1: Velbor107 (button) (small blind) folded before Flop
Seat 6: prallimall (big blind) collected ($2)


PokerStars Hand #157432025509:  Hold'em Limit ($3/$6 USD) - 2016/08/18 11:21:12 ET
Table 'Nihal II' 6-max Seat #6 is the button
Seat 1: Velbor107 ($323.50 in chips)
Seat 6: prallimall ($51.91 in chips)
prallimall: posts small blind $1
Velbor107: posts big blind $3
*** HOLE CARDS ***
prallimall: raises $3 to $6
Velbor107: calls $3
*** FLOP *** [Th 7c As]
Velbor107: checks
prallimall: bets $3
Velbor107: calls $3
*** TURN *** [Th 7c As] [Js]
Velbor107: checks
prallimall: bets $6
Velbor107: calls $6
*** RIVER *** [Th 7c As Js] [6d]
Velbor107: checks
prallimall: bets $6
Velbor107: calls $6
*** SHOW DOWN ***
prallimall: shows [7d Jh] (two pair, Jacks and Sevens)
Velbor107: mucks hand
prallimall collected $41.50 from pot
*** SUMMARY ***
Total pot $42 | Rake $0.50
Board [Th 7c As Js 6d]
Seat 1: Velbor107 (big blind) mucked
Seat 6: prallimall (button) (small blind) showed [7d Jh] and won ($41.50) with two pair, Jacks and Sevens


PokerStars Hand #157432008758:  Hold'em Limit ($3/$6 USD) - 2016/08/18 11:20:42 ET
Table 'Nihal II' 6-max Seat #1 is the button
Seat 1: Velbor107 ($294 in chips)
Seat 6: prallimall ($81.91 in chips)
Velbor107: posts small blind $1
prallimall: posts big blind $3
*** HOLE CARDS ***
Velbor107: raises $3 to $6
prallimall: raises $3 to $9
Velbor107: calls $3
*** FLOP *** [Th Jc 8c]
prallimall: bets $3
Velbor107: calls $3
*** TURN *** [Th Jc 8c] [7h]
prallimall: bets $6
Velbor107: raises $6 to $12
prallimall: calls $6
*** RIVER *** [Th Jc 8c 7h] [Qs]
prallimall: bets $6
Velbor107: calls $6
*** SHOW DOWN ***
prallimall: shows [5c 6h] (high card Queen)
Velbor107: shows [9h Kc] (a straight, Nine to King)
Velbor107 collected $59.50 from pot
*** SUMMARY ***
Total pot $60 | Rake $0.50
Board [Th Jc 8c 7h Qs]
Seat 1: Velbor107 (button) (small blind) showed [9h Kc] and won ($59.50) with a straight, Nine to King
Seat 6: prallimall (big blind) showed [5c 6h] and lost with high card Queen


PokerStars Hand #157432061907:  Hold'em Limit ($3/$6 USD) - 2016/08/18 11:22:15 ET
Table 'Nihal II' 6-max Seat #6 is the button
Seat 1: Velbor107 ($262.50 in chips)
Seat 6: prallimall ($111.41 in chips)
prallimall: posts small blind $1
Velbor107: posts big blind $3
*** HOLE CARDS ***
prallimall: raises $3 to $6
Velbor107: calls $3
*** FLOP *** [2c 5c 3s]
Velbor107: checks
prallimall: bets $3
Velbor107: calls $3
*** TURN *** [2c 5c 3s] [2h]
Velbor107: checks
prallimall: checks
*** RIVER *** [2c 5c 3s 2h] [6d]
foksas111 joins the table at seat #4
Velbor107: checks
prallimall: checks
*** SHOW DOWN ***
Velbor107: shows [4s 9s] (a straight, Deuce to Six)
prallimall: mucks hand
Velbor107 collected $17.64 from pot
*** SUMMARY ***
Total pot $18 | Rake $0.36
Board [2c 5c 3s 2h 6d]
Seat 1: Velbor107 (big blind) showed [4s 9s] and won ($17.64) with a straight, Deuce to Six
Seat 6: prallimall (button) (small blind) mucked


PokerStars Hand #157432051145:  Hold'em Limit ($3/$6 USD) - 2016/08/18 11:21:56 ET
Table 'Nihal II' 6-max Seat #1 is the button
Seat 1: Velbor107 ($286.50 in chips)
Seat 6: prallimall ($87.91 in chips)
Velbor107: posts small blind $1
prallimall: posts big blind $3
*** HOLE CARDS ***
Velbor107: raises $3 to $6
prallimall: raises $3 to $9
Velbor107: calls $3
*** FLOP *** [Ad 7s 4h]
prallimall: bets $3
Velbor107: calls $3
*** TURN *** [Ad 7s 4h] [Tc]
prallimall: bets $6
Velbor107: calls $6
*** RIVER *** [Ad 7s 4h Tc] [2s]
prallimall: bets $6
Velbor107: calls $6
*** SHOW DOWN ***
prallimall: shows [Qd Ts] (a pair of Tens)
Velbor107: mucks hand
prallimall collected $47.50 from pot
*** SUMMARY ***
Total pot $48 | Rake $0.50
Board [Ad 7s 4h Tc 2s]
Seat 1: Velbor107 (button) (small blind) mucked
Seat 6: prallimall (big blind) showed [Qd Ts] and won ($47.50) with a pair of Tens


PokerStars Hand #157432042471:  Hold'em Limit ($3/$6 USD) - 2016/08/18 11:21:41 ET
Table 'Nihal II' 6-max Seat #6 is the button
Seat 1: Velbor107 ($301.50 in chips)
Seat 6: prallimall ($73.41 in chips)
prallimall: posts small blind $1
Velbor107: posts big blind $3
*** HOLE CARDS ***
prallimall: raises $3 to $6
Velbor107: calls $3
*** FLOP *** [Ad As Qc]
Velbor107: checks
prallimall: bets $3
Velbor107: calls $3
*** TURN *** [Ad As Qc] [3s]
Velbor107: checks
prallimall: checks
*** RIVER *** [Ad As Qc 3s] [5d]
Velbor107: bets $6
prallimall: calls $6
*** SHOW DOWN ***
Velbor107: shows [2s 9s] (a pair of Aces)
prallimall: shows [Ks 2c] (a pair of Aces - King kicker)
prallimall collected $29.50 from pot
*** SUMMARY ***
Total pot $30 | Rake $0.50
Board [Ad As Qc 3s 5d]
Seat 1: Velbor107 (big blind) showed [2s 9s] and lost with a pair of Aces
Seat 6: prallimall (button) (small blind) showed [Ks 2c] and won ($29.50) with a pair of Aces


PokerStars Hand #157432108312:  Hold'em Limit ($3/$6 USD) - 2016/08/18 11:23:36 ET
Table 'Nihal II' 6-max Seat #1 is the button
Seat 1: Velbor107 ($241.14 in chips)
Seat 4: foksas111 ($246.48 in chips)
Velbor107: posts small blind $1
foksas111: posts big blind $3
*** HOLE CARDS ***
Velbor107: raises $3 to $6
foksas111: folds
Uncalled bet ($3) returned to Velbor107
Velbor107 collected $6 from pot
*** SUMMARY ***
Total pot $6 | Rake $0
Seat 1: Velbor107 (button) (small blind) collected ($6)
Seat 4: foksas111 (big blind) folded before Flop


PokerStars Hand #157432091149:  Hold'em Limit ($3/$6 USD) - 2016/08/18 11:23:06 ET
Table 'Nihal II' 6-max Seat #4 is the button
Seat 1: Velbor107 ($262.14 in chips)
Seat 4: foksas111 ($225.98 in chips)
foksas111: posts small blind $1
Velbor107: posts big blind $3
*** HOLE CARDS ***
foksas111: raises $3 to $6
Velbor107: calls $3
*** FLOP *** [7h Js 9d]
Velbor107: checks
foksas111: bets $3
Velbor107: calls $3
*** TURN *** [7h Js 9d] [Ad]
Velbor107: checks
foksas111: bets $6
Velbor107: calls $6
*** RIVER *** [7h Js 9d Ad] [4s]
Velbor107: checks
crash19867 joins the table at seat #5
foksas111: bets $6
Velbor107: calls $6
*** SHOW DOWN ***
foksas111: shows [Jd As] (two pair, Aces and Jacks)
Velbor107: mucks hand
foksas111 collected $41.50 from pot
*** SUMMARY ***
Total pot $42 | Rake $0.50
Board [7h Js 9d Ad 4s]
Seat 1: Velbor107 (big blind) mucked
Seat 4: foksas111 (button) (small blind) showed [Jd As] and won ($41.50) with two pair, Aces and Jacks


PokerStars Hand #157432238541:  Hold'em Limit ($3/$6 USD) - 2016/08/18 11:27:24 ET
Table 'Nihal II' 6-max Seat #1 is the button
Seat 1: Velbor107 ($253.50 in chips)
Seat 6: $polu4atel*$ ($131.71 in chips)
Velbor107: posts small blind $1
crash19867: is sitting out
$polu4atel*$: posts big blind $3
*** HOLE CARDS ***
Velbor107: folds
Uncalled bet ($2) returned to $polu4atel*$
$polu4atel*$ collected $2 from pot
$polu4atel*$: doesn't show hand
*** SUMMARY ***
Total pot $2 | Rake $0
Seat 1: Velbor107 (button) (small blind) folded before Flop
Seat 6: $polu4atel*$ (big blind) collected ($2)


PokerStars Hand #157432242358:  Hold'em Limit ($3/$6 USD) - 2016/08/18 11:27:31 ET
Table 'Nihal II' 6-max Seat #6 is the button
Seat 1: Velbor107 ($252.50 in chips)
Seat 6: $polu4atel*$ ($132.71 in chips)
$polu4atel*$: posts small blind $1
Velbor107: posts big blind $3
*** HOLE CARDS ***
crash19867 leaves the table
$polu4atel*$: raises $3 to $6
Velbor107: raises $3 to $9
$polu4atel*$: calls $3
*** FLOP *** [8d 3h 9c]
Velbor107: bets $3
$polu4atel*$: calls $3
*** TURN *** [8d 3h 9c] [2c]
Velbor107: bets $6
$polu4atel*$: folds
Uncalled bet ($6) returned to Velbor107
Velbor107 collected $23.52 from pot
*** SUMMARY ***
Total pot $24 | Rake $0.48
Board [8d 3h 9c 2c]
Seat 1: Velbor107 (big blind) collected ($23.52)
Seat 6: $polu4atel*$ (button) (small blind) folded on the Turn


PokerStars Hand #157432254474:  Hold'em Limit ($3/$6 USD) - 2016/08/18 11:27:52 ET
Table 'Nihal II' 6-max Seat #1 is the button
Seat 1: Velbor107 ($264.02 in chips)
Seat 6: $polu4atel*$ ($120.71 in chips)
Velbor107: posts small blind $1
$polu4atel*$: posts big blind $3
*** HOLE CARDS ***
Velbor107: raises $3 to $6
$polu4atel*$: calls $3
*** FLOP *** [Ks Ts Th]
$polu4atel*$: checks
Velbor107: bets $3
$polu4atel*$: raises $3 to $6
Velbor107: calls $3
*** TURN *** [Ks Ts Th] [Kd]
$polu4atel*$: bets $6
Velbor107: calls $6
*** RIVER *** [Ks Ts Th Kd] [6d]
$polu4atel*$: bets $6
Velbor107: calls $6
*** SHOW DOWN ***
$polu4atel*$: shows [Kc 7h] (a full house, Kings full of Tens)
Velbor107: mucks hand
$polu4atel*$ collected $47.50 from pot
*** SUMMARY ***
Total pot $48 | Rake $0.50
Board [Ks Ts Th Kd 6d]
Seat 1: Velbor107 (button) (small blind) mucked
Seat 6: $polu4atel*$ (big blind) showed [Kc 7h] and won ($47.50) with a full house, Kings full of Tens


PokerStars Hand #157432266665:  Hold'em Limit ($3/$6 USD) - 2016/08/18 11:28:13 ET
Table 'Nihal II' 6-max Seat #6 is the button
Seat 1: Velbor107 ($240.02 in chips)
Seat 6: $polu4atel*$ ($144.21 in chips)
$polu4atel*$: posts small blind $1
Velbor107: posts big blind $3
*** HOLE CARDS ***
$polu4atel*$: raises $3 to $6
Velbor107: calls $3
*** FLOP *** [9s 2d 8h]
Velbor107: checks
$polu4atel*$: checks
*** TURN *** [9s 2d 8h] [Kh]
Velbor107: bets $6
$polu4atel*$: calls $6
*** RIVER *** [9s 2d 8h Kh] [Kd]
Hannibal2211 joins the table at seat #2
Velbor107: bets $6
$polu4atel*$: raises $6 to $12
Velbor107: calls $6
*** SHOW DOWN ***
$polu4atel*$: shows [2s 2c] (a full house, Deuces full of Kings)
Velbor107: mucks hand
$polu4atel*$ collected $47.50 from pot
*** SUMMARY ***
Total pot $48 | Rake $0.50
Board [9s 2d 8h Kh Kd]
Seat 1: Velbor107 (big blind) mucked
Seat 6: $polu4atel*$ (button) (small blind) showed [2s 2c] and won ($47.50) with a full house, Deuces full of Kings


PokerStars Hand #157432301054:  Hold'em Limit ($3/$6 USD) - 2016/08/18 11:29:13 ET
Table 'Nihal II' 6-max Seat #2 is the button
Seat 1: Velbor107 ($215.02 in chips)
Seat 2: Hannibal2211 ($72 in chips)
Hannibal2211: posts small blind $1
$polu4atel*$: is sitting out
Velbor107: posts big blind $3
*** HOLE CARDS ***
Hannibal2211: raises $3 to $6
Velbor107: calls $3
*** FLOP *** [Js 7c 7h]
Velbor107: checks
Hannibal2211: checks
*** TURN *** [Js 7c 7h] [Ks]
Velbor107: checks
Hannibal2211: bets $6
Velbor107: folds
Uncalled bet ($6) returned to Hannibal2211
Hannibal2211 collected $11.76 from pot
*** SUMMARY ***
Total pot $12 | Rake $0.24
Board [Js 7c 7h Ks]
Seat 1: Velbor107 (big blind) folded on the Turn
Seat 2: Hannibal2211 (button) (small blind) collected ($11.76)


PokerStars Hand #157432312377:  Hold'em Limit ($3/$6 USD) - 2016/08/18 11:29:33 ET
Table 'Nihal II' 6-max Seat #1 is the button
Seat 1: Velbor107 ($209.02 in chips)
Seat 2: Hannibal2211 ($77.76 in chips)
Velbor107: posts small blind $1
Hannibal2211: posts big blind $3
*** HOLE CARDS ***
$polu4atel*$ leaves the table
Velbor107: raises $3 to $6
Hannibal2211: calls $3
*** FLOP *** [Qd 7d 3c]
Hannibal2211: checks
Velbor107: bets $3
Hannibal2211: raises $3 to $6
Velbor107: folds
Uncalled bet ($3) returned to Hannibal2211
Hannibal2211 collected $17.64 from pot
*** SUMMARY ***
Total pot $18 | Rake $0.36
Board [Qd 7d 3c]
Seat 1: Velbor107 (button) (small blind) folded on the Flop
Seat 2: Hannibal2211 (big blind) collected ($17.64)


