PokerStars Hand #154381280773:  Hold'em Limit ($3/$6 USD) - 2016/06/06 15:01:05 ET
Table 'Nike II' 6-max Seat #4 is the button
Seat 2: Wurst2000 ($175.88 in chips)
Seat 4: Tryptamean ($143.17 in chips)
Tryptamean: posts small blind $1
Wurst2000: posts big blind $3
*** HOLE CARDS ***
Tryptamean: raises $3 to $6
Wurst2000: folds
Uncalled bet ($3) returned to Tryptamean
Tryptamean collected $6 from pot
Tryptamean: doesn't show hand
*** SUMMARY ***
Total pot $6 | Rake $0
Seat 2: Wurst2000 (big blind) folded before Flop
Seat 4: Tryptamean (button) (small blind) collected ($6)


PokerStars Hand #154381319092:  Hold'em Limit ($3/$6 USD) - 2016/06/06 15:01:51 ET
Table 'Nike II' 6-max Seat #4 is the button
Seat 4: Tryptamean ($154.81 in chips)
Seat 5: B_loJkl ($150 in chips)
Tryptamean: posts small blind $1
B_loJkl: posts big blind $3
*** HOLE CARDS ***
Tryptamean: folds
Uncalled bet ($2) returned to B_loJkl
B_loJkl collected $2 from pot
B_loJkl: doesn't show hand
*** SUMMARY ***
Total pot $2 | Rake $0
Seat 4: Tryptamean (button) (small blind) folded before Flop
Seat 5: B_loJkl (big blind) collected ($2)


PokerStars Hand #154381286937:  Hold'em Limit ($3/$6 USD) - 2016/06/06 15:01:13 ET
Table 'Nike II' 6-max Seat #2 is the button
Seat 2: Wurst2000 ($172.88 in chips)
Seat 4: Tryptamean ($146.17 in chips)
Wurst2000: posts small blind $1
Tryptamean: posts big blind $3
*** HOLE CARDS ***
Wurst2000: raises $3 to $6
Tryptamean: raises $3 to $9
Wurst2000: calls $3
*** FLOP *** [Td 8d 5d]
Tryptamean: bets $3
Wurst2000: folds
Uncalled bet ($3) returned to Tryptamean
Tryptamean collected $17.64 from pot
Tryptamean: doesn't show hand
*** SUMMARY ***
Total pot $18 | Rake $0.36
Board [Td 8d 5d]
Seat 2: Wurst2000 (button) (small blind) folded on the Flop
Seat 4: Tryptamean (big blind) collected ($17.64)


PokerStars Hand #154381331184:  Hold'em Limit ($3/$6 USD) - 2016/06/06 15:02:05 ET
Table 'Nike II' 6-max Seat #5 is the button
Seat 4: Tryptamean ($153.81 in chips)
Seat 5: B_loJkl ($151 in chips)
B_loJkl: posts small blind $1
Tryptamean: posts big blind $3
*** HOLE CARDS ***
B_loJkl: raises $3 to $6
Tryptamean: calls $3
*** FLOP *** [Ts Jd Kh]
Tryptamean: checks
B_loJkl: bets $3
Tryptamean: calls $3
*** TURN *** [Ts Jd Kh] [6h]
Tryptamean: checks
B_loJkl: bets $6
Tryptamean: calls $6
*** RIVER *** [Ts Jd Kh 6h] [6s]
Tryptamean: checks
B_loJkl: checks
*** SHOW DOWN ***
Tryptamean: shows [7d Js] (two pair, Jacks and Sixes)
B_loJkl: mucks hand
Tryptamean collected $29.50 from pot
*** SUMMARY ***
Total pot $30 | Rake $0.50
Board [Ts Jd Kh 6h 6s]
Seat 4: Tryptamean (big blind) showed [7d Js] and won ($29.50) with two pair, Jacks and Sixes
Seat 5: B_loJkl (button) (small blind) mucked


PokerStars Hand #154381365319:  Hold'em Limit ($3/$6 USD) - 2016/06/06 15:02:44 ET
Table 'Nike II' 6-max Seat #4 is the button
Seat 4: Tryptamean ($168.31 in chips)
Seat 5: B_loJkl ($136 in chips)
Tryptamean: posts small blind $1
B_loJkl: posts big blind $3
*** HOLE CARDS ***
Tryptamean: raises $3 to $6
B_loJkl: raises $3 to $9
Tryptamean: calls $3
*** FLOP *** [Jd 6c 4c]
B_loJkl: bets $3
Tryptamean: calls $3
*** TURN *** [Jd 6c 4c] [8h]
B_loJkl: bets $6
Tryptamean: calls $6
*** RIVER *** [Jd 6c 4c 8h] [Qd]
B_loJkl: checks
lelala joins the table at seat #6
Piparipoker leaves the table
Tryptamean: checks
*** SHOW DOWN ***
B_loJkl: shows [Ks Kh] (a pair of Kings)
Tryptamean: mucks hand
B_loJkl collected $35.50 from pot
*** SUMMARY ***
Total pot $36 | Rake $0.50
Board [Jd 6c 4c 8h Qd]
Seat 4: Tryptamean (button) (small blind) mucked
Seat 5: B_loJkl (big blind) showed [Ks Kh] and won ($35.50) with a pair of Kings


PokerStars Hand #154383856240:  Hold'em Limit ($3/$6 USD) - 2016/06/06 15:47:54 ET
Table 'Nike II' 6-max Seat #5 is the button
Seat 4: Tryptamean ($263.14 in chips)
Seat 5: B_loJkl ($127.02 in chips)
B_loJkl: posts small blind $1
LordBorzi II: is sitting out
Tryptamean: posts big blind $3
*** HOLE CARDS ***
ValeryRon leaves the table
B_loJkl: folds
Uncalled bet ($2) returned to Tryptamean
Tryptamean collected $2 from pot
Tryptamean: doesn't show hand
*** SUMMARY ***
Total pot $2 | Rake $0
Seat 4: Tryptamean (big blind) collected ($2)
Seat 5: B_loJkl (button) (small blind) folded before Flop


