PokerStars Hand #144993704247:  Hold'em Limit ($3/$6 USD) - 2015/12/07 17:54:41 ET
Table 'Nike II' 6-max Seat #4 is the button
Seat 1: KARATEL52 ($119.50 in chips)
Seat 4: Karpik09 ($90 in chips)
Karpik09: posts small blind $1
KARATEL52: posts big blind $3
*** HOLE CARDS ***
Karpik09: raises $3 to $6
KARATEL52: folds
Uncalled bet ($3) returned to Karpik09
Karpik09 collected $6 from pot
Karpik09: doesn't show hand
*** SUMMARY ***
Total pot $6 | Rake $0
Seat 1: KARATEL52 (big blind) folded before Flop
Seat 4: Karpik09 (button) (small blind) collected ($6)


PokerStars Hand #144993678042:  Hold'em Limit ($3/$6 USD) - 2015/12/07 17:54:11 ET
Table 'Nike II' 6-max Seat #1 is the button
Seat 1: KARATEL52 ($90 in chips)
Seat 4: Karpik09 ($90 in chips)
KARATEL52: posts small blind $1
Karpik09: posts big blind $3
*** HOLE CARDS ***
KARATEL52: raises $3 to $6
Karpik09: calls $3
*** FLOP *** [Qh 4h 6d]
Karpik09: checks
KARATEL52: bets $3
Karpik09: raises $3 to $6
KARATEL52: calls $3
*** TURN *** [Qh 4h 6d] [2h]
Karpik09: bets $6
KARATEL52: raises $6 to $12
Karpik09: calls $6
*** RIVER *** [Qh 4h 6d 2h] [Ah]
Karpik09: checks
KARATEL52: bets $6
Karpik09: calls $6
*** SHOW DOWN ***
KARATEL52: shows [6s 2s] (two pair, Sixes and Deuces)
Karpik09: mucks hand
KARATEL52 collected $59.50 from pot
*** SUMMARY ***
Total pot $60 | Rake $0.50
Board [Qh 4h 6d 2h Ah]
Seat 1: KARATEL52 (button) (small blind) showed [6s 2s] and won ($59.50) with two pair, Sixes and Deuces
Seat 4: Karpik09 (big blind) mucked


PokerStars Hand #144993713446:  Hold'em Limit ($3/$6 USD) - 2015/12/07 17:54:52 ET
Table 'Nike II' 6-max Seat #1 is the button
Seat 1: KARATEL52 ($116.50 in chips)
Seat 4: Karpik09 ($93 in chips)
KARATEL52: posts small blind $1
Karpik09: posts big blind $3
*** HOLE CARDS ***
KARATEL52: raises $3 to $6
Karpik09: calls $3
*** FLOP *** [6h Qs Ks]
Karpik09: checks
KARATEL52: checks
*** TURN *** [6h Qs Ks] [7s]
Karpik09: bets $6
KARATEL52: calls $6
*** RIVER *** [6h Qs Ks 7s] [Ac]
Karpik09: checks
KARATEL52: checks
*** SHOW DOWN ***
Karpik09: shows [8d Qc] (a pair of Queens)
KARATEL52: mucks hand
Karpik09 collected $23.52 from pot
*** SUMMARY ***
Total pot $24 | Rake $0.48
Board [6h Qs Ks 7s Ac]
Seat 1: KARATEL52 (button) (small blind) mucked
Seat 4: Karpik09 (big blind) showed [8d Qc] and won ($23.52) with a pair of Queens


PokerStars Hand #144993746627:  Hold'em Limit ($3/$6 USD) - 2015/12/07 17:55:34 ET
Table 'Nike II' 6-max Seat #4 is the button
Seat 1: KARATEL52 ($104.50 in chips)
Seat 4: Karpik09 ($104.52 in chips)
Karpik09: posts small blind $1
KARATEL52: posts big blind $3
*** HOLE CARDS ***
Karpik09: raises $3 to $6
KARATEL52: calls $3
*** FLOP *** [2s 4h 2c]
KARATEL52: checks
Karpik09: bets $3
KARATEL52: raises $3 to $6
Karpik09: calls $3
*** TURN *** [2s 4h 2c] [9d]
KARATEL52: bets $6
Karpik09: calls $6
*** RIVER *** [2s 4h 2c 9d] [6c]
KARATEL52: bets $6
Karpik09: calls $6
*** SHOW DOWN ***
KARATEL52: shows [2h Ah] (three of a kind, Deuces)
Karpik09: mucks hand
KARATEL52 collected $47.50 from pot
*** SUMMARY ***
Total pot $48 | Rake $0.50
Board [2s 4h 2c 9d 6c]
Seat 1: KARATEL52 (big blind) showed [2h Ah] and won ($47.50) with three of a kind, Deuces
Seat 4: Karpik09 (button) (small blind) mucked


