PokerStars Hand #157487560803:  Hold'em Limit ($3/$6 USD) - 2016/08/19 17:25:09 ET
Table 'Nike' 6-max Seat #3 is the button
Seat 3: simper11 ($120 in chips)
Seat 4: FabronxRJ ($196.13 in chips)
simper11: posts small blind $1
FabronxRJ: posts big blind $3
*** HOLE CARDS ***
simper11: raises $3 to $6
FabronxRJ: calls $3
*** FLOP *** [8h 9h Kd]
FabronxRJ: checks
simper11: bets $3
FabronxRJ: raises $3 to $6
simper11: calls $3
*** TURN *** [8h 9h Kd] [5h]
FabronxRJ: checks
simper11: bets $6
FabronxRJ: folds
Uncalled bet ($6) returned to simper11
simper11 collected $23.52 from pot
simper11: doesn't show hand
*** SUMMARY ***
Total pot $24 | Rake $0.48
Board [8h 9h Kd 5h]
Seat 3: simper11 (button) (small blind) collected ($23.52)
Seat 4: FabronxRJ (big blind) folded on the Turn


PokerStars Hand #157487533903:  Hold'em Limit ($3/$6 USD) - 2016/08/19 17:24:46 ET
Table 'Nike' 6-max Seat #4 is the button
Seat 3: simper11 ($134.50 in chips)
Seat 4: FabronxRJ ($175.63 in chips)
FabronxRJ: posts small blind $1
simper11: posts big blind $3
*** HOLE CARDS ***
FabronxRJ: raises $3 to $6
simper11: calls $3
*** FLOP *** [7d 6h 3c]
simper11: checks
FabronxRJ: bets $3
simper11: calls $3
*** TURN *** [7d 6h 3c] [2c]
simper11: checks
FabronxRJ: bets $6
simper11: calls $6
*** RIVER *** [7d 6h 3c 2c] [2h]
simper11: checks
FabronxRJ: bets $6
simper11: calls $6
*** SHOW DOWN ***
FabronxRJ: shows [7c Tc] (two pair, Sevens and Deuces)
simper11: mucks hand
FabronxRJ collected $41.50 from pot
*** SUMMARY ***
Total pot $42 | Rake $0.50
Board [7d 6h 3c 2c 2h]
Seat 3: simper11 (big blind) mucked
Seat 4: FabronxRJ (button) (small blind) showed [7c Tc] and won ($41.50) with two pair, Sevens and Deuces


PokerStars Hand #157487486457:  Hold'em Limit ($3/$6 USD) - 2016/08/19 17:23:55 ET
Table 'Nike' 6-max Seat #3 is the button
Seat 3: simper11 ($120 in chips)
Seat 4: FabronxRJ ($190.63 in chips)
simper11: posts small blind $1
FabronxRJ is disconnected
FabronxRJ is connected
FabronxRJ: posts big blind $3
*** HOLE CARDS ***
simper11: raises $3 to $6
FabronxRJ: calls $3
*** FLOP *** [Qd Ac 6s]
FabronxRJ: checks
simper11: bets $3
FabronxRJ: calls $3
*** TURN *** [Qd Ac 6s] [5c]
FabronxRJ: checks
simper11: checks
*** RIVER *** [Qd Ac 6s 5c] [Js]
FabronxRJ: bets $6
simper11: calls $6
*** SHOW DOWN ***
FabronxRJ: shows [8s 5s] (a pair of Fives)
simper11: shows [8c 8h] (a pair of Eights)
simper11 collected $29.50 from pot
*** SUMMARY ***
Total pot $30 | Rake $0.50
Board [Qd Ac 6s 5c Js]
Seat 3: simper11 (button) (small blind) showed [8c 8h] and won ($29.50) with a pair of Eights
Seat 4: FabronxRJ (big blind) showed [8s 5s] and lost with a pair of Fives


PokerStars Hand #157487580669:  Hold'em Limit ($3/$6 USD) - 2016/08/19 17:25:31 ET
Table 'Nike' 6-max Seat #4 is the button
Seat 3: simper11 ($131.52 in chips)
Seat 4: FabronxRJ ($184.13 in chips)
FabronxRJ: posts small blind $1
simper11: posts big blind $3
*** HOLE CARDS ***
FabronxRJ: calls $2
simper11: checks
*** FLOP *** [8c 9c 4s]
simper11: checks
FabronxRJ: bets $3
simper11: folds
Uncalled bet ($3) returned to FabronxRJ
FabronxRJ collected $5.88 from pot
FabronxRJ: doesn't show hand
*** SUMMARY ***
Total pot $6 | Rake $0.12
Board [8c 9c 4s]
Seat 3: simper11 (big blind) folded on the Flop
Seat 4: FabronxRJ (button) (small blind) collected ($5.88)


PokerStars Hand #157487590870:  Hold'em Limit ($3/$6 USD) - 2016/08/19 17:25:42 ET
Table 'Nike' 6-max Seat #3 is the button
Seat 3: simper11 ($128.52 in chips)
Seat 4: FabronxRJ ($187.01 in chips)
simper11: posts small blind $1
FabronxRJ: posts big blind $3
*** HOLE CARDS ***
simper11: raises $3 to $6
FabronxRJ: raises $3 to $9
simper11: calls $3
*** FLOP *** [6h 7c Ad]
FabronxRJ: checks
simper11: checks
*** TURN *** [6h 7c Ad] [5h]
FabronxRJ: bets $6
simper11: calls $6
*** RIVER *** [6h 7c Ad 5h] [Th]
FabronxRJ: bets $6
simper11: folds
Uncalled bet ($6) returned to FabronxRJ
FabronxRJ collected $29.50 from pot
FabronxRJ: doesn't show hand
*** SUMMARY ***
Total pot $30 | Rake $0.50
Board [6h 7c Ad 5h Th]
Seat 3: simper11 (button) (small blind) folded on the River
Seat 4: FabronxRJ (big blind) collected ($29.50)


PokerStars Hand #157487606294:  Hold'em Limit ($3/$6 USD) - 2016/08/19 17:25:59 ET
Table 'Nike' 6-max Seat #4 is the button
Seat 3: simper11 ($120 in chips)
Seat 4: FabronxRJ ($201.51 in chips)
FabronxRJ: posts small blind $1
simper11: posts big blind $3
*** HOLE CARDS ***
FabronxRJ: calls $2
simper11: checks
*** FLOP *** [2h 4d 7h]
simper11: checks
FabronxRJ: checks
*** TURN *** [2h 4d 7h] [Jd]
simper11: bets $6
FabronxRJ: folds
Uncalled bet ($6) returned to simper11
simper11 collected $5.88 from pot
simper11: doesn't show hand
*** SUMMARY ***
Total pot $6 | Rake $0.12
Board [2h 4d 7h Jd]
Seat 3: simper11 (big blind) collected ($5.88)
Seat 4: FabronxRJ (button) (small blind) folded on the Turn


PokerStars Hand #157487620589:  Hold'em Limit ($3/$6 USD) - 2016/08/19 17:26:15 ET
Table 'Nike' 6-max Seat #3 is the button
Seat 3: simper11 ($122.88 in chips)
Seat 4: FabronxRJ ($198.51 in chips)
simper11: posts small blind $1
FabronxRJ: posts big blind $3
*** HOLE CARDS ***
simper11: raises $3 to $6
FabronxRJ: calls $3
*** FLOP *** [Kc Jd Jh]
FabronxRJ: checks
simper11: bets $3
FabronxRJ: folds
Uncalled bet ($3) returned to simper11
simper11 collected $11.76 from pot
simper11: doesn't show hand
*** SUMMARY ***
Total pot $12 | Rake $0.24
Board [Kc Jd Jh]
Seat 3: simper11 (button) (small blind) collected ($11.76)
Seat 4: FabronxRJ (big blind) folded on the Flop


PokerStars Hand #157487632558:  Hold'em Limit ($3/$6 USD) - 2016/08/19 17:26:28 ET
Table 'Nike' 6-max Seat #4 is the button
Seat 3: simper11 ($128.64 in chips)
Seat 4: FabronxRJ ($192.51 in chips)
FabronxRJ: posts small blind $1
simper11: posts big blind $3
*** HOLE CARDS ***
FabronxRJ: raises $3 to $6
simper11: calls $3
*** FLOP *** [2h 3h Qs]
simper11: checks
FabronxRJ: bets $3
simper11: folds
Uncalled bet ($3) returned to FabronxRJ
FabronxRJ collected $11.76 from pot
FabronxRJ: doesn't show hand
*** SUMMARY ***
Total pot $12 | Rake $0.24
Board [2h 3h Qs]
Seat 3: simper11 (big blind) folded on the Flop
Seat 4: FabronxRJ (button) (small blind) collected ($11.76)


PokerStars Hand #157487643368:  Hold'em Limit ($3/$6 USD) - 2016/08/19 17:26:40 ET
Table 'Nike' 6-max Seat #3 is the button
Seat 3: simper11 ($122.64 in chips)
Seat 4: FabronxRJ ($198.27 in chips)
simper11: posts small blind $1
FabronxRJ: posts big blind $3
*** HOLE CARDS ***
simper11: raises $3 to $6
FabronxRJ: calls $3
*** FLOP *** [Ts 4d Ad]
FabronxRJ: checks
simper11: bets $3
FabronxRJ: raises $3 to $6
simper11: calls $3
*** TURN *** [Ts 4d Ad] [7c]
FabronxRJ: bets $6
simper11: folds
Uncalled bet ($6) returned to FabronxRJ
FabronxRJ collected $23.52 from pot
FabronxRJ: doesn't show hand
*** SUMMARY ***
Total pot $24 | Rake $0.48
Board [Ts 4d Ad 7c]
Seat 3: simper11 (button) (small blind) folded on the Turn
Seat 4: FabronxRJ (big blind) collected ($23.52)


PokerStars Hand #157487658753:  Hold'em Limit ($3/$6 USD) - 2016/08/19 17:26:58 ET
Table 'Nike' 6-max Seat #4 is the button
Seat 3: simper11 ($120 in chips)
Seat 4: FabronxRJ ($209.79 in chips)
FabronxRJ: posts small blind $1
simper11: posts big blind $3
*** HOLE CARDS ***
FabronxRJ: calls $2
simper11: raises $3 to $6
FabronxRJ: calls $3
*** FLOP *** [Js Td 5s]
simper11: bets $3
FabronxRJ: raises $3 to $6
simper11: raises $3 to $9
FabronxRJ: calls $3
*** TURN *** [Js Td 5s] [Ts]
simper11: bets $6
FabronxRJ: calls $6
*** RIVER *** [Js Td 5s Ts] [3c]
simper11: bets $6
FabronxRJ: calls $6
*** SHOW DOWN ***
simper11: shows [Ac Qc] (a pair of Tens)
FabronxRJ: shows [8d 8s] (two pair, Tens and Eights)
FabronxRJ collected $53.50 from pot
*** SUMMARY ***
Total pot $54 | Rake $0.50
Board [Js Td 5s Ts 3c]
Seat 3: simper11 (big blind) showed [Ac Qc] and lost with a pair of Tens
Seat 4: FabronxRJ (button) (small blind) showed [8d 8s] and won ($53.50) with two pair, Tens and Eights


PokerStars Hand #157487677180:  Hold'em Limit ($3/$6 USD) - 2016/08/19 17:27:18 ET
Table 'Nike' 6-max Seat #3 is the button
Seat 3: simper11 ($120 in chips)
Seat 4: FabronxRJ ($236.29 in chips)
simper11: posts small blind $1
FabronxRJ: posts big blind $3
*** HOLE CARDS ***
simper11: raises $3 to $6
FabronxRJ: calls $3
*** FLOP *** [8c As 8h]
FabronxRJ: checks
simper11: bets $3
FabronxRJ: folds
Uncalled bet ($3) returned to simper11
simper11 collected $11.76 from pot
simper11: doesn't show hand
*** SUMMARY ***
Total pot $12 | Rake $0.24
Board [8c As 8h]
Seat 3: simper11 (button) (small blind) collected ($11.76)
Seat 4: FabronxRJ (big blind) folded on the Flop


PokerStars Hand #157487693679:  Hold'em Limit ($3/$6 USD) - 2016/08/19 17:27:36 ET
Table 'Nike' 6-max Seat #4 is the button
Seat 3: simper11 ($125.76 in chips)
Seat 4: FabronxRJ ($230.29 in chips)
FabronxRJ: posts small blind $1
simper11: posts big blind $3
*** HOLE CARDS ***
FabronxRJ: calls $2
simper11: checks
*** FLOP *** [Ks Js 3h]
simper11: checks
FabronxRJ: bets $3
simper11: raises $3 to $6
FabronxRJ: calls $3
*** TURN *** [Ks Js 3h] [8s]
simper11: bets $6
FabronxRJ: folds
Uncalled bet ($6) returned to simper11
simper11 collected $17.64 from pot
simper11: doesn't show hand
*** SUMMARY ***
Total pot $18 | Rake $0.36
Board [Ks Js 3h 8s]
Seat 3: simper11 (big blind) collected ($17.64)
Seat 4: FabronxRJ (button) (small blind) folded on the Turn


