PokerStars Hand #146681213373:  Hold'em Limit ($3/$6 USD) - 2016/01/08 10:29:47 ET
Table 'Nikko' 2-max Seat #2 is the button
Seat 1: TbIP-TbIP 88 ($72 in chips)
Seat 2: permafrost07 ($130.09 in chips)
permafrost07: posts small blind $1
TbIP-TbIP 88: posts big blind $3
*** HOLE CARDS ***
permafrost07: raises $3 to $6
TbIP-TbIP 88: calls $3
*** FLOP *** [3c 3h Qc]
TbIP-TbIP 88: checks
permafrost07: checks
*** TURN *** [3c 3h Qc] [7h]
TbIP-TbIP 88: bets $6
permafrost07: folds
Uncalled bet ($6) returned to TbIP-TbIP 88
TbIP-TbIP 88 collected $11.76 from pot
TbIP-TbIP 88: doesn't show hand
*** SUMMARY ***
Total pot $12 | Rake $0.24
Board [3c 3h Qc 7h]
Seat 1: TbIP-TbIP 88 (big blind) collected ($11.76)
Seat 2: permafrost07 (button) (small blind) folded on the Turn


PokerStars Hand #146681236044:  Hold'em Limit ($3/$6 USD) - 2016/01/08 10:30:14 ET
Table 'Nikko' 2-max Seat #1 is the button
Seat 1: TbIP-TbIP 88 ($77.76 in chips)
Seat 2: permafrost07 ($124.09 in chips)
TbIP-TbIP 88: posts small blind $1
permafrost07: posts big blind $3
*** HOLE CARDS ***
TbIP-TbIP 88: raises $3 to $6
permafrost07: calls $3
*** FLOP *** [4s 2h 6s]
permafrost07: bets $3
TbIP-TbIP 88: calls $3
*** TURN *** [4s 2h 6s] [3d]
permafrost07: bets $6
TbIP-TbIP 88: folds
Uncalled bet ($6) returned to permafrost07
permafrost07 collected $17.64 from pot
permafrost07: doesn't show hand
*** SUMMARY ***
Total pot $18 | Rake $0.36
Board [4s 2h 6s 3d]
Seat 1: TbIP-TbIP 88 (button) (small blind) folded on the Turn
Seat 2: permafrost07 (big blind) collected ($17.64)


PokerStars Hand #146681309026:  Hold'em Limit ($3/$6 USD) - 2016/01/08 10:31:42 ET
Table 'Nikko' 2-max Seat #1 is the button
Seat 1: TbIP-TbIP 88 ($83.52 in chips)
Seat 2: permafrost07 ($120.73 in chips)
TbIP-TbIP 88: posts small blind $1
permafrost07: posts big blind $3
*** HOLE CARDS ***
TbIP-TbIP 88: folds
Uncalled bet ($2) returned to permafrost07
permafrost07 collected $2 from pot
permafrost07: doesn't show hand
*** SUMMARY ***
Total pot $2 | Rake $0
Seat 1: TbIP-TbIP 88 (button) (small blind) folded before Flop
Seat 2: permafrost07 (big blind) collected ($2)


PokerStars Hand #146681271300:  Hold'em Limit ($3/$6 USD) - 2016/01/08 10:30:57 ET
Table 'Nikko' 2-max Seat #2 is the button
Seat 1: TbIP-TbIP 88 ($72 in chips)
Seat 2: permafrost07 ($132.73 in chips)
permafrost07: posts small blind $1
TbIP-TbIP 88: posts big blind $3
*** HOLE CARDS ***
permafrost07: calls $2
TbIP-TbIP 88: checks
*** FLOP *** [Ks 2c Qc]
TbIP-TbIP 88: bets $3
permafrost07: calls $3
*** TURN *** [Ks 2c Qc] [Jd]
TbIP-TbIP 88: checks
permafrost07: checks
*** RIVER *** [Ks 2c Qc Jd] [3d]
TbIP-TbIP 88: bets $6
permafrost07: calls $6
*** SHOW DOWN ***
TbIP-TbIP 88: shows [3c 2d] (two pair, Threes and Deuces)
permafrost07: mucks hand
TbIP-TbIP 88 collected $23.52 from pot
*** SUMMARY ***
Total pot $24 | Rake $0.48
Board [Ks 2c Qc Jd 3d]
Seat 1: TbIP-TbIP 88 (big blind) showed [3c 2d] and won ($23.52) with two pair, Threes and Deuces
Seat 2: permafrost07 (button) (small blind) mucked


PokerStars Hand #146681314439:  Hold'em Limit ($3/$6 USD) - 2016/01/08 10:31:48 ET
Table 'Nikko' 2-max Seat #2 is the button
Seat 1: TbIP-TbIP 88 ($82.52 in chips)
Seat 2: permafrost07 ($121.73 in chips)
permafrost07: posts small blind $1
TbIP-TbIP 88: posts big blind $3
*** HOLE CARDS ***
permafrost07: raises $3 to $6
TbIP-TbIP 88: calls $3
*** FLOP *** [8s 4s Kh]
TbIP-TbIP 88: bets $3
permafrost07: calls $3
*** TURN *** [8s 4s Kh] [6s]
TbIP-TbIP 88: bets $6
permafrost07: calls $6
*** RIVER *** [8s 4s Kh 6s] [7s]
TbIP-TbIP 88: bets $6
permafrost07: raises $6 to $12
TbIP-TbIP 88: calls $6
*** SHOW DOWN ***
permafrost07: shows [Qs Jd] (a flush, Queen high)
TbIP-TbIP 88: shows [2c Ks] (a flush, King high)
TbIP-TbIP 88 collected $53.50 from pot
*** SUMMARY ***
Total pot $54 | Rake $0.50
Board [8s 4s Kh 6s 7s]
Seat 1: TbIP-TbIP 88 (big blind) showed [2c Ks] and won ($53.50) with a flush, King high
Seat 2: permafrost07 (button) (small blind) showed [Qs Jd] and lost with a flush, Queen high


PokerStars Hand #146681343576:  Hold'em Limit ($3/$6 USD) - 2016/01/08 10:32:23 ET
Table 'Nikko' 2-max Seat #1 is the button
Seat 1: TbIP-TbIP 88 ($109.02 in chips)
Seat 2: permafrost07 ($94.73 in chips)
TbIP-TbIP 88: posts small blind $1
permafrost07: posts big blind $3
*** HOLE CARDS ***
TbIP-TbIP 88: raises $3 to $6
permafrost07: raises $3 to $9
TbIP-TbIP 88: calls $3
*** FLOP *** [3d 6s 6d]
permafrost07: bets $3
TbIP-TbIP 88: calls $3
*** TURN *** [3d 6s 6d] [Qc]
permafrost07: bets $6
TbIP-TbIP 88: raises $6 to $12
permafrost07: raises $6 to $18
TbIP-TbIP 88: raises $6 to $24
Betting is capped
permafrost07: calls $6
*** RIVER *** [3d 6s 6d Qc] [Td]
permafrost07: bets $6
TbIP-TbIP 88: calls $6
*** SHOW DOWN ***
permafrost07: shows [6c 5c] (three of a kind, Sixes)
TbIP-TbIP 88: shows [6h Ad] (three of a kind, Sixes - Ace kicker)
TbIP-TbIP 88 collected $83.50 from pot
*** SUMMARY ***
Total pot $84 | Rake $0.50
Board [3d 6s 6d Qc Td]
Seat 1: TbIP-TbIP 88 (button) (small blind) showed [6h Ad] and won ($83.50) with three of a kind, Sixes
Seat 2: permafrost07 (big blind) showed [6c 5c] and lost with three of a kind, Sixes


PokerStars Hand #146681372323:  Hold'em Limit ($3/$6 USD) - 2016/01/08 10:32:58 ET
Table 'Nikko' 2-max Seat #2 is the button
Seat 1: TbIP-TbIP 88 ($150.52 in chips)
Seat 2: permafrost07 ($52.73 in chips)
permafrost07: posts small blind $1
TbIP-TbIP 88: posts big blind $3
*** HOLE CARDS ***
permafrost07: raises $3 to $6
TbIP-TbIP 88: raises $3 to $9
permafrost07: calls $3
*** FLOP *** [8h Ah Tc]
TbIP-TbIP 88: bets $3
permafrost07: calls $3
*** TURN *** [8h Ah Tc] [Ts]
TbIP-TbIP 88: checks
permafrost07: bets $6
TbIP-TbIP 88: calls $6
*** RIVER *** [8h Ah Tc Ts] [2h]
TbIP-TbIP 88: checks
permafrost07: checks
*** SHOW DOWN ***
TbIP-TbIP 88: shows [4c 4h] (two pair, Tens and Fours)
permafrost07: mucks hand
TbIP-TbIP 88 collected $35.50 from pot
*** SUMMARY ***
Total pot $36 | Rake $0.50
Board [8h Ah Tc Ts 2h]
Seat 1: TbIP-TbIP 88 (big blind) showed [4c 4h] and won ($35.50) with two pair, Tens and Fours
Seat 2: permafrost07 (button) (small blind) mucked


PokerStars Hand #146681398922:  Hold'em Limit ($3/$6 USD) - 2016/01/08 10:33:29 ET
Table 'Nikko' 2-max Seat #1 is the button
Seat 1: TbIP-TbIP 88 ($168.02 in chips)
Seat 2: permafrost07 ($34.73 in chips)
TbIP-TbIP 88: posts small blind $1
permafrost07: posts big blind $3
*** HOLE CARDS ***
TbIP-TbIP 88: calls $2
permafrost07: raises $3 to $6
TbIP-TbIP 88: calls $3
*** FLOP *** [6h 9c As]
permafrost07: bets $3
TbIP-TbIP 88: calls $3
*** TURN *** [6h 9c As] [Jh]
permafrost07: bets $6
TbIP-TbIP 88: calls $6
*** RIVER *** [6h 9c As Jh] [8s]
permafrost07: bets $6
TbIP-TbIP 88: calls $6
*** SHOW DOWN ***
permafrost07: shows [Kh Ac] (a pair of Aces)
TbIP-TbIP 88: mucks hand
permafrost07 collected $41.50 from pot
*** SUMMARY ***
Total pot $42 | Rake $0.50
Board [6h 9c As Jh 8s]
Seat 1: TbIP-TbIP 88 (button) (small blind) mucked
Seat 2: permafrost07 (big blind) showed [Kh Ac] and won ($41.50) with a pair of Aces


PokerStars Hand #146681417754:  Hold'em Limit ($3/$6 USD) - 2016/01/08 10:33:52 ET
Table 'Nikko' 2-max Seat #2 is the button
Seat 1: TbIP-TbIP 88 ($147.02 in chips)
Seat 2: permafrost07 ($55.23 in chips)
permafrost07: posts small blind $1
TbIP-TbIP 88: posts big blind $3
*** HOLE CARDS ***
permafrost07: raises $3 to $6
TbIP-TbIP 88: calls $3
*** FLOP *** [6s Ac 3d]
TbIP-TbIP 88: checks
permafrost07: checks
*** TURN *** [6s Ac 3d] [8d]
TbIP-TbIP 88: bets $6
permafrost07: folds
Uncalled bet ($6) returned to TbIP-TbIP 88
TbIP-TbIP 88 collected $11.76 from pot
TbIP-TbIP 88: doesn't show hand
*** SUMMARY ***
Total pot $12 | Rake $0.24
Board [6s Ac 3d 8d]
Seat 1: TbIP-TbIP 88 (big blind) collected ($11.76)
Seat 2: permafrost07 (button) (small blind) folded on the Turn


PokerStars Hand #146681446273:  Hold'em Limit ($3/$6 USD) - 2016/01/08 10:34:26 ET
Table 'Nikko' 2-max Seat #1 is the button
Seat 1: TbIP-TbIP 88 ($152.78 in chips)
Seat 2: permafrost07 ($49.23 in chips)
TbIP-TbIP 88: posts small blind $1
permafrost07: posts big blind $3
*** HOLE CARDS ***
TbIP-TbIP 88: calls $2
permafrost07: raises $3 to $6
TbIP-TbIP 88: calls $3
*** FLOP *** [9d 3c 3d]
permafrost07: bets $3
TbIP-TbIP 88: calls $3
*** TURN *** [9d 3c 3d] [5h]
permafrost07: bets $6
TbIP-TbIP 88: calls $6
*** RIVER *** [9d 3c 3d 5h] [Jc]
permafrost07: checks
TbIP-TbIP 88: checks
*** SHOW DOWN ***
permafrost07: shows [Ac 6s] (a pair of Threes)
TbIP-TbIP 88: mucks hand
permafrost07 collected $29.50 from pot
*** SUMMARY ***
Total pot $30 | Rake $0.50
Board [9d 3c 3d 5h Jc]
Seat 1: TbIP-TbIP 88 (button) (small blind) mucked
Seat 2: permafrost07 (big blind) showed [Ac 6s] and won ($29.50) with a pair of Threes


PokerStars Hand #146681475191:  Hold'em Limit ($3/$6 USD) - 2016/01/08 10:35:01 ET
Table 'Nikko' 2-max Seat #2 is the button
Seat 1: TbIP-TbIP 88 ($137.78 in chips)
Seat 2: permafrost07 ($63.73 in chips)
permafrost07: posts small blind $1
TbIP-TbIP 88: posts big blind $3
*** HOLE CARDS ***
permafrost07: raises $3 to $6
TbIP-TbIP 88: folds
Uncalled bet ($3) returned to permafrost07
permafrost07 collected $6 from pot
*** SUMMARY ***
Total pot $6 | Rake $0
Seat 1: TbIP-TbIP 88 (big blind) folded before Flop
Seat 2: permafrost07 (button) (small blind) collected ($6)


PokerStars Hand #146681490111:  Hold'em Limit ($3/$6 USD) - 2016/01/08 10:35:19 ET
Table 'Nikko' 2-max Seat #1 is the button
Seat 1: TbIP-TbIP 88 ($134.78 in chips)
Seat 2: permafrost07 ($66.73 in chips)
TbIP-TbIP 88: posts small blind $1
permafrost07: posts big blind $3
*** HOLE CARDS ***
TbIP-TbIP 88: raises $3 to $6
permafrost07: raises $3 to $9
TbIP-TbIP 88: calls $3
*** FLOP *** [Th 6h Tc]
permafrost07: bets $3
TbIP-TbIP 88: calls $3
*** TURN *** [Th 6h Tc] [2c]
permafrost07: checks
TbIP-TbIP 88: checks
*** RIVER *** [Th 6h Tc 2c] [5c]
permafrost07: bets $6
TbIP-TbIP 88: calls $6
*** SHOW DOWN ***
permafrost07: shows [Js 5s] (two pair, Tens and Fives)
TbIP-TbIP 88: mucks hand
permafrost07 collected $35.50 from pot
*** SUMMARY ***
Total pot $36 | Rake $0.50
Board [Th 6h Tc 2c 5c]
Seat 1: TbIP-TbIP 88 (button) (small blind) mucked
Seat 2: permafrost07 (big blind) showed [Js 5s] and won ($35.50) with two pair, Tens and Fives


PokerStars Hand #146681511388:  Hold'em Limit ($3/$6 USD) - 2016/01/08 10:35:44 ET
Table 'Nikko' 2-max Seat #2 is the button
Seat 1: TbIP-TbIP 88 ($116.78 in chips)
Seat 2: permafrost07 ($84.23 in chips)
permafrost07: posts small blind $1
TbIP-TbIP 88: posts big blind $3
*** HOLE CARDS ***
permafrost07: raises $3 to $6
TbIP-TbIP 88: calls $3
*** FLOP *** [Jc 9s Qd]
TbIP-TbIP 88: checks
permafrost07: bets $3
TbIP-TbIP 88: folds
Uncalled bet ($3) returned to permafrost07
permafrost07 collected $11.76 from pot
permafrost07: doesn't show hand
*** SUMMARY ***
Total pot $12 | Rake $0.24
Board [Jc 9s Qd]
Seat 1: TbIP-TbIP 88 (big blind) folded on the Flop
Seat 2: permafrost07 (button) (small blind) collected ($11.76)


PokerStars Hand #146681531881:  Hold'em Limit ($3/$6 USD) - 2016/01/08 10:36:08 ET
Table 'Nikko' 2-max Seat #1 is the button
Seat 1: TbIP-TbIP 88 ($110.78 in chips)
Seat 2: permafrost07 ($89.99 in chips)
TbIP-TbIP 88: posts small blind $1
permafrost07: posts big blind $3
*** HOLE CARDS ***
TbIP-TbIP 88: calls $2
permafrost07: raises $3 to $6
TbIP-TbIP 88: calls $3
*** FLOP *** [Qc 7h 6c]
permafrost07: bets $3
TbIP-TbIP 88: calls $3
*** TURN *** [Qc 7h 6c] [8h]
permafrost07: bets $6
TbIP-TbIP 88: calls $6
*** RIVER *** [Qc 7h 6c 8h] [Kh]
permafrost07: checks
TbIP-TbIP 88: checks
*** SHOW DOWN ***
permafrost07: shows [8d Ac] (a pair of Eights)
TbIP-TbIP 88: mucks hand
permafrost07 collected $29.50 from pot
*** SUMMARY ***
Total pot $30 | Rake $0.50
Board [Qc 7h 6c 8h Kh]
Seat 1: TbIP-TbIP 88 (button) (small blind) mucked
Seat 2: permafrost07 (big blind) showed [8d Ac] and won ($29.50) with a pair of Eights


PokerStars Hand #146681552701:  Hold'em Limit ($3/$6 USD) - 2016/01/08 10:36:33 ET
Table 'Nikko' 2-max Seat #2 is the button
Seat 1: TbIP-TbIP 88 ($95.78 in chips)
Seat 2: permafrost07 ($104.49 in chips)
permafrost07: posts small blind $1
TbIP-TbIP 88: posts big blind $3
*** HOLE CARDS ***
permafrost07: raises $3 to $6
TbIP-TbIP 88: calls $3
*** FLOP *** [Ks Jd 2c]
TbIP-TbIP 88: checks
permafrost07: bets $3
TbIP-TbIP 88: folds
Uncalled bet ($3) returned to permafrost07
permafrost07 collected $11.76 from pot
permafrost07: doesn't show hand
*** SUMMARY ***
Total pot $12 | Rake $0.24
Board [Ks Jd 2c]
Seat 1: TbIP-TbIP 88 (big blind) folded on the Flop
Seat 2: permafrost07 (button) (small blind) collected ($11.76)


PokerStars Hand #146681594048:  Hold'em Limit ($3/$6 USD) - 2016/01/08 10:37:23 ET
Table 'Nikko' 2-max Seat #2 is the button
Seat 1: TbIP-TbIP 88 ($116.28 in chips)
Seat 2: permafrost07 ($83.25 in chips)
permafrost07: posts small blind $1
TbIP-TbIP 88: posts big blind $3
*** HOLE CARDS ***
permafrost07: raises $3 to $6
TbIP-TbIP 88: calls $3
*** FLOP *** [Kd Js 7h]
TbIP-TbIP 88: checks
permafrost07: checks
*** TURN *** [Kd Js 7h] [8h]
TbIP-TbIP 88: bets $6
permafrost07: calls $6
*** RIVER *** [Kd Js 7h 8h] [9d]
TbIP-TbIP 88: bets $6
permafrost07: calls $6
*** SHOW DOWN ***
TbIP-TbIP 88: shows [Th 8s] (a straight, Seven to Jack)
permafrost07: mucks hand
TbIP-TbIP 88 collected $35.50 from pot
*** SUMMARY ***
Total pot $36 | Rake $0.50
Board [Kd Js 7h 8h 9d]
Seat 1: TbIP-TbIP 88 (big blind) showed [Th 8s] and won ($35.50) with a straight, Seven to Jack
Seat 2: permafrost07 (button) (small blind) mucked


PokerStars Hand #146681615003:  Hold'em Limit ($3/$6 USD) - 2016/01/08 10:37:48 ET
Table 'Nikko' 2-max Seat #1 is the button
Seat 1: TbIP-TbIP 88 ($133.78 in chips)
Seat 2: permafrost07 ($65.25 in chips)
TbIP-TbIP 88: posts small blind $1
permafrost07: posts big blind $3
*** HOLE CARDS ***
TbIP-TbIP 88: calls $2
permafrost07: raises $3 to $6
TbIP-TbIP 88: calls $3
*** FLOP *** [Ad 8c 2s]
permafrost07: bets $3
TbIP-TbIP 88: folds
Uncalled bet ($3) returned to permafrost07
permafrost07 collected $11.76 from pot
permafrost07: doesn't show hand
*** SUMMARY ***
Total pot $12 | Rake $0.24
Board [Ad 8c 2s]
Seat 1: TbIP-TbIP 88 (button) (small blind) folded on the Flop
Seat 2: permafrost07 (big blind) collected ($11.76)


PokerStars Hand #146681568053:  Hold'em Limit ($3/$6 USD) - 2016/01/08 10:36:52 ET
Table 'Nikko' 2-max Seat #1 is the button
Seat 1: TbIP-TbIP 88 ($89.78 in chips)
Seat 2: permafrost07 ($110.25 in chips)
TbIP-TbIP 88: posts small blind $1
permafrost07: posts big blind $3
*** HOLE CARDS ***
TbIP-TbIP 88: raises $3 to $6
permafrost07: calls $3
*** FLOP *** [2d 9c Th]
permafrost07: bets $3
TbIP-TbIP 88: calls $3
*** TURN *** [2d 9c Th] [7d]
permafrost07: bets $6
TbIP-TbIP 88: raises $6 to $12
permafrost07: calls $6
*** RIVER *** [2d 9c Th 7d] [Kc]
permafrost07: checks
TbIP-TbIP 88: bets $6
permafrost07: calls $6
*** SHOW DOWN ***
TbIP-TbIP 88: shows [Kd Ks] (three of a kind, Kings)
permafrost07: mucks hand
TbIP-TbIP 88 collected $53.50 from pot
*** SUMMARY ***
Total pot $54 | Rake $0.50
Board [2d 9c Th 7d Kc]
Seat 1: TbIP-TbIP 88 (button) (small blind) showed [Kd Ks] and won ($53.50) with three of a kind, Kings
Seat 2: permafrost07 (big blind) mucked


PokerStars Hand #146681635839:  Hold'em Limit ($3/$6 USD) - 2016/01/08 10:38:13 ET
Table 'Nikko' 2-max Seat #2 is the button
Seat 1: TbIP-TbIP 88 ($127.78 in chips)
Seat 2: permafrost07 ($71.01 in chips)
permafrost07: posts small blind $1
TbIP-TbIP 88: posts big blind $3
*** HOLE CARDS ***
permafrost07: raises $3 to $6
TbIP-TbIP 88: calls $3
*** FLOP *** [Js 8d 5c]
TbIP-TbIP 88: checks
permafrost07: checks
*** TURN *** [Js 8d 5c] [Qd]
TbIP-TbIP 88: bets $6
permafrost07: raises $6 to $12
TbIP-TbIP 88: calls $6
*** RIVER *** [Js 8d 5c Qd] [Ac]
TbIP-TbIP 88: checks
permafrost07: checks
*** SHOW DOWN ***
TbIP-TbIP 88: shows [Qs 6h] (a pair of Queens)
permafrost07: shows [3s Qc] (a pair of Queens)
TbIP-TbIP 88 collected $17.75 from pot
permafrost07 collected $17.75 from pot
*** SUMMARY ***
Total pot $36 | Rake $0.50
Board [Js 8d 5c Qd Ac]
Seat 1: TbIP-TbIP 88 (big blind) showed [Qs 6h] and won ($17.75) with a pair of Queens
Seat 2: permafrost07 (button) (small blind) showed [3s Qc] and won ($17.75) with a pair of Queens


PokerStars Hand #146681658255:  Hold'em Limit ($3/$6 USD) - 2016/01/08 10:38:40 ET
Table 'Nikko' 2-max Seat #1 is the button
Seat 1: TbIP-TbIP 88 ($127.53 in chips)
Seat 2: permafrost07 ($70.76 in chips)
TbIP-TbIP 88: posts small blind $1
permafrost07: posts big blind $3
*** HOLE CARDS ***
TbIP-TbIP 88: calls $2
permafrost07: raises $3 to $6
TbIP-TbIP 88: calls $3
*** FLOP *** [5c 6d 4d]
permafrost07: bets $3
TbIP-TbIP 88: calls $3
*** TURN *** [5c 6d 4d] [5h]
permafrost07: bets $6
TbIP-TbIP 88: calls $6
*** RIVER *** [5c 6d 4d 5h] [7h]
permafrost07: checks
TbIP-TbIP 88: bets $6
permafrost07: calls $6
*** SHOW DOWN ***
TbIP-TbIP 88: shows [3d Kh] (a straight, Three to Seven)
permafrost07: mucks hand
TbIP-TbIP 88 collected $41.50 from pot
*** SUMMARY ***
Total pot $42 | Rake $0.50
Board [5c 6d 4d 5h 7h]
Seat 1: TbIP-TbIP 88 (button) (small blind) showed [3d Kh] and won ($41.50) with a straight, Three to Seven
Seat 2: permafrost07 (big blind) mucked


PokerStars Hand #146681700287:  Hold'em Limit ($3/$6 USD) - 2016/01/08 10:39:30 ET
Table 'Nikko' 2-max Seat #2 is the button
Seat 1: TbIP-TbIP 88 ($148.03 in chips)
Seat 2: permafrost07 ($49.76 in chips)
permafrost07: posts small blind $1
TbIP-TbIP 88: posts big blind $3
*** HOLE CARDS ***
permafrost07: raises $3 to $6
TbIP-TbIP 88: raises $3 to $9
permafrost07: raises $3 to $12
Betting is capped
TbIP-TbIP 88: calls $3
*** FLOP *** [7s Kc 7h]
TbIP-TbIP 88: checks
permafrost07: checks
*** TURN *** [7s Kc 7h] [Jh]
TbIP-TbIP 88: checks
permafrost07: bets $6
TbIP-TbIP 88: calls $6
*** RIVER *** [7s Kc 7h Jh] [Ac]
TbIP-TbIP 88: bets $6
permafrost07: calls $6
*** SHOW DOWN ***
TbIP-TbIP 88: shows [Ad Tc] (two pair, Aces and Sevens)
permafrost07: mucks hand
TbIP-TbIP 88 collected $47.50 from pot
*** SUMMARY ***
Total pot $48 | Rake $0.50
Board [7s Kc 7h Jh Ac]
Seat 1: TbIP-TbIP 88 (big blind) showed [Ad Tc] and won ($47.50) with two pair, Aces and Sevens
Seat 2: permafrost07 (button) (small blind) mucked


PokerStars Hand #146681719665:  Hold'em Limit ($3/$6 USD) - 2016/01/08 10:39:54 ET
Table 'Nikko' 2-max Seat #1 is the button
Seat 1: TbIP-TbIP 88 ($171.53 in chips)
Seat 2: permafrost07 ($25.76 in chips)
TbIP-TbIP 88: posts small blind $1
permafrost07: posts big blind $3
*** HOLE CARDS ***
TbIP-TbIP 88: calls $2
permafrost07: checks
*** FLOP *** [8s Qc 7c]
permafrost07: bets $3
TbIP-TbIP 88: folds
Uncalled bet ($3) returned to permafrost07
permafrost07 collected $5.88 from pot
permafrost07: doesn't show hand
*** SUMMARY ***
Total pot $6 | Rake $0.12
Board [8s Qc 7c]
Seat 1: TbIP-TbIP 88 (button) (small blind) folded on the Flop
Seat 2: permafrost07 (big blind) collected ($5.88)


