PokerStars Hand #157917456858:  Hold'em Limit ($3/$6 USD) - 2016/08/29 22:45:01 ET
Table 'Ningxia' 6-max Seat #1 is the button
Seat 1: Velbor107 ($305.76 in chips)
Seat 6: mowinmo ($56.39 in chips)
Velbor107: posts small blind $1
mowinmo: posts big blind $3
*** HOLE CARDS ***
Velbor107: raises $3 to $6
mowinmo: calls $3
*** FLOP *** [Td 8h Qh]
mowinmo: checks
Velbor107: bets $3
mowinmo: raises $3 to $6
Velbor107: calls $3
*** TURN *** [Td 8h Qh] [Ah]
mowinmo: bets $6
Velbor107: calls $6
*** RIVER *** [Td 8h Qh Ah] [Kh]
mowinmo: bets $6
Velbor107: calls $6
*** SHOW DOWN ***
mowinmo: shows [9h 8c] (a flush, Ace high)
Velbor107: mucks hand
mowinmo collected $47.50 from pot
*** SUMMARY ***
Total pot $48 | Rake $0.50
Board [Td 8h Qh Ah Kh]
Seat 1: Velbor107 (button) (small blind) mucked
Seat 6: mowinmo (big blind) showed [9h 8c] and won ($47.50) with a flush, Ace high


PokerStars Hand #157917481221:  Hold'em Limit ($3/$6 USD) - 2016/08/29 22:46:20 ET
Table 'Ningxia' 6-max Seat #6 is the button
Seat 1: Velbor107 ($287.40 in chips)
Seat 6: mowinmo ($73.77 in chips)
mowinmo: posts small blind $1
Velbor107: posts big blind $3
*** HOLE CARDS ***
mowinmo: folds
Uncalled bet ($2) returned to Velbor107
Velbor107 collected $2 from pot
*** SUMMARY ***
Total pot $2 | Rake $0
Seat 1: Velbor107 (big blind) collected ($2)
Seat 6: mowinmo (button) (small blind) folded before Flop


PokerStars Hand #157917475243:  Hold'em Limit ($3/$6 USD) - 2016/08/29 22:46:01 ET
Table 'Ningxia' 6-max Seat #1 is the button
Seat 1: Velbor107 ($278.76 in chips)
Seat 6: mowinmo ($82.77 in chips)
Velbor107: posts small blind $1
mowinmo: posts big blind $3
*** HOLE CARDS ***
Velbor107: raises $3 to $6
mowinmo: calls $3
*** FLOP *** [Ks 9d Qd]
mowinmo: checks
Velbor107: bets $3
mowinmo: calls $3
*** TURN *** [Ks 9d Qd] [9h]
mowinmo: checks
Velbor107: bets $6
mowinmo: folds
Uncalled bet ($6) returned to Velbor107
Velbor107 collected $17.64 from pot
*** SUMMARY ***
Total pot $18 | Rake $0.36
Board [Ks 9d Qd 9h]
Seat 1: Velbor107 (button) (small blind) collected ($17.64)
Seat 6: mowinmo (big blind) folded on the Turn


PokerStars Hand #157917466287:  Hold'em Limit ($3/$6 USD) - 2016/08/29 22:45:32 ET
Table 'Ningxia' 6-max Seat #6 is the button
Seat 1: Velbor107 ($281.76 in chips)
Seat 6: mowinmo ($79.89 in chips)
mowinmo: posts small blind $1
Velbor107: posts big blind $3
*** HOLE CARDS ***
mowinmo: calls $2
Velbor107: checks
*** FLOP *** [Js Ts Ad]
Velbor107: checks
mowinmo: bets $3
Velbor107: folds
Uncalled bet ($3) returned to mowinmo
mowinmo collected $5.88 from pot
mowinmo: doesn't show hand
*** SUMMARY ***
Total pot $6 | Rake $0.12
Board [Js Ts Ad]
Seat 1: Velbor107 (big blind) folded on the Flop
Seat 6: mowinmo (button) (small blind) collected ($5.88)


PokerStars Hand #157917490424:  Hold'em Limit ($3/$6 USD) - 2016/08/29 22:46:50 ET
Table 'Ningxia' 6-max Seat #6 is the button
Seat 1: Velbor107 ($311.90 in chips)
Seat 6: mowinmo ($48.77 in chips)
mowinmo: posts small blind $1
Velbor107: posts big blind $3
*** HOLE CARDS ***
mowinmo: raises $3 to $6
Velbor107: calls $3
*** FLOP *** [9d 3s 7s]
Velbor107: checks
mowinmo: bets $3
Velbor107: calls $3
*** TURN *** [9d 3s 7s] [5h]
Velbor107: checks
mowinmo: bets $6
Velbor107: calls $6
*** RIVER *** [9d 3s 7s 5h] [9c]
Velbor107: checks
mowinmo: checks
*** SHOW DOWN ***
Velbor107: shows [5d 4d] (two pair, Nines and Fives)
mowinmo: mucks hand
Velbor107 collected $29.50 from pot
*** SUMMARY ***
Total pot $30 | Rake $0.50
Board [9d 3s 7s 5h 9c]
Seat 1: Velbor107 (big blind) showed [5d 4d] and won ($29.50) with two pair, Nines and Fives
Seat 6: mowinmo (button) (small blind) mucked


PokerStars Hand #157917483137:  Hold'em Limit ($3/$6 USD) - 2016/08/29 22:46:26 ET
Table 'Ningxia' 6-max Seat #1 is the button
Seat 1: Velbor107 ($288.40 in chips)
Seat 6: mowinmo ($72.77 in chips)
Velbor107: posts small blind $1
mowinmo: posts big blind $3
*** HOLE CARDS ***
Velbor107: raises $3 to $6
mowinmo: raises $3 to $9
Velbor107: calls $3
*** FLOP *** [8s 5c 7c]
mowinmo: bets $3
Velbor107: calls $3
*** TURN *** [8s 5c 7c] [Jc]
mowinmo: checks
Velbor107: bets $6
mowinmo: calls $6
*** RIVER *** [8s 5c 7c Jc] [Qh]
mowinmo: checks
Velbor107: bets $6
mowinmo: calls $6
*** SHOW DOWN ***
Velbor107: shows [8h 5h] (two pair, Eights and Fives)
mowinmo: mucks hand
Velbor107 collected $47.50 from pot
*** SUMMARY ***
Total pot $48 | Rake $0.50
Board [8s 5c 7c Jc Qh]
Seat 1: Velbor107 (button) (small blind) showed [8h 5h] and won ($47.50) with two pair, Eights and Fives
Seat 6: mowinmo (big blind) mucked


PokerStars Hand #157917511605:  Hold'em Limit ($3/$6 USD) - 2016/08/29 22:47:59 ET
Table 'Ningxia' 6-max Seat #1 is the button
Seat 1: Velbor107 ($350.90 in chips)
Seat 6: mowinmo ($8.77 in chips)
Velbor107: posts small blind $1
mowinmo: posts big blind $3
*** HOLE CARDS ***
Velbor107: raises $3 to $6
mowinmo: raises $2.77 to $8.77 and is all-in
Velbor107: calls $2.77
*** FLOP *** [8c 7s Kh]
*** TURN *** [8c 7s Kh] [Ad]
*** RIVER *** [8c 7s Kh Ad] [Kd]
*** SHOW DOWN ***
mowinmo: shows [5s 7d] (two pair, Kings and Sevens)
Velbor107: shows [Td 8h] (two pair, Kings and Eights)
Velbor107 collected $17.19 from pot
*** SUMMARY ***
Total pot $17.54 | Rake $0.35
Board [8c 7s Kh Ad Kd]
Seat 1: Velbor107 (button) (small blind) showed [Td 8h] and won ($17.19) with two pair, Kings and Eights
Seat 6: mowinmo (big blind) showed [5s 7d] and lost with two pair, Kings and Sevens


PokerStars Hand #157917509668:  Hold'em Limit ($3/$6 USD) - 2016/08/29 22:47:52 ET
Table 'Ningxia' 6-max Seat #6 is the button
Seat 1: Velbor107 ($349.90 in chips)
Seat 6: mowinmo ($9.77 in chips)
mowinmo: posts small blind $1
Velbor107: posts big blind $3
*** HOLE CARDS ***
mowinmo: folds
Uncalled bet ($2) returned to Velbor107
Velbor107 collected $2 from pot
*** SUMMARY ***
Total pot $2 | Rake $0
Seat 1: Velbor107 (big blind) collected ($2)
Seat 6: mowinmo (button) (small blind) folded before Flop


PokerStars Hand #157917500955:  Hold'em Limit ($3/$6 USD) - 2016/08/29 22:47:24 ET
Table 'Ningxia' 6-max Seat #1 is the button
Seat 1: Velbor107 ($326.40 in chips)
Seat 6: mowinmo ($33.77 in chips)
Velbor107: posts small blind $1
mowinmo: posts big blind $3
*** HOLE CARDS ***
Velbor107: raises $3 to $6
mowinmo: calls $3
*** FLOP *** [Ks Jd 6s]
mowinmo: checks
Velbor107: bets $3
mowinmo: raises $3 to $6
Velbor107: calls $3
*** TURN *** [Ks Jd 6s] [Ts]
mowinmo: bets $6
Velbor107: calls $6
*** RIVER *** [Ks Jd 6s Ts] [7c]
mowinmo: bets $6
Velbor107: calls $6
*** SHOW DOWN ***
mowinmo: shows [Kd 2c] (a pair of Kings)
Velbor107: shows [6d Jc] (two pair, Jacks and Sixes)
Velbor107 collected $47.50 from pot
*** SUMMARY ***
Total pot $48 | Rake $0.50
Board [Ks Jd 6s Ts 7c]
Seat 1: Velbor107 (button) (small blind) showed [6d Jc] and won ($47.50) with two pair, Jacks and Sixes
Seat 6: mowinmo (big blind) showed [Kd 2c] and lost with a pair of Kings


PokerStars Hand #157917556264:  Hold'em Limit ($3/$6 USD) - 2016/08/29 22:50:24 ET
Table 'Ningxia' 6-max Seat #6 is the button
Seat 1: Velbor107 ($359.32 in chips)
Seat 6: mowinmo ($120 in chips)
mowinmo: posts small blind $1
Velbor107: posts big blind $3
*** HOLE CARDS ***
mowinmo: calls $2
Velbor107: checks
*** FLOP *** [6d Kd Ad]
Velbor107: checks
mowinmo: bets $3
Velbor107: calls $3
*** TURN *** [6d Kd Ad] [7h]
Velbor107: checks
mowinmo: bets $6
Velbor107: calls $6
*** RIVER *** [6d Kd Ad 7h] [4c]
Velbor107: checks
mowinmo: checks
*** SHOW DOWN ***
Velbor107: shows [8s Qd] (high card Ace)
mowinmo: shows [6s Qs] (a pair of Sixes)
mowinmo collected $23.52 from pot
*** SUMMARY ***
Total pot $24 | Rake $0.48
Board [6d Kd Ad 7h 4c]
Seat 1: Velbor107 (big blind) showed [8s Qd] and lost with high card Ace
Seat 6: mowinmo (button) (small blind) showed [6s Qs] and won ($23.52) with a pair of Sixes


PokerStars Hand #157917580826:  Hold'em Limit ($3/$6 USD) - 2016/08/29 22:51:44 ET
Table 'Ningxia' 6-max Seat #6 is the button
Seat 1: Velbor107 ($329.32 in chips)
Seat 6: mowinmo ($149.02 in chips)
mowinmo: posts small blind $1
Velbor107: posts big blind $3
*** HOLE CARDS ***
mowinmo: folds
Uncalled bet ($2) returned to Velbor107
Velbor107 collected $2 from pot
*** SUMMARY ***
Total pot $2 | Rake $0
Seat 1: Velbor107 (big blind) collected ($2)
Seat 6: mowinmo (button) (small blind) folded before Flop


PokerStars Hand #157917570922:  Hold'em Limit ($3/$6 USD) - 2016/08/29 22:51:12 ET
Table 'Ningxia' 6-max Seat #1 is the button
Seat 1: Velbor107 ($347.32 in chips)
Seat 6: mowinmo ($131.52 in chips)
Velbor107: posts small blind $1
mowinmo: posts big blind $3
*** HOLE CARDS ***
Velbor107: raises $3 to $6
mowinmo: calls $3
*** FLOP *** [6s 2h 8s]
mowinmo: checks
Velbor107: bets $3
mowinmo: raises $3 to $6
Velbor107: calls $3
*** TURN *** [6s 2h 8s] [9c]
mowinmo: bets $6
Velbor107: calls $6
*** RIVER *** [6s 2h 8s 9c] [3h]
mowinmo: bets $6
Velbor107: folds
Uncalled bet ($6) returned to mowinmo
mowinmo collected $35.50 from pot
mowinmo: doesn't show hand
*** SUMMARY ***
Total pot $36 | Rake $0.50
Board [6s 2h 8s 9c 3h]
Seat 1: Velbor107 (button) (small blind) folded on the River
Seat 6: mowinmo (big blind) collected ($35.50)


PokerStars Hand #157917583415:  Hold'em Limit ($3/$6 USD) - 2016/08/29 22:51:53 ET
Table 'Ningxia' 6-max Seat #1 is the button
Seat 1: Velbor107 ($330.32 in chips)
Seat 6: mowinmo ($148.02 in chips)
Velbor107: posts small blind $1
mowinmo: posts big blind $3
*** HOLE CARDS ***
Velbor107: raises $3 to $6
mowinmo: calls $3
*** FLOP *** [6c 9h Ks]
mowinmo: checks
Velbor107: bets $3
mowinmo: calls $3
*** TURN *** [6c 9h Ks] [9d]
mowinmo: checks
Velbor107: bets $6
mowinmo: calls $6
*** RIVER *** [6c 9h Ks 9d] [Kc]
mowinmo: checks
Velbor107: bets $6
mowinmo: folds
Uncalled bet ($6) returned to Velbor107
Velbor107 collected $29.50 from pot
*** SUMMARY ***
Total pot $30 | Rake $0.50
Board [6c 9h Ks 9d Kc]
Seat 1: Velbor107 (button) (small blind) collected ($29.50)
Seat 6: mowinmo (big blind) folded on the River


PokerStars Hand #157917629096:  Hold'em Limit ($3/$6 USD) - 2016/08/29 22:54:21 ET
Table 'Ningxia' 6-max Seat #6 is the button
Seat 1: Velbor107 ($367.32 in chips)
Seat 6: mowinmo ($110.02 in chips)
mowinmo: posts small blind $1
Velbor107: posts big blind $3
*** HOLE CARDS ***
mowinmo: folds
Uncalled bet ($2) returned to Velbor107
Velbor107 collected $2 from pot
*** SUMMARY ***
Total pot $2 | Rake $0
Seat 1: Velbor107 (big blind) collected ($2)
Seat 6: mowinmo (button) (small blind) folded before Flop


PokerStars Hand #157917625243:  Hold'em Limit ($3/$6 USD) - 2016/08/29 22:54:08 ET
Table 'Ningxia' 6-max Seat #1 is the button
Seat 1: Velbor107 ($364.32 in chips)
Seat 6: mowinmo ($113.02 in chips)
Velbor107: posts small blind $1
mowinmo: posts big blind $3
*** HOLE CARDS ***
Velbor107: raises $3 to $6
mowinmo: folds
Uncalled bet ($3) returned to Velbor107
Velbor107 collected $6 from pot
*** SUMMARY ***
Total pot $6 | Rake $0
Seat 1: Velbor107 (button) (small blind) collected ($6)
Seat 6: mowinmo (big blind) folded before Flop


PokerStars Hand #157917620756:  Hold'em Limit ($3/$6 USD) - 2016/08/29 22:53:54 ET
Table 'Ningxia' 6-max Seat #6 is the button
Seat 1: Velbor107 ($367.32 in chips)
Seat 6: mowinmo ($110.02 in chips)
mowinmo: posts small blind $1
Velbor107: posts big blind $3
*** HOLE CARDS ***
mowinmo: raises $3 to $6
Velbor107: folds
Uncalled bet ($3) returned to mowinmo
mowinmo collected $6 from pot
mowinmo: doesn't show hand
*** SUMMARY ***
Total pot $6 | Rake $0
Seat 1: Velbor107 (big blind) folded before Flop
Seat 6: mowinmo (button) (small blind) collected ($6)


PokerStars Hand #157917619086:  Hold'em Limit ($3/$6 USD) - 2016/08/29 22:53:49 ET
Table 'Ningxia' 6-max Seat #1 is the button
Seat 1: Velbor107 ($368.32 in chips)
Seat 6: mowinmo ($109.02 in chips)
Velbor107: posts small blind $1
mowinmo: posts big blind $3
*** HOLE CARDS ***
Velbor107: folds
Uncalled bet ($2) returned to mowinmo
mowinmo collected $2 from pot
mowinmo: doesn't show hand
*** SUMMARY ***
Total pot $2 | Rake $0
Seat 1: Velbor107 (button) (small blind) folded before Flop
Seat 6: mowinmo (big blind) collected ($2)


PokerStars Hand #157917605759:  Hold'em Limit ($3/$6 USD) - 2016/08/29 22:53:06 ET
Table 'Ningxia' 6-max Seat #6 is the button
Seat 1: Velbor107 ($344.82 in chips)
Seat 6: mowinmo ($133.02 in chips)
mowinmo: posts small blind $1
Velbor107: posts big blind $3
*** HOLE CARDS ***
mowinmo: raises $3 to $6
Velbor107: calls $3
*** FLOP *** [6s 9d 6h]
Velbor107: checks
mowinmo: bets $3
Velbor107: raises $3 to $6
mowinmo: calls $3
*** TURN *** [6s 9d 6h] [Jh]
Velbor107: bets $6
mowinmo: calls $6
*** RIVER *** [6s 9d 6h Jh] [5c]
Velbor107: bets $6
mowinmo: calls $6
*** SHOW DOWN ***
Velbor107: shows [8c 6d] (three of a kind, Sixes)
mowinmo: mucks hand
Velbor107 collected $47.50 from pot
*** SUMMARY ***
Total pot $48 | Rake $0.50
Board [6s 9d 6h Jh 5c]
Seat 1: Velbor107 (big blind) showed [8c 6d] and won ($47.50) with three of a kind, Sixes
Seat 6: mowinmo (button) (small blind) mucked


PokerStars Hand #157917644240:  Hold'em Limit ($3/$6 USD) - 2016/08/29 22:55:11 ET
Table 'Ningxia' 6-max Seat #1 is the button
Seat 1: Velbor107 ($360.32 in chips)
Seat 6: mowinmo ($116.66 in chips)
Velbor107: posts small blind $1
mowinmo: posts big blind $3
*** HOLE CARDS ***
Velbor107: folds
Uncalled bet ($2) returned to mowinmo
mowinmo collected $2 from pot
mowinmo: doesn't show hand
*** SUMMARY ***
Total pot $2 | Rake $0
Seat 1: Velbor107 (button) (small blind) folded before Flop
Seat 6: mowinmo (big blind) collected ($2)


PokerStars Hand #157917642447:  Hold'em Limit ($3/$6 USD) - 2016/08/29 22:55:05 ET
Table 'Ningxia' 6-max Seat #6 is the button
Seat 1: Velbor107 ($359.32 in chips)
Seat 6: mowinmo ($117.66 in chips)
mowinmo: posts small blind $1
Velbor107: posts big blind $3
*** HOLE CARDS ***
mowinmo: folds
Uncalled bet ($2) returned to Velbor107
Velbor107 collected $2 from pot
*** SUMMARY ***
Total pot $2 | Rake $0
Seat 1: Velbor107 (big blind) collected ($2)
Seat 6: mowinmo (button) (small blind) folded before Flop


PokerStars Hand #157917631079:  Hold'em Limit ($3/$6 USD) - 2016/08/29 22:54:28 ET
Table 'Ningxia' 6-max Seat #1 is the button
Seat 1: Velbor107 ($368.32 in chips)
Seat 6: mowinmo ($109.02 in chips)
Velbor107: posts small blind $1
mowinmo: posts big blind $3
*** HOLE CARDS ***
Velbor107: raises $3 to $6
mowinmo: calls $3
*** FLOP *** [9s 5h Qc]
mowinmo: checks
Velbor107: bets $3
mowinmo: calls $3
*** TURN *** [9s 5h Qc] [8c]
mowinmo: checks
Velbor107: checks
*** RIVER *** [9s 5h Qc 8c] [9h]
mowinmo: bets $6
Velbor107: folds
Uncalled bet ($6) returned to mowinmo
mowinmo collected $17.64 from pot
mowinmo: doesn't show hand
*** SUMMARY ***
Total pot $18 | Rake $0.36
Board [9s 5h Qc 8c 9h]
Seat 1: Velbor107 (button) (small blind) folded on the River
Seat 6: mowinmo (big blind) collected ($17.64)


PokerStars Hand #157917659605:  Hold'em Limit ($3/$6 USD) - 2016/08/29 22:56:09 ET
Table 'Ningxia' 6-max Seat #6 is the button
Seat 1: Velbor107 ($361.20 in chips)
Seat 6: mowinmo ($115.66 in chips)
mowinmo: posts small blind $1
Velbor107: posts big blind $3
*** HOLE CARDS ***
mowinmo: raises $3 to $6
Velbor107: calls $3
*** FLOP *** [2c 9s 3h]
Velbor107: checks
mowinmo: checks
*** TURN *** [2c 9s 3h] [Tc]
Velbor107: checks
mowinmo: checks
*** RIVER *** [2c 9s 3h Tc] [Th]
Velbor107: checks
mowinmo: checks
*** SHOW DOWN ***
Velbor107: shows [7d Kc] (a pair of Tens)
mowinmo: mucks hand
Velbor107 collected $11.76 from pot
*** SUMMARY ***
Total pot $12 | Rake $0.24
Board [2c 9s 3h Tc Th]
Seat 1: Velbor107 (big blind) showed [7d Kc] and won ($11.76) with a pair of Tens
Seat 6: mowinmo (button) (small blind) mucked


PokerStars Hand #157917657631:  Hold'em Limit ($3/$6 USD) - 2016/08/29 22:56:02 ET
Table 'Ningxia' 6-max Seat #1 is the button
Seat 1: Velbor107 ($362.20 in chips)
Seat 6: mowinmo ($114.66 in chips)
Velbor107: posts small blind $1
mowinmo: posts big blind $3
*** HOLE CARDS ***
Velbor107: folds
Uncalled bet ($2) returned to mowinmo
mowinmo collected $2 from pot
mowinmo: doesn't show hand
*** SUMMARY ***
Total pot $2 | Rake $0
Seat 1: Velbor107 (button) (small blind) folded before Flop
Seat 6: mowinmo (big blind) collected ($2)


PokerStars Hand #157917646527:  Hold'em Limit ($3/$6 USD) - 2016/08/29 22:55:20 ET
Table 'Ningxia' 6-max Seat #6 is the button
Seat 1: Velbor107 ($359.32 in chips)
Seat 6: mowinmo ($117.66 in chips)
mowinmo: posts small blind $1
Velbor107: posts big blind $3
*** HOLE CARDS ***
mowinmo: calls $2
Velbor107: checks
*** FLOP *** [5d 3c 3s]
Velbor107: checks
mowinmo: checks
*** TURN *** [5d 3c 3s] [Ts]
Velbor107: checks
mowinmo: checks
*** RIVER *** [5d 3c 3s Ts] [7h]
Velbor107: checks
mowinmo: checks
*** SHOW DOWN ***
Velbor107: shows [Ks 4d] (a pair of Threes)
mowinmo: mucks hand
Velbor107 collected $5.88 from pot
*** SUMMARY ***
Total pot $6 | Rake $0.12
Board [5d 3c 3s Ts 7h]
Seat 1: Velbor107 (big blind) showed [Ks 4d] and won ($5.88) with a pair of Threes
Seat 6: mowinmo (button) (small blind) mucked


PokerStars Hand #157917679772:  Hold'em Limit ($3/$6 USD) - 2016/08/29 22:57:25 ET
Table 'Ningxia' 6-max Seat #6 is the button
Seat 1: Velbor107 ($390.46 in chips)
Seat 6: mowinmo ($85.66 in chips)
mowinmo: posts small blind $1
Velbor107: posts big blind $3
*** HOLE CARDS ***
mowinmo: raises $3 to $6
Velbor107: folds
Uncalled bet ($3) returned to mowinmo
mowinmo collected $6 from pot
mowinmo: doesn't show hand
*** SUMMARY ***
Total pot $6 | Rake $0
Seat 1: Velbor107 (big blind) folded before Flop
Seat 6: mowinmo (button) (small blind) collected ($6)


PokerStars Hand #157917666591:  Hold'em Limit ($3/$6 USD) - 2016/08/29 22:56:36 ET
Table 'Ningxia' 6-max Seat #1 is the button
Seat 1: Velbor107 ($366.96 in chips)
Seat 6: mowinmo ($109.66 in chips)
Velbor107: posts small blind $1
mowinmo: posts big blind $3
*** HOLE CARDS ***
Velbor107: raises $3 to $6
mowinmo: calls $3
*** FLOP *** [7c 2h 8c]
mowinmo: checks
Velbor107: bets $3
mowinmo: raises $3 to $6
Velbor107: calls $3
*** TURN *** [7c 2h 8c] [6d]
mowinmo: bets $6
Velbor107: raises $6 to $12
mowinmo: calls $6
*** RIVER *** [7c 2h 8c 6d] [Js]
mowinmo: checks
Velbor107: bets $6
mowinmo: folds
Uncalled bet ($6) returned to Velbor107
Velbor107 collected $47.50 from pot
*** SUMMARY ***
Total pot $48 | Rake $0.50
Board [7c 2h 8c 6d Js]
Seat 1: Velbor107 (button) (small blind) collected ($47.50)
Seat 6: mowinmo (big blind) folded on the River


PokerStars Hand #157917690762:  Hold'em Limit ($3/$6 USD) - 2016/08/29 22:58:06 ET
Table 'Ningxia' 6-max Seat #6 is the button
Seat 1: Velbor107 ($410.96 in chips)
Seat 6: mowinmo ($64.66 in chips)
mowinmo: posts small blind $1
Velbor107: posts big blind $3
*** HOLE CARDS ***
mowinmo: folds
Uncalled bet ($2) returned to Velbor107
Velbor107 collected $2 from pot
*** SUMMARY ***
Total pot $2 | Rake $0
Seat 1: Velbor107 (big blind) collected ($2)
Seat 6: mowinmo (button) (small blind) folded before Flop


PokerStars Hand #157917681429:  Hold'em Limit ($3/$6 USD) - 2016/08/29 22:57:31 ET
Table 'Ningxia' 6-max Seat #1 is the button
Seat 1: Velbor107 ($387.46 in chips)
Seat 6: mowinmo ($88.66 in chips)
Velbor107: posts small blind $1
mowinmo: posts big blind $3
*** HOLE CARDS ***
Velbor107: raises $3 to $6
mowinmo: raises $3 to $9
Velbor107: calls $3
*** FLOP *** [Jh Kc Ad]
mowinmo: bets $3
Velbor107: calls $3
*** TURN *** [Jh Kc Ad] [6c]
mowinmo: bets $6
Velbor107: raises $6 to $12
mowinmo: calls $6
*** RIVER *** [Jh Kc Ad 6c] [5d]
mowinmo: checks
Velbor107: checks
*** SHOW DOWN ***
mowinmo: shows [8s 8c] (a pair of Eights)
Velbor107: shows [Kh 2s] (a pair of Kings)
Velbor107 collected $47.50 from pot
*** SUMMARY ***
Total pot $48 | Rake $0.50
Board [Jh Kc Ad 6c 5d]
Seat 1: Velbor107 (button) (small blind) showed [Kh 2s] and won ($47.50) with a pair of Kings
Seat 6: mowinmo (big blind) showed [8s 8c] and lost with a pair of Eights


PokerStars Hand #157917704110:  Hold'em Limit ($3/$6 USD) - 2016/08/29 22:58:56 ET
Table 'Ningxia' 6-max Seat #6 is the button
Seat 1: Velbor107 ($420.60 in chips)
Seat 6: mowinmo ($54.66 in chips)
mowinmo: posts small blind $1
Velbor107: posts big blind $3
*** HOLE CARDS ***
mowinmo: folds
Uncalled bet ($2) returned to Velbor107
Velbor107 collected $2 from pot
*** SUMMARY ***
Total pot $2 | Rake $0
Seat 1: Velbor107 (big blind) collected ($2)
Seat 6: mowinmo (button) (small blind) folded before Flop


PokerStars Hand #157917692762:  Hold'em Limit ($3/$6 USD) - 2016/08/29 22:58:13 ET
Table 'Ningxia' 6-max Seat #1 is the button
Seat 1: Velbor107 ($411.96 in chips)
Seat 6: mowinmo ($63.66 in chips)
Velbor107: posts small blind $1
mowinmo: posts big blind $3
*** HOLE CARDS ***
Velbor107: raises $3 to $6
mowinmo: calls $3
*** FLOP *** [Ad 8s Tc]
mowinmo: checks
Velbor107: bets $3
mowinmo: calls $3
*** TURN *** [Ad 8s Tc] [2s]
mowinmo: checks
Velbor107: checks
*** RIVER *** [Ad 8s Tc 2s] [2h]
mowinmo: checks
Velbor107: bets $6
mowinmo: folds
Uncalled bet ($6) returned to Velbor107
Velbor107 collected $17.64 from pot
*** SUMMARY ***
Total pot $18 | Rake $0.36
Board [Ad 8s Tc 2s 2h]
Seat 1: Velbor107 (button) (small blind) collected ($17.64)
Seat 6: mowinmo (big blind) folded on the River


PokerStars Hand #157917728397:  Hold'em Limit ($3/$6 USD) - 2016/08/29 23:00:26 ET
Table 'Ningxia' 6-max Seat #1 is the button
Seat 1: Velbor107 ($399.60 in chips)
Seat 6: mowinmo ($74.92 in chips)
Velbor107: posts small blind $1
mowinmo: posts big blind $3
*** HOLE CARDS ***
Velbor107: raises $3 to $6
mowinmo: folds
Uncalled bet ($3) returned to Velbor107
Velbor107 collected $6 from pot
*** SUMMARY ***
Total pot $6 | Rake $0
Seat 1: Velbor107 (button) (small blind) collected ($6)
Seat 6: mowinmo (big blind) folded before Flop


PokerStars Hand #157917719404:  Hold'em Limit ($3/$6 USD) - 2016/08/29 22:59:53 ET
Table 'Ningxia' 6-max Seat #6 is the button
Seat 1: Velbor107 ($402.60 in chips)
Seat 6: mowinmo ($72.04 in chips)
mowinmo: posts small blind $1
Velbor107: posts big blind $3
*** HOLE CARDS ***
mowinmo: calls $2
Velbor107: checks
*** FLOP *** [6c 8c Ad]
Velbor107: checks
mowinmo: checks
*** TURN *** [6c 8c Ad] [Th]
Velbor107: checks
mowinmo: checks
*** RIVER *** [6c 8c Ad Th] [Jd]
Velbor107: checks
mowinmo: checks
*** SHOW DOWN ***
Velbor107: shows [3s 2h] (high card Ace)
mowinmo: shows [Kd 3h] (high card Ace - King kicker)
mowinmo collected $5.88 from pot
*** SUMMARY ***
Total pot $6 | Rake $0.12
Board [6c 8c Ad Th Jd]
Seat 1: Velbor107 (big blind) showed [3s 2h] and lost with high card Ace
Seat 6: mowinmo (button) (small blind) showed [Kd 3h] and won ($5.88) with high card Ace


PokerStars Hand #157917713282:  Hold'em Limit ($3/$6 USD) - 2016/08/29 22:59:30 ET
Table 'Ningxia' 6-max Seat #1 is the button
Seat 1: Velbor107 ($417.60 in chips)
Seat 6: mowinmo ($57.54 in chips)
Velbor107: posts small blind $1
mowinmo: posts big blind $3
*** HOLE CARDS ***
Velbor107: raises $3 to $6
mowinmo: calls $3
*** FLOP *** [2c 4d Ad]
mowinmo: checks
Velbor107: bets $3
mowinmo: calls $3
*** TURN *** [2c 4d Ad] [8d]
mowinmo: checks
Velbor107: bets $6
mowinmo: calls $6
*** RIVER *** [2c 4d Ad 8d] [5h]
mowinmo: checks
Velbor107: checks
*** SHOW DOWN ***
mowinmo: shows [5s 4c] (two pair, Fives and Fours)
Velbor107: mucks hand
mowinmo collected $29.50 from pot
*** SUMMARY ***
Total pot $30 | Rake $0.50
Board [2c 4d Ad 8d 5h]
Seat 1: Velbor107 (button) (small blind) mucked
Seat 6: mowinmo (big blind) showed [5s 4c] and won ($29.50) with two pair, Fives and Fours


PokerStars Hand #157917732143:  Hold'em Limit ($3/$6 USD) - 2016/08/29 23:00:35 ET
Table 'Ningxia' 6-max Seat #6 is the button
Seat 1: Velbor107 ($402.60 in chips)
Seat 6: mowinmo ($71.92 in chips)
mowinmo: posts small blind $1
Velbor107: posts big blind $3
*** HOLE CARDS ***
mowinmo: calls $2
Velbor107: checks
*** FLOP *** [6d Jh 8s]
Velbor107: checks
mowinmo: bets $3
Velbor107: folds
Uncalled bet ($3) returned to mowinmo
mowinmo collected $5.88 from pot
mowinmo: doesn't show hand
*** SUMMARY ***
Total pot $6 | Rake $0.12
Board [6d Jh 8s]
Seat 1: Velbor107 (big blind) folded on the Flop
Seat 6: mowinmo (button) (small blind) collected ($5.88)


PokerStars Hand #157917742309:  Hold'em Limit ($3/$6 USD) - 2016/08/29 23:01:11 ET
Table 'Ningxia' 6-max Seat #1 is the button
Seat 1: Velbor107 ($399.60 in chips)
Seat 6: mowinmo ($74.80 in chips)
Velbor107: posts small blind $1
mowinmo: posts big blind $3
*** HOLE CARDS ***
Velbor107: raises $3 to $6
mowinmo: calls $3
*** FLOP *** [Ah Ad 2s]
mowinmo: checks
Velbor107: bets $3
mowinmo: folds
Uncalled bet ($3) returned to Velbor107
Velbor107 collected $11.76 from pot
*** SUMMARY ***
Total pot $12 | Rake $0.24
Board [Ah Ad 2s]
Seat 1: Velbor107 (button) (small blind) collected ($11.76)
Seat 6: mowinmo (big blind) folded on the Flop


PokerStars Hand #157917748386:  Hold'em Limit ($3/$6 USD) - 2016/08/29 23:01:32 ET
Table 'Ningxia' 6-max Seat #6 is the button
Seat 1: Velbor107 ($405.36 in chips)
Seat 6: mowinmo ($68.80 in chips)
mowinmo: posts small blind $1
Velbor107: posts big blind $3
*** HOLE CARDS ***
mowinmo: raises $3 to $6
Velbor107: raises $3 to $9
mowinmo: calls $3
*** FLOP *** [2s Jd 6s]
Velbor107: bets $3
mowinmo: raises $3 to $6
Velbor107: calls $3
*** TURN *** [2s Jd 6s] [Ks]
Velbor107: checks
mowinmo: bets $6
Velbor107: calls $6
*** RIVER *** [2s Jd 6s Ks] [5h]
Velbor107: checks
mowinmo: bets $6
Velbor107: folds
Uncalled bet ($6) returned to mowinmo
mowinmo collected $41.50 from pot
mowinmo: doesn't show hand
*** SUMMARY ***
Total pot $42 | Rake $0.50
Board [2s Jd 6s Ks 5h]
Seat 1: Velbor107 (big blind) folded on the River
Seat 6: mowinmo (button) (small blind) collected ($41.50)


PokerStars Hand #157917760112:  Hold'em Limit ($3/$6 USD) - 2016/08/29 23:02:13 ET
Table 'Ningxia' 6-max Seat #1 is the button
Seat 1: Velbor107 ($384.36 in chips)
Seat 6: mowinmo ($89.30 in chips)
Velbor107: posts small blind $1
mowinmo: posts big blind $3
*** HOLE CARDS ***
Velbor107: raises $3 to $6
mowinmo: calls $3
*** FLOP *** [6s Ks 9c]
mowinmo: checks
Velbor107: bets $3
mowinmo: calls $3
*** TURN *** [6s Ks 9c] [6c]
mowinmo: checks
Velbor107: bets $6
mowinmo: folds
Uncalled bet ($6) returned to Velbor107
Velbor107 collected $17.64 from pot
*** SUMMARY ***
Total pot $18 | Rake $0.36
Board [6s Ks 9c 6c]
Seat 1: Velbor107 (button) (small blind) collected ($17.64)
Seat 6: mowinmo (big blind) folded on the Turn


PokerStars Hand #157917769537:  Hold'em Limit ($3/$6 USD) - 2016/08/29 23:02:44 ET
Table 'Ningxia' 6-max Seat #6 is the button
Seat 1: Velbor107 ($393 in chips)
Seat 6: mowinmo ($80.30 in chips)
mowinmo: posts small blind $1
Velbor107: posts big blind $3
*** HOLE CARDS ***
mowinmo: calls $2
Velbor107: checks
*** FLOP *** [Qs Th 4h]
Velbor107: bets $3
mowinmo: calls $3
*** TURN *** [Qs Th 4h] [Ks]
Velbor107: bets $6
mowinmo: calls $6
*** RIVER *** [Qs Th 4h Ks] [4d]
Velbor107: bets $6
mowinmo: raises $6 to $12
Velbor107: folds
Uncalled bet ($6) returned to mowinmo
mowinmo collected $35.50 from pot
mowinmo: doesn't show hand
*** SUMMARY ***
Total pot $36 | Rake $0.50
Board [Qs Th 4h Ks 4d]
Seat 1: Velbor107 (big blind) folded on the River
Seat 6: mowinmo (button) (small blind) collected ($35.50)


PokerStars Hand #157917778351:  Hold'em Limit ($3/$6 USD) - 2016/08/29 23:03:14 ET
Table 'Ningxia' 6-max Seat #1 is the button
Seat 1: Velbor107 ($375 in chips)
Seat 6: mowinmo ($97.80 in chips)
Velbor107: posts small blind $1
mowinmo: posts big blind $3
*** HOLE CARDS ***
Velbor107: folds
Uncalled bet ($2) returned to mowinmo
mowinmo collected $2 from pot
mowinmo: doesn't show hand
*** SUMMARY ***
Total pot $2 | Rake $0
Seat 1: Velbor107 (button) (small blind) folded before Flop
Seat 6: mowinmo (big blind) collected ($2)


PokerStars Hand #157917779737:  Hold'em Limit ($3/$6 USD) - 2016/08/29 23:03:18 ET
Table 'Ningxia' 6-max Seat #6 is the button
Seat 1: Velbor107 ($374 in chips)
Seat 6: mowinmo ($98.80 in chips)
mowinmo: posts small blind $1
Velbor107: posts big blind $3
*** HOLE CARDS ***
mowinmo: calls $2
Velbor107: raises $3 to $6
mowinmo: calls $3
*** FLOP *** [Tc Jh 7c]
Velbor107: bets $3
mowinmo: calls $3
*** TURN *** [Tc Jh 7c] [Td]
Velbor107: bets $6
mowinmo: calls $6
*** RIVER *** [Tc Jh 7c Td] [6h]
Velbor107: bets $6
mowinmo: calls $6
*** SHOW DOWN ***
Velbor107: shows [2s 2d] (two pair, Tens and Deuces)
mowinmo: shows [7h Kh] (two pair, Tens and Sevens)
mowinmo collected $41.50 from pot
*** SUMMARY ***
Total pot $42 | Rake $0.50
Board [Tc Jh 7c Td 6h]
Seat 1: Velbor107 (big blind) showed [2s 2d] and lost with two pair, Tens and Deuces
Seat 6: mowinmo (button) (small blind) showed [7h Kh] and won ($41.50) with two pair, Tens and Sevens


PokerStars Hand #157917800788:  Hold'em Limit ($3/$6 USD) - 2016/08/29 23:04:10 ET
Table 'Ningxia' 6-max Seat #6 is the button
Seat 1: Velbor107 ($329 in chips)
Seat 6: mowinmo ($142.80 in chips)
mowinmo: posts small blind $1
Velbor107: posts big blind $3
*** HOLE CARDS ***
mowinmo: folds
Uncalled bet ($2) returned to Velbor107
Velbor107 collected $2 from pot
*** SUMMARY ***
Total pot $2 | Rake $0
Seat 1: Velbor107 (big blind) collected ($2)
Seat 6: mowinmo (button) (small blind) folded before Flop


PokerStars Hand #157917787419:  Hold'em Limit ($3/$6 USD) - 2016/08/29 23:03:44 ET
Table 'Ningxia' 6-max Seat #1 is the button
Seat 1: Velbor107 ($353 in chips)
Seat 6: mowinmo ($119.30 in chips)
Velbor107: posts small blind $1
mowinmo: posts big blind $3
*** HOLE CARDS ***
Velbor107: raises $3 to $6
mowinmo: raises $3 to $9
Velbor107: calls $3
*** FLOP *** [3h 2c 2d]
mowinmo: bets $3
Velbor107: calls $3
*** TURN *** [3h 2c 2d] [Kh]
mowinmo: bets $6
Velbor107: raises $6 to $12
mowinmo: calls $6
*** RIVER *** [3h 2c 2d Kh] [4s]
mowinmo: checks
Velbor107: checks
*** SHOW DOWN ***
mowinmo: shows [Jc Js] (two pair, Jacks and Deuces)
Velbor107: mucks hand
mowinmo collected $47.50 from pot
*** SUMMARY ***
Total pot $48 | Rake $0.50
Board [3h 2c 2d Kh 4s]
Seat 1: Velbor107 (button) (small blind) mucked
Seat 6: mowinmo (big blind) showed [Jc Js] and won ($47.50) with two pair, Jacks and Deuces


PokerStars Hand #157917802532:  Hold'em Limit ($3/$6 USD) - 2016/08/29 23:04:16 ET
Table 'Ningxia' 6-max Seat #1 is the button
Seat 1: Velbor107 ($330 in chips)
Seat 6: mowinmo ($141.80 in chips)
Velbor107: posts small blind $1
mowinmo: posts big blind $3
*** HOLE CARDS ***
Velbor107: raises $3 to $6
mowinmo: folds
Uncalled bet ($3) returned to Velbor107
Velbor107 collected $6 from pot
*** SUMMARY ***
Total pot $6 | Rake $0
Seat 1: Velbor107 (button) (small blind) collected ($6)
Seat 6: mowinmo (big blind) folded before Flop


PokerStars Hand #157917805108:  Hold'em Limit ($3/$6 USD) - 2016/08/29 23:04:25 ET
Table 'Ningxia' 6-max Seat #6 is the button
Seat 1: Velbor107 ($333 in chips)
Seat 6: mowinmo ($138.80 in chips)
mowinmo: posts small blind $1
Velbor107: posts big blind $3
*** HOLE CARDS ***
mowinmo: raises $3 to $6
Velbor107: folds
Uncalled bet ($3) returned to mowinmo
mowinmo collected $6 from pot
mowinmo: doesn't show hand
*** SUMMARY ***
Total pot $6 | Rake $0
Seat 1: Velbor107 (big blind) folded before Flop
Seat 6: mowinmo (button) (small blind) collected ($6)


PokerStars Hand #157917807868:  Hold'em Limit ($3/$6 USD) - 2016/08/29 23:04:34 ET
Table 'Ningxia' 6-max Seat #1 is the button
Seat 1: Velbor107 ($330 in chips)
Seat 6: mowinmo ($141.80 in chips)
Velbor107: posts small blind $1
mowinmo: posts big blind $3
*** HOLE CARDS ***
Velbor107: raises $3 to $6
mowinmo: calls $3
*** FLOP *** [2s As 9c]
mowinmo: checks
Velbor107: bets $3
mowinmo: calls $3
*** TURN *** [2s As 9c] [Jh]
mowinmo: checks
Velbor107: bets $6
mowinmo: raises $6 to $12
Velbor107: folds
Uncalled bet ($6) returned to mowinmo
mowinmo collected $29.50 from pot
mowinmo: doesn't show hand
*** SUMMARY ***
Total pot $30 | Rake $0.50
Board [2s As 9c Jh]
Seat 1: Velbor107 (button) (small blind) folded on the Turn
Seat 6: mowinmo (big blind) collected ($29.50)


PokerStars Hand #157917820666:  Hold'em Limit ($3/$6 USD) - 2016/08/29 23:05:18 ET
Table 'Ningxia' 6-max Seat #1 is the button
Seat 1: Velbor107 ($309 in chips)
Seat 6: mowinmo ($162.06 in chips)
Velbor107: posts small blind $1
mowinmo: posts big blind $3
*** HOLE CARDS ***
Velbor107: raises $3 to $6
mowinmo: calls $3
*** FLOP *** [4h 3s 2h]
mowinmo: checks
Velbor107: bets $3
mowinmo: calls $3
*** TURN *** [4h 3s 2h] [3h]
mowinmo: checks
Velbor107: bets $6
mowinmo: calls $6
*** RIVER *** [4h 3s 2h 3h] [6h]
mowinmo: checks
Velbor107: checks
*** SHOW DOWN ***
mowinmo: shows [6c 6s] (a full house, Sixes full of Threes)
Velbor107: mucks hand
mowinmo collected $29.50 from pot
*** SUMMARY ***
Total pot $30 | Rake $0.50
Board [4h 3s 2h 3h 6h]
Seat 1: Velbor107 (button) (small blind) mucked
Seat 6: mowinmo (big blind) showed [6c 6s] and won ($29.50) with a full house, Sixes full of Threes


PokerStars Hand #157917829429:  Hold'em Limit ($3/$6 USD) - 2016/08/29 23:05:47 ET
Table 'Ningxia' 6-max Seat #6 is the button
Seat 1: Velbor107 ($294 in chips)
Seat 6: mowinmo ($176.56 in chips)
mowinmo: posts small blind $1
Velbor107: posts big blind $3
*** HOLE CARDS ***
mowinmo: folds
Uncalled bet ($2) returned to Velbor107
Velbor107 collected $2 from pot
*** SUMMARY ***
Total pot $2 | Rake $0
Seat 1: Velbor107 (big blind) collected ($2)
Seat 6: mowinmo (button) (small blind) folded before Flop


PokerStars Hand #157917831080:  Hold'em Limit ($3/$6 USD) - 2016/08/29 23:05:53 ET
Table 'Ningxia' 6-max Seat #1 is the button
Seat 1: Velbor107 ($295 in chips)
Seat 6: mowinmo ($175.56 in chips)
Velbor107: posts small blind $1
mowinmo: posts big blind $3
*** HOLE CARDS ***
Velbor107: raises $3 to $6
mowinmo: calls $3
*** FLOP *** [Ks 4c 6c]
mowinmo: checks
Velbor107: bets $3
mowinmo: calls $3
*** TURN *** [Ks 4c 6c] [6d]
mowinmo: checks
Velbor107: checks
*** RIVER *** [Ks 4c 6c 6d] [6s]
mowinmo: bets $6
Velbor107: folds
Uncalled bet ($6) returned to mowinmo
mowinmo collected $17.64 from pot
mowinmo: doesn't show hand
*** SUMMARY ***
Total pot $18 | Rake $0.36
Board [Ks 4c 6c 6d 6s]
Seat 1: Velbor107 (button) (small blind) folded on the River
Seat 6: mowinmo (big blind) collected ($17.64)


PokerStars Hand #157917839849:  Hold'em Limit ($3/$6 USD) - 2016/08/29 23:06:22 ET
Table 'Ningxia' 6-max Seat #6 is the button
Seat 1: Velbor107 ($286 in chips)
Seat 6: mowinmo ($184.20 in chips)
mowinmo: posts small blind $1
Velbor107: posts big blind $3
*** HOLE CARDS ***
mowinmo: raises $3 to $6
Velbor107: calls $3
*** FLOP *** [2s Jc 6h]
Velbor107: checks
mowinmo: bets $3
Velbor107: raises $3 to $6
mowinmo: calls $3
*** TURN *** [2s Jc 6h] [4d]
Velbor107: bets $6
mowinmo: folds
Uncalled bet ($6) returned to Velbor107
Velbor107 collected $23.52 from pot
*** SUMMARY ***
Total pot $24 | Rake $0.48
Board [2s Jc 6h 4d]
Seat 1: Velbor107 (big blind) collected ($23.52)
Seat 6: mowinmo (button) (small blind) folded on the Turn


PokerStars Hand #157917849702:  Hold'em Limit ($3/$6 USD) - 2016/08/29 23:06:56 ET
Table 'Ningxia' 6-max Seat #1 is the button
Seat 1: Velbor107 ($297.52 in chips)
Seat 6: mowinmo ($172.20 in chips)
Velbor107: posts small blind $1
mowinmo: posts big blind $3
*** HOLE CARDS ***
Velbor107: raises $3 to $6
Mahmoudjan11 joins the table at seat #3
mowinmo: calls $3
*** FLOP *** [Qh 6d 4d]
mowinmo: checks
Velbor107: bets $3
mowinmo: calls $3
*** TURN *** [Qh 6d 4d] [Qd]
mowinmo: checks
Velbor107: bets $6
mowinmo: folds
Uncalled bet ($6) returned to Velbor107
Velbor107 collected $17.64 from pot
*** SUMMARY ***
Total pot $18 | Rake $0.36
Board [Qh 6d 4d Qd]
Seat 1: Velbor107 (button) (small blind) collected ($17.64)
Seat 6: mowinmo (big blind) folded on the Turn


PokerStars Hand #157917855103:  Hold'em Limit ($3/$6 USD) - 2016/08/29 23:07:14 ET
Table 'Ningxia' 6-max Seat #6 is the button
Seat 1: Velbor107 ($306.16 in chips)
Seat 6: mowinmo ($163.20 in chips)
mowinmo: posts small blind $1
Velbor107: posts big blind $3
*** HOLE CARDS ***
mowinmo: folds
Uncalled bet ($2) returned to Velbor107
Velbor107 collected $2 from pot
*** SUMMARY ***
Total pot $2 | Rake $0
Seat 1: Velbor107 (big blind) collected ($2)
Seat 6: mowinmo (button) (small blind) folded before Flop


PokerStars Hand #157920904541:  Hold'em Limit ($3/$6 USD) - 2016/08/30 2:34:29 ET
Table 'Ningxia' 6-max Seat #5 is the button
Seat 5: Rainbow Rag ($48.18 in chips)
Seat 6: KnoHow2RockU ($72 in chips)
Rainbow Rag: posts small blind $1
KnoHow2RockU: posts big blind $3
*** HOLE CARDS ***
Rainbow Rag: calls $2
KnoHow2RockU: checks
*** FLOP *** [2c Tc 8h]
KnoHow2RockU: bets $3
Rainbow Rag: calls $3
*** TURN *** [2c Tc 8h] [Ad]
KnoHow2RockU: checks
Rainbow Rag: checks
*** RIVER *** [2c Tc 8h Ad] [Jd]
KnoHow2RockU: bets $6
Rainbow Rag: folds
Uncalled bet ($6) returned to KnoHow2RockU
KnoHow2RockU collected $11.76 from pot
KnoHow2RockU: doesn't show hand
*** SUMMARY ***
Total pot $12 | Rake $0.24
Board [2c Tc 8h Ad Jd]
Seat 5: Rainbow Rag (button) (small blind) folded on the River
Seat 6: KnoHow2RockU (big blind) collected ($11.76)


PokerStars Hand #157920900012:  Hold'em Limit ($3/$6 USD) - 2016/08/30 2:34:09 ET
Table 'Ningxia' 6-max Seat #6 is the button
Seat 5: Rainbow Rag ($39.54 in chips)
Seat 6: KnoHow2RockU ($72 in chips)
KnoHow2RockU: posts small blind $1
I M GOIN OFF: is sitting out
Rainbow Rag: posts big blind $3
*** HOLE CARDS ***
KnoHow2RockU: raises $3 to $6
Rainbow Rag: raises $3 to $9
KnoHow2RockU: calls $3
*** FLOP *** [6d 7c Qh]
Rainbow Rag: bets $3
I M GOIN OFF leaves the table
KnoHow2RockU: folds
Uncalled bet ($3) returned to Rainbow Rag
Rainbow Rag collected $17.64 from pot
Rainbow Rag: doesn't show hand
*** SUMMARY ***
Total pot $18 | Rake $0.36
Board [6d 7c Qh]
Seat 5: Rainbow Rag (big blind) collected ($17.64)
Seat 6: KnoHow2RockU (button) (small blind) folded on the Flop


PokerStars Hand #157920914985:  Hold'em Limit ($3/$6 USD) - 2016/08/30 2:35:15 ET
Table 'Ningxia' 6-max Seat #5 is the button
Seat 5: Rainbow Rag ($59.68 in chips)
Seat 6: KnoHow2RockU ($72 in chips)
Rainbow Rag: posts small blind $1
KnoHow2RockU: posts big blind $3
*** HOLE CARDS ***
Rainbow Rag: folds
Uncalled bet ($2) returned to KnoHow2RockU
KnoHow2RockU collected $2 from pot
KnoHow2RockU: doesn't show hand
*** SUMMARY ***
Total pot $2 | Rake $0
Seat 5: Rainbow Rag (button) (small blind) folded before Flop
Seat 6: KnoHow2RockU (big blind) collected ($2)


PokerStars Hand #157920908737:  Hold'em Limit ($3/$6 USD) - 2016/08/30 2:34:48 ET
Table 'Ningxia' 6-max Seat #6 is the button
Seat 5: Rainbow Rag ($42.18 in chips)
Seat 6: KnoHow2RockU ($77.76 in chips)
KnoHow2RockU: posts small blind $1
Rainbow Rag: posts big blind $3
*** HOLE CARDS ***
KnoHow2RockU: raises $3 to $6
Rainbow Rag: raises $3 to $9
KnoHow2RockU: calls $3
*** FLOP *** [2h 4h 8c]
dmonr joins the table at seat #3
Rainbow Rag: bets $3
KnoHow2RockU: calls $3
*** TURN *** [2h 4h 8c] [3c]
Rainbow Rag: checks
KnoHow2RockU: bets $6
Rainbow Rag: calls $6
*** RIVER *** [2h 4h 8c 3c] [Jc]
Rainbow Rag: bets $6
KnoHow2RockU: folds
Uncalled bet ($6) returned to Rainbow Rag
Rainbow Rag collected $35.50 from pot
Rainbow Rag: doesn't show hand
*** SUMMARY ***
Total pot $36 | Rake $0.50
Board [2h 4h 8c 3c Jc]
Seat 5: Rainbow Rag (big blind) collected ($35.50)
Seat 6: KnoHow2RockU (button) (small blind) folded on the River


