PokerStars Hand #150110730275:  Hold'em Limit ($3/$6 USD) - 2016/03/09 19:46:12 ET
Table 'Ningxia' 6-max Seat #6 is the button
Seat 2: pugsley44 ($164.12 in chips)
Seat 6: JayEm82 ($270.49 in chips)
JayEm82: posts small blind $1
pugsley44: posts big blind $3
*** HOLE CARDS ***
JayEm82 said, "sick"
igmade said, "are you fcking kidding me"
JayEm82: folds
Uncalled bet ($2) returned to pugsley44
pugsley44 collected $2 from pot
*** SUMMARY ***
Total pot $2 | Rake $0
Seat 2: pugsley44 (big blind) collected ($2)
Seat 6: JayEm82 (button) (small blind) folded before Flop


PokerStars Hand #150111478999:  Hold'em Limit ($3/$6 USD) - 2016/03/09 20:10:28 ET
Table 'Ningxia' 6-max Seat #3 is the button
Seat 3: ben2098 ($63.91 in chips)
Seat 6: JayEm82 ($269.49 in chips)
ben2098: posts small blind $1
JayEm82: posts big blind $3
*** HOLE CARDS ***
ben2098: raises $3 to $6
JayEm82: calls $3
*** FLOP *** [Js 2h 8h]
JayEm82: checks
ben2098: bets $3
JayEm82: folds
Uncalled bet ($3) returned to ben2098
ben2098 collected $11.76 from pot
ben2098: doesn't show hand
*** SUMMARY ***
Total pot $12 | Rake $0.24
Board [Js 2h 8h]
Seat 3: ben2098 (button) (small blind) collected ($11.76)
Seat 6: JayEm82 (big blind) folded on the Flop


PokerStars Hand #150111484396:  Hold'em Limit ($3/$6 USD) - 2016/03/09 20:10:39 ET
Table 'Ningxia' 6-max Seat #6 is the button
Seat 3: ben2098 ($69.67 in chips)
Seat 6: JayEm82 ($263.49 in chips)
JayEm82: posts small blind $1
ben2098: posts big blind $3
*** HOLE CARDS ***
JayEm82: raises $3 to $6
ben2098: folds
Uncalled bet ($3) returned to JayEm82
JayEm82 collected $6 from pot
JayEm82: doesn't show hand
*** SUMMARY ***
Total pot $6 | Rake $0
Seat 3: ben2098 (big blind) folded before Flop
Seat 6: JayEm82 (button) (small blind) collected ($6)


PokerStars Hand #150111487469:  Hold'em Limit ($3/$6 USD) - 2016/03/09 20:10:45 ET
Table 'Ningxia' 6-max Seat #3 is the button
Seat 3: ben2098 ($66.67 in chips)
Seat 6: JayEm82 ($266.49 in chips)
ben2098: posts small blind $1
JayEm82: posts big blind $3
*** HOLE CARDS ***
ben2098: folds
Uncalled bet ($2) returned to JayEm82
JayEm82 collected $2 from pot
JayEm82: doesn't show hand
*** SUMMARY ***
Total pot $2 | Rake $0
Seat 3: ben2098 (button) (small blind) folded before Flop
Seat 6: JayEm82 (big blind) collected ($2)


PokerStars Hand #150111867415:  Hold'em Limit ($3/$6 USD) - 2016/03/09 20:23:36 ET
Table 'Ningxia' 6-max Seat #6 is the button
Seat 2: zetje187 ($233.47 in chips)
Seat 6: JayEm82 ($252.77 in chips)
JayEm82: posts small blind $1
zetje187: posts big blind $3
*** HOLE CARDS ***
JayEm82: folds
Uncalled bet ($2) returned to zetje187
zetje187 collected $2 from pot
zetje187: doesn't show hand
*** SUMMARY ***
Total pot $2 | Rake $0
Seat 2: zetje187 (big blind) collected ($2)
Seat 6: JayEm82 (button) (small blind) folded before Flop


PokerStars Hand #150111861951:  Hold'em Limit ($3/$6 USD) - 2016/03/09 20:23:24 ET
Table 'Ningxia' 6-max Seat #2 is the button
Seat 2: zetje187 ($234.47 in chips)
Seat 6: JayEm82 ($251.77 in chips)
zetje187: posts small blind $1
JayEm82: posts big blind $3
*** HOLE CARDS ***
zetje187: folds
Uncalled bet ($2) returned to JayEm82
JayEm82 collected $2 from pot
JayEm82: doesn't show hand
*** SUMMARY ***
Total pot $2 | Rake $0
Seat 2: zetje187 (button) (small blind) folded before Flop
Seat 6: JayEm82 (big blind) collected ($2)


PokerStars Hand #150111875027:  Hold'em Limit ($3/$6 USD) - 2016/03/09 20:23:52 ET
Table 'Ningxia' 6-max Seat #6 is the button
Seat 2: zetje187 ($225.47 in chips)
Seat 6: JayEm82 ($260.41 in chips)
JayEm82: posts small blind $1
zetje187: posts big blind $3
*** HOLE CARDS ***
JayEm82 said, "agree"
Rmk1500 joins the table at seat #1
JayEm82: folds
Uncalled bet ($2) returned to zetje187
zetje187 collected $2 from pot
zetje187: doesn't show hand
*** SUMMARY ***
Total pot $2 | Rake $0
Seat 2: zetje187 (big blind) collected ($2)
Seat 6: JayEm82 (button) (small blind) folded before Flop


PokerStars Hand #150111883402:  Hold'em Limit ($3/$6 USD) - 2016/03/09 20:24:09 ET
Table 'Ningxia' 6-max Seat #2 is the button
Seat 2: zetje187 ($226.47 in chips)
Seat 6: JayEm82 ($259.41 in chips)
zetje187: posts small blind $1
JayEm82: posts big blind $3
*** HOLE CARDS ***
zetje187: folds
Uncalled bet ($2) returned to JayEm82
JayEm82 collected $2 from pot
JayEm82: doesn't show hand
igmade is disconnected
*** SUMMARY ***
Total pot $2 | Rake $0
Seat 2: zetje187 (button) (small blind) folded before Flop
Seat 6: JayEm82 (big blind) collected ($2)


PokerStars Hand #150111869418:  Hold'em Limit ($3/$6 USD) - 2016/03/09 20:23:40 ET
Table 'Ningxia' 6-max Seat #2 is the button
Seat 2: zetje187 ($234.47 in chips)
Seat 6: JayEm82 ($251.77 in chips)
zetje187: posts small blind $1
JayEm82: posts big blind $3
*** HOLE CARDS ***
zetje187: raises $3 to $6
JayEm82: calls $3
*** FLOP *** [5s Jd Kc]
JayEm82: checks
zetje187: bets $3
JayEm82: raises $3 to $6
ben2098 said, "one should propose to write anything into the chats before playing on this limits"
zetje187: folds
Uncalled bet ($3) returned to JayEm82
JayEm82 collected $17.64 from pot
JayEm82: doesn't show hand
*** SUMMARY ***
Total pot $18 | Rake $0.36
Board [5s Jd Kc]
Seat 2: zetje187 (button) (small blind) folded on the Flop
Seat 6: JayEm82 (big blind) collected ($17.64)


PokerStars Hand #150112957224:  Hold'em Limit ($3/$6 USD) - 2016/03/09 21:04:37 ET
Table 'Ningxia' 6-max Seat #6 is the button
Seat 4: Rmk1500 ($66.39 in chips)
Seat 6: JayEm82 ($453.82 in chips)
JayEm82: posts small blind $1
0214for-life: is sitting out
Rmk1500: posts big blind $3
*** HOLE CARDS ***
JayEm82: raises $3 to $6
Rmk1500: calls $3
*** FLOP *** [4s Jd Kd]
Rmk1500: checks
JayEm82: bets $3
Rmk1500: raises $3 to $6
JayEm82: folds
Uncalled bet ($3) returned to Rmk1500
Rmk1500 collected $17.64 from pot
*** SUMMARY ***
Total pot $18 | Rake $0.36
Board [4s Jd Kd]
Seat 4: Rmk1500 (big blind) collected ($17.64)
Seat 6: JayEm82 (button) (small blind) folded on the Flop


PokerStars Hand #150112963738:  Hold'em Limit ($3/$6 USD) - 2016/03/09 21:04:53 ET
Table 'Ningxia' 6-max Seat #6 is the button
Seat 4: Rmk1500 ($78.03 in chips)
Seat 6: JayEm82 ($441.82 in chips)
JayEm82: posts small blind $1
Rmk1500: posts big blind $3
*** HOLE CARDS ***
JayEm82: folds
Uncalled bet ($2) returned to Rmk1500
Rmk1500 collected $2 from pot
*** SUMMARY ***
Total pot $2 | Rake $0
Seat 4: Rmk1500 (big blind) collected ($2)
Seat 6: JayEm82 (button) (small blind) folded before Flop


PokerStars Hand #150112961856:  Hold'em Limit ($3/$6 USD) - 2016/03/09 21:04:48 ET
Table 'Ningxia' 6-max Seat #4 is the button
Seat 4: Rmk1500 ($75.03 in chips)
Seat 6: JayEm82 ($444.82 in chips)
Rmk1500: posts small blind $1
JayEm82: posts big blind $3
*** HOLE CARDS ***
Rmk1500: raises $3 to $6
JayEm82: folds
Uncalled bet ($3) returned to Rmk1500
Rmk1500 collected $6 from pot
*** SUMMARY ***
Total pot $6 | Rake $0
Seat 4: Rmk1500 (button) (small blind) collected ($6)
Seat 6: JayEm82 (big blind) folded before Flop


PokerStars Hand #150112968865:  Hold'em Limit ($3/$6 USD) - 2016/03/09 21:05:03 ET
Table 'Ningxia' 6-max Seat #6 is the button
Seat 4: Rmk1500 ($78.03 in chips)
Seat 6: JayEm82 ($441.82 in chips)
JayEm82: posts small blind $1
Rmk1500: posts big blind $3
*** HOLE CARDS ***
JayEm82: raises $3 to $6
Rmk1500: calls $3
*** FLOP *** [Ad 3c 4d]
Rmk1500: checks
JayEm82: checks
*** TURN *** [Ad 3c 4d] [6s]
Rmk1500: bets $6
JayEm82: calls $6
*** RIVER *** [Ad 3c 4d 6s] [Qs]
Rmk1500: checks
JayEm82: checks
*** SHOW DOWN ***
Rmk1500: shows [2d Qd] (a pair of Queens)
JayEm82: mucks hand
Rmk1500 collected $23.52 from pot
*** SUMMARY ***
Total pot $24 | Rake $0.48
Board [Ad 3c 4d 6s Qs]
Seat 4: Rmk1500 (big blind) showed [2d Qd] and won ($23.52) with a pair of Queens
Seat 6: JayEm82 (button) (small blind) mucked


PokerStars Hand #150112965590:  Hold'em Limit ($3/$6 USD) - 2016/03/09 21:04:57 ET
Table 'Ningxia' 6-max Seat #4 is the button
Seat 4: Rmk1500 ($79.03 in chips)
Seat 6: JayEm82 ($440.82 in chips)
Rmk1500: posts small blind $1
JayEm82: posts big blind $3
*** HOLE CARDS ***
Rmk1500: folds
Uncalled bet ($2) returned to JayEm82
JayEm82 collected $2 from pot
JayEm82: doesn't show hand
*** SUMMARY ***
Total pot $2 | Rake $0
Seat 4: Rmk1500 (button) (small blind) folded before Flop
Seat 6: JayEm82 (big blind) collected ($2)


PokerStars Hand #150112980370:  Hold'em Limit ($3/$6 USD) - 2016/03/09 21:05:30 ET
Table 'Ningxia' 6-max Seat #4 is the button
Seat 4: Rmk1500 ($89.55 in chips)
Seat 6: JayEm82 ($429.82 in chips)
Rmk1500: posts small blind $1
JayEm82: posts big blind $3
*** HOLE CARDS ***
Rmk1500: raises $3 to $6
JayEm82: calls $3
*** FLOP *** [Qs Jd 5c]
JayEm82: checks
Rmk1500: bets $3
JayEm82: calls $3
*** TURN *** [Qs Jd 5c] [Tc]
JayEm82: checks
Rmk1500: bets $6
JayEm82: raises $6 to $12
Rmk1500: calls $6
*** RIVER *** [Qs Jd 5c Tc] [2s]
JayEm82: bets $6
Rmk1500: calls $6
*** SHOW DOWN ***
JayEm82: shows [Ks Ac] (a straight, Ten to Ace)
Rmk1500: mucks hand
JayEm82 collected $53.50 from pot
*** SUMMARY ***
Total pot $54 | Rake $0.50
Board [Qs Jd 5c Tc 2s]
Seat 4: Rmk1500 (button) (small blind) mucked
Seat 6: JayEm82 (big blind) showed [Ks Ac] and won ($53.50) with a straight, Ten to Ace


PokerStars Hand #150113421651:  Hold'em Limit ($3/$6 USD) - 2016/03/09 21:22:40 ET
Table 'Ningxia' 6-max Seat #6 is the button
Seat 4: Rmk1500 ($119.43 in chips)
Seat 6: JayEm82 ($454.65 in chips)
JayEm82: posts small blind $1
Rmk1500: posts big blind $3
*** HOLE CARDS ***
JayEm82: folds
Uncalled bet ($2) returned to Rmk1500
Rmk1500 collected $2 from pot
*** SUMMARY ***
Total pot $2 | Rake $0
Seat 4: Rmk1500 (big blind) collected ($2)
Seat 6: JayEm82 (button) (small blind) folded before Flop


PokerStars Hand #150113419634:  Hold'em Limit ($3/$6 USD) - 2016/03/09 21:22:36 ET
Table 'Ningxia' 6-max Seat #4 is the button
Seat 4: Rmk1500 ($120.43 in chips)
Seat 6: JayEm82 ($453.65 in chips)
Rmk1500: posts small blind $1
JayEm82: posts big blind $3
*** HOLE CARDS ***
Rmk1500: folds
Uncalled bet ($2) returned to JayEm82
JayEm82 collected $2 from pot
JayEm82: doesn't show hand
*** SUMMARY ***
Total pot $2 | Rake $0
Seat 4: Rmk1500 (button) (small blind) folded before Flop
Seat 6: JayEm82 (big blind) collected ($2)


PokerStars Hand #150113414419:  Hold'em Limit ($3/$6 USD) - 2016/03/09 21:22:23 ET
Table 'Ningxia' 6-max Seat #6 is the button
Seat 4: Rmk1500 ($129.43 in chips)
Seat 6: JayEm82 ($445.01 in chips)
JayEm82: posts small blind $1
Rmk1500: posts big blind $3
*** HOLE CARDS ***
JayEm82: raises $3 to $6
Rmk1500: calls $3
*** FLOP *** [8s 7h 9c]
Rmk1500: checks
JayEm82: bets $3
Rmk1500: calls $3
*** TURN *** [8s 7h 9c] [Td]
hvegten leaves the table
Rmk1500: checks
JayEm82: bets $6
Rmk1500: folds
Uncalled bet ($6) returned to JayEm82
JayEm82 collected $17.64 from pot
JayEm82: doesn't show hand
*** SUMMARY ***
Total pot $18 | Rake $0.36
Board [8s 7h 9c Td]
Seat 4: Rmk1500 (big blind) folded on the Turn
Seat 6: JayEm82 (button) (small blind) collected ($17.64)


PokerStars Hand #150113432802:  Hold'em Limit ($3/$6 USD) - 2016/03/09 21:23:07 ET
Table 'Ningxia' 6-max Seat #4 is the button
Seat 4: Rmk1500 ($101.43 in chips)
Seat 6: JayEm82 ($472.15 in chips)
Rmk1500: posts small blind $1
JayEm82: posts big blind $3
*** HOLE CARDS ***
Rmk1500: raises $3 to $6
JayEm82: folds
Uncalled bet ($3) returned to Rmk1500
Rmk1500 collected $6 from pot
*** SUMMARY ***
Total pot $6 | Rake $0
Seat 4: Rmk1500 (button) (small blind) collected ($6)
Seat 6: JayEm82 (big blind) folded before Flop


PokerStars Hand #150113425110:  Hold'em Limit ($3/$6 USD) - 2016/03/09 21:22:49 ET
Table 'Ningxia' 6-max Seat #6 is the button
Seat 4: Rmk1500 ($119.43 in chips)
Seat 6: JayEm82 ($454.65 in chips)
JayEm82: posts small blind $1
Rmk1500: posts big blind $3
*** HOLE CARDS ***
JayEm82: raises $3 to $6
Rmk1500: calls $3
*** FLOP *** [4s Qh 4c]
Rmk1500: checks
JayEm82: checks
*** TURN *** [4s Qh 4c] [2s]
Rmk1500: bets $6
JayEm82: calls $6
*** RIVER *** [4s Qh 4c 2s] [As]
Rmk1500: checks
JayEm82: bets $6
Rmk1500: calls $6
*** SHOW DOWN ***
JayEm82: shows [Qc 6c] (two pair, Queens and Fours)
Rmk1500: mucks hand
JayEm82 collected $35.50 from pot
*** SUMMARY ***
Total pot $36 | Rake $0.50
Board [4s Qh 4c 2s As]
Seat 4: Rmk1500 (big blind) mucked
Seat 6: JayEm82 (button) (small blind) showed [Qc 6c] and won ($35.50) with two pair, Queens and Fours


PokerStars Hand #150113435343:  Hold'em Limit ($3/$6 USD) - 2016/03/09 21:23:13 ET
Table 'Ningxia' 6-max Seat #6 is the button
Seat 4: Rmk1500 ($104.43 in chips)
Seat 6: JayEm82 ($469.15 in chips)
JayEm82: posts small blind $1
Rmk1500: posts big blind $3
*** HOLE CARDS ***
JayEm82: raises $3 to $6
Rmk1500: calls $3
*** FLOP *** [Th 6h Qs]
Rmk1500: checks
JayEm82: bets $3
Rmk1500: folds
Uncalled bet ($3) returned to JayEm82
JayEm82 collected $11.76 from pot
JayEm82: doesn't show hand
*** SUMMARY ***
Total pot $12 | Rake $0.24
Board [Th 6h Qs]
Seat 4: Rmk1500 (big blind) folded on the Flop
Seat 6: JayEm82 (button) (small blind) collected ($11.76)


PokerStars Hand #150113439697:  Hold'em Limit ($3/$6 USD) - 2016/03/09 21:23:24 ET
Table 'Ningxia' 6-max Seat #4 is the button
Seat 4: Rmk1500 ($98.43 in chips)
Seat 6: JayEm82 ($474.91 in chips)
Rmk1500: posts small blind $1
JayEm82: posts big blind $3
*** HOLE CARDS ***
Rmk1500: raises $3 to $6
JayEm82: calls $3
*** FLOP *** [7h Th 4s]
JayEm82: checks
Rmk1500: bets $3
JayEm82: raises $3 to $6
Rmk1500: calls $3
*** TURN *** [7h Th 4s] [5c]
JayEm82: bets $6
Rmk1500: folds
Uncalled bet ($6) returned to JayEm82
JayEm82 collected $23.52 from pot
JayEm82: doesn't show hand
*** SUMMARY ***
Total pot $24 | Rake $0.48
Board [7h Th 4s 5c]
Seat 4: Rmk1500 (button) (small blind) folded on the Turn
Seat 6: JayEm82 (big blind) collected ($23.52)


PokerStars Hand #150113423275:  Hold'em Limit ($3/$6 USD) - 2016/03/09 21:22:44 ET
Table 'Ningxia' 6-max Seat #4 is the button
Seat 4: Rmk1500 ($120.43 in chips)
Seat 6: JayEm82 ($453.65 in chips)
Rmk1500: posts small blind $1
JayEm82: posts big blind $3
*** HOLE CARDS ***
Rmk1500: folds
Uncalled bet ($2) returned to JayEm82
JayEm82 collected $2 from pot
JayEm82: doesn't show hand
*** SUMMARY ***
Total pot $2 | Rake $0
Seat 4: Rmk1500 (button) (small blind) folded before Flop
Seat 6: JayEm82 (big blind) collected ($2)


PokerStars Hand #150113454531:  Hold'em Limit ($3/$6 USD) - 2016/03/09 21:24:00 ET
Table 'Ningxia' 6-max Seat #6 is the button
Seat 4: Rmk1500 ($103.93 in chips)
Seat 6: JayEm82 ($468.19 in chips)
JayEm82: posts small blind $1
Rmk1500: posts big blind $3
*** HOLE CARDS ***
JayEm82: folds
Uncalled bet ($2) returned to Rmk1500
Rmk1500 collected $2 from pot
*** SUMMARY ***
Total pot $2 | Rake $0
Seat 4: Rmk1500 (big blind) collected ($2)
Seat 6: JayEm82 (button) (small blind) folded before Flop


PokerStars Hand #150113449282:  Hold'em Limit ($3/$6 USD) - 2016/03/09 21:23:47 ET
Table 'Ningxia' 6-max Seat #4 is the button
Seat 4: Rmk1500 ($80.43 in chips)
Seat 6: JayEm82 ($492.19 in chips)
Rmk1500: posts small blind $1
JayEm82: posts big blind $3
*** HOLE CARDS ***
Rmk1500: raises $3 to $6
JayEm82: calls $3
*** FLOP *** [7s 5s 4d]
JayEm82: checks
Rmk1500: bets $3
JayEm82: raises $3 to $6
Rmk1500: calls $3
*** TURN *** [7s 5s 4d] [9d]
JayEm82: bets $6
Rmk1500: calls $6
*** RIVER *** [7s 5s 4d 9d] [Tc]
JayEm82: bets $6
Rmk1500: calls $6
*** SHOW DOWN ***
JayEm82: shows [6s 6d] (a pair of Sixes)
Rmk1500: shows [Kh 7h] (a pair of Sevens)
Rmk1500 collected $47.50 from pot
*** SUMMARY ***
Total pot $48 | Rake $0.50
Board [7s 5s 4d 9d Tc]
Seat 4: Rmk1500 (button) (small blind) showed [Kh 7h] and won ($47.50) with a pair of Sevens
Seat 6: JayEm82 (big blind) showed [6s 6d] and lost with a pair of Sixes


PokerStars Hand #150113458298:  Hold'em Limit ($3/$6 USD) - 2016/03/09 21:24:09 ET
Table 'Ningxia' 6-max Seat #6 is the button
Seat 4: Rmk1500 ($103.93 in chips)
Seat 6: JayEm82 ($468.19 in chips)
JayEm82: posts small blind $1
Rmk1500: posts big blind $3
*** HOLE CARDS ***
JayEm82: raises $3 to $6
Rmk1500: folds
Uncalled bet ($3) returned to JayEm82
JayEm82 collected $6 from pot
JayEm82: doesn't show hand
*** SUMMARY ***
Total pot $6 | Rake $0
Seat 4: Rmk1500 (big blind) folded before Flop
Seat 6: JayEm82 (button) (small blind) collected ($6)


PokerStars Hand #150113456308:  Hold'em Limit ($3/$6 USD) - 2016/03/09 21:24:04 ET
Table 'Ningxia' 6-max Seat #4 is the button
Seat 4: Rmk1500 ($104.93 in chips)
Seat 6: JayEm82 ($467.19 in chips)
Rmk1500: posts small blind $1
JayEm82: posts big blind $3
*** HOLE CARDS ***
Rmk1500: folds
Uncalled bet ($2) returned to JayEm82
JayEm82 collected $2 from pot
JayEm82: doesn't show hand
*** SUMMARY ***
Total pot $2 | Rake $0
Seat 4: Rmk1500 (button) (small blind) folded before Flop
Seat 6: JayEm82 (big blind) collected ($2)


PokerStars Hand #150113460906:  Hold'em Limit ($3/$6 USD) - 2016/03/09 21:24:15 ET
Table 'Ningxia' 6-max Seat #4 is the button
Seat 4: Rmk1500 ($100.93 in chips)
Seat 6: JayEm82 ($471.19 in chips)
Rmk1500: posts small blind $1
JayEm82: posts big blind $3
*** HOLE CARDS ***
Rmk1500: raises $3 to $6
JayEm82: raises $3 to $9
Rmk1500: calls $3
*** FLOP *** [Td Ad Tc]
JayEm82: bets $3
Rmk1500: folds
Uncalled bet ($3) returned to JayEm82
JayEm82 collected $17.64 from pot
JayEm82: doesn't show hand
*** SUMMARY ***
Total pot $18 | Rake $0.36
Board [Td Ad Tc]
Seat 4: Rmk1500 (button) (small blind) folded on the Flop
Seat 6: JayEm82 (big blind) collected ($17.64)


PokerStars Hand #150113464898:  Hold'em Limit ($3/$6 USD) - 2016/03/09 21:24:25 ET
Table 'Ningxia' 6-max Seat #6 is the button
Seat 4: Rmk1500 ($91.93 in chips)
Seat 6: JayEm82 ($479.83 in chips)
JayEm82: posts small blind $1
Rmk1500: posts big blind $3
*** HOLE CARDS ***
JayEm82: raises $3 to $6
Rmk1500: folds
Uncalled bet ($3) returned to JayEm82
JayEm82 collected $6 from pot
JayEm82: doesn't show hand
*** SUMMARY ***
Total pot $6 | Rake $0
Seat 4: Rmk1500 (big blind) folded before Flop
Seat 6: JayEm82 (button) (small blind) collected ($6)


PokerStars Hand #150113445724:  Hold'em Limit ($3/$6 USD) - 2016/03/09 21:23:38 ET
Table 'Ningxia' 6-max Seat #6 is the button
Seat 4: Rmk1500 ($86.43 in chips)
Seat 6: JayEm82 ($486.43 in chips)
JayEm82: posts small blind $1
Rmk1500: posts big blind $3
*** HOLE CARDS ***
JayEm82: raises $3 to $6
Rmk1500: calls $3
*** FLOP *** [6c Jd 2s]
Rmk1500: checks
JayEm82: bets $3
Rmk1500: folds
Uncalled bet ($3) returned to JayEm82
JayEm82 collected $11.76 from pot
JayEm82: doesn't show hand
*** SUMMARY ***
Total pot $12 | Rake $0.24
Board [6c Jd 2s]
Seat 4: Rmk1500 (big blind) folded on the Flop
Seat 6: JayEm82 (button) (small blind) collected ($11.76)


PokerStars Hand #150113467193:  Hold'em Limit ($3/$6 USD) - 2016/03/09 21:24:30 ET
Table 'Ningxia' 6-max Seat #4 is the button
Seat 4: Rmk1500 ($88.93 in chips)
Seat 6: JayEm82 ($482.83 in chips)
Rmk1500: posts small blind $1
JayEm82: posts big blind $3
*** HOLE CARDS ***
Rmk1500: raises $3 to $6
JayEm82: calls $3
*** FLOP *** [6s Kc 8d]
JayEm82: checks
Rmk1500: bets $3
JayEm82: raises $3 to $6
Rmk1500: calls $3
*** TURN *** [6s Kc 8d] [7d]
JayEm82: checks
Rmk1500: bets $6
JayEm82: calls $6
*** RIVER *** [6s Kc 8d 7d] [5h]
JayEm82: checks
Rmk1500: checks
*** SHOW DOWN ***
JayEm82: shows [As Jc] (high card Ace)
Rmk1500: shows [Kd Ad] (a pair of Kings)
Rmk1500 collected $35.50 from pot
*** SUMMARY ***
Total pot $36 | Rake $0.50
Board [6s Kc 8d 7d 5h]
Seat 4: Rmk1500 (button) (small blind) showed [Kd Ad] and won ($35.50) with a pair of Kings
Seat 6: JayEm82 (big blind) showed [As Jc] and lost with high card Ace


PokerStars Hand #150113476813:  Hold'em Limit ($3/$6 USD) - 2016/03/09 21:24:54 ET
Table 'Ningxia' 6-max Seat #6 is the button
Seat 4: Rmk1500 ($106.43 in chips)
Seat 6: JayEm82 ($464.83 in chips)
JayEm82: posts small blind $1
Rmk1500: posts big blind $3
*** HOLE CARDS ***
JayEm82: raises $3 to $6
Rmk1500: calls $3
*** FLOP *** [2s 6h 3c]
Rmk1500: checks
JayEm82: bets $3
Rmk1500: calls $3
*** TURN *** [2s 6h 3c] [6s]
Rmk1500: checks
JayEm82: checks
*** RIVER *** [2s 6h 3c 6s] [As]
Rmk1500: checks
JayEm82: checks
*** SHOW DOWN ***
Rmk1500: shows [Td Qs] (a pair of Sixes)
JayEm82: mucks hand
Rmk1500 collected $17.64 from pot
*** SUMMARY ***
Total pot $18 | Rake $0.36
Board [2s 6h 3c 6s As]
Seat 4: Rmk1500 (big blind) showed [Td Qs] and won ($17.64) with a pair of Sixes
Seat 6: JayEm82 (button) (small blind) mucked


PokerStars Hand #150113485295:  Hold'em Limit ($3/$6 USD) - 2016/03/09 21:25:14 ET
Table 'Ningxia' 6-max Seat #4 is the button
Seat 4: Rmk1500 ($115.07 in chips)
Seat 6: JayEm82 ($455.83 in chips)
Rmk1500: posts small blind $1
JayEm82: posts big blind $3
*** HOLE CARDS ***
Rmk1500: folds
Uncalled bet ($2) returned to JayEm82
JayEm82 collected $2 from pot
JayEm82: doesn't show hand
*** SUMMARY ***
Total pot $2 | Rake $0
Seat 4: Rmk1500 (button) (small blind) folded before Flop
Seat 6: JayEm82 (big blind) collected ($2)


PokerStars Hand #150113487359:  Hold'em Limit ($3/$6 USD) - 2016/03/09 21:25:19 ET
Table 'Ningxia' 6-max Seat #6 is the button
Seat 4: Rmk1500 ($114.07 in chips)
Seat 6: JayEm82 ($456.83 in chips)
JayEm82: posts small blind $1
Rmk1500: posts big blind $3
*** HOLE CARDS ***
JayEm82: raises $3 to $6
Rmk1500: calls $3
*** FLOP *** [9d Ks 2d]
Rmk1500: checks
JayEm82: bets $3
Rmk1500: calls $3
*** TURN *** [9d Ks 2d] [5c]
Rmk1500: checks
JayEm82: bets $6
Rmk1500: folds
Uncalled bet ($6) returned to JayEm82
JayEm82 collected $17.64 from pot
JayEm82: doesn't show hand
*** SUMMARY ***
Total pot $18 | Rake $0.36
Board [9d Ks 2d 5c]
Seat 4: Rmk1500 (big blind) folded on the Turn
Seat 6: JayEm82 (button) (small blind) collected ($17.64)


PokerStars Hand #150113499347:  Hold'em Limit ($3/$6 USD) - 2016/03/09 21:25:48 ET
Table 'Ningxia' 6-max Seat #6 is the button
Seat 4: Rmk1500 ($119.57 in chips)
Seat 6: JayEm82 ($450.47 in chips)
JayEm82: posts small blind $1
Rmk1500: posts big blind $3
*** HOLE CARDS ***
JayEm82: raises $3 to $6
Rmk1500: raises $3 to $9
JayEm82: calls $3
*** FLOP *** [Ts Jh 4h]
Rmk1500: bets $3
JayEm82: raises $3 to $6
Rmk1500: calls $3
*** TURN *** [Ts Jh 4h] [6s]
Rmk1500: checks
JayEm82: bets $6
Rmk1500: calls $6
*** RIVER *** [Ts Jh 4h 6s] [5d]
Rmk1500: checks
JayEm82: bets $6
Rmk1500: calls $6
*** SHOW DOWN ***
JayEm82: shows [8s 8d] (a pair of Eights)
Rmk1500: mucks hand
JayEm82 collected $53.50 from pot
*** SUMMARY ***
Total pot $54 | Rake $0.50
Board [Ts Jh 4h 6s 5d]
Seat 4: Rmk1500 (big blind) mucked
Seat 6: JayEm82 (button) (small blind) showed [8s 8d] and won ($53.50) with a pair of Eights


PokerStars Hand #150113507213:  Hold'em Limit ($3/$6 USD) - 2016/03/09 21:26:07 ET
Table 'Ningxia' 6-max Seat #4 is the button
Seat 4: Rmk1500 ($92.57 in chips)
Seat 6: JayEm82 ($476.97 in chips)
Rmk1500: posts small blind $1
JayEm82: posts big blind $3
*** HOLE CARDS ***
Rmk1500: raises $3 to $6
JayEm82: calls $3
*** FLOP *** [7d Ah 3s]
JayEm82: checks
Rmk1500: bets $3
JayEm82: raises $3 to $6
Rmk1500: calls $3
*** TURN *** [7d Ah 3s] [Jd]
JayEm82: checks
Rmk1500: bets $6
JayEm82: raises $6 to $12
Rmk1500: calls $6
*** RIVER *** [7d Ah 3s Jd] [5d]
JayEm82: bets $6
Rmk1500: calls $6
*** SHOW DOWN ***
JayEm82: shows [Js 7s] (two pair, Jacks and Sevens)
Rmk1500: mucks hand
JayEm82 collected $59.50 from pot
*** SUMMARY ***
Total pot $60 | Rake $0.50
Board [7d Ah 3s Jd 5d]
Seat 4: Rmk1500 (button) (small blind) mucked
Seat 6: JayEm82 (big blind) showed [Js 7s] and won ($59.50) with two pair, Jacks and Sevens


PokerStars Hand #150113516753:  Hold'em Limit ($3/$6 USD) - 2016/03/09 21:26:30 ET
Table 'Ningxia' 6-max Seat #4 is the button
Seat 4: Rmk1500 ($63.57 in chips)
Seat 6: JayEm82 ($505.47 in chips)
Rmk1500: posts small blind $1
JayEm82: posts big blind $3
*** HOLE CARDS ***
Rmk1500: folds
Uncalled bet ($2) returned to JayEm82
JayEm82 collected $2 from pot
JayEm82: doesn't show hand
*** SUMMARY ***
Total pot $2 | Rake $0
Seat 4: Rmk1500 (button) (small blind) folded before Flop
Seat 6: JayEm82 (big blind) collected ($2)


PokerStars Hand #150113515032:  Hold'em Limit ($3/$6 USD) - 2016/03/09 21:26:26 ET
Table 'Ningxia' 6-max Seat #6 is the button
Seat 4: Rmk1500 ($62.57 in chips)
Seat 6: JayEm82 ($506.47 in chips)
JayEm82: posts small blind $1
Rmk1500: posts big blind $3
*** HOLE CARDS ***
JayEm82: folds
Uncalled bet ($2) returned to Rmk1500
Rmk1500 collected $2 from pot
*** SUMMARY ***
Total pot $2 | Rake $0
Seat 4: Rmk1500 (big blind) collected ($2)
Seat 6: JayEm82 (button) (small blind) folded before Flop


PokerStars Hand #150113493089:  Hold'em Limit ($3/$6 USD) - 2016/03/09 21:25:33 ET
Table 'Ningxia' 6-max Seat #4 is the button
Seat 4: Rmk1500 ($105.07 in chips)
Seat 6: JayEm82 ($465.47 in chips)
Rmk1500: posts small blind $1
JayEm82: posts big blind $3
*** HOLE CARDS ***
Rmk1500: raises $3 to $6
JayEm82: calls $3
*** FLOP *** [4c 4h 2h]
JayEm82: checks
Rmk1500: bets $3
JayEm82: calls $3
*** TURN *** [4c 4h 2h] [3s]
JayEm82: checks
Rmk1500: checks
*** RIVER *** [4c 4h 2h 3s] [9s]
JayEm82: bets $6
Rmk1500: calls $6
*** SHOW DOWN ***
JayEm82: shows [7h Td] (a pair of Fours)
Rmk1500: shows [Ks 8c] (a pair of Fours - King kicker)
Rmk1500 collected $29.50 from pot
*** SUMMARY ***
Total pot $30 | Rake $0.50
Board [4c 4h 2h 3s 9s]
Seat 4: Rmk1500 (button) (small blind) showed [Ks 8c] and won ($29.50) with a pair of Fours
Seat 6: JayEm82 (big blind) showed [7h Td] and lost with a pair of Fours


PokerStars Hand #150113518929:  Hold'em Limit ($3/$6 USD) - 2016/03/09 21:26:36 ET
Table 'Ningxia' 6-max Seat #6 is the button
Seat 4: Rmk1500 ($62.57 in chips)
Seat 6: JayEm82 ($506.47 in chips)
JayEm82: posts small blind $1
Rmk1500: posts big blind $3
*** HOLE CARDS ***
JayEm82: raises $3 to $6
Rmk1500: calls $3
*** FLOP *** [9d 2c 5h]
Rmk1500: checks
JayEm82: bets $3
Rmk1500: calls $3
*** TURN *** [9d 2c 5h] [Qc]
Rmk1500: checks
JayEm82: checks
*** RIVER *** [9d 2c 5h Qc] [Ac]
Rmk1500: checks
JayEm82: checks
*** SHOW DOWN ***
Rmk1500: shows [Th 9c] (a pair of Nines)
JayEm82: mucks hand
Rmk1500 collected $17.64 from pot
*** SUMMARY ***
Total pot $18 | Rake $0.36
Board [9d 2c 5h Qc Ac]
Seat 4: Rmk1500 (big blind) showed [Th 9c] and won ($17.64) with a pair of Nines
Seat 6: JayEm82 (button) (small blind) mucked


PokerStars Hand #150113527724:  Hold'em Limit ($3/$6 USD) - 2016/03/09 21:26:57 ET
Table 'Ningxia' 6-max Seat #4 is the button
Seat 4: Rmk1500 ($71.21 in chips)
Seat 6: JayEm82 ($497.47 in chips)
Rmk1500: posts small blind $1
JayEm82: posts big blind $3
*** HOLE CARDS ***
Rmk1500: raises $3 to $6
JayEm82: calls $3
*** FLOP *** [Tc 8d Qh]
JayEm82: checks
Rmk1500: bets $3
JayEm82: raises $3 to $6
Rmk1500: calls $3
*** TURN *** [Tc 8d Qh] [Js]
JayEm82: bets $6
Rmk1500: calls $6
*** RIVER *** [Tc 8d Qh Js] [Jc]
JayEm82: bets $6
Rmk1500: folds
Uncalled bet ($6) returned to JayEm82
JayEm82 collected $35.50 from pot
JayEm82: doesn't show hand
*** SUMMARY ***
Total pot $36 | Rake $0.50
Board [Tc 8d Qh Js Jc]
Seat 4: Rmk1500 (button) (small blind) folded on the River
Seat 6: JayEm82 (big blind) collected ($35.50)


PokerStars Hand #150113537742:  Hold'em Limit ($3/$6 USD) - 2016/03/09 21:27:21 ET
Table 'Ningxia' 6-max Seat #4 is the button
Seat 4: Rmk1500 ($50.21 in chips)
Seat 6: JayEm82 ($517.97 in chips)
Rmk1500: posts small blind $1
JayEm82: posts big blind $3
*** HOLE CARDS ***
Rmk1500: raises $3 to $6
JayEm82: folds
Uncalled bet ($3) returned to Rmk1500
Rmk1500 collected $6 from pot
*** SUMMARY ***
Total pot $6 | Rake $0
Seat 4: Rmk1500 (button) (small blind) collected ($6)
Seat 6: JayEm82 (big blind) folded before Flop


PokerStars Hand #150113535647:  Hold'em Limit ($3/$6 USD) - 2016/03/09 21:27:16 ET
Table 'Ningxia' 6-max Seat #6 is the button
Seat 4: Rmk1500 ($53.21 in chips)
Seat 6: JayEm82 ($514.97 in chips)
JayEm82: posts small blind $1
Rmk1500: posts big blind $3
*** HOLE CARDS ***
JayEm82: raises $3 to $6
Rmk1500: folds
Uncalled bet ($3) returned to JayEm82
JayEm82 collected $6 from pot
JayEm82: doesn't show hand
*** SUMMARY ***
Total pot $6 | Rake $0
Seat 4: Rmk1500 (big blind) folded before Flop
Seat 6: JayEm82 (button) (small blind) collected ($6)


PokerStars Hand #150113541746:  Hold'em Limit ($3/$6 USD) - 2016/03/09 21:27:31 ET
Table 'Ningxia' 6-max Seat #4 is the button
Seat 4: Rmk1500 ($50.21 in chips)
Seat 6: JayEm82 ($517.97 in chips)
Rmk1500: posts small blind $1
JayEm82: posts big blind $3
*** HOLE CARDS ***
Rmk1500: folds
Uncalled bet ($2) returned to JayEm82
JayEm82 collected $2 from pot
JayEm82: doesn't show hand
*** SUMMARY ***
Total pot $2 | Rake $0
Seat 4: Rmk1500 (button) (small blind) folded before Flop
Seat 6: JayEm82 (big blind) collected ($2)


PokerStars Hand #150113539672:  Hold'em Limit ($3/$6 USD) - 2016/03/09 21:27:26 ET
Table 'Ningxia' 6-max Seat #6 is the button
Seat 4: Rmk1500 ($53.21 in chips)
Seat 6: JayEm82 ($514.97 in chips)
JayEm82: posts small blind $1
Rmk1500: posts big blind $3
*** HOLE CARDS ***
JayEm82: raises $3 to $6
Rmk1500: folds
Uncalled bet ($3) returned to JayEm82
JayEm82 collected $6 from pot
JayEm82: doesn't show hand
*** SUMMARY ***
Total pot $6 | Rake $0
Seat 4: Rmk1500 (big blind) folded before Flop
Seat 6: JayEm82 (button) (small blind) collected ($6)


PokerStars Hand #150113562276:  Hold'em Limit ($3/$6 USD) - 2016/03/09 21:28:21 ET
Table 'Ningxia' 6-max Seat #4 is the button
Seat 4: Rmk1500 ($36.21 in chips)
Seat 6: JayEm82 ($531.61 in chips)
Rmk1500: posts small blind $1
JayEm82: posts big blind $3
*** HOLE CARDS ***
Rmk1500: folds
Uncalled bet ($2) returned to JayEm82
JayEm82 collected $2 from pot
JayEm82: doesn't show hand
*** SUMMARY ***
Total pot $2 | Rake $0
Seat 4: Rmk1500 (button) (small blind) folded before Flop
Seat 6: JayEm82 (big blind) collected ($2)


PokerStars Hand #150113559137:  Hold'em Limit ($3/$6 USD) - 2016/03/09 21:28:13 ET
Table 'Ningxia' 6-max Seat #6 is the button
Seat 4: Rmk1500 ($39.21 in chips)
Seat 6: JayEm82 ($528.61 in chips)
JayEm82: posts small blind $1
Rmk1500: posts big blind $3
*** HOLE CARDS ***
JayEm82: raises $3 to $6
Rmk1500: folds
Uncalled bet ($3) returned to JayEm82
JayEm82 collected $6 from pot
JayEm82: doesn't show hand
*** SUMMARY ***
Total pot $6 | Rake $0
Seat 4: Rmk1500 (big blind) folded before Flop
Seat 6: JayEm82 (button) (small blind) collected ($6)


PokerStars Hand #150113564160:  Hold'em Limit ($3/$6 USD) - 2016/03/09 21:28:26 ET
Table 'Ningxia' 6-max Seat #6 is the button
Seat 4: Rmk1500 ($35.21 in chips)
Seat 6: JayEm82 ($532.61 in chips)
JayEm82: posts small blind $1
Rmk1500: posts big blind $3
*** HOLE CARDS ***
JayEm82: raises $3 to $6
Rmk1500: folds
Uncalled bet ($3) returned to JayEm82
JayEm82 collected $6 from pot
JayEm82: doesn't show hand
*** SUMMARY ***
Total pot $6 | Rake $0
Seat 4: Rmk1500 (big blind) folded before Flop
Seat 6: JayEm82 (button) (small blind) collected ($6)


PokerStars Hand #150113566329:  Hold'em Limit ($3/$6 USD) - 2016/03/09 21:28:31 ET
Table 'Ningxia' 6-max Seat #4 is the button
Seat 4: Rmk1500 ($32.21 in chips)
Seat 6: JayEm82 ($535.61 in chips)
Rmk1500: posts small blind $1
JayEm82: posts big blind $3
*** HOLE CARDS ***
Rmk1500: raises $3 to $6
JayEm82: folds
Uncalled bet ($3) returned to Rmk1500
Rmk1500 collected $6 from pot
*** SUMMARY ***
Total pot $6 | Rake $0
Seat 4: Rmk1500 (button) (small blind) collected ($6)
Seat 6: JayEm82 (big blind) folded before Flop


PokerStars Hand #150113555392:  Hold'em Limit ($3/$6 USD) - 2016/03/09 21:28:04 ET
Table 'Ningxia' 6-max Seat #4 is the button
Seat 4: Rmk1500 ($40.21 in chips)
Seat 6: JayEm82 ($527.61 in chips)
Rmk1500: posts small blind $1
JayEm82: posts big blind $3
*** HOLE CARDS ***
Rmk1500: folds
Uncalled bet ($2) returned to JayEm82
JayEm82 collected $2 from pot
JayEm82: doesn't show hand
*** SUMMARY ***
Total pot $2 | Rake $0
Seat 4: Rmk1500 (button) (small blind) folded before Flop
Seat 6: JayEm82 (big blind) collected ($2)


PokerStars Hand #150113543885:  Hold'em Limit ($3/$6 USD) - 2016/03/09 21:27:36 ET
Table 'Ningxia' 6-max Seat #6 is the button
Seat 4: Rmk1500 ($49.21 in chips)
Seat 6: JayEm82 ($518.97 in chips)
JayEm82: posts small blind $1
Rmk1500: posts big blind $3
*** HOLE CARDS ***
JayEm82: raises $3 to $6
Rmk1500: calls $3
*** FLOP *** [7h 7d Kd]
Rmk1500: checks
JayEm82: bets $3
Rmk1500: calls $3
*** TURN *** [7h 7d Kd] [Qd]
Rmk1500: checks
JayEm82: checks
*** RIVER *** [7h 7d Kd Qd] [Jd]
Rmk1500: checks
JayEm82: bets $6
Rmk1500: folds
Uncalled bet ($6) returned to JayEm82
JayEm82 collected $17.64 from pot
JayEm82: doesn't show hand
*** SUMMARY ***
Total pot $18 | Rake $0.36
Board [7h 7d Kd Qd Jd]
Seat 4: Rmk1500 (big blind) folded on the River
Seat 6: JayEm82 (button) (small blind) collected ($17.64)


PokerStars Hand #150113568835:  Hold'em Limit ($3/$6 USD) - 2016/03/09 21:28:37 ET
Table 'Ningxia' 6-max Seat #6 is the button
Seat 4: Rmk1500 ($35.21 in chips)
Seat 6: JayEm82 ($532.61 in chips)
JayEm82: posts small blind $1
Rmk1500: posts big blind $3
*** HOLE CARDS ***
JayEm82: raises $3 to $6
Rmk1500: calls $3
*** FLOP *** [9d Tc 6c]
Rmk1500: checks
JayEm82: bets $3
Rmk1500: raises $3 to $6
JayEm82: calls $3
*** TURN *** [9d Tc 6c] [5d]
Rmk1500: bets $6
JayEm82: raises $6 to $12
Rmk1500: calls $6
*** RIVER *** [9d Tc 6c 5d] [Jd]
Rmk1500: checks
JayEm82: bets $6
Rmk1500: raises $5.21 to $11.21 and is all-in
JayEm82: calls $5.21
*** SHOW DOWN ***
Rmk1500: shows [Td 6d] (a flush, Jack high)
JayEm82: shows [5c Jc] (two pair, Jacks and Fives)
Rmk1500 collected $69.92 from pot
*** SUMMARY ***
Total pot $70.42 | Rake $0.50
Board [9d Tc 6c 5d Jd]
Seat 4: Rmk1500 (big blind) showed [Td 6d] and won ($69.92) with a flush, Jack high
Seat 6: JayEm82 (button) (small blind) showed [5c Jc] and lost with two pair, Jacks and Fives


PokerStars Hand #150113587211:  Hold'em Limit ($3/$6 USD) - 2016/03/09 21:29:22 ET
Table 'Ningxia' 6-max Seat #6 is the button
Seat 4: Rmk1500 ($60.92 in chips)
Seat 6: JayEm82 ($506.04 in chips)
JayEm82: posts small blind $1
Rmk1500: posts big blind $3
*** HOLE CARDS ***
JayEm82: folds
Uncalled bet ($2) returned to Rmk1500
Rmk1500 collected $2 from pot
*** SUMMARY ***
Total pot $2 | Rake $0
Seat 4: Rmk1500 (big blind) collected ($2)
Seat 6: JayEm82 (button) (small blind) folded before Flop


PokerStars Hand #150113582879:  Hold'em Limit ($3/$6 USD) - 2016/03/09 21:29:11 ET
Table 'Ningxia' 6-max Seat #4 is the button
Seat 4: Rmk1500 ($69.92 in chips)
Seat 6: JayEm82 ($497.40 in chips)
Rmk1500: posts small blind $1
JayEm82: posts big blind $3
*** HOLE CARDS ***
Rmk1500: raises $3 to $6
JayEm82: raises $3 to $9
Rmk1500: calls $3
*** FLOP *** [5c 6s Ac]
JayEm82: bets $3
Rmk1500: folds
Uncalled bet ($3) returned to JayEm82
JayEm82 collected $17.64 from pot
JayEm82: doesn't show hand
*** SUMMARY ***
Total pot $18 | Rake $0.36
Board [5c 6s Ac]
Seat 4: Rmk1500 (button) (small blind) folded on the Flop
Seat 6: JayEm82 (big blind) collected ($17.64)


PokerStars Hand #150113588974:  Hold'em Limit ($3/$6 USD) - 2016/03/09 21:29:27 ET
Table 'Ningxia' 6-max Seat #4 is the button
Seat 4: Rmk1500 ($61.92 in chips)
Seat 6: JayEm82 ($505.04 in chips)
Rmk1500: posts small blind $1
JayEm82: posts big blind $3
*** HOLE CARDS ***
Rmk1500: raises $3 to $6
JayEm82: calls $3
*** FLOP *** [8c 5d 7c]
JayEm82: checks
Rmk1500: checks
*** TURN *** [8c 5d 7c] [5s]
JayEm82: bets $6
Rmk1500: folds
Uncalled bet ($6) returned to JayEm82
JayEm82 collected $11.76 from pot
JayEm82: doesn't show hand
*** SUMMARY ***
Total pot $12 | Rake $0.24
Board [8c 5d 7c 5s]
Seat 4: Rmk1500 (button) (small blind) folded on the Turn
Seat 6: JayEm82 (big blind) collected ($11.76)


PokerStars Hand #150113601965:  Hold'em Limit ($3/$6 USD) - 2016/03/09 21:29:59 ET
Table 'Ningxia' 6-max Seat #4 is the button
Seat 4: Rmk1500 ($34.92 in chips)
Seat 6: JayEm82 ($531.30 in chips)
Rmk1500: posts small blind $1
JayEm82: posts big blind $3
*** HOLE CARDS ***
Rmk1500: folds
Uncalled bet ($2) returned to JayEm82
JayEm82 collected $2 from pot
JayEm82: doesn't show hand
*** SUMMARY ***
Total pot $2 | Rake $0
Seat 4: Rmk1500 (button) (small blind) folded before Flop
Seat 6: JayEm82 (big blind) collected ($2)


PokerStars Hand #150113595179:  Hold'em Limit ($3/$6 USD) - 2016/03/09 21:29:42 ET
Table 'Ningxia' 6-max Seat #6 is the button
Seat 4: Rmk1500 ($55.92 in chips)
Seat 6: JayEm82 ($510.80 in chips)
JayEm82: posts small blind $1
Rmk1500: posts big blind $3
*** HOLE CARDS ***
JayEm82: raises $3 to $6
Rmk1500: calls $3
*** FLOP *** [Kc 8s Ts]
Rmk1500: checks
JayEm82: bets $3
Rmk1500: calls $3
*** TURN *** [Kc 8s Ts] [3s]
Rmk1500: checks
JayEm82: bets $6
Rmk1500: calls $6
*** RIVER *** [Kc 8s Ts 3s] [Qd]
Rmk1500: checks
JayEm82: bets $6
Rmk1500: calls $6
*** SHOW DOWN ***
JayEm82: shows [Kh Jh] (a pair of Kings)
Rmk1500: mucks hand
JayEm82 collected $41.50 from pot
*** SUMMARY ***
Total pot $42 | Rake $0.50
Board [Kc 8s Ts 3s Qd]
Seat 4: Rmk1500 (big blind) mucked
Seat 6: JayEm82 (button) (small blind) showed [Kh Jh] and won ($41.50) with a pair of Kings


PokerStars Hand #150113604017:  Hold'em Limit ($3/$6 USD) - 2016/03/09 21:30:04 ET
Table 'Ningxia' 6-max Seat #6 is the button
Seat 4: Rmk1500 ($33.92 in chips)
Seat 6: JayEm82 ($532.30 in chips)
JayEm82: posts small blind $1
Rmk1500: posts big blind $3
*** HOLE CARDS ***
JayEm82: folds
Uncalled bet ($2) returned to Rmk1500
Rmk1500 collected $2 from pot
*** SUMMARY ***
Total pot $2 | Rake $0
Seat 4: Rmk1500 (big blind) collected ($2)
Seat 6: JayEm82 (button) (small blind) folded before Flop


PokerStars Hand #150113605625:  Hold'em Limit ($3/$6 USD) - 2016/03/09 21:30:08 ET
Table 'Ningxia' 6-max Seat #4 is the button
Seat 4: Rmk1500 ($34.92 in chips)
Seat 6: JayEm82 ($531.30 in chips)
Rmk1500: posts small blind $1
JayEm82: posts big blind $3
*** HOLE CARDS ***
Rmk1500: raises $3 to $6
JayEm82: calls $3
*** FLOP *** [6c 2d Th]
JayEm82: bets $3
Rmk1500: calls $3
*** TURN *** [6c 2d Th] [4s]
JayEm82: bets $6
Rmk1500: calls $6
*** RIVER *** [6c 2d Th 4s] [9d]
JayEm82: bets $6
Rmk1500: raises $6 to $12
JayEm82: folds
Uncalled bet ($6) returned to Rmk1500
Rmk1500 collected $41.50 from pot
*** SUMMARY ***
Total pot $42 | Rake $0.50
Board [6c 2d Th 4s 9d]
Seat 4: Rmk1500 (button) (small blind) collected ($41.50)
Seat 6: JayEm82 (big blind) folded on the River


PokerStars Hand #150113612564:  Hold'em Limit ($3/$6 USD) - 2016/03/09 21:30:25 ET
Table 'Ningxia' 6-max Seat #6 is the button
Seat 4: Rmk1500 ($55.42 in chips)
Seat 6: JayEm82 ($510.30 in chips)
JayEm82: posts small blind $1
Rmk1500: posts big blind $3
*** HOLE CARDS ***
JayEm82: folds
Uncalled bet ($2) returned to Rmk1500
Rmk1500 collected $2 from pot
*** SUMMARY ***
Total pot $2 | Rake $0
Seat 4: Rmk1500 (big blind) collected ($2)
Seat 6: JayEm82 (button) (small blind) folded before Flop


PokerStars Hand #150113619920:  Hold'em Limit ($3/$6 USD) - 2016/03/09 21:30:42 ET
Table 'Ningxia' 6-max Seat #6 is the button
Seat 4: Rmk1500 ($79.92 in chips)
Seat 6: JayEm82 ($485.30 in chips)
JayEm82: posts small blind $1
Rmk1500: posts big blind $3
*** HOLE CARDS ***
JayEm82: folds
Uncalled bet ($2) returned to Rmk1500
Rmk1500 collected $2 from pot
*** SUMMARY ***
Total pot $2 | Rake $0
Seat 4: Rmk1500 (big blind) collected ($2)
Seat 6: JayEm82 (button) (small blind) folded before Flop


PokerStars Hand #150113614258:  Hold'em Limit ($3/$6 USD) - 2016/03/09 21:30:29 ET
Table 'Ningxia' 6-max Seat #4 is the button
Seat 4: Rmk1500 ($56.42 in chips)
Seat 6: JayEm82 ($509.30 in chips)
Rmk1500: posts small blind $1
JayEm82: posts big blind $3
*** HOLE CARDS ***
Rmk1500: raises $3 to $6
JayEm82: raises $3 to $9
Rmk1500: calls $3
*** FLOP *** [4c 7s 8c]
JayEm82: bets $3
Rmk1500: calls $3
*** TURN *** [4c 7s 8c] [Ad]
JayEm82: bets $6
Rmk1500: calls $6
*** RIVER *** [4c 7s 8c Ad] [Ac]
JayEm82: bets $6
Rmk1500: calls $6
*** SHOW DOWN ***
JayEm82: shows [6s Qh] (a pair of Aces)
Rmk1500: shows [Ks 7h] (two pair, Aces and Sevens)
Rmk1500 collected $47.50 from pot
*** SUMMARY ***
Total pot $48 | Rake $0.50
Board [4c 7s 8c Ad Ac]
Seat 4: Rmk1500 (button) (small blind) showed [Ks 7h] and won ($47.50) with two pair, Aces and Sevens
Seat 6: JayEm82 (big blind) showed [6s Qh] and lost with a pair of Aces


PokerStars Hand #150113643505:  Hold'em Limit ($3/$6 USD) - 2016/03/09 21:31:41 ET
Table 'Ningxia' 6-max Seat #6 is the button
Seat 4: Rmk1500 ($94.42 in chips)
Seat 6: JayEm82 ($469.56 in chips)
JayEm82: posts small blind $1
Rmk1500: posts big blind $3
*** HOLE CARDS ***
JayEm82: folds
Uncalled bet ($2) returned to Rmk1500
Rmk1500 collected $2 from pot
*** SUMMARY ***
Total pot $2 | Rake $0
Seat 4: Rmk1500 (big blind) collected ($2)
Seat 6: JayEm82 (button) (small blind) folded before Flop


PokerStars Hand #150113641614:  Hold'em Limit ($3/$6 USD) - 2016/03/09 21:31:36 ET
Table 'Ningxia' 6-max Seat #4 is the button
Seat 4: Rmk1500 ($91.42 in chips)
Seat 6: JayEm82 ($472.56 in chips)
Rmk1500: posts small blind $1
JayEm82: posts big blind $3
*** HOLE CARDS ***
Rmk1500: raises $3 to $6
JayEm82: folds
Uncalled bet ($3) returned to Rmk1500
Rmk1500 collected $6 from pot
*** SUMMARY ***
Total pot $6 | Rake $0
Seat 4: Rmk1500 (button) (small blind) collected ($6)
Seat 6: JayEm82 (big blind) folded before Flop


PokerStars Hand #150113627504:  Hold'em Limit ($3/$6 USD) - 2016/03/09 21:31:01 ET
Table 'Ningxia' 6-max Seat #6 is the button
Seat 4: Rmk1500 ($65.92 in chips)
Seat 6: JayEm82 ($498.80 in chips)
JayEm82: posts small blind $1
Rmk1500: posts big blind $3
*** HOLE CARDS ***
JayEm82: folds
Uncalled bet ($2) returned to Rmk1500
Rmk1500 collected $2 from pot
*** SUMMARY ***
Total pot $2 | Rake $0
Seat 4: Rmk1500 (big blind) collected ($2)
Seat 6: JayEm82 (button) (small blind) folded before Flop


PokerStars Hand #150113621508:  Hold'em Limit ($3/$6 USD) - 2016/03/09 21:30:46 ET
Table 'Ningxia' 6-max Seat #4 is the button
Seat 4: Rmk1500 ($80.92 in chips)
Seat 6: JayEm82 ($484.30 in chips)
Rmk1500: posts small blind $1
JayEm82: posts big blind $3
*** HOLE CARDS ***
Rmk1500: raises $3 to $6
JayEm82: calls $3
*** FLOP *** [7h 6c 3s]
JayEm82: checks
Rmk1500: bets $3
JayEm82: calls $3
*** TURN *** [7h 6c 3s] [Ts]
JayEm82: checks
Rmk1500: checks
*** RIVER *** [7h 6c 3s Ts] [4d]
JayEm82: bets $6
Rmk1500: calls $6
*** SHOW DOWN ***
JayEm82: shows [Td Js] (a pair of Tens)
Rmk1500: mucks hand
JayEm82 collected $29.50 from pot
*** SUMMARY ***
Total pot $30 | Rake $0.50
Board [7h 6c 3s Ts 4d]
Seat 4: Rmk1500 (button) (small blind) mucked
Seat 6: JayEm82 (big blind) showed [Td Js] and won ($29.50) with a pair of Tens


PokerStars Hand #150113631033:  Hold'em Limit ($3/$6 USD) - 2016/03/09 21:31:10 ET
Table 'Ningxia' 6-max Seat #6 is the button
Seat 4: Rmk1500 ($69.92 in chips)
Seat 6: JayEm82 ($494.80 in chips)
JayEm82: posts small blind $1
Rmk1500: posts big blind $3
*** HOLE CARDS ***
JayEm82: folds
Uncalled bet ($2) returned to Rmk1500
Rmk1500 collected $2 from pot
*** SUMMARY ***
Total pot $2 | Rake $0
Seat 4: Rmk1500 (big blind) collected ($2)
Seat 6: JayEm82 (button) (small blind) folded before Flop


PokerStars Hand #150113629181:  Hold'em Limit ($3/$6 USD) - 2016/03/09 21:31:05 ET
Table 'Ningxia' 6-max Seat #4 is the button
Seat 4: Rmk1500 ($66.92 in chips)
Seat 6: JayEm82 ($497.80 in chips)
Rmk1500: posts small blind $1
JayEm82: posts big blind $3
*** HOLE CARDS ***
Rmk1500: raises $3 to $6
JayEm82: folds
Uncalled bet ($3) returned to Rmk1500
Rmk1500 collected $6 from pot
*** SUMMARY ***
Total pot $6 | Rake $0
Seat 4: Rmk1500 (button) (small blind) collected ($6)
Seat 6: JayEm82 (big blind) folded before Flop


PokerStars Hand #150113638194:  Hold'em Limit ($3/$6 USD) - 2016/03/09 21:31:28 ET
Table 'Ningxia' 6-max Seat #6 is the button
Seat 4: Rmk1500 ($97.42 in chips)
Seat 6: JayEm82 ($466.80 in chips)
JayEm82: posts small blind $1
Rmk1500: posts big blind $3
*** HOLE CARDS ***
JayEm82: raises $3 to $6
Rmk1500: calls $3
*** FLOP *** [5d Ad 8h]
Rmk1500: checks
JayEm82: bets $3
Rmk1500: folds
Uncalled bet ($3) returned to JayEm82
JayEm82 collected $11.76 from pot
JayEm82: doesn't show hand
*** SUMMARY ***
Total pot $12 | Rake $0.24
Board [5d Ad 8h]
Seat 4: Rmk1500 (big blind) folded on the Flop
Seat 6: JayEm82 (button) (small blind) collected ($11.76)


PokerStars Hand #150113632717:  Hold'em Limit ($3/$6 USD) - 2016/03/09 21:31:14 ET
Table 'Ningxia' 6-max Seat #4 is the button
Seat 4: Rmk1500 ($70.92 in chips)
Seat 6: JayEm82 ($493.80 in chips)
Rmk1500: posts small blind $1
JayEm82: posts big blind $3
*** HOLE CARDS ***
Rmk1500: raises $3 to $6
JayEm82: calls $3
*** FLOP *** [Ad Ah 3h]
JayEm82: checks
Rmk1500: bets $3
JayEm82: calls $3
*** TURN *** [Ad Ah 3h] [Jc]
JayEm82: bets $6
Rmk1500: raises $6 to $12
JayEm82: calls $6
*** RIVER *** [Ad Ah 3h Jc] [Kh]
JayEm82: checks
Rmk1500: bets $6
JayEm82: calls $6
*** SHOW DOWN ***
Rmk1500: shows [9d Ac] (three of a kind, Aces)
JayEm82: mucks hand
Rmk1500 collected $53.50 from pot
*** SUMMARY ***
Total pot $54 | Rake $0.50
Board [Ad Ah 3h Jc Kh]
Seat 4: Rmk1500 (button) (small blind) showed [9d Ac] and won ($53.50) with three of a kind, Aces
Seat 6: JayEm82 (big blind) mucked


PokerStars Hand #150113647001:  Hold'em Limit ($3/$6 USD) - 2016/03/09 21:31:50 ET
Table 'Ningxia' 6-max Seat #6 is the button
Seat 4: Rmk1500 ($94.42 in chips)
Seat 6: JayEm82 ($469.56 in chips)
JayEm82: posts small blind $1
Rmk1500: posts big blind $3
*** HOLE CARDS ***
JayEm82: folds
Uncalled bet ($2) returned to Rmk1500
Rmk1500 collected $2 from pot
*** SUMMARY ***
Total pot $2 | Rake $0
Seat 4: Rmk1500 (big blind) collected ($2)
Seat 6: JayEm82 (button) (small blind) folded before Flop


PokerStars Hand #150113645130:  Hold'em Limit ($3/$6 USD) - 2016/03/09 21:31:45 ET
Table 'Ningxia' 6-max Seat #4 is the button
Seat 4: Rmk1500 ($95.42 in chips)
Seat 6: JayEm82 ($468.56 in chips)
Rmk1500: posts small blind $1
JayEm82: posts big blind $3
*** HOLE CARDS ***
Rmk1500: folds
Uncalled bet ($2) returned to JayEm82
JayEm82 collected $2 from pot
JayEm82: doesn't show hand
*** SUMMARY ***
Total pot $2 | Rake $0
Seat 4: Rmk1500 (button) (small blind) folded before Flop
Seat 6: JayEm82 (big blind) collected ($2)


PokerStars Hand #150113650969:  Hold'em Limit ($3/$6 USD) - 2016/03/09 21:31:59 ET
Table 'Ningxia' 6-max Seat #6 is the button
Seat 4: Rmk1500 ($94.42 in chips)
Seat 6: JayEm82 ($469.56 in chips)
JayEm82: posts small blind $1
Rmk1500: posts big blind $3
*** HOLE CARDS ***
JayEm82: folds
Uncalled bet ($2) returned to Rmk1500
Rmk1500 collected $2 from pot
*** SUMMARY ***
Total pot $2 | Rake $0
Seat 4: Rmk1500 (big blind) collected ($2)
Seat 6: JayEm82 (button) (small blind) folded before Flop


PokerStars Hand #150113648615:  Hold'em Limit ($3/$6 USD) - 2016/03/09 21:31:54 ET
Table 'Ningxia' 6-max Seat #4 is the button
Seat 4: Rmk1500 ($95.42 in chips)
Seat 6: JayEm82 ($468.56 in chips)
Rmk1500: posts small blind $1
JayEm82: posts big blind $3
*** HOLE CARDS ***
Rmk1500: folds
Uncalled bet ($2) returned to JayEm82
JayEm82 collected $2 from pot
JayEm82: doesn't show hand
*** SUMMARY ***
Total pot $2 | Rake $0
Seat 4: Rmk1500 (button) (small blind) folded before Flop
Seat 6: JayEm82 (big blind) collected ($2)


PokerStars Hand #150113652811:  Hold'em Limit ($3/$6 USD) - 2016/03/09 21:32:04 ET
Table 'Ningxia' 6-max Seat #4 is the button
Seat 4: Rmk1500 ($95.42 in chips)
Seat 6: JayEm82 ($468.56 in chips)
Rmk1500: posts small blind $1
JayEm82: posts big blind $3
*** HOLE CARDS ***
Rmk1500: raises $3 to $6
JayEm82: calls $3
*** FLOP *** [3h 2c 6c]
JayEm82: checks
Rmk1500: bets $3
JayEm82: calls $3
*** TURN *** [3h 2c 6c] [9c]
JayEm82: bets $6
Rmk1500: calls $6
*** RIVER *** [3h 2c 6c 9c] [2s]
JayEm82: bets $6
Rmk1500: calls $6
*** SHOW DOWN ***
JayEm82: shows [Td 8c] (a pair of Deuces)
Rmk1500: shows [Ks 6s] (two pair, Sixes and Deuces)
Rmk1500 collected $41.50 from pot
*** SUMMARY ***
Total pot $42 | Rake $0.50
Board [3h 2c 6c 9c 2s]
Seat 4: Rmk1500 (button) (small blind) showed [Ks 6s] and won ($41.50) with two pair, Sixes and Deuces
Seat 6: JayEm82 (big blind) showed [Td 8c] and lost with a pair of Deuces


PokerStars Hand #150113663135:  Hold'em Limit ($3/$6 USD) - 2016/03/09 21:32:29 ET
Table 'Ningxia' 6-max Seat #4 is the button
Seat 4: Rmk1500 ($130.42 in chips)
Seat 6: JayEm82 ($432.56 in chips)
Rmk1500: posts small blind $1
JayEm82: posts big blind $3
*** HOLE CARDS ***
Rmk1500: folds
Uncalled bet ($2) returned to JayEm82
JayEm82 collected $2 from pot
JayEm82: doesn't show hand
*** SUMMARY ***
Total pot $2 | Rake $0
Seat 4: Rmk1500 (button) (small blind) folded before Flop
Seat 6: JayEm82 (big blind) collected ($2)


PokerStars Hand #150113658369:  Hold'em Limit ($3/$6 USD) - 2016/03/09 21:32:18 ET
Table 'Ningxia' 6-max Seat #6 is the button
Seat 4: Rmk1500 ($115.92 in chips)
Seat 6: JayEm82 ($447.56 in chips)
JayEm82: posts small blind $1
Rmk1500: posts big blind $3
*** HOLE CARDS ***
JayEm82: raises $3 to $6
Rmk1500: calls $3
*** FLOP *** [9h Jh Kc]
Rmk1500: checks
JayEm82: bets $3
Rmk1500: calls $3
*** TURN *** [9h Jh Kc] [Kh]
Rmk1500: checks
JayEm82: checks
*** RIVER *** [9h Jh Kc Kh] [8c]
Rmk1500: bets $6
JayEm82: calls $6
*** SHOW DOWN ***
Rmk1500: shows [5h Js] (two pair, Kings and Jacks)
JayEm82: mucks hand
Rmk1500 collected $29.50 from pot
*** SUMMARY ***
Total pot $30 | Rake $0.50
Board [9h Jh Kc Kh 8c]
Seat 4: Rmk1500 (big blind) showed [5h Js] and won ($29.50) with two pair, Kings and Jacks
Seat 6: JayEm82 (button) (small blind) mucked


PokerStars Hand #150113665106:  Hold'em Limit ($3/$6 USD) - 2016/03/09 21:32:34 ET
Table 'Ningxia' 6-max Seat #6 is the button
Seat 4: Rmk1500 ($129.42 in chips)
Seat 6: JayEm82 ($433.56 in chips)
JayEm82: posts small blind $1
Rmk1500: posts big blind $3
*** HOLE CARDS ***
JayEm82: raises $3 to $6
Rmk1500: calls $3
*** FLOP *** [7c Tc 8d]
Rmk1500: checks
JayEm82: bets $3
Rmk1500: calls $3
*** TURN *** [7c Tc 8d] [8s]
Rmk1500: checks
JayEm82: bets $6
Rmk1500: calls $6
*** RIVER *** [7c Tc 8d 8s] [7d]
Rmk1500: bets $6
JayEm82: folds
Uncalled bet ($6) returned to Rmk1500
Rmk1500 collected $29.50 from pot
*** SUMMARY ***
Total pot $30 | Rake $0.50
Board [7c Tc 8d 8s 7d]
Seat 4: Rmk1500 (big blind) collected ($29.50)
Seat 6: JayEm82 (button) (small blind) folded on the River


PokerStars Hand #150113671432:  Hold'em Limit ($3/$6 USD) - 2016/03/09 21:32:50 ET
Table 'Ningxia' 6-max Seat #4 is the button
Seat 4: Rmk1500 ($143.92 in chips)
Seat 6: JayEm82 ($418.56 in chips)
Rmk1500: posts small blind $1
JayEm82: posts big blind $3
*** HOLE CARDS ***
Rmk1500: raises $3 to $6
JayEm82: raises $3 to $9
Rmk1500: calls $3
*** FLOP *** [7s Jh Tc]
JayEm82: bets $3
Rmk1500: calls $3
*** TURN *** [7s Jh Tc] [Qc]
JayEm82: checks
Rmk1500: checks
*** RIVER *** [7s Jh Tc Qc] [Ad]
JayEm82: bets $6
Rmk1500: calls $6
*** SHOW DOWN ***
JayEm82: shows [5c 6d] (high card Ace)
Rmk1500: shows [9d Ac] (a pair of Aces)
Rmk1500 collected $35.50 from pot
*** SUMMARY ***
Total pot $36 | Rake $0.50
Board [7s Jh Tc Qc Ad]
Seat 4: Rmk1500 (button) (small blind) showed [9d Ac] and won ($35.50) with a pair of Aces
Seat 6: JayEm82 (big blind) showed [5c 6d] and lost with high card Ace


PokerStars Hand #150113676532:  Hold'em Limit ($3/$6 USD) - 2016/03/09 21:33:03 ET
Table 'Ningxia' 6-max Seat #6 is the button
Seat 4: Rmk1500 ($161.42 in chips)
Seat 6: JayEm82 ($400.56 in chips)
JayEm82: posts small blind $1
Rmk1500: posts big blind $3
*** HOLE CARDS ***
JayEm82: raises $3 to $6
Rmk1500: calls $3
*** FLOP *** [3h 2d 2s]
Rmk1500: checks
JayEm82: bets $3
Rmk1500: calls $3
*** TURN *** [3h 2d 2s] [8d]
Rmk1500: checks
JayEm82: bets $6
Rmk1500: folds
Uncalled bet ($6) returned to JayEm82
JayEm82 collected $17.64 from pot
JayEm82: doesn't show hand
*** SUMMARY ***
Total pot $18 | Rake $0.36
Board [3h 2d 2s 8d]
Seat 4: Rmk1500 (big blind) folded on the Turn
Seat 6: JayEm82 (button) (small blind) collected ($17.64)


PokerStars Hand #150113681288:  Hold'em Limit ($3/$6 USD) - 2016/03/09 21:33:15 ET
Table 'Ningxia' 6-max Seat #4 is the button
Seat 4: Rmk1500 ($152.42 in chips)
Seat 6: JayEm82 ($409.20 in chips)
Rmk1500: posts small blind $1
JayEm82: posts big blind $3
*** HOLE CARDS ***
Rmk1500: raises $3 to $6
viviangle joins the table at seat #2
JayEm82: folds
Uncalled bet ($3) returned to Rmk1500
Rmk1500 collected $6 from pot
*** SUMMARY ***
Total pot $6 | Rake $0
Seat 4: Rmk1500 (button) (small blind) collected ($6)
Seat 6: JayEm82 (big blind) folded before Flop


