PokerStars Hand #151117814916:  Hold'em Limit ($3/$6 USD) - 2016/03/29 11:43:40 ET
Table 'Nininger' 6-max Seat #4 is the button
Seat 4: Agrotait ($72 in chips)
Seat 5: dokaten ($120 in chips)
Agrotait: posts small blind $1
dokaten: posts big blind $3
*** HOLE CARDS ***
Agrotait: raises $3 to $6
dokaten: folds
Uncalled bet ($3) returned to Agrotait
Agrotait collected $6 from pot
Agrotait: doesn't show hand
*** SUMMARY ***
Total pot $6 | Rake $0
Seat 4: Agrotait (button) (small blind) collected ($6)
Seat 5: dokaten (big blind) folded before Flop


PokerStars Hand #151117870293:  Hold'em Limit ($3/$6 USD) - 2016/03/29 11:44:54 ET
Table 'Nininger' 6-max Seat #5 is the button
Seat 4: Agrotait ($81.64 in chips)
Seat 5: dokaten ($109.76 in chips)
dokaten: posts small blind $1
Agrotait: posts big blind $3
*** HOLE CARDS ***
dokaten: folds
Uncalled bet ($2) returned to Agrotait
Agrotait collected $2 from pot
Agrotait: doesn't show hand
tangxueke joins the table at seat #6
*** SUMMARY ***
Total pot $2 | Rake $0
Seat 4: Agrotait (big blind) collected ($2)
Seat 5: dokaten (button) (small blind) folded before Flop


PokerStars Hand #151117841391:  Hold'em Limit ($3/$6 USD) - 2016/03/29 11:44:15 ET
Table 'Nininger' 6-max Seat #5 is the button
Seat 4: Agrotait ($79 in chips)
Seat 5: dokaten ($113 in chips)
dokaten: posts small blind $1
Agrotait: posts big blind $3
*** HOLE CARDS ***
dokaten: raises $3 to $6
Agrotait: calls $3
*** FLOP *** [2c Kd Th]
Agrotait: checks
dokaten: bets $3
Agrotait: folds
Uncalled bet ($3) returned to dokaten
dokaten collected $11.76 from pot
dokaten: doesn't show hand
*** SUMMARY ***
Total pot $12 | Rake $0.24
Board [2c Kd Th]
Seat 4: Agrotait (big blind) folded on the Flop
Seat 5: dokaten (button) (small blind) collected ($11.76)


PokerStars Hand #151117830717:  Hold'em Limit ($3/$6 USD) - 2016/03/29 11:44:01 ET
Table 'Nininger' 6-max Seat #5 is the button
Seat 4: Agrotait ($75 in chips)
Seat 5: dokaten ($117 in chips)
dokaten: posts small blind $1
Agrotait: posts big blind $3
*** HOLE CARDS ***
dokaten: folds
Uncalled bet ($2) returned to Agrotait
Agrotait collected $2 from pot
Agrotait: doesn't show hand
*** SUMMARY ***
Total pot $2 | Rake $0
Seat 4: Agrotait (big blind) collected ($2)
Seat 5: dokaten (button) (small blind) folded before Flop


PokerStars Hand #151117855013:  Hold'em Limit ($3/$6 USD) - 2016/03/29 11:44:33 ET
Table 'Nininger' 6-max Seat #4 is the button
Seat 4: Agrotait ($73 in chips)
Seat 5: dokaten ($118.76 in chips)
Agrotait: posts small blind $1
dokaten: posts big blind $3
*** HOLE CARDS ***
Agrotait: raises $3 to $6
dokaten: calls $3
*** FLOP *** [3h Js 9d]
dokaten: checks
Agrotait: bets $3
dokaten: calls $3
*** TURN *** [3h Js 9d] [5s]
dokaten: checks
Agrotait: bets $6
dokaten: folds
Uncalled bet ($6) returned to Agrotait
Agrotait collected $17.64 from pot
Agrotait: doesn't show hand
*** SUMMARY ***
Total pot $18 | Rake $0.36
Board [3h Js 9d 5s]
Seat 4: Agrotait (button) (small blind) collected ($17.64)
Seat 5: dokaten (big blind) folded on the Turn


PokerStars Hand #151117835177:  Hold'em Limit ($3/$6 USD) - 2016/03/29 11:44:07 ET
Table 'Nininger' 6-max Seat #4 is the button
Seat 4: Agrotait ($76 in chips)
Seat 5: dokaten ($116 in chips)
Agrotait: posts small blind $1
dokaten: posts big blind $3
*** HOLE CARDS ***
Agrotait: raises $3 to $6
dokaten: folds
Uncalled bet ($3) returned to Agrotait
Agrotait collected $6 from pot
Agrotait: doesn't show hand
*** SUMMARY ***
Total pot $6 | Rake $0
Seat 4: Agrotait (button) (small blind) collected ($6)
Seat 5: dokaten (big blind) folded before Flop


PokerStars Hand #151117874470:  Hold'em Limit ($3/$6 USD) - 2016/03/29 11:44:59 ET
Table 'Nininger' 6-max Seat #4 is the button
Seat 4: Agrotait ($82.64 in chips)
Seat 5: dokaten ($108.76 in chips)
Agrotait: posts small blind $1
dokaten: posts big blind $3
*** HOLE CARDS ***
Agrotait: folds
Uncalled bet ($2) returned to dokaten
dokaten collected $2 from pot
dokaten: doesn't show hand
*** SUMMARY ***
Total pot $2 | Rake $0
Seat 4: Agrotait (button) (small blind) folded before Flop
Seat 5: dokaten (big blind) collected ($2)


PokerStars Hand #151120026779:  Hold'em Limit ($3/$6 USD) - 2016/03/29 12:31:48 ET
Table 'Nininger' 6-max Seat #6 is the button
Seat 5: dokaten ($51.19 in chips)
Seat 6: tangxueke ($159.51 in chips)
tangxueke: posts small blind $1
dokaten: posts big blind $3
*** HOLE CARDS ***
tangxueke: folds
Uncalled bet ($2) returned to dokaten
dokaten collected $2 from pot
dokaten: doesn't show hand
*** SUMMARY ***
Total pot $2 | Rake $0
Seat 5: dokaten (big blind) collected ($2)
Seat 6: tangxueke (button) (small blind) folded before Flop


PokerStars Hand #151120005492:  Hold'em Limit ($3/$6 USD) - 2016/03/29 12:31:22 ET
Table 'Nininger' 6-max Seat #5 is the button
Seat 5: dokaten ($75.19 in chips)
Seat 6: tangxueke ($136.01 in chips)
dokaten: posts small blind $1
tangxueke: posts big blind $3
*** HOLE CARDS ***
dokaten: raises $3 to $6
tangxueke: calls $3
*** FLOP *** [2d 5d Kh]
tangxueke: checks
dokaten: bets $3
tangxueke: raises $3 to $6
dokaten: calls $3
*** TURN *** [2d 5d Kh] [Qs]
tangxueke: bets $6
dokaten: calls $6
*** RIVER *** [2d 5d Kh Qs] [8c]
tangxueke: checks
dokaten: bets $6
tangxueke: calls $6
*** SHOW DOWN ***
dokaten: shows [Th 5h] (a pair of Fives)
tangxueke: shows [Ks 7c] (a pair of Kings)
tangxueke collected $47.50 from pot
*** SUMMARY ***
Total pot $48 | Rake $0.50
Board [2d 5d Kh Qs 8c]
Seat 5: dokaten (button) (small blind) showed [Th 5h] and lost with a pair of Fives
Seat 6: tangxueke (big blind) showed [Ks 7c] and won ($47.50) with a pair of Kings


PokerStars Hand #151120000112:  Hold'em Limit ($3/$6 USD) - 2016/03/29 12:31:15 ET
Table 'Nininger' 6-max Seat #6 is the button
Seat 5: dokaten ($74.19 in chips)
Seat 6: tangxueke ($137.01 in chips)
tangxueke: posts small blind $1
72bestcard: is sitting out
dokaten: posts big blind $3
*** HOLE CARDS ***
72bestcard leaves the table
tangxueke: folds
Uncalled bet ($2) returned to dokaten
dokaten collected $2 from pot
dokaten: doesn't show hand
*** SUMMARY ***
Total pot $2 | Rake $0
Seat 5: dokaten (big blind) collected ($2)
Seat 6: tangxueke (button) (small blind) folded before Flop


