PokerStars Hand #171628880350:  Hold'em Limit ($3/$6 USD) - 2017/06/11 7:18:42 ET
Table 'Ninina' 6-max Seat #4 is the button
Seat 1: pyotrkay ($128.35 in chips)
Seat 4: VolkovDmitri ($120 in chips)
VolkovDmitri: posts small blind $1
pyotrkay: posts big blind $3
*** HOLE CARDS ***
VolkovDmitri: raises $3 to $6
pyotrkay: calls $3
*** FLOP *** [Jc Ks 9c]
pyotrkay: bets $3
VolkovDmitri: folds
Uncalled bet ($3) returned to pyotrkay
pyotrkay collected $11.76 from pot
*** SUMMARY ***
Total pot $12 | Rake $0.24
Board [Jc Ks 9c]
Seat 1: pyotrkay (big blind) collected ($11.76)
Seat 4: VolkovDmitri (button) (small blind) folded on the Flop


PokerStars Hand #171628866096:  Hold'em Limit ($3/$6 USD) - 2017/06/11 7:18:11 ET
Table 'Ninina' 6-max Seat #1 is the button
Seat 1: pyotrkay ($116.83 in chips)
Seat 4: VolkovDmitri ($120 in chips)
pyotrkay: posts small blind $1
VolkovDmitri: posts big blind $3
*** HOLE CARDS ***
pyotrkay: calls $2
VolkovDmitri: checks
*** FLOP *** [6h 9c 8s]
VolkovDmitri: bets $3
pyotrkay: calls $3
*** TURN *** [6h 9c 8s] [3c]
VolkovDmitri: bets $6
pyotrkay: calls $6
*** RIVER *** [6h 9c 8s 3c] [Ac]
VolkovDmitri: checks
pyotrkay: checks
*** SHOW DOWN ***
VolkovDmitri: shows [6c 2h] (a pair of Sixes)
pyotrkay: shows [9s Qc] (a pair of Nines)
pyotrkay collected $23.52 from pot
*** SUMMARY ***
Total pot $24 | Rake $0.48
Board [6h 9c 8s 3c Ac]
Seat 1: pyotrkay (button) (small blind) showed [9s Qc] and won ($23.52) with a pair of Nines
Seat 4: VolkovDmitri (big blind) showed [6c 2h] and lost with a pair of Sixes


PokerStars Hand #171629363221:  Hold'em Limit ($3/$6 USD) - 2017/06/11 7:35:49 ET
Table 'Ninina' 6-max Seat #3 is the button
Seat 3: acemoney1988 ($30.09 in chips)
Seat 4: VolkovDmitri ($120 in chips)
acemoney1988: posts small blind $1
VolkovDmitri: posts big blind $3
*** HOLE CARDS ***
acemoney1988: raises $3 to $6
VolkovDmitri: calls $3
*** FLOP *** [7c 6d 8c]
VolkovDmitri: checks
acemoney1988: checks
*** TURN *** [7c 6d 8c] [As]
VolkovDmitri: checks
acemoney1988: bets $6
VolkovDmitri: calls $6
*** RIVER *** [7c 6d 8c As] [9s]
VolkovDmitri: checks
acemoney1988: checks
*** SHOW DOWN ***
VolkovDmitri: shows [Jh 9d] (a pair of Nines)
acemoney1988: mucks hand
VolkovDmitri collected $23.52 from pot
*** SUMMARY ***
Total pot $24 | Rake $0.48
Board [7c 6d 8c As 9s]
Seat 3: acemoney1988 (button) (small blind) mucked
Seat 4: VolkovDmitri (big blind) showed [Jh 9d] and won ($23.52) with a pair of Nines


PokerStars Hand #171629395081:  Hold'em Limit ($3/$6 USD) - 2017/06/11 7:36:56 ET
Table 'Ninina' 6-max Seat #3 is the button
Seat 3: acemoney1988 ($12.09 in chips)
Seat 4: VolkovDmitri ($137.28 in chips)
acemoney1988: posts small blind $1
VolkovDmitri: posts big blind $3
*** HOLE CARDS ***
acemoney1988: folds
Uncalled bet ($2) returned to VolkovDmitri
VolkovDmitri collected $2 from pot
VolkovDmitri: doesn't show hand
*** SUMMARY ***
Total pot $2 | Rake $0
Seat 3: acemoney1988 (button) (small blind) folded before Flop
Seat 4: VolkovDmitri (big blind) collected ($2)


PokerStars Hand #171629386901:  Hold'em Limit ($3/$6 USD) - 2017/06/11 7:36:39 ET
Table 'Ninina' 6-max Seat #4 is the button
Seat 3: acemoney1988 ($18.09 in chips)
Seat 4: VolkovDmitri ($131.52 in chips)
VolkovDmitri: posts small blind $1
acemoney1988: posts big blind $3
*** HOLE CARDS ***
VolkovDmitri: raises $3 to $6
acemoney1988: calls $3
*** FLOP *** [8s Ah 9c]
acemoney1988: checks
VolkovDmitri: bets $3
acemoney1988: folds
Uncalled bet ($3) returned to VolkovDmitri
VolkovDmitri collected $11.76 from pot
VolkovDmitri: doesn't show hand
*** SUMMARY ***
Total pot $12 | Rake $0.24
Board [8s Ah 9c]
Seat 3: acemoney1988 (big blind) folded on the Flop
Seat 4: VolkovDmitri (button) (small blind) collected ($11.76)


PokerStars Hand #171629412803:  Hold'em Limit ($3/$6 USD) - 2017/06/11 7:37:33 ET
Table 'Ninina' 6-max Seat #3 is the button
Seat 3: acemoney1988 ($21.74 in chips)
Seat 4: VolkovDmitri ($127.19 in chips)
acemoney1988: posts small blind $1
VolkovDmitri: posts big blind $3
*** HOLE CARDS ***
acemoney1988: raises $3 to $6
VolkovDmitri: raises $3 to $9
acemoney1988: raises $3 to $12
Betting is capped
VolkovDmitri: calls $3
*** FLOP *** [8d 2s 8c]
VolkovDmitri: checks
acemoney1988: bets $3
VolkovDmitri: calls $3
*** TURN *** [8d 2s 8c] [8h]
VolkovDmitri: checks
acemoney1988: bets $6
VolkovDmitri: raises $6 to $12
acemoney1988: calls $0.74 and is all-in
Uncalled bet ($5.26) returned to VolkovDmitri
*** RIVER *** [8d 2s 8c 8h] [Tc]
*** SHOW DOWN ***
VolkovDmitri: shows [Td Kc] (a full house, Eights full of Tens)
acemoney1988: shows [Ts Th] (a full house, Tens full of Eights)
acemoney1988 collected $42.98 from pot
*** SUMMARY ***
Total pot $43.48 | Rake $0.50
Board [8d 2s 8c 8h Tc]
Seat 3: acemoney1988 (button) (small blind) showed [Ts Th] and won ($42.98) with a full house, Tens full of Eights
Seat 4: VolkovDmitri (big blind) showed [Td Kc] and lost with a full house, Eights full of Tens


PokerStars Hand #171629398191:  Hold'em Limit ($3/$6 USD) - 2017/06/11 7:37:03 ET
Table 'Ninina' 6-max Seat #4 is the button
Seat 3: acemoney1988 ($11.09 in chips)
Seat 4: VolkovDmitri ($138.28 in chips)
VolkovDmitri: posts small blind $1
acemoney1988: posts big blind $3
*** HOLE CARDS ***
VolkovDmitri: raises $3 to $6
acemoney1988: raises $3 to $9
VolkovDmitri: raises $3 to $12
Betting is capped
acemoney1988: calls $2.09 and is all-in
Uncalled bet ($0.91) returned to VolkovDmitri
*** FLOP *** [Qd Qc 8s]
*** TURN *** [Qd Qc 8s] [Kc]
*** RIVER *** [Qd Qc 8s Kc] [5h]
*** SHOW DOWN ***
acemoney1988: shows [Qs 9c] (three of a kind, Queens)
VolkovDmitri: shows [9h 7s] (a pair of Queens)
acemoney1988 collected $21.74 from pot
*** SUMMARY ***
Total pot $22.18 | Rake $0.44
Board [Qd Qc 8s Kc 5h]
Seat 3: acemoney1988 (big blind) showed [Qs 9c] and won ($21.74) with three of a kind, Queens
Seat 4: VolkovDmitri (button) (small blind) showed [9h 7s] and lost with a pair of Queens


PokerStars Hand #171629446766:  Hold'em Limit ($3/$6 USD) - 2017/06/11 7:38:44 ET
Table 'Ninina' 6-max Seat #3 is the button
Seat 3: acemoney1988 ($39.98 in chips)
Seat 4: VolkovDmitri ($122.88 in chips)
acemoney1988: posts small blind $1
VolkovDmitri: posts big blind $3
*** HOLE CARDS ***
acemoney1988: folds
Uncalled bet ($2) returned to VolkovDmitri
VolkovDmitri collected $2 from pot
VolkovDmitri: doesn't show hand
*** SUMMARY ***
Total pot $2 | Rake $0
Seat 3: acemoney1988 (button) (small blind) folded before Flop
Seat 4: VolkovDmitri (big blind) collected ($2)


PokerStars Hand #171629436663:  Hold'em Limit ($3/$6 USD) - 2017/06/11 7:38:23 ET
Table 'Ninina' 6-max Seat #4 is the button
Seat 3: acemoney1988 ($42.98 in chips)
Seat 4: VolkovDmitri ($120 in chips)
VolkovDmitri: posts small blind $1
acemoney1988: posts big blind $3
*** HOLE CARDS ***
VolkovDmitri: calls $2
acemoney1988: checks
*** FLOP *** [5h 3c Js]
acemoney1988: checks
VolkovDmitri: bets $3
acemoney1988: folds
Uncalled bet ($3) returned to VolkovDmitri
VolkovDmitri collected $5.88 from pot
VolkovDmitri: doesn't show hand
*** SUMMARY ***
Total pot $6 | Rake $0.12
Board [5h 3c Js]
Seat 3: acemoney1988 (big blind) folded on the Flop
Seat 4: VolkovDmitri (button) (small blind) collected ($5.88)


PokerStars Hand #171629449497:  Hold'em Limit ($3/$6 USD) - 2017/06/11 7:38:49 ET
Table 'Ninina' 6-max Seat #4 is the button
Seat 3: acemoney1988 ($38.98 in chips)
Seat 4: VolkovDmitri ($123.88 in chips)
VolkovDmitri: posts small blind $1
acemoney1988: posts big blind $3
*** HOLE CARDS ***
VolkovDmitri: raises $3 to $6
acemoney1988: calls $3
*** FLOP *** [Ah 6h 7d]
acemoney1988: checks
VolkovDmitri: bets $3
acemoney1988: calls $3
*** TURN *** [Ah 6h 7d] [Tc]
acemoney1988: checks
VolkovDmitri: checks
*** RIVER *** [Ah 6h 7d Tc] [5d]
acemoney1988: checks
VolkovDmitri: checks
*** SHOW DOWN ***
acemoney1988: shows [6c 8c] (a pair of Sixes)
VolkovDmitri: mucks hand
acemoney1988 collected $17.64 from pot
*** SUMMARY ***
Total pot $18 | Rake $0.36
Board [Ah 6h 7d Tc 5d]
Seat 3: acemoney1988 (big blind) showed [6c 8c] and won ($17.64) with a pair of Sixes
Seat 4: VolkovDmitri (button) (small blind) mucked


PokerStars Hand #171629478960:  Hold'em Limit ($3/$6 USD) - 2017/06/11 7:39:50 ET
Table 'Ninina' 6-max Seat #4 is the button
Seat 3: acemoney1988 ($41.62 in chips)
Seat 4: VolkovDmitri ($125.76 in chips)
VolkovDmitri: posts small blind $1
acemoney1988: posts big blind $3
*** HOLE CARDS ***
VolkovDmitri: raises $3 to $6
acemoney1988: calls $3
*** FLOP *** [9s 6c 4s]
acemoney1988: checks
VolkovDmitri: bets $3
acemoney1988: calls $3
*** TURN *** [9s 6c 4s] [9c]
acemoney1988: checks
VolkovDmitri: checks
*** RIVER *** [9s 6c 4s 9c] [Ah]
acemoney1988: checks
VolkovDmitri: checks
*** SHOW DOWN ***
acemoney1988: shows [Tc Kc] (a pair of Nines)
VolkovDmitri: mucks hand
acemoney1988 collected $17.64 from pot
*** SUMMARY ***
Total pot $18 | Rake $0.36
Board [9s 6c 4s 9c Ah]
Seat 3: acemoney1988 (big blind) showed [Tc Kc] and won ($17.64) with a pair of Nines
Seat 4: VolkovDmitri (button) (small blind) mucked


PokerStars Hand #171629465144:  Hold'em Limit ($3/$6 USD) - 2017/06/11 7:39:22 ET
Table 'Ninina' 6-max Seat #3 is the button
Seat 3: acemoney1988 ($47.62 in chips)
Seat 4: VolkovDmitri ($120 in chips)
acemoney1988: posts small blind $1
VolkovDmitri: posts big blind $3
*** HOLE CARDS ***
acemoney1988: raises $3 to $6
VolkovDmitri: calls $3
*** FLOP *** [Jc 6s 5s]
VolkovDmitri: checks
acemoney1988: checks
*** TURN *** [Jc 6s 5s] [4s]
VolkovDmitri: bets $6
acemoney1988: folds
Uncalled bet ($6) returned to VolkovDmitri
VolkovDmitri collected $11.76 from pot
VolkovDmitri: doesn't show hand
*** SUMMARY ***
Total pot $12 | Rake $0.24
Board [Jc 6s 5s 4s]
Seat 3: acemoney1988 (button) (small blind) folded on the Turn
Seat 4: VolkovDmitri (big blind) collected ($11.76)


PokerStars Hand #171629500871:  Hold'em Limit ($3/$6 USD) - 2017/06/11 7:40:36 ET
Table 'Ninina' 6-max Seat #4 is the button
Seat 3: acemoney1988 ($53.26 in chips)
Seat 4: VolkovDmitri ($120 in chips)
VolkovDmitri: posts small blind $1
acemoney1988: posts big blind $3
*** HOLE CARDS ***
VolkovDmitri: raises $3 to $6
acemoney1988: calls $3
*** FLOP *** [As 3s 6s]
acemoney1988: checks
VolkovDmitri: bets $3
acemoney1988: folds
Uncalled bet ($3) returned to VolkovDmitri
VolkovDmitri collected $11.76 from pot
VolkovDmitri: doesn't show hand
*** SUMMARY ***
Total pot $12 | Rake $0.24
Board [As 3s 6s]
Seat 3: acemoney1988 (big blind) folded on the Flop
Seat 4: VolkovDmitri (button) (small blind) collected ($11.76)


PokerStars Hand #171629518309:  Hold'em Limit ($3/$6 USD) - 2017/06/11 7:41:12 ET
Table 'Ninina' 6-max Seat #4 is the button
Seat 3: acemoney1988 ($53.02 in chips)
Seat 4: VolkovDmitri ($120 in chips)
VolkovDmitri: posts small blind $1
acemoney1988: posts big blind $3
*** HOLE CARDS ***
VolkovDmitri: folds
Uncalled bet ($2) returned to acemoney1988
acemoney1988 collected $2 from pot
acemoney1988: doesn't show hand
*** SUMMARY ***
Total pot $2 | Rake $0
Seat 3: acemoney1988 (big blind) collected ($2)
Seat 4: VolkovDmitri (button) (small blind) folded before Flop


PokerStars Hand #171629507088:  Hold'em Limit ($3/$6 USD) - 2017/06/11 7:40:48 ET
Table 'Ninina' 6-max Seat #3 is the button
Seat 3: acemoney1988 ($47.26 in chips)
Seat 4: VolkovDmitri ($125.76 in chips)
acemoney1988: posts small blind $1
VolkovDmitri: posts big blind $3
*** HOLE CARDS ***
acemoney1988: raises $3 to $6
VolkovDmitri: calls $3
*** FLOP *** [Td 5d Qd]
VolkovDmitri: checks
acemoney1988: bets $3
VolkovDmitri: folds
Uncalled bet ($3) returned to acemoney1988
acemoney1988 collected $11.76 from pot
acemoney1988: doesn't show hand
*** SUMMARY ***
Total pot $12 | Rake $0.24
Board [Td 5d Qd]
Seat 3: acemoney1988 (button) (small blind) collected ($11.76)
Seat 4: VolkovDmitri (big blind) folded on the Flop


PokerStars Hand #171629493285:  Hold'em Limit ($3/$6 USD) - 2017/06/11 7:40:20 ET
Table 'Ninina' 6-max Seat #3 is the button
Seat 3: acemoney1988 ($50.26 in chips)
Seat 4: VolkovDmitri ($120 in chips)
acemoney1988: posts small blind $1
VolkovDmitri: posts big blind $3
*** HOLE CARDS ***
acemoney1988: raises $3 to $6
VolkovDmitri: folds
Uncalled bet ($3) returned to acemoney1988
acemoney1988 collected $6 from pot
acemoney1988: doesn't show hand
*** SUMMARY ***
Total pot $6 | Rake $0
Seat 3: acemoney1988 (button) (small blind) collected ($6)
Seat 4: VolkovDmitri (big blind) folded before Flop


PokerStars Hand #171629521285:  Hold'em Limit ($3/$6 USD) - 2017/06/11 7:41:18 ET
Table 'Ninina' 6-max Seat #3 is the button
Seat 3: acemoney1988 ($54.02 in chips)
Seat 4: VolkovDmitri ($120 in chips)
acemoney1988: posts small blind $1
VolkovDmitri: posts big blind $3
*** HOLE CARDS ***
acemoney1988: raises $3 to $6
VolkovDmitri: calls $3
*** FLOP *** [Td 3d 6s]
VolkovDmitri: checks
acemoney1988: bets $3
VolkovDmitri: calls $3
*** TURN *** [Td 3d 6s] [4d]
VolkovDmitri: checks
acemoney1988: checks
*** RIVER *** [Td 3d 6s 4d] [5c]
VolkovDmitri: checks
acemoney1988: checks
*** SHOW DOWN ***
VolkovDmitri: shows [5s Js] (a pair of Fives)
acemoney1988: mucks hand
VolkovDmitri collected $17.64 from pot
*** SUMMARY ***
Total pot $18 | Rake $0.36
Board [Td 3d 6s 4d 5c]
Seat 3: acemoney1988 (button) (small blind) mucked
Seat 4: VolkovDmitri (big blind) showed [5s Js] and won ($17.64) with a pair of Fives


PokerStars Hand #171629530589:  Hold'em Limit ($3/$6 USD) - 2017/06/11 7:41:37 ET
Table 'Ninina' 6-max Seat #4 is the button
Seat 3: acemoney1988 ($45.02 in chips)
Seat 4: VolkovDmitri ($128.64 in chips)
VolkovDmitri: posts small blind $1
acemoney1988: posts big blind $3
*** HOLE CARDS ***
VolkovDmitri: raises $3 to $6
acemoney1988: calls $3
*** FLOP *** [Ts 4c 2d]
acemoney1988: checks
VolkovDmitri: bets $3
acemoney1988: calls $3
*** TURN *** [Ts 4c 2d] [7d]
acemoney1988: checks
VolkovDmitri: bets $6
acemoney1988: calls $6
*** RIVER *** [Ts 4c 2d 7d] [8c]
acemoney1988: bets $6
VolkovDmitri: calls $6
*** SHOW DOWN ***
acemoney1988: shows [8d Th] (two pair, Tens and Eights)
VolkovDmitri: mucks hand
acemoney1988 collected $41.50 from pot
*** SUMMARY ***
Total pot $42 | Rake $0.50
Board [Ts 4c 2d 7d 8c]
Seat 3: acemoney1988 (big blind) showed [8d Th] and won ($41.50) with two pair, Tens and Eights
Seat 4: VolkovDmitri (button) (small blind) mucked


PokerStars Hand #171629544958:  Hold'em Limit ($3/$6 USD) - 2017/06/11 7:42:07 ET
Table 'Ninina' 6-max Seat #3 is the button
Seat 3: acemoney1988 ($65.52 in chips)
Seat 4: VolkovDmitri ($120 in chips)
acemoney1988: posts small blind $1
VolkovDmitri: posts big blind $3
*** HOLE CARDS ***
acemoney1988: folds
Uncalled bet ($2) returned to VolkovDmitri
VolkovDmitri collected $2 from pot
VolkovDmitri: doesn't show hand
*** SUMMARY ***
Total pot $2 | Rake $0
Seat 3: acemoney1988 (button) (small blind) folded before Flop
Seat 4: VolkovDmitri (big blind) collected ($2)


PokerStars Hand #171629562178:  Hold'em Limit ($3/$6 USD) - 2017/06/11 7:42:42 ET
Table 'Ninina' 6-max Seat #3 is the button
Seat 3: acemoney1988 ($76.04 in chips)
Seat 4: VolkovDmitri ($120 in chips)
acemoney1988: posts small blind $1
VolkovDmitri: posts big blind $3
*** HOLE CARDS ***
acemoney1988: calls $2
VolkovDmitri: checks
*** FLOP *** [5h 8s 4c]
VolkovDmitri: checks
acemoney1988: checks
*** TURN *** [5h 8s 4c] [9s]
VolkovDmitri: bets $6
acemoney1988: folds
Uncalled bet ($6) returned to VolkovDmitri
VolkovDmitri collected $5.88 from pot
VolkovDmitri: doesn't show hand
*** SUMMARY ***
Total pot $6 | Rake $0.12
Board [5h 8s 4c 9s]
Seat 3: acemoney1988 (button) (small blind) folded on the Turn
Seat 4: VolkovDmitri (big blind) collected ($5.88)


PokerStars Hand #171629577425:  Hold'em Limit ($3/$6 USD) - 2017/06/11 7:43:14 ET
Table 'Ninina' 6-max Seat #4 is the button
Seat 3: acemoney1988 ($73.04 in chips)
Seat 4: VolkovDmitri ($122.88 in chips)
VolkovDmitri: posts small blind $1
acemoney1988: posts big blind $3
*** HOLE CARDS ***
VolkovDmitri: folds
Uncalled bet ($2) returned to acemoney1988
acemoney1988 collected $2 from pot
*** SUMMARY ***
Total pot $2 | Rake $0
Seat 3: acemoney1988 (big blind) collected ($2)
Seat 4: VolkovDmitri (button) (small blind) folded before Flop


PokerStars Hand #171629548479:  Hold'em Limit ($3/$6 USD) - 2017/06/11 7:42:14 ET
Table 'Ninina' 6-max Seat #4 is the button
Seat 3: acemoney1988 ($64.52 in chips)
Seat 4: VolkovDmitri ($121 in chips)
VolkovDmitri: posts small blind $1
acemoney1988: posts big blind $3
*** HOLE CARDS ***
VolkovDmitri: raises $3 to $6
acemoney1988: calls $3
*** FLOP *** [5d 6h 8s]
acemoney1988: checks
VolkovDmitri: checks
*** TURN *** [5d 6h 8s] [3s]
acemoney1988: bets $6
VolkovDmitri: calls $6
*** RIVER *** [5d 6h 8s 3s] [5h]
acemoney1988: checks
VolkovDmitri: checks
*** SHOW DOWN ***
acemoney1988: shows [3h 6c] (two pair, Sixes and Fives)
VolkovDmitri: mucks hand
acemoney1988 collected $23.52 from pot
*** SUMMARY ***
Total pot $24 | Rake $0.48
Board [5d 6h 8s 3s 5h]
Seat 3: acemoney1988 (big blind) showed [3h 6c] and won ($23.52) with two pair, Sixes and Fives
Seat 4: VolkovDmitri (button) (small blind) mucked


PokerStars Hand #171629584203:  Hold'em Limit ($3/$6 USD) - 2017/06/11 7:43:28 ET
Table 'Ninina' 6-max Seat #3 is the button
Seat 3: acemoney1988 ($74.04 in chips)
Seat 4: VolkovDmitri ($121.88 in chips)
acemoney1988: posts small blind $1
VolkovDmitri: posts big blind $3
*** HOLE CARDS ***
acemoney1988: raises $3 to $6
VolkovDmitri: calls $3
*** FLOP *** [Qd Td Ac]
VolkovDmitri: checks
acemoney1988: bets $3
VolkovDmitri: folds
Uncalled bet ($3) returned to acemoney1988
acemoney1988 collected $11.76 from pot
*** SUMMARY ***
Total pot $12 | Rake $0.24
Board [Qd Td Ac]
Seat 3: acemoney1988 (button) (small blind) collected ($11.76)
Seat 4: VolkovDmitri (big blind) folded on the Flop


PokerStars Hand #171629590441:  Hold'em Limit ($3/$6 USD) - 2017/06/11 7:43:40 ET
Table 'Ninina' 6-max Seat #4 is the button
Seat 3: acemoney1988 ($79.80 in chips)
Seat 4: VolkovDmitri ($120 in chips)
VolkovDmitri: posts small blind $1
acemoney1988: posts big blind $3
*** HOLE CARDS ***
VolkovDmitri: raises $3 to $6
acemoney1988: calls $3
*** FLOP *** [Th Js 9d]
acemoney1988: checks
VolkovDmitri: bets $3
acemoney1988: calls $3
*** TURN *** [Th Js 9d] [5s]
acemoney1988: checks
VolkovDmitri: checks
*** RIVER *** [Th Js 9d 5s] [Ah]
acemoney1988: bets $6
VolkovDmitri: folds
Uncalled bet ($6) returned to acemoney1988
acemoney1988 collected $17.64 from pot
*** SUMMARY ***
Total pot $18 | Rake $0.36
Board [Th Js 9d 5s Ah]
Seat 3: acemoney1988 (big blind) collected ($17.64)
Seat 4: VolkovDmitri (button) (small blind) folded on the River


PokerStars Hand #171629603780:  Hold'em Limit ($3/$6 USD) - 2017/06/11 7:44:08 ET
Table 'Ninina' 6-max Seat #3 is the button
Seat 3: acemoney1988 ($88.44 in chips)
Seat 4: VolkovDmitri ($120 in chips)
acemoney1988: posts small blind $1
VolkovDmitri: posts big blind $3
*** HOLE CARDS ***
artecris joins the table at seat #2
acemoney1988: calls $2
VolkovDmitri: raises $3 to $6
acemoney1988: calls $3
*** FLOP *** [Kd 3h 2h]
VolkovDmitri: bets $3
Anchig joins the table at seat #5
acemoney1988: calls $3
*** TURN *** [Kd 3h 2h] [7c]
VolkovDmitri: bets $6
acemoney1988: folds
Uncalled bet ($6) returned to VolkovDmitri
VolkovDmitri collected $17.64 from pot
VolkovDmitri: doesn't show hand
*** SUMMARY ***
Total pot $18 | Rake $0.36
Board [Kd 3h 2h 7c]
Seat 3: acemoney1988 (button) (small blind) folded on the Turn
Seat 4: VolkovDmitri (big blind) collected ($17.64)


PokerStars Hand #171629676887:  Hold'em Limit ($3/$6 USD) - 2017/06/11 7:46:38 ET
Table 'Ninina' 6-max Seat #5 is the button
Seat 3: acemoney1988 ($133.95 in chips)
Seat 5: Anchig ($86 in chips)
Anchig: posts small blind $1
acemoney1988: posts big blind $3
*** HOLE CARDS ***
Anchig: raises $3 to $6
acemoney1988: calls $3
*** FLOP *** [6c 3c 5s]
acemoney1988: checks
Anchig: bets $3
acemoney1988: calls $3
*** TURN *** [6c 3c 5s] [Ts]
acemoney1988: checks
Anchig: bets $6
acemoney1988: raises $6 to $12
Anchig: raises $6 to $18
acemoney1988: calls $6
*** RIVER *** [6c 3c 5s Ts] [9s]
acemoney1988: checks
Anchig: checks
*** SHOW DOWN ***
acemoney1988: shows [3h 5h] (two pair, Fives and Threes)
Anchig: mucks hand
acemoney1988 collected $53.50 from pot
*** SUMMARY ***
Total pot $54 | Rake $0.50
Board [6c 3c 5s Ts 9s]
Seat 3: acemoney1988 (big blind) showed [3h 5h] and won ($53.50) with two pair, Fives and Threes
Seat 5: Anchig (button) (small blind) mucked


PokerStars Hand #171629703482:  Hold'em Limit ($3/$6 USD) - 2017/06/11 7:47:33 ET
Table 'Ninina' 6-max Seat #5 is the button
Seat 3: acemoney1988 ($174.95 in chips)
Seat 5: Anchig ($44 in chips)
Anchig: posts small blind $1
acemoney1988: posts big blind $3
*** HOLE CARDS ***
VolkovDmitri leaves the table
Anchig: raises $3 to $6
acemoney1988: calls $3
*** FLOP *** [Ad Kc Kh]
acemoney1988: checks
Anchig: bets $3
acemoney1988: calls $3
*** TURN *** [Ad Kc Kh] [5h]
acemoney1988: checks
Anchig: checks
*** RIVER *** [Ad Kc Kh 5h] [Ts]
acemoney1988: checks
Anchig: checks
*** SHOW DOWN ***
acemoney1988: shows [5c 9h] (two pair, Kings and Fives)
Anchig: mucks hand
acemoney1988 collected $17.64 from pot
*** SUMMARY ***
Total pot $18 | Rake $0.36
Board [Ad Kc Kh 5h Ts]
Seat 3: acemoney1988 (big blind) showed [5c 9h] and won ($17.64) with two pair, Kings and Fives
Seat 5: Anchig (button) (small blind) mucked


PokerStars Hand #171629729109:  Hold'em Limit ($3/$6 USD) - 2017/06/11 7:48:26 ET
Table 'Ninina' 6-max Seat #3 is the button
Seat 3: acemoney1988 ($165.59 in chips)
Seat 5: Anchig ($112.28 in chips)
acemoney1988: posts small blind $1
Anchig: posts big blind $3
*** HOLE CARDS ***
acemoney1988: folds
Uncalled bet ($2) returned to Anchig
Anchig collected $2 from pot
Anchig: doesn't show hand
*** SUMMARY ***
Total pot $2 | Rake $0
Seat 3: acemoney1988 (button) (small blind) folded before Flop
Seat 5: Anchig (big blind) collected ($2)


PokerStars Hand #171629719618:  Hold'em Limit ($3/$6 USD) - 2017/06/11 7:48:07 ET
Table 'Ninina' 6-max Seat #5 is the button
Seat 3: acemoney1988 ($171.59 in chips)
Seat 5: Anchig ($106.52 in chips)
Anchig: posts small blind $1
acemoney1988: posts big blind $3
*** HOLE CARDS ***
Anchig: raises $3 to $6
acemoney1988: calls $3
*** FLOP *** [5h 5d 9s]
acemoney1988: checks
Anchig: bets $3
acemoney1988: folds
Uncalled bet ($3) returned to Anchig
Anchig collected $11.76 from pot
Anchig: doesn't show hand
*** SUMMARY ***
Total pot $12 | Rake $0.24
Board [5h 5d 9s]
Seat 3: acemoney1988 (big blind) folded on the Flop
Seat 5: Anchig (button) (small blind) collected ($11.76)


PokerStars Hand #171629711693:  Hold'em Limit ($3/$6 USD) - 2017/06/11 7:47:50 ET
Table 'Ninina' 6-max Seat #3 is the button
Seat 3: acemoney1988 ($183.59 in chips)
Seat 5: Anchig ($95 in chips)
acemoney1988: posts small blind $1
Anchig: posts big blind $3
*** HOLE CARDS ***
acemoney1988: raises $3 to $6
Anchig: calls $3
*** FLOP *** [2c 9h 7h]
Anchig: checks
acemoney1988: bets $3
Anchig: raises $3 to $6
acemoney1988: calls $3
*** TURN *** [2c 9h 7h] [Ac]
Anchig: bets $6
acemoney1988: folds
Uncalled bet ($6) returned to Anchig
Anchig collected $23.52 from pot
Anchig: doesn't show hand
*** SUMMARY ***
Total pot $24 | Rake $0.48
Board [2c 9h 7h Ac]
Seat 3: acemoney1988 (button) (small blind) folded on the Turn
Seat 5: Anchig (big blind) collected ($23.52)


PokerStars Hand #171629732442:  Hold'em Limit ($3/$6 USD) - 2017/06/11 7:48:33 ET
Table 'Ninina' 6-max Seat #5 is the button
Seat 3: acemoney1988 ($164.59 in chips)
Seat 5: Anchig ($113.28 in chips)
Anchig: posts small blind $1
acemoney1988: posts big blind $3
*** HOLE CARDS ***
Anchig: raises $3 to $6
acemoney1988: raises $3 to $9
Anchig: calls $3
*** FLOP *** [Tc 8h 3h]
acemoney1988: bets $3
Anchig: calls $3
*** TURN *** [Tc 8h 3h] [Kh]
acemoney1988: checks
Anchig: checks
*** RIVER *** [Tc 8h 3h Kh] [Td]
acemoney1988: checks
Anchig: checks
*** SHOW DOWN ***
acemoney1988: shows [6s 6c] (two pair, Tens and Sixes)
Anchig: mucks hand
acemoney1988 collected $23.52 from pot
*** SUMMARY ***
Total pot $24 | Rake $0.48
Board [Tc 8h 3h Kh Td]
Seat 3: acemoney1988 (big blind) showed [6s 6c] and won ($23.52) with two pair, Tens and Sixes
Seat 5: Anchig (button) (small blind) mucked


PokerStars Hand #171629745205:  Hold'em Limit ($3/$6 USD) - 2017/06/11 7:49:00 ET
Table 'Ninina' 6-max Seat #5 is the button
Seat 3: acemoney1988 ($179.11 in chips)
Seat 5: Anchig ($98.28 in chips)
Anchig: posts small blind $1
acemoney1988: posts big blind $3
*** HOLE CARDS ***
ABATAPP joins the table at seat #4
Anchig: raises $3 to $6
acemoney1988: calls $3
*** FLOP *** [7c 3d 9s]
acemoney1988: checks
Anchig: checks
*** TURN *** [7c 3d 9s] [As]
acemoney1988: checks
Anchig: bets $6
acemoney1988: folds
Uncalled bet ($6) returned to Anchig
Anchig collected $11.76 from pot
Anchig: doesn't show hand
*** SUMMARY ***
Total pot $12 | Rake $0.24
Board [7c 3d 9s As]
Seat 3: acemoney1988 (big blind) folded on the Turn
Seat 5: Anchig (button) (small blind) collected ($11.76)


PokerStars Hand #171629741443:  Hold'em Limit ($3/$6 USD) - 2017/06/11 7:48:52 ET
Table 'Ninina' 6-max Seat #3 is the button
Seat 3: acemoney1988 ($176.11 in chips)
Seat 5: Anchig ($101.28 in chips)
acemoney1988: posts small blind $1
Anchig: posts big blind $3
*** HOLE CARDS ***
acemoney1988: raises $3 to $6
Anchig: folds
Uncalled bet ($3) returned to acemoney1988
acemoney1988 collected $6 from pot
*** SUMMARY ***
Total pot $6 | Rake $0
Seat 3: acemoney1988 (button) (small blind) collected ($6)
Seat 5: Anchig (big blind) folded before Flop


PokerStars Hand #171630020590:  Hold'em Limit ($3/$6 USD) - 2017/06/11 7:58:54 ET
Table 'Ninina' 6-max Seat #3 is the button
Seat 3: acemoney1988 ($222.49 in chips)
Seat 4: ABATAPP ($109.22 in chips)
acemoney1988: posts small blind $1
ABATAPP: posts big blind $3
*** HOLE CARDS ***
acemoney1988: folds
Uncalled bet ($2) returned to ABATAPP
ABATAPP collected $2 from pot
ABATAPP: doesn't show hand
*** SUMMARY ***
Total pot $2 | Rake $0
Seat 3: acemoney1988 (button) (small blind) folded before Flop
Seat 4: ABATAPP (big blind) collected ($2)


PokerStars Hand #171630007468:  Hold'em Limit ($3/$6 USD) - 2017/06/11 7:58:23 ET
Table 'Ninina' 6-max Seat #3 is the button
Seat 3: acemoney1988 ($238.49 in chips)
Seat 4: ABATAPP ($93.72 in chips)
acemoney1988: posts small blind $1
ABATAPP: posts big blind $3
*** HOLE CARDS ***
acemoney1988: folds
Uncalled bet ($2) returned to ABATAPP
ABATAPP collected $2 from pot
ABATAPP: doesn't show hand
*** SUMMARY ***
Total pot $2 | Rake $0
Seat 3: acemoney1988 (button) (small blind) folded before Flop
Seat 4: ABATAPP (big blind) collected ($2)


PokerStars Hand #171630000850:  Hold'em Limit ($3/$6 USD) - 2017/06/11 7:58:08 ET
Table 'Ninina' 6-max Seat #4 is the button
Seat 3: acemoney1988 ($244.49 in chips)
Seat 4: ABATAPP ($87.96 in chips)
ABATAPP: posts small blind $1
Anchig: is sitting out
acemoney1988: posts big blind $3
*** HOLE CARDS ***
ABATAPP: raises $3 to $6
acemoney1988: calls $3
*** FLOP *** [Kd Ks 2d]
acemoney1988: checks
ABATAPP: bets $3
acemoney1988: folds
Uncalled bet ($3) returned to ABATAPP
ABATAPP collected $11.76 from pot
ABATAPP: doesn't show hand
*** SUMMARY ***
Total pot $12 | Rake $0.24
Board [Kd Ks 2d]
Seat 3: acemoney1988 (big blind) folded on the Flop
Seat 4: ABATAPP (button) (small blind) collected ($11.76)


PokerStars Hand #171630028209:  Hold'em Limit ($3/$6 USD) - 2017/06/11 7:59:12 ET
Table 'Ninina' 6-max Seat #3 is the button
Seat 3: acemoney1988 ($215.49 in chips)
Seat 4: ABATAPP ($115.98 in chips)
acemoney1988: posts small blind $1
ABATAPP: posts big blind $3
*** HOLE CARDS ***
acemoney1988: raises $3 to $6
ABATAPP: calls $3
*** FLOP *** [Qc 8h Ad]
ABATAPP: checks
acemoney1988: bets $3
ABATAPP: folds
Uncalled bet ($3) returned to acemoney1988
acemoney1988 collected $11.76 from pot
acemoney1988: doesn't show hand
*** SUMMARY ***
Total pot $12 | Rake $0.24
Board [Qc 8h Ad]
Seat 3: acemoney1988 (button) (small blind) collected ($11.76)
Seat 4: ABATAPP (big blind) folded on the Flop


PokerStars Hand #171630023080:  Hold'em Limit ($3/$6 USD) - 2017/06/11 7:59:00 ET
Table 'Ninina' 6-max Seat #4 is the button
Seat 3: acemoney1988 ($221.49 in chips)
Seat 4: ABATAPP ($110.22 in chips)
ABATAPP: posts small blind $1
acemoney1988: posts big blind $3
*** HOLE CARDS ***
ABATAPP: raises $3 to $6
acemoney1988: calls $3
*** FLOP *** [4d Ac 9s]
acemoney1988: checks
ABATAPP: bets $3
acemoney1988: folds
Uncalled bet ($3) returned to ABATAPP
ABATAPP collected $11.76 from pot
ABATAPP: doesn't show hand
*** SUMMARY ***
Total pot $12 | Rake $0.24
Board [4d Ac 9s]
Seat 3: acemoney1988 (big blind) folded on the Flop
Seat 4: ABATAPP (button) (small blind) collected ($11.76)


PokerStars Hand #171630009651:  Hold'em Limit ($3/$6 USD) - 2017/06/11 7:58:29 ET
Table 'Ninina' 6-max Seat #4 is the button
Seat 3: acemoney1988 ($237.49 in chips)
Seat 4: ABATAPP ($94.72 in chips)
ABATAPP: posts small blind $1
acemoney1988: posts big blind $3
*** HOLE CARDS ***
ABATAPP: raises $3 to $6
acemoney1988: calls $3
*** FLOP *** [Js 5d 2s]
acemoney1988: checks
ABATAPP: bets $3
acemoney1988: raises $3 to $6
ABATAPP: raises $3 to $9
acemoney1988: calls $3
*** TURN *** [Js 5d 2s] [Qs]
acemoney1988: checks
ABATAPP: bets $6
acemoney1988: folds
Uncalled bet ($6) returned to ABATAPP
ABATAPP collected $29.50 from pot
ABATAPP: doesn't show hand
*** SUMMARY ***
Total pot $30 | Rake $0.50
Board [Js 5d 2s Qs]
Seat 3: acemoney1988 (big blind) folded on the Turn
Seat 4: ABATAPP (button) (small blind) collected ($29.50)


PokerStars Hand #171630054131:  Hold'em Limit ($3/$6 USD) - 2017/06/11 8:00:12 ET
Table 'Ninina' 6-max Seat #3 is the button
Seat 3: acemoney1988 ($213.01 in chips)
Seat 4: ABATAPP ($117.48 in chips)
acemoney1988: posts small blind $1
ABATAPP: posts big blind $3
*** HOLE CARDS ***
acemoney1988: raises $3 to $6
ABATAPP: calls $3
*** FLOP *** [Qd Qh Kd]
ABATAPP: checks
acemoney1988: bets $3
ABATAPP: folds
Uncalled bet ($3) returned to acemoney1988
acemoney1988 collected $11.76 from pot
acemoney1988: doesn't show hand
*** SUMMARY ***
Total pot $12 | Rake $0.24
Board [Qd Qh Kd]
Seat 3: acemoney1988 (button) (small blind) collected ($11.76)
Seat 4: ABATAPP (big blind) folded on the Flop


PokerStars Hand #171630059482:  Hold'em Limit ($3/$6 USD) - 2017/06/11 8:00:24 ET
Table 'Ninina' 6-max Seat #4 is the button
Seat 3: acemoney1988 ($218.77 in chips)
Seat 4: ABATAPP ($111.48 in chips)
ABATAPP: posts small blind $1
acemoney1988: posts big blind $3
*** HOLE CARDS ***
ABATAPP: folds
Uncalled bet ($2) returned to acemoney1988
acemoney1988 collected $2 from pot
*** SUMMARY ***
Total pot $2 | Rake $0
Seat 3: acemoney1988 (big blind) collected ($2)
Seat 4: ABATAPP (button) (small blind) folded before Flop


PokerStars Hand #171630033881:  Hold'em Limit ($3/$6 USD) - 2017/06/11 7:59:25 ET
Table 'Ninina' 6-max Seat #4 is the button
Seat 3: acemoney1988 ($221.25 in chips)
Seat 4: ABATAPP ($109.98 in chips)
ABATAPP: posts small blind $1
acemoney1988: posts big blind $3
*** HOLE CARDS ***
ABATAPP: raises $3 to $6
acemoney1988: calls $3
*** FLOP *** [Jd Qh 4s]
acemoney1988: checks
ABATAPP: bets $3
acemoney1988: calls $3
*** TURN *** [Jd Qh 4s] [Ad]
acemoney1988: checks
ABATAPP: bets $6
acemoney1988: calls $6
*** RIVER *** [Jd Qh 4s Ad] [Td]
acemoney1988: checks
ABATAPP: checks
*** SHOW DOWN ***
acemoney1988: shows [3h Jh] (a pair of Jacks)
ABATAPP: shows [Qd 8h] (a pair of Queens)
ABATAPP collected $29.50 from pot
*** SUMMARY ***
Total pot $30 | Rake $0.50
Board [Jd Qh 4s Ad Td]
Seat 3: acemoney1988 (big blind) showed [3h Jh] and lost with a pair of Jacks
Seat 4: ABATAPP (button) (small blind) showed [Qd 8h] and won ($29.50) with a pair of Queens


PokerStars Hand #171630043345:  Hold'em Limit ($3/$6 USD) - 2017/06/11 7:59:47 ET
Table 'Ninina' 6-max Seat #3 is the button
Seat 3: acemoney1988 ($206.25 in chips)
Seat 4: ABATAPP ($124.48 in chips)
acemoney1988: posts small blind $1
ABATAPP: posts big blind $3
*** HOLE CARDS ***
acemoney1988: raises $3 to $6
ABATAPP: calls $3
*** FLOP *** [Ah Ad Js]
ABATAPP: checks
acemoney1988: checks
*** TURN *** [Ah Ad Js] [7h]
ABATAPP: checks
acemoney1988: bets $6
ABATAPP: folds
Uncalled bet ($6) returned to acemoney1988
acemoney1988 collected $11.76 from pot
acemoney1988: doesn't show hand
*** SUMMARY ***
Total pot $12 | Rake $0.24
Board [Ah Ad Js 7h]
Seat 3: acemoney1988 (button) (small blind) collected ($11.76)
Seat 4: ABATAPP (big blind) folded on the Turn


PokerStars Hand #171630077122:  Hold'em Limit ($3/$6 USD) - 2017/06/11 8:01:03 ET
Table 'Ninina' 6-max Seat #4 is the button
Seat 3: acemoney1988 ($203.77 in chips)
Seat 4: ABATAPP ($126 in chips)
ABATAPP: posts small blind $1
acemoney1988: posts big blind $3
*** HOLE CARDS ***
ABATAPP: raises $3 to $6
acemoney1988: calls $3
*** FLOP *** [8h 8s Tc]
acemoney1988: checks
ABATAPP: bets $3
acemoney1988: calls $3
*** TURN *** [8h 8s Tc] [Ks]
acemoney1988: checks
ABATAPP: bets $6
acemoney1988: raises $6 to $12
ABATAPP: folds
Uncalled bet ($6) returned to acemoney1988
acemoney1988 collected $29.50 from pot
acemoney1988: doesn't show hand
*** SUMMARY ***
Total pot $30 | Rake $0.50
Board [8h 8s Tc Ks]
Seat 3: acemoney1988 (big blind) collected ($29.50)
Seat 4: ABATAPP (button) (small blind) folded on the Turn


PokerStars Hand #171630086203:  Hold'em Limit ($3/$6 USD) - 2017/06/11 8:01:23 ET
Table 'Ninina' 6-max Seat #3 is the button
Seat 3: acemoney1988 ($218.27 in chips)
Seat 4: ABATAPP ($111 in chips)
acemoney1988: posts small blind $1
ABATAPP: posts big blind $3
*** HOLE CARDS ***
acemoney1988: raises $3 to $6
ABATAPP: calls $3
*** FLOP *** [Qc 6h 9h]
ABATAPP: checks
acemoney1988: bets $3
ABATAPP: folds
Uncalled bet ($3) returned to acemoney1988
acemoney1988 collected $11.76 from pot
*** SUMMARY ***
Total pot $12 | Rake $0.24
Board [Qc 6h 9h]
Seat 3: acemoney1988 (button) (small blind) collected ($11.76)
Seat 4: ABATAPP (big blind) folded on the Flop


PokerStars Hand #171630074495:  Hold'em Limit ($3/$6 USD) - 2017/06/11 8:00:58 ET
Table 'Ninina' 6-max Seat #3 is the button
Seat 3: acemoney1988 ($204.77 in chips)
Seat 4: ABATAPP ($125 in chips)
acemoney1988: posts small blind $1
ABATAPP: posts big blind $3
*** HOLE CARDS ***
acemoney1988: folds
Uncalled bet ($2) returned to ABATAPP
ABATAPP collected $2 from pot
ABATAPP: doesn't show hand
*** SUMMARY ***
Total pot $2 | Rake $0
Seat 3: acemoney1988 (button) (small blind) folded before Flop
Seat 4: ABATAPP (big blind) collected ($2)


PokerStars Hand #171630071457:  Hold'em Limit ($3/$6 USD) - 2017/06/11 8:00:51 ET
Table 'Ninina' 6-max Seat #4 is the button
Seat 3: acemoney1988 ($207.77 in chips)
Seat 4: ABATAPP ($122 in chips)
ABATAPP: posts small blind $1
acemoney1988: posts big blind $3
*** HOLE CARDS ***
ABATAPP: raises $3 to $6
acemoney1988: folds
Uncalled bet ($3) returned to ABATAPP
ABATAPP collected $6 from pot
ABATAPP: doesn't show hand
*** SUMMARY ***
Total pot $6 | Rake $0
Seat 3: acemoney1988 (big blind) folded before Flop
Seat 4: ABATAPP (button) (small blind) collected ($6)


PokerStars Hand #171630061798:  Hold'em Limit ($3/$6 USD) - 2017/06/11 8:00:30 ET
Table 'Ninina' 6-max Seat #3 is the button
Seat 3: acemoney1988 ($219.77 in chips)
Seat 4: ABATAPP ($110.48 in chips)
acemoney1988: posts small blind $1
ABATAPP: posts big blind $3
*** HOLE CARDS ***
acemoney1988: raises $3 to $6
ABATAPP: calls $3
*** FLOP *** [6d 4s Qc]
ABATAPP: checks
acemoney1988: checks
*** TURN *** [6d 4s Qc] [7h]
ABATAPP: bets $6
acemoney1988: calls $6
*** RIVER *** [6d 4s Qc 7h] [Tc]
ABATAPP: bets $6
acemoney1988: folds
Uncalled bet ($6) returned to ABATAPP
ABATAPP collected $23.52 from pot
ABATAPP: doesn't show hand
*** SUMMARY ***
Total pot $24 | Rake $0.48
Board [6d 4s Qc 7h Tc]
Seat 3: acemoney1988 (button) (small blind) folded on the River
Seat 4: ABATAPP (big blind) collected ($23.52)


PokerStars Hand #171630138512:  Hold'em Limit ($3/$6 USD) - 2017/06/11 8:03:10 ET
Table 'Ninina' 6-max Seat #4 is the button
Seat 3: acemoney1988 ($227.53 in chips)
Seat 4: ABATAPP ($100.50 in chips)
ABATAPP: posts small blind $1
acemoney1988: posts big blind $3
*** HOLE CARDS ***
ABATAPP: folds
Uncalled bet ($2) returned to acemoney1988
acemoney1988 collected $2 from pot
acemoney1988: doesn't show hand
*** SUMMARY ***
Total pot $2 | Rake $0
Seat 3: acemoney1988 (big blind) collected ($2)
Seat 4: ABATAPP (button) (small blind) folded before Flop


PokerStars Hand #171630112261:  Hold'em Limit ($3/$6 USD) - 2017/06/11 8:02:16 ET
Table 'Ninina' 6-max Seat #4 is the button
Seat 3: acemoney1988 ($246.53 in chips)
Seat 4: ABATAPP ($82 in chips)
ABATAPP: posts small blind $1
acemoney1988: posts big blind $3
*** HOLE CARDS ***
ABATAPP: raises $3 to $6
acemoney1988: folds
Uncalled bet ($3) returned to ABATAPP
ABATAPP collected $6 from pot
ABATAPP: doesn't show hand
*** SUMMARY ***
Total pot $6 | Rake $0
Seat 3: acemoney1988 (big blind) folded before Flop
Seat 4: ABATAPP (button) (small blind) collected ($6)


PokerStars Hand #171630100428:  Hold'em Limit ($3/$6 USD) - 2017/06/11 8:01:52 ET
Table 'Ninina' 6-max Seat #3 is the button
Seat 3: acemoney1988 ($229.03 in chips)
Seat 4: ABATAPP ($100 in chips)
acemoney1988: posts small blind $1
ABATAPP: posts big blind $3
*** HOLE CARDS ***
acemoney1988: raises $3 to $6
ABATAPP: calls $3
*** FLOP *** [4d 6d As]
ABATAPP: checks
acemoney1988: bets $3
ABATAPP: raises $3 to $6
acemoney1988: calls $3
*** TURN *** [4d 6d As] [Tc]
ABATAPP: checks
acemoney1988: checks
*** RIVER *** [4d 6d As Tc] [5c]
ABATAPP: checks
acemoney1988: bets $6
ABATAPP: calls $6
*** SHOW DOWN ***
acemoney1988: shows [5d 5h] (three of a kind, Fives)
ABATAPP: mucks hand
acemoney1988 collected $35.50 from pot
*** SUMMARY ***
Total pot $36 | Rake $0.50
Board [4d 6d As Tc 5c]
Seat 3: acemoney1988 (button) (small blind) showed [5d 5h] and won ($35.50) with three of a kind, Fives
Seat 4: ABATAPP (big blind) mucked


PokerStars Hand #171630091984:  Hold'em Limit ($3/$6 USD) - 2017/06/11 8:01:35 ET
Table 'Ninina' 6-max Seat #4 is the button
Seat 3: acemoney1988 ($224.03 in chips)
Seat 4: ABATAPP ($105 in chips)
ABATAPP: posts small blind $1
acemoney1988: posts big blind $3
*** HOLE CARDS ***
ABATAPP: folds
Uncalled bet ($2) returned to acemoney1988
acemoney1988 collected $2 from pot
acemoney1988: doesn't show hand
*** SUMMARY ***
Total pot $2 | Rake $0
Seat 3: acemoney1988 (big blind) collected ($2)
Seat 4: ABATAPP (button) (small blind) folded before Flop


PokerStars Hand #171630097788:  Hold'em Limit ($3/$6 USD) - 2017/06/11 8:01:47 ET
Table 'Ninina' 6-max Seat #4 is the button
Seat 3: acemoney1988 ($228.03 in chips)
Seat 4: ABATAPP ($101 in chips)
ABATAPP: posts small blind $1
acemoney1988: posts big blind $3
*** HOLE CARDS ***
ABATAPP: folds
Uncalled bet ($2) returned to acemoney1988
acemoney1988 collected $2 from pot
*** SUMMARY ***
Total pot $2 | Rake $0
Seat 3: acemoney1988 (big blind) collected ($2)
Seat 4: ABATAPP (button) (small blind) folded before Flop


PokerStars Hand #171630094720:  Hold'em Limit ($3/$6 USD) - 2017/06/11 8:01:41 ET
Table 'Ninina' 6-max Seat #3 is the button
Seat 3: acemoney1988 ($225.03 in chips)
Seat 4: ABATAPP ($104 in chips)
acemoney1988: posts small blind $1
ABATAPP: posts big blind $3
*** HOLE CARDS ***
acemoney1988: raises $3 to $6
ABATAPP: folds
Uncalled bet ($3) returned to acemoney1988
acemoney1988 collected $6 from pot
acemoney1988: doesn't show hand
*** SUMMARY ***
Total pot $6 | Rake $0
Seat 3: acemoney1988 (button) (small blind) collected ($6)
Seat 4: ABATAPP (big blind) folded before Flop


PokerStars Hand #171630148021:  Hold'em Limit ($3/$6 USD) - 2017/06/11 8:03:29 ET
Table 'Ninina' 6-max Seat #4 is the button
Seat 3: acemoney1988 ($234.29 in chips)
Seat 4: ABATAPP ($93.50 in chips)
ABATAPP: posts small blind $1
acemoney1988: posts big blind $3
*** HOLE CARDS ***
ABATAPP: folds
Uncalled bet ($2) returned to acemoney1988
acemoney1988 collected $2 from pot
acemoney1988: doesn't show hand
*** SUMMARY ***
Total pot $2 | Rake $0
Seat 3: acemoney1988 (big blind) collected ($2)
Seat 4: ABATAPP (button) (small blind) folded before Flop


PokerStars Hand #171630141121:  Hold'em Limit ($3/$6 USD) - 2017/06/11 8:03:15 ET
Table 'Ninina' 6-max Seat #3 is the button
Seat 3: acemoney1988 ($228.53 in chips)
Seat 4: ABATAPP ($99.50 in chips)
acemoney1988: posts small blind $1
ABATAPP: posts big blind $3
*** HOLE CARDS ***
acemoney1988: raises $3 to $6
ABATAPP: calls $3
*** FLOP *** [2d Jc 8s]
ABATAPP: checks
acemoney1988: bets $3
ABATAPP: folds
Uncalled bet ($3) returned to acemoney1988
acemoney1988 collected $11.76 from pot
acemoney1988: doesn't show hand
*** SUMMARY ***
Total pot $12 | Rake $0.24
Board [2d Jc 8s]
Seat 3: acemoney1988 (button) (small blind) collected ($11.76)
Seat 4: ABATAPP (big blind) folded on the Flop


PokerStars Hand #171630118678:  Hold'em Limit ($3/$6 USD) - 2017/06/11 8:02:29 ET
Table 'Ninina' 6-max Seat #4 is the button
Seat 3: acemoney1988 ($242.53 in chips)
Seat 4: ABATAPP ($86 in chips)
ABATAPP: posts small blind $1
acemoney1988: posts big blind $3
*** HOLE CARDS ***
ABATAPP: raises $3 to $6
acemoney1988: calls $3
*** FLOP *** [3c Tc Kh]
acemoney1988: checks
ABATAPP: checks
*** TURN *** [3c Tc Kh] [6h]
acemoney1988: checks
ABATAPP: bets $6
acemoney1988: calls $6
*** RIVER *** [3c Tc Kh 6h] [7s]
acemoney1988: checks
ABATAPP: bets $6
acemoney1988: calls $6
*** SHOW DOWN ***
ABATAPP: shows [Th Ah] (a pair of Tens)
acemoney1988: mucks hand
ABATAPP collected $35.50 from pot
*** SUMMARY ***
Total pot $36 | Rake $0.50
Board [3c Tc Kh 6h 7s]
Seat 3: acemoney1988 (big blind) mucked
Seat 4: ABATAPP (button) (small blind) showed [Th Ah] and won ($35.50) with a pair of Tens


PokerStars Hand #171630132431:  Hold'em Limit ($3/$6 USD) - 2017/06/11 8:02:57 ET
Table 'Ninina' 6-max Seat #4 is the button
Seat 3: acemoney1988 ($223.53 in chips)
Seat 4: ABATAPP ($104.50 in chips)
ABATAPP: posts small blind $1
acemoney1988: posts big blind $3
*** HOLE CARDS ***
ABATAPP: folds
Uncalled bet ($2) returned to acemoney1988
acemoney1988 collected $2 from pot
acemoney1988: doesn't show hand
*** SUMMARY ***
Total pot $2 | Rake $0
Seat 3: acemoney1988 (big blind) collected ($2)
Seat 4: ABATAPP (button) (small blind) folded before Flop


PokerStars Hand #171630129562:  Hold'em Limit ($3/$6 USD) - 2017/06/11 8:02:52 ET
Table 'Ninina' 6-max Seat #3 is the button
Seat 3: acemoney1988 ($224.53 in chips)
Seat 4: ABATAPP ($103.50 in chips)
acemoney1988: posts small blind $1
ABATAPP: posts big blind $3
*** HOLE CARDS ***
acemoney1988: folds
Uncalled bet ($2) returned to ABATAPP
ABATAPP collected $2 from pot
ABATAPP: doesn't show hand
*** SUMMARY ***
Total pot $2 | Rake $0
Seat 3: acemoney1988 (button) (small blind) folded before Flop
Seat 4: ABATAPP (big blind) collected ($2)


PokerStars Hand #171630135063:  Hold'em Limit ($3/$6 USD) - 2017/06/11 8:03:03 ET
Table 'Ninina' 6-max Seat #3 is the button
Seat 3: acemoney1988 ($224.53 in chips)
Seat 4: ABATAPP ($103.50 in chips)
acemoney1988: posts small blind $1
ABATAPP: posts big blind $3
*** HOLE CARDS ***
acemoney1988: raises $3 to $6
ABATAPP: folds
Uncalled bet ($3) returned to acemoney1988
acemoney1988 collected $6 from pot
acemoney1988: doesn't show hand
*** SUMMARY ***
Total pot $6 | Rake $0
Seat 3: acemoney1988 (button) (small blind) collected ($6)
Seat 4: ABATAPP (big blind) folded before Flop


PokerStars Hand #171630175432:  Hold'em Limit ($3/$6 USD) - 2017/06/11 8:04:24 ET
Table 'Ninina' 6-max Seat #4 is the button
Seat 3: acemoney1988 ($247.79 in chips)
Seat 4: ABATAPP ($79.38 in chips)
ABATAPP: posts small blind $1
acemoney1988: posts big blind $3
*** HOLE CARDS ***
ABATAPP: raises $3 to $6
acemoney1988: folds
Uncalled bet ($3) returned to ABATAPP
ABATAPP collected $6 from pot
ABATAPP: doesn't show hand
*** SUMMARY ***
Total pot $6 | Rake $0
Seat 3: acemoney1988 (big blind) folded before Flop
Seat 4: ABATAPP (button) (small blind) collected ($6)


PokerStars Hand #171630162011:  Hold'em Limit ($3/$6 USD) - 2017/06/11 8:03:57 ET
Table 'Ninina' 6-max Seat #4 is the button
Seat 3: acemoney1988 ($249.79 in chips)
Seat 4: ABATAPP ($77.50 in chips)
ABATAPP: posts small blind $1
acemoney1988: posts big blind $3
*** HOLE CARDS ***
ABATAPP: folds
Uncalled bet ($2) returned to acemoney1988
acemoney1988 collected $2 from pot
*** SUMMARY ***
Total pot $2 | Rake $0
Seat 3: acemoney1988 (big blind) collected ($2)
Seat 4: ABATAPP (button) (small blind) folded before Flop


PokerStars Hand #171630150571:  Hold'em Limit ($3/$6 USD) - 2017/06/11 8:03:34 ET
Table 'Ninina' 6-max Seat #3 is the button
Seat 3: acemoney1988 ($235.29 in chips)
Seat 4: ABATAPP ($92.50 in chips)
acemoney1988: posts small blind $1
ABATAPP: posts big blind $3
*** HOLE CARDS ***
acemoney1988: raises $3 to $6
ABATAPP: calls $3
*** FLOP *** [Kd 9d 2s]
ABATAPP: checks
acemoney1988: bets $3
ABATAPP: calls $3
*** TURN *** [Kd 9d 2s] [Qh]
ABATAPP: checks
acemoney1988: bets $6
ABATAPP: calls $6
*** RIVER *** [Kd 9d 2s Qh] [Jc]
ABATAPP: checks
acemoney1988: checks
*** SHOW DOWN ***
ABATAPP: shows [Ks 8s] (a pair of Kings)
acemoney1988: shows [Qc Kc] (two pair, Kings and Queens)
acemoney1988 collected $29.50 from pot
*** SUMMARY ***
Total pot $30 | Rake $0.50
Board [Kd 9d 2s Qh Jc]
Seat 3: acemoney1988 (button) (small blind) showed [Qc Kc] and won ($29.50) with two pair, Kings and Queens
Seat 4: ABATAPP (big blind) showed [Ks 8s] and lost with a pair of Kings


PokerStars Hand #171630164569:  Hold'em Limit ($3/$6 USD) - 2017/06/11 8:04:02 ET
Table 'Ninina' 6-max Seat #3 is the button
Seat 3: acemoney1988 ($250.79 in chips)
Seat 4: ABATAPP ($76.50 in chips)
acemoney1988: posts small blind $1
ABATAPP: posts big blind $3
*** HOLE CARDS ***
acemoney1988: calls $2
ABATAPP: checks
*** FLOP *** [9h Ts 7h]
ABATAPP: checks
acemoney1988: checks
*** TURN *** [9h Ts 7h] [2c]
ABATAPP: checks
acemoney1988: checks
*** RIVER *** [9h Ts 7h 2c] [2d]
ABATAPP: bets $6
acemoney1988: folds
Uncalled bet ($6) returned to ABATAPP
ABATAPP collected $5.88 from pot
ABATAPP: doesn't show hand
*** SUMMARY ***
Total pot $6 | Rake $0.12
Board [9h Ts 7h 2c 2d]
Seat 3: acemoney1988 (button) (small blind) folded on the River
Seat 4: ABATAPP (big blind) collected ($5.88)


PokerStars Hand #171630182017:  Hold'em Limit ($3/$6 USD) - 2017/06/11 8:04:37 ET
Table 'Ninina' 6-max Seat #4 is the button
Seat 3: acemoney1988 ($243.79 in chips)
Seat 4: ABATAPP ($83.38 in chips)
ABATAPP: posts small blind $1
acemoney1988: posts big blind $3
*** HOLE CARDS ***
ABATAPP: folds
Uncalled bet ($2) returned to acemoney1988
acemoney1988 collected $2 from pot
acemoney1988: doesn't show hand
*** SUMMARY ***
Total pot $2 | Rake $0
Seat 3: acemoney1988 (big blind) collected ($2)
Seat 4: ABATAPP (button) (small blind) folded before Flop


PokerStars Hand #171630179025:  Hold'em Limit ($3/$6 USD) - 2017/06/11 8:04:31 ET
Table 'Ninina' 6-max Seat #3 is the button
Seat 3: acemoney1988 ($244.79 in chips)
Seat 4: ABATAPP ($82.38 in chips)
acemoney1988: posts small blind $1
ABATAPP: posts big blind $3
*** HOLE CARDS ***
acemoney1988: folds
Uncalled bet ($2) returned to ABATAPP
ABATAPP collected $2 from pot
ABATAPP: doesn't show hand
*** SUMMARY ***
Total pot $2 | Rake $0
Seat 3: acemoney1988 (button) (small blind) folded before Flop
Seat 4: ABATAPP (big blind) collected ($2)


PokerStars Hand #171630201488:  Hold'em Limit ($3/$6 USD) - 2017/06/11 8:05:16 ET
Table 'Ninina' 6-max Seat #3 is the button
Seat 3: acemoney1988 ($232.79 in chips)
Seat 4: ABATAPP ($93.88 in chips)
acemoney1988: posts small blind $1
ABATAPP: posts big blind $3
*** HOLE CARDS ***
acemoney1988: raises $3 to $6
ABATAPP: folds
Uncalled bet ($3) returned to acemoney1988
acemoney1988 collected $6 from pot
acemoney1988: doesn't show hand
*** SUMMARY ***
Total pot $6 | Rake $0
Seat 3: acemoney1988 (button) (small blind) collected ($6)
Seat 4: ABATAPP (big blind) folded before Flop


PokerStars Hand #171630188228:  Hold'em Limit ($3/$6 USD) - 2017/06/11 8:04:49 ET
Table 'Ninina' 6-max Seat #4 is the button
Seat 3: acemoney1988 ($247.79 in chips)
Seat 4: ABATAPP ($79.38 in chips)
ABATAPP: posts small blind $1
acemoney1988: posts big blind $3
*** HOLE CARDS ***
ABATAPP: raises $3 to $6
acemoney1988: calls $3
*** FLOP *** [2c 4d Qc]
acemoney1988: checks
ABATAPP: bets $3
acemoney1988: calls $3
*** TURN *** [2c 4d Qc] [6h]
acemoney1988: checks
ABATAPP: bets $6
acemoney1988: calls $6
*** RIVER *** [2c 4d Qc 6h] [Qh]
acemoney1988: checks
ABATAPP: bets $6
acemoney1988: folds
Uncalled bet ($6) returned to ABATAPP
ABATAPP collected $29.50 from pot
ABATAPP: doesn't show hand
*** SUMMARY ***
Total pot $30 | Rake $0.50
Board [2c 4d Qc 6h Qh]
Seat 3: acemoney1988 (big blind) folded on the River
Seat 4: ABATAPP (button) (small blind) collected ($29.50)


PokerStars Hand #171630184814:  Hold'em Limit ($3/$6 USD) - 2017/06/11 8:04:42 ET
Table 'Ninina' 6-max Seat #3 is the button
Seat 3: acemoney1988 ($244.79 in chips)
Seat 4: ABATAPP ($82.38 in chips)
acemoney1988: posts small blind $1
ABATAPP: posts big blind $3
*** HOLE CARDS ***
acemoney1988: raises $3 to $6
ABATAPP: folds
Uncalled bet ($3) returned to acemoney1988
acemoney1988 collected $6 from pot
acemoney1988: doesn't show hand
*** SUMMARY ***
Total pot $6 | Rake $0
Seat 3: acemoney1988 (button) (small blind) collected ($6)
Seat 4: ABATAPP (big blind) folded before Flop


PokerStars Hand #171630229797:  Hold'em Limit ($3/$6 USD) - 2017/06/11 8:06:13 ET
Table 'Ninina' 6-max Seat #3 is the button
Seat 3: acemoney1988 ($212.79 in chips)
Seat 4: ABATAPP ($113.02 in chips)
acemoney1988: posts small blind $1
ABATAPP: posts big blind $3
*** HOLE CARDS ***
acemoney1988: raises $3 to $6
ABATAPP: calls $3
*** FLOP *** [7h Kd 8h]
ABATAPP: checks
acemoney1988: bets $3
ABATAPP: calls $3
*** TURN *** [7h Kd 8h] [As]
ABATAPP: checks
acemoney1988: bets $6
ABATAPP: calls $6
*** RIVER *** [7h Kd 8h As] [5s]
ABATAPP: checks
acemoney1988: checks
*** SHOW DOWN ***
ABATAPP: shows [Kh 6s] (a pair of Kings)
acemoney1988: shows [Ks Qc] (a pair of Kings - Ace+Queen kicker)
acemoney1988 collected $29.50 from pot
*** SUMMARY ***
Total pot $30 | Rake $0.50
Board [7h Kd 8h As 5s]
Seat 3: acemoney1988 (button) (small blind) showed [Ks Qc] and won ($29.50) with a pair of Kings
Seat 4: ABATAPP (big blind) showed [Kh 6s] and lost with a pair of Kings


PokerStars Hand #171630205137:  Hold'em Limit ($3/$6 USD) - 2017/06/11 8:05:23 ET
Table 'Ninina' 6-max Seat #4 is the button
Seat 3: acemoney1988 ($235.79 in chips)
Seat 4: ABATAPP ($90.88 in chips)
ABATAPP: posts small blind $1
acemoney1988: posts big blind $3
*** HOLE CARDS ***
ABATAPP: raises $3 to $6
acemoney1988: calls $3
*** FLOP *** [Ad 4c 8h]
acemoney1988: checks
ABATAPP: bets $3
acemoney1988: calls $3
*** TURN *** [Ad 4c 8h] [Ah]
acemoney1988: checks
ABATAPP: bets $6
acemoney1988: calls $6
*** RIVER *** [Ad 4c 8h Ah] [Qd]
acemoney1988: checks
ABATAPP: checks
*** SHOW DOWN ***
acemoney1988: shows [7h 4h] (two pair, Aces and Fours)
ABATAPP: shows [8d Jc] (two pair, Aces and Eights)
ABATAPP collected $29.50 from pot
*** SUMMARY ***
Total pot $30 | Rake $0.50
Board [Ad 4c 8h Ah Qd]
Seat 3: acemoney1988 (big blind) showed [7h 4h] and lost with two pair, Aces and Fours
Seat 4: ABATAPP (button) (small blind) showed [8d Jc] and won ($29.50) with two pair, Aces and Eights


PokerStars Hand #171630227200:  Hold'em Limit ($3/$6 USD) - 2017/06/11 8:06:07 ET
Table 'Ninina' 6-max Seat #4 is the button
Seat 3: acemoney1988 ($211.79 in chips)
Seat 4: ABATAPP ($114.02 in chips)
ABATAPP: posts small blind $1
acemoney1988: posts big blind $3
*** HOLE CARDS ***
ABATAPP: folds
Uncalled bet ($2) returned to acemoney1988
acemoney1988 collected $2 from pot
acemoney1988: doesn't show hand
*** SUMMARY ***
Total pot $2 | Rake $0
Seat 3: acemoney1988 (big blind) collected ($2)
Seat 4: ABATAPP (button) (small blind) folded before Flop


PokerStars Hand #171630215425:  Hold'em Limit ($3/$6 USD) - 2017/06/11 8:05:44 ET
Table 'Ninina' 6-max Seat #3 is the button
Seat 3: acemoney1988 ($220.79 in chips)
Seat 4: ABATAPP ($105.38 in chips)
acemoney1988: posts small blind $1
ABATAPP: posts big blind $3
*** HOLE CARDS ***
acemoney1988: raises $3 to $6
ABATAPP: calls $3
*** FLOP *** [Ac 2d Ts]
ABATAPP: checks
acemoney1988: bets $3
ABATAPP: calls $3
*** TURN *** [Ac 2d Ts] [8s]
ABATAPP: checks
acemoney1988: checks
*** RIVER *** [Ac 2d Ts 8s] [3h]
ABATAPP: bets $6
acemoney1988: folds
Uncalled bet ($6) returned to ABATAPP
ABATAPP collected $17.64 from pot
ABATAPP: doesn't show hand
*** SUMMARY ***
Total pot $18 | Rake $0.36
Board [Ac 2d Ts 8s 3h]
Seat 3: acemoney1988 (button) (small blind) folded on the River
Seat 4: ABATAPP (big blind) collected ($17.64)


PokerStars Hand #171630240742:  Hold'em Limit ($3/$6 USD) - 2017/06/11 8:06:35 ET
Table 'Ninina' 6-max Seat #4 is the button
Seat 3: acemoney1988 ($227.29 in chips)
Seat 4: ABATAPP ($98.02 in chips)
ABATAPP: posts small blind $1
acemoney1988: posts big blind $3
*** HOLE CARDS ***
ABATAPP: raises $3 to $6
acemoney1988: calls $3
*** FLOP *** [5s Jd 8h]
acemoney1988: checks
ABATAPP: checks
*** TURN *** [5s Jd 8h] [Kd]
acemoney1988: bets $6
ABATAPP: folds
Uncalled bet ($6) returned to acemoney1988
acemoney1988 collected $11.76 from pot
acemoney1988: doesn't show hand
*** SUMMARY ***
Total pot $12 | Rake $0.24
Board [5s Jd 8h Kd]
Seat 3: acemoney1988 (big blind) collected ($11.76)
Seat 4: ABATAPP (button) (small blind) folded on the Turn


PokerStars Hand #171630265135:  Hold'em Limit ($3/$6 USD) - 2017/06/11 8:07:24 ET
Table 'Ninina' 6-max Seat #3 is the button
Seat 3: acemoney1988 ($254.55 in chips)
Seat 4: ABATAPP ($70.02 in chips)
acemoney1988: posts small blind $1
ABATAPP: posts big blind $3
*** HOLE CARDS ***
acemoney1988: calls $2
ABATAPP: checks
*** FLOP *** [7h 2s 7s]
ABATAPP: bets $3
acemoney1988: folds
Uncalled bet ($3) returned to ABATAPP
ABATAPP collected $5.88 from pot
ABATAPP: doesn't show hand
*** SUMMARY ***
Total pot $6 | Rake $0.12
Board [7h 2s 7s]
Seat 3: acemoney1988 (button) (small blind) folded on the Flop
Seat 4: ABATAPP (big blind) collected ($5.88)


PokerStars Hand #171630262538:  Hold'em Limit ($3/$6 USD) - 2017/06/11 8:07:19 ET
Table 'Ninina' 6-max Seat #4 is the button
Seat 3: acemoney1988 ($253.55 in chips)
Seat 4: ABATAPP ($71.02 in chips)
ABATAPP: posts small blind $1
acemoney1988: posts big blind $3
*** HOLE CARDS ***
ABATAPP: folds
Uncalled bet ($2) returned to acemoney1988
acemoney1988 collected $2 from pot
acemoney1988: doesn't show hand
*** SUMMARY ***
Total pot $2 | Rake $0
Seat 3: acemoney1988 (big blind) collected ($2)
Seat 4: ABATAPP (button) (small blind) folded before Flop


PokerStars Hand #171630248402:  Hold'em Limit ($3/$6 USD) - 2017/06/11 8:06:50 ET
Table 'Ninina' 6-max Seat #3 is the button
Seat 3: acemoney1988 ($233.05 in chips)
Seat 4: ABATAPP ($92.02 in chips)
acemoney1988: posts small blind $1
ABATAPP: posts big blind $3
*** HOLE CARDS ***
acemoney1988: raises $3 to $6
ABATAPP: calls $3
*** FLOP *** [3d 3c 6h]
ABATAPP: checks
acemoney1988: bets $3
ABATAPP: calls $3
*** TURN *** [3d 3c 6h] [5d]
ABATAPP: bets $6
acemoney1988: raises $6 to $12
ABATAPP: calls $6
*** RIVER *** [3d 3c 6h 5d] [Ad]
ABATAPP: checks
acemoney1988: checks
*** SHOW DOWN ***
ABATAPP: shows [8s 4s] (a pair of Threes)
acemoney1988: shows [5c Ah] (two pair, Aces and Fives)
acemoney1988 collected $41.50 from pot
*** SUMMARY ***
Total pot $42 | Rake $0.50
Board [3d 3c 6h 5d Ad]
Seat 3: acemoney1988 (button) (small blind) showed [5c Ah] and won ($41.50) with two pair, Aces and Fives
Seat 4: ABATAPP (big blind) showed [8s 4s] and lost with a pair of Threes


PokerStars Hand #171630286121:  Hold'em Limit ($3/$6 USD) - 2017/06/11 8:08:06 ET
Table 'Ninina' 6-max Seat #4 is the button
Seat 3: acemoney1988 ($269.05 in chips)
Seat 4: ABATAPP ($54.90 in chips)
ABATAPP: posts small blind $1
acemoney1988: posts big blind $3
*** HOLE CARDS ***
ABATAPP: raises $3 to $6
acemoney1988: calls $3
*** FLOP *** [Ah 8d 7h]
acemoney1988: checks
ABATAPP: bets $3
acemoney1988: calls $3
*** TURN *** [Ah 8d 7h] [Kd]
acemoney1988: checks
ABATAPP: bets $6
acemoney1988: calls $6
*** RIVER *** [Ah 8d 7h Kd] [6h]
acemoney1988: checks
ABATAPP: checks
*** SHOW DOWN ***
acemoney1988: shows [8c Ts] (a pair of Eights)
ABATAPP: shows [Ks Tc] (a pair of Kings)
ABATAPP collected $29.50 from pot
*** SUMMARY ***
Total pot $30 | Rake $0.50
Board [Ah 8d 7h Kd 6h]
Seat 3: acemoney1988 (big blind) showed [8c Ts] and lost with a pair of Eights
Seat 4: ABATAPP (button) (small blind) showed [Ks Tc] and won ($29.50) with a pair of Kings


PokerStars Hand #171630282988:  Hold'em Limit ($3/$6 USD) - 2017/06/11 8:07:59 ET
Table 'Ninina' 6-max Seat #3 is the button
Seat 3: acemoney1988 ($266.05 in chips)
Seat 4: ABATAPP ($57.90 in chips)
acemoney1988: posts small blind $1
ABATAPP: posts big blind $3
*** HOLE CARDS ***
acemoney1988: raises $3 to $6
ABATAPP: folds
Uncalled bet ($3) returned to acemoney1988
acemoney1988 collected $6 from pot
acemoney1988: doesn't show hand
*** SUMMARY ***
Total pot $6 | Rake $0
Seat 3: acemoney1988 (button) (small blind) collected ($6)
Seat 4: ABATAPP (big blind) folded before Flop


PokerStars Hand #171630271148:  Hold'em Limit ($3/$6 USD) - 2017/06/11 8:07:36 ET
Table 'Ninina' 6-max Seat #4 is the button
Seat 3: acemoney1988 ($251.55 in chips)
Seat 4: ABATAPP ($72.90 in chips)
ABATAPP: posts small blind $1
acemoney1988: posts big blind $3
*** HOLE CARDS ***
ABATAPP: raises $3 to $6
acemoney1988: calls $3
*** FLOP *** [Ks Ad 7s]
acemoney1988: checks
ABATAPP: bets $3
acemoney1988: calls $3
*** TURN *** [Ks Ad 7s] [8s]
acemoney1988: checks
ABATAPP: checks
*** RIVER *** [Ks Ad 7s 8s] [Qc]
acemoney1988: checks
ABATAPP: bets $6
acemoney1988: calls $6
*** SHOW DOWN ***
ABATAPP: shows [5h 2h] (high card Ace)
acemoney1988: shows [Jh 7d] (a pair of Sevens)
acemoney1988 collected $29.50 from pot
*** SUMMARY ***
Total pot $30 | Rake $0.50
Board [Ks Ad 7s 8s Qc]
Seat 3: acemoney1988 (big blind) showed [Jh 7d] and won ($29.50) with a pair of Sevens
Seat 4: ABATAPP (button) (small blind) showed [5h 2h] and lost with high card Ace


PokerStars Hand #171630297558:  Hold'em Limit ($3/$6 USD) - 2017/06/11 8:08:28 ET
Table 'Ninina' 6-max Seat #3 is the button
Seat 3: acemoney1988 ($254.05 in chips)
Seat 4: ABATAPP ($69.40 in chips)
acemoney1988: posts small blind $1
ABATAPP: posts big blind $3
*** HOLE CARDS ***
acemoney1988: raises $3 to $6
ABATAPP: calls $3
*** FLOP *** [4d 2h Qd]
ABATAPP: checks
acemoney1988: bets $3
ABATAPP: calls $3
*** TURN *** [4d 2h Qd] [7s]
ABATAPP: checks
acemoney1988: checks
*** RIVER *** [4d 2h Qd 7s] [7h]
ABATAPP: bets $6
acemoney1988: calls $6
*** SHOW DOWN ***
ABATAPP: shows [5h Th] (a pair of Sevens)
acemoney1988: shows [Kd Ah] (a pair of Sevens - Ace kicker)
acemoney1988 collected $29.50 from pot
*** SUMMARY ***
Total pot $30 | Rake $0.50
Board [4d 2h Qd 7s 7h]
Seat 3: acemoney1988 (button) (small blind) showed [Kd Ah] and won ($29.50) with a pair of Sevens
Seat 4: ABATAPP (big blind) showed [5h Th] and lost with a pair of Sevens


PokerStars Hand #171630317913:  Hold'em Limit ($3/$6 USD) - 2017/06/11 8:09:09 ET
Table 'Ninina' 6-max Seat #3 is the button
Seat 3: acemoney1988 ($238.55 in chips)
Seat 4: ABATAPP ($83.90 in chips)
acemoney1988: posts small blind $1
ABATAPP: posts big blind $3
*** HOLE CARDS ***
acemoney1988: folds
Uncalled bet ($2) returned to ABATAPP
ABATAPP collected $2 from pot
ABATAPP: doesn't show hand
*** SUMMARY ***
Total pot $2 | Rake $0
Seat 3: acemoney1988 (button) (small blind) folded before Flop
Seat 4: ABATAPP (big blind) collected ($2)


PokerStars Hand #171630307602:  Hold'em Limit ($3/$6 USD) - 2017/06/11 8:08:49 ET
Table 'Ninina' 6-max Seat #4 is the button
Seat 3: acemoney1988 ($268.55 in chips)
Seat 4: ABATAPP ($54.40 in chips)
ABATAPP: posts small blind $1
acemoney1988: posts big blind $3
*** HOLE CARDS ***
ABATAPP: raises $3 to $6
acemoney1988: raises $3 to $9
ABATAPP: calls $3
*** FLOP *** [Qc 8c Js]
acemoney1988: bets $3
ABATAPP: calls $3
*** TURN *** [Qc 8c Js] [2c]
acemoney1988: bets $6
Hannibal2211 joins the table at seat #2
ABATAPP: raises $6 to $12
acemoney1988: calls $6
*** RIVER *** [Qc 8c Js 2c] [8d]
acemoney1988: checks
ABATAPP: bets $6
acemoney1988: calls $6
*** SHOW DOWN ***
ABATAPP: shows [Ac 4c] (a flush, Ace high)
acemoney1988: mucks hand
ABATAPP collected $59.50 from pot
*** SUMMARY ***
Total pot $60 | Rake $0.50
Board [Qc 8c Js 2c 8d]
Seat 3: acemoney1988 (big blind) mucked
Seat 4: ABATAPP (button) (small blind) showed [Ac 4c] and won ($59.50) with a flush, Ace high


PokerStars Hand #171631999164:  Hold'em Limit ($3/$6 USD) - 2017/06/11 9:03:44 ET
Table 'Ninina' 6-max Seat #4 is the button
Seat 4: ABATAPP ($76.17 in chips)
Seat 6: xxPSRxx ($199.09 in chips)
hookonhook will be allowed to play after the button
ABATAPP: posts small blind $1
xxPSRxx: posts big blind $3
*** HOLE CARDS ***
ABATAPP: raises $3 to $6
xxPSRxx: calls $3
*** FLOP *** [6h Qc Ks]
xxPSRxx: checks
ABATAPP: bets $3
xxPSRxx: raises $3 to $6
ABATAPP: calls $3
*** TURN *** [6h Qc Ks] [2s]
xxPSRxx: bets $6
ABATAPP: folds
Uncalled bet ($6) returned to xxPSRxx
xxPSRxx collected $23.52 from pot
xxPSRxx: doesn't show hand
*** SUMMARY ***
Total pot $24 | Rake $0.48
Board [6h Qc Ks 2s]
Seat 4: ABATAPP (button) (small blind) folded on the Turn
Seat 6: xxPSRxx (big blind) collected ($23.52)


PokerStars Hand #171632513611:  Hold'em Limit ($3/$6 USD) - 2017/06/11 9:18:35 ET
Table 'Ninina' 6-max Seat #6 is the button
Seat 1: hookonhook ($40.33 in chips)
Seat 6: xxPSRxx ($206.36 in chips)
xxPSRxx: posts small blind $1
hookonhook: posts big blind $3
*** HOLE CARDS ***
xxPSRxx: raises $3 to $6
hookonhook: calls $3
*** FLOP *** [Jc 2d Tc]
hookonhook: checks
xxPSRxx: bets $3
hookonhook: folds
Uncalled bet ($3) returned to xxPSRxx
xxPSRxx collected $11.76 from pot
xxPSRxx: doesn't show hand
*** SUMMARY ***
Total pot $12 | Rake $0.24
Board [Jc 2d Tc]
Seat 1: hookonhook (big blind) folded on the Flop
Seat 6: xxPSRxx (button) (small blind) collected ($11.76)


PokerStars Hand #171632502389:  Hold'em Limit ($3/$6 USD) - 2017/06/11 9:18:16 ET
Table 'Ninina' 6-max Seat #1 is the button
Seat 1: hookonhook ($22.83 in chips)
Seat 6: xxPSRxx ($224.36 in chips)
hookonhook: posts small blind $1
Velbor107: is sitting out
xxPSRxx: posts big blind $3
*** HOLE CARDS ***
hookonhook: raises $3 to $6
Velbor107 leaves the table
xxPSRxx: calls $3
*** FLOP *** [3h Ks As]
xxPSRxx: checks
hookonhook: bets $3
xxPSRxx: raises $3 to $6
hookonhook: calls $3
*** TURN *** [3h Ks As] [Qc]
xxPSRxx: bets $6
hookonhook: raises $4.83 to $10.83 and is all-in
xxPSRxx: folds
Uncalled bet ($4.83) returned to hookonhook
hookonhook collected $35.50 from pot
*** SUMMARY ***
Total pot $36 | Rake $0.50
Board [3h Ks As Qc]
Seat 1: hookonhook (button) (small blind) collected ($35.50)
Seat 6: xxPSRxx (big blind) folded on the Turn


PokerStars Hand #171632536960:  Hold'em Limit ($3/$6 USD) - 2017/06/11 9:19:15 ET
Table 'Ninina' 6-max Seat #6 is the button
Seat 1: hookonhook ($58.83 in chips)
Seat 6: xxPSRxx ($187.12 in chips)
xxPSRxx: posts small blind $1
hookonhook: posts big blind $3
*** HOLE CARDS ***
xxPSRxx: raises $3 to $6
hookonhook: calls $3
*** FLOP *** [Kd 8s Qs]
hookonhook: checks
xxPSRxx: bets $3
hookonhook: calls $3
*** TURN *** [Kd 8s Qs] [5d]
hookonhook: checks
xxPSRxx: checks
*** RIVER *** [Kd 8s Qs 5d] [Th]
hookonhook: checks
xxPSRxx: checks
*** SHOW DOWN ***
hookonhook: shows [Ac 3h] (high card Ace)
xxPSRxx: shows [8d 6d] (a pair of Eights)
xxPSRxx collected $17.64 from pot
*** SUMMARY ***
Total pot $18 | Rake $0.36
Board [Kd 8s Qs 5d Th]
Seat 1: hookonhook (big blind) showed [Ac 3h] and lost with high card Ace
Seat 6: xxPSRxx (button) (small blind) showed [8d 6d] and won ($17.64) with a pair of Eights


PokerStars Hand #171632522519:  Hold'em Limit ($3/$6 USD) - 2017/06/11 9:18:50 ET
Table 'Ninina' 6-max Seat #6 is the button
Seat 1: hookonhook ($37.33 in chips)
Seat 6: xxPSRxx ($209.12 in chips)
xxPSRxx: posts small blind $1
hookonhook: posts big blind $3
*** HOLE CARDS ***
xxPSRxx: folds
Uncalled bet ($2) returned to hookonhook
hookonhook collected $2 from pot
*** SUMMARY ***
Total pot $2 | Rake $0
Seat 1: hookonhook (big blind) collected ($2)
Seat 6: xxPSRxx (button) (small blind) folded before Flop


PokerStars Hand #171632518761:  Hold'em Limit ($3/$6 USD) - 2017/06/11 9:18:44 ET
Table 'Ninina' 6-max Seat #1 is the button
Seat 1: hookonhook ($34.33 in chips)
Seat 6: xxPSRxx ($212.12 in chips)
hookonhook: posts small blind $1
xxPSRxx: posts big blind $3
*** HOLE CARDS ***
hookonhook: raises $3 to $6
xxPSRxx: folds
Uncalled bet ($3) returned to hookonhook
hookonhook collected $6 from pot
*** SUMMARY ***
Total pot $6 | Rake $0
Seat 1: hookonhook (button) (small blind) collected ($6)
Seat 6: xxPSRxx (big blind) folded before Flop


PokerStars Hand #171632525392:  Hold'em Limit ($3/$6 USD) - 2017/06/11 9:18:55 ET
Table 'Ninina' 6-max Seat #1 is the button
Seat 1: hookonhook ($38.33 in chips)
Seat 6: xxPSRxx ($208.12 in chips)
hookonhook: posts small blind $1
xxPSRxx: posts big blind $3
*** HOLE CARDS ***
hookonhook: raises $3 to $6
xxPSRxx: calls $3
*** FLOP *** [Kd Qh Kc]
xxPSRxx: checks
hookonhook: bets $3
xxPSRxx: calls $3
*** TURN *** [Kd Qh Kc] [5c]
xxPSRxx: checks
hookonhook: bets $6
xxPSRxx: calls $6
*** RIVER *** [Kd Qh Kc 5c] [Jc]
xxPSRxx: checks
hookonhook: bets $6
xxPSRxx: calls $6
*** SHOW DOWN ***
hookonhook: shows [2c Qc] (a flush, King high)
xxPSRxx: mucks hand
hookonhook collected $41.50 from pot
*** SUMMARY ***
Total pot $42 | Rake $0.50
Board [Kd Qh Kc 5c Jc]
Seat 1: hookonhook (button) (small blind) showed [2c Qc] and won ($41.50) with a flush, King high
Seat 6: xxPSRxx (big blind) mucked


PokerStars Hand #171632586990:  Hold'em Limit ($3/$6 USD) - 2017/06/11 9:20:32 ET
Table 'Ninina' 6-max Seat #6 is the button
Seat 1: hookonhook ($57.97 in chips)
Seat 6: xxPSRxx ($186.26 in chips)
xxPSRxx: posts small blind $1
hookonhook: posts big blind $3
*** HOLE CARDS ***
xxPSRxx: folds
Uncalled bet ($2) returned to hookonhook
hookonhook collected $2 from pot
*** SUMMARY ***
Total pot $2 | Rake $0
Seat 1: hookonhook (big blind) collected ($2)
Seat 6: xxPSRxx (button) (small blind) folded before Flop


PokerStars Hand #171632564992:  Hold'em Limit ($3/$6 USD) - 2017/06/11 9:19:55 ET
Table 'Ninina' 6-max Seat #6 is the button
Seat 1: hookonhook ($58.47 in chips)
Seat 6: xxPSRxx ($186.76 in chips)
xxPSRxx: posts small blind $1
hookonhook: posts big blind $3
*** HOLE CARDS ***
xxPSRxx: raises $3 to $6
hookonhook: calls $3
*** FLOP *** [Tc 6h 5c]
hookonhook: checks
xxPSRxx: checks
*** TURN *** [Tc 6h 5c] [7s]
hookonhook: bets $6
xxPSRxx: raises $6 to $12
hookonhook: calls $6
*** RIVER *** [Tc 6h 5c 7s] [9d]
hookonhook: checks
xxPSRxx: checks
*** SHOW DOWN ***
hookonhook: shows [8d Qh] (a straight, Six to Ten)
xxPSRxx: mucks hand
hookonhook collected $35.50 from pot
*** SUMMARY ***
Total pot $36 | Rake $0.50
Board [Tc 6h 5c 7s 9d]
Seat 1: hookonhook (big blind) showed [8d Qh] and won ($35.50) with a straight, Six to Ten
Seat 6: xxPSRxx (button) (small blind) mucked


PokerStars Hand #171632576035:  Hold'em Limit ($3/$6 USD) - 2017/06/11 9:20:14 ET
Table 'Ninina' 6-max Seat #1 is the button
Seat 1: hookonhook ($75.97 in chips)
Seat 6: xxPSRxx ($168.76 in chips)
hookonhook: posts small blind $1
xxPSRxx: posts big blind $3
*** HOLE CARDS ***
hookonhook: raises $3 to $6
xxPSRxx: raises $3 to $9
hookonhook: calls $3
*** FLOP *** [Kc 3d Ac]
xxPSRxx: bets $3
hookonhook: calls $3
*** TURN *** [Kc 3d Ac] [Jc]
xxPSRxx: checks
hookonhook: checks
*** RIVER *** [Kc 3d Ac Jc] [Kd]
xxPSRxx: bets $6
hookonhook: calls $6
*** SHOW DOWN ***
xxPSRxx: shows [Kh Ts] (three of a kind, Kings)
hookonhook: mucks hand
xxPSRxx collected $35.50 from pot
*** SUMMARY ***
Total pot $36 | Rake $0.50
Board [Kc 3d Ac Jc Kd]
Seat 1: hookonhook (button) (small blind) mucked
Seat 6: xxPSRxx (big blind) showed [Kh Ts] and won ($35.50) with three of a kind, Kings


PokerStars Hand #171632550384:  Hold'em Limit ($3/$6 USD) - 2017/06/11 9:19:38 ET
Table 'Ninina' 6-max Seat #1 is the button
Seat 1: hookonhook ($49.83 in chips)
Seat 6: xxPSRxx ($195.76 in chips)
hookonhook: posts small blind $1
xxPSRxx: posts big blind $3
*** HOLE CARDS ***
hookonhook: raises $3 to $6
xxPSRxx: calls $3
*** FLOP *** [9h 4d 2s]
xxPSRxx: checks
hookonhook: bets $3
xxPSRxx: calls $3
*** TURN *** [9h 4d 2s] [Qh]
xxPSRxx: checks
hookonhook: bets $6
xxPSRxx: folds
Uncalled bet ($6) returned to hookonhook
hookonhook collected $17.64 from pot
*** SUMMARY ***
Total pot $18 | Rake $0.36
Board [9h 4d 2s Qh]
Seat 1: hookonhook (button) (small blind) collected ($17.64)
Seat 6: xxPSRxx (big blind) folded on the Turn


PokerStars Hand #171632626506:  Hold'em Limit ($3/$6 USD) - 2017/06/11 9:21:39 ET
Table 'Ninina' 6-max Seat #6 is the button
Seat 1: hookonhook ($97.97 in chips)
Seat 6: xxPSRxx ($145.26 in chips)
xxPSRxx: posts small blind $1
hookonhook: posts big blind $3
*** HOLE CARDS ***
xxPSRxx: folds
Uncalled bet ($2) returned to hookonhook
hookonhook collected $2 from pot
*** SUMMARY ***
Total pot $2 | Rake $0
Seat 1: hookonhook (big blind) collected ($2)
Seat 6: xxPSRxx (button) (small blind) folded before Flop


PokerStars Hand #171632607005:  Hold'em Limit ($3/$6 USD) - 2017/06/11 9:21:06 ET
Table 'Ninina' 6-max Seat #1 is the button
Seat 1: hookonhook ($74.47 in chips)
Seat 6: xxPSRxx ($169.26 in chips)
hookonhook: posts small blind $1
xxPSRxx: posts big blind $3
*** HOLE CARDS ***
hookonhook: raises $3 to $6
xxPSRxx: raises $3 to $9
hookonhook: calls $3
*** FLOP *** [Qd Jd Th]
xxPSRxx: bets $3
hookonhook: calls $3
*** TURN *** [Qd Jd Th] [4d]
xxPSRxx: bets $6
hookonhook: calls $6
*** RIVER *** [Qd Jd Th 4d] [3s]
xxPSRxx: bets $6
hookonhook: calls $6
*** SHOW DOWN ***
xxPSRxx: shows [8d Ks] (high card King)
hookonhook: shows [Td Ac] (a pair of Tens)
hookonhook collected $47.50 from pot
*** SUMMARY ***
Total pot $48 | Rake $0.50
Board [Qd Jd Th 4d 3s]
Seat 1: hookonhook (button) (small blind) showed [Td Ac] and won ($47.50) with a pair of Tens
Seat 6: xxPSRxx (big blind) showed [8d Ks] and lost with high card King


PokerStars Hand #171632602625:  Hold'em Limit ($3/$6 USD) - 2017/06/11 9:20:59 ET
Table 'Ninina' 6-max Seat #6 is the button
Seat 1: hookonhook ($73.47 in chips)
Seat 6: xxPSRxx ($170.26 in chips)
xxPSRxx: posts small blind $1
hookonhook: posts big blind $3
*** HOLE CARDS ***
xxPSRxx: folds
Uncalled bet ($2) returned to hookonhook
hookonhook collected $2 from pot
*** SUMMARY ***
Total pot $2 | Rake $0
Seat 1: hookonhook (big blind) collected ($2)
Seat 6: xxPSRxx (button) (small blind) folded before Flop


PokerStars Hand #171632641876:  Hold'em Limit ($3/$6 USD) - 2017/06/11 9:22:05 ET
Table 'Ninina' 6-max Seat #6 is the button
Seat 1: hookonhook ($93.97 in chips)
Seat 6: xxPSRxx ($148.90 in chips)
xxPSRxx: posts small blind $1
hookonhook: posts big blind $3
*** HOLE CARDS ***
xxPSRxx: raises $3 to $6
hookonhook: calls $3
*** FLOP *** [5c Kc 4h]
hookonhook: checks
xxPSRxx: bets $3
hookonhook: raises $3 to $6
xxPSRxx: calls $3
*** TURN *** [5c Kc 4h] [5d]
hookonhook: bets $6
xxPSRxx: folds
Uncalled bet ($6) returned to hookonhook
hookonhook collected $23.52 from pot
*** SUMMARY ***
Total pot $24 | Rake $0.48
Board [5c Kc 4h 5d]
Seat 1: hookonhook (big blind) collected ($23.52)
Seat 6: xxPSRxx (button) (small blind) folded on the Turn


PokerStars Hand #171632651732:  Hold'em Limit ($3/$6 USD) - 2017/06/11 9:22:22 ET
Table 'Ninina' 6-max Seat #1 is the button
Seat 1: hookonhook ($105.49 in chips)
Seat 6: xxPSRxx ($136.90 in chips)
hookonhook: posts small blind $1
xxPSRxx: posts big blind $3
*** HOLE CARDS ***
hookonhook: folds
Uncalled bet ($2) returned to xxPSRxx
xxPSRxx collected $2 from pot
xxPSRxx: doesn't show hand
*** SUMMARY ***
Total pot $2 | Rake $0
Seat 1: hookonhook (button) (small blind) folded before Flop
Seat 6: xxPSRxx (big blind) collected ($2)


PokerStars Hand #171632632938:  Hold'em Limit ($3/$6 USD) - 2017/06/11 9:21:50 ET
Table 'Ninina' 6-max Seat #6 is the button
Seat 1: hookonhook ($101.97 in chips)
Seat 6: xxPSRxx ($141.26 in chips)
xxPSRxx: posts small blind $1
hookonhook: posts big blind $3
*** HOLE CARDS ***
xxPSRxx: folds
Uncalled bet ($2) returned to hookonhook
hookonhook collected $2 from pot
*** SUMMARY ***
Total pot $2 | Rake $0
Seat 1: hookonhook (big blind) collected ($2)
Seat 6: xxPSRxx (button) (small blind) folded before Flop


PokerStars Hand #171632629491:  Hold'em Limit ($3/$6 USD) - 2017/06/11 9:21:44 ET
Table 'Ninina' 6-max Seat #1 is the button
Seat 1: hookonhook ($98.97 in chips)
Seat 6: xxPSRxx ($144.26 in chips)
hookonhook: posts small blind $1
xxPSRxx: posts big blind $3
*** HOLE CARDS ***
hookonhook: raises $3 to $6
xxPSRxx: folds
Uncalled bet ($3) returned to hookonhook
hookonhook collected $6 from pot
*** SUMMARY ***
Total pot $6 | Rake $0
Seat 1: hookonhook (button) (small blind) collected ($6)
Seat 6: xxPSRxx (big blind) folded before Flop


PokerStars Hand #171632654764:  Hold'em Limit ($3/$6 USD) - 2017/06/11 9:22:27 ET
Table 'Ninina' 6-max Seat #6 is the button
Seat 1: hookonhook ($104.49 in chips)
Seat 6: xxPSRxx ($137.90 in chips)
xxPSRxx: posts small blind $1
hookonhook: posts big blind $3
*** HOLE CARDS ***
xxPSRxx: raises $3 to $6
hookonhook: raises $3 to $9
xxPSRxx: calls $3
*** FLOP *** [9s Th Kh]
hookonhook: bets $3
xxPSRxx: calls $3
*** TURN *** [9s Th Kh] [Jd]
hookonhook: bets $6
xxPSRxx: calls $6
*** RIVER *** [9s Th Kh Jd] [7s]
hookonhook: bets $6
xxPSRxx: calls $6
*** SHOW DOWN ***
hookonhook: shows [Qh Qc] (a straight, Nine to King)
xxPSRxx: mucks hand
hookonhook collected $47.50 from pot
*** SUMMARY ***
Total pot $48 | Rake $0.50
Board [9s Th Kh Jd 7s]
Seat 1: hookonhook (big blind) showed [Qh Qc] and won ($47.50) with a straight, Nine to King
Seat 6: xxPSRxx (button) (small blind) mucked


PokerStars Hand #171632683029:  Hold'em Limit ($3/$6 USD) - 2017/06/11 9:23:15 ET
Table 'Ninina' 6-max Seat #6 is the button
Seat 1: hookonhook ($109.99 in chips)
Seat 6: xxPSRxx ($131.40 in chips)
xxPSRxx: posts small blind $1
hookonhook: posts big blind $3
*** HOLE CARDS ***
xxPSRxx: raises $3 to $6
hookonhook: raises $3 to $9
xxPSRxx: raises $3 to $12
Betting is capped
hookonhook: calls $3
*** FLOP *** [3h Td Ts]
hookonhook: bets $3
xxPSRxx: calls $3
*** TURN *** [3h Td Ts] [Js]
hookonhook: bets $6
xxPSRxx: calls $6
*** RIVER *** [3h Td Ts Js] [9d]
hookonhook: checks
xxPSRxx: checks
*** SHOW DOWN ***
hookonhook: shows [Ah Th] (three of a kind, Tens)
xxPSRxx: mucks hand
hookonhook collected $41.50 from pot
*** SUMMARY ***
Total pot $42 | Rake $0.50
Board [3h Td Ts Js 9d]
Seat 1: hookonhook (big blind) showed [Ah Th] and won ($41.50) with three of a kind, Tens
Seat 6: xxPSRxx (button) (small blind) mucked


PokerStars Hand #171632714350:  Hold'em Limit ($3/$6 USD) - 2017/06/11 9:24:09 ET
Table 'Ninina' 6-max Seat #6 is the button
Seat 1: hookonhook ($112.49 in chips)
Seat 6: xxPSRxx ($127.90 in chips)
xxPSRxx: posts small blind $1
hookonhook: posts big blind $3
*** HOLE CARDS ***
xxPSRxx: raises $3 to $6
hookonhook: folds
Uncalled bet ($3) returned to xxPSRxx
xxPSRxx collected $6 from pot
xxPSRxx: doesn't show hand
*** SUMMARY ***
Total pot $6 | Rake $0
Seat 1: hookonhook (big blind) folded before Flop
Seat 6: xxPSRxx (button) (small blind) collected ($6)


PokerStars Hand #171632694907:  Hold'em Limit ($3/$6 USD) - 2017/06/11 9:23:35 ET
Table 'Ninina' 6-max Seat #1 is the button
Seat 1: hookonhook ($130.49 in chips)
Seat 6: xxPSRxx ($110.40 in chips)
hookonhook: posts small blind $1
xxPSRxx: posts big blind $3
*** HOLE CARDS ***
hookonhook: raises $3 to $6
xxPSRxx: raises $3 to $9
hookonhook: calls $3
*** FLOP *** [7c Qd 9c]
xxPSRxx: bets $3
hookonhook: calls $3
*** TURN *** [7c Qd 9c] [9h]
xxPSRxx: checks
hookonhook: bets $6
xxPSRxx: calls $6
*** RIVER *** [7c Qd 9c 9h] [Kh]
xxPSRxx: checks
hookonhook: checks
*** SHOW DOWN ***
xxPSRxx: shows [Jc Js] (two pair, Jacks and Nines)
hookonhook: mucks hand
xxPSRxx collected $35.50 from pot
*** SUMMARY ***
Total pot $36 | Rake $0.50
Board [7c Qd 9c 9h Kh]
Seat 1: hookonhook (button) (small blind) mucked
Seat 6: xxPSRxx (big blind) showed [Jc Js] and won ($35.50) with two pair, Jacks and Nines


PokerStars Hand #171632730136:  Hold'em Limit ($3/$6 USD) - 2017/06/11 9:24:35 ET
Table 'Ninina' 6-max Seat #6 is the button
Seat 1: hookonhook ($126.99 in chips)
Seat 6: xxPSRxx ($112.90 in chips)
xxPSRxx: posts small blind $1
hookonhook: posts big blind $3
*** HOLE CARDS ***
xxPSRxx: raises $3 to $6
hookonhook: calls $3
*** FLOP *** [5c Js 4d]
hookonhook: checks
xxPSRxx: checks
*** TURN *** [5c Js 4d] [Qd]
hookonhook: bets $6
xxPSRxx: calls $6
*** RIVER *** [5c Js 4d Qd] [Kc]
hookonhook: bets $6
xxPSRxx: raises $6 to $12
hookonhook: calls $6
*** SHOW DOWN ***
xxPSRxx: shows [Ad Tc] (a straight, Ten to Ace)
hookonhook: mucks hand
xxPSRxx collected $47.50 from pot
*** SUMMARY ***
Total pot $48 | Rake $0.50
Board [5c Js 4d Qd Kc]
Seat 1: hookonhook (big blind) mucked
Seat 6: xxPSRxx (button) (small blind) showed [Ad Tc] and won ($47.50) with a straight, Ten to Ace


PokerStars Hand #171632753603:  Hold'em Limit ($3/$6 USD) - 2017/06/11 9:25:15 ET
Table 'Ninina' 6-max Seat #6 is the button
Seat 1: hookonhook ($114.51 in chips)
Seat 6: xxPSRxx ($124.40 in chips)
xxPSRxx: posts small blind $1
hookonhook: posts big blind $3
*** HOLE CARDS ***
xxPSRxx: raises $3 to $6
hookonhook: calls $3
*** FLOP *** [6h Jh 2d]
hookonhook: checks
xxPSRxx: bets $3
hookonhook: folds
Uncalled bet ($3) returned to xxPSRxx
xxPSRxx collected $11.76 from pot
xxPSRxx: doesn't show hand
*** SUMMARY ***
Total pot $12 | Rake $0.24
Board [6h Jh 2d]
Seat 1: hookonhook (big blind) folded on the Flop
Seat 6: xxPSRxx (button) (small blind) collected ($11.76)


PokerStars Hand #171632742502:  Hold'em Limit ($3/$6 USD) - 2017/06/11 9:24:56 ET
Table 'Ninina' 6-max Seat #1 is the button
Seat 1: hookonhook ($102.99 in chips)
Seat 6: xxPSRxx ($136.40 in chips)
hookonhook: posts small blind $1
xxPSRxx: posts big blind $3
*** HOLE CARDS ***
hookonhook: raises $3 to $6
xxPSRxx: raises $3 to $9
hookonhook: calls $3
*** FLOP *** [2d Js Jd]
xxPSRxx: checks
hookonhook: bets $3
xxPSRxx: calls $3
*** TURN *** [2d Js Jd] [5s]
xxPSRxx: checks
hookonhook: bets $6
xxPSRxx: folds
Uncalled bet ($6) returned to hookonhook
hookonhook collected $23.52 from pot
*** SUMMARY ***
Total pot $24 | Rake $0.48
Board [2d Js Jd 5s]
Seat 1: hookonhook (button) (small blind) collected ($23.52)
Seat 6: xxPSRxx (big blind) folded on the Turn


PokerStars Hand #171632759396:  Hold'em Limit ($3/$6 USD) - 2017/06/11 9:25:25 ET
Table 'Ninina' 6-max Seat #1 is the button
Seat 1: hookonhook ($108.51 in chips)
Seat 6: xxPSRxx ($130.16 in chips)
hookonhook: posts small blind $1
xxPSRxx: posts big blind $3
*** HOLE CARDS ***
hookonhook: raises $3 to $6
xxPSRxx: calls $3
*** FLOP *** [8h Qc 4c]
xxPSRxx: checks
hookonhook: bets $3
xxPSRxx: calls $3
*** TURN *** [8h Qc 4c] [5c]
xxPSRxx: checks
hookonhook: bets $6
xxPSRxx: calls $6
*** RIVER *** [8h Qc 4c 5c] [3h]
xxPSRxx: checks
hookonhook: bets $6
xxPSRxx: calls $6
*** SHOW DOWN ***
hookonhook: shows [6s 7s] (a straight, Four to Eight)
xxPSRxx: mucks hand
KidTaxMan joins the table at seat #3
hookonhook collected $41.50 from pot
*** SUMMARY ***
Total pot $42 | Rake $0.50
Board [8h Qc 4c 5c 3h]
Seat 1: hookonhook (button) (small blind) showed [6s 7s] and won ($41.50) with a straight, Four to Eight
Seat 6: xxPSRxx (big blind) mucked


PokerStars Hand #171632775561:  Hold'em Limit ($3/$6 USD) - 2017/06/11 9:25:52 ET
Table 'Ninina' 6-max Seat #6 is the button
Seat 1: hookonhook ($129.01 in chips)
Seat 6: xxPSRxx ($109.16 in chips)
xxPSRxx: posts small blind $1
hookonhook: posts big blind $3
*** HOLE CARDS ***
xxPSRxx: folds
Uncalled bet ($2) returned to hookonhook
hookonhook collected $2 from pot
*** SUMMARY ***
Total pot $2 | Rake $0
Seat 1: hookonhook (big blind) collected ($2)
Seat 6: xxPSRxx (button) (small blind) folded before Flop


PokerStars Hand #171633875222:  Hold'em Limit ($3/$6 USD) - 2017/06/11 9:57:08 ET
Table 'Ninina' 6-max Seat #3 is the button
Seat 1: hookonhook ($36.63 in chips)
Seat 3: KidTaxMan ($257.61 in chips)
KidTaxMan: posts small blind $1
hookonhook: posts big blind $3
*** HOLE CARDS ***
KidTaxMan: raises $3 to $6
hookonhook: calls $3
*** FLOP *** [Jh 7d 7c]
hookonhook: checks
KidTaxMan: bets $3
hookonhook: raises $3 to $6
KidTaxMan: calls $3
*** TURN *** [Jh 7d 7c] [6h]
hookonhook: bets $6
KidTaxMan: calls $6
*** RIVER *** [Jh 7d 7c 6h] [Td]
hookonhook: bets $6
KidTaxMan: calls $6
*** SHOW DOWN ***
hookonhook: shows [3h Kh] (a pair of Sevens)
KidTaxMan: shows [9h 9s] (two pair, Nines and Sevens)
KidTaxMan collected $47.50 from pot
*** SUMMARY ***
Total pot $48 | Rake $0.50
Board [Jh 7d 7c 6h Td]
Seat 1: hookonhook (big blind) showed [3h Kh] and lost with a pair of Sevens
Seat 3: KidTaxMan (button) (small blind) showed [9h 9s] and won ($47.50) with two pair, Nines and Sevens


PokerStars Hand #171633888283:  Hold'em Limit ($3/$6 USD) - 2017/06/11 9:57:34 ET
Table 'Ninina' 6-max Seat #3 is the button
Seat 1: hookonhook ($81.11 in chips)
Seat 3: KidTaxMan ($282.11 in chips)
KidTaxMan: posts small blind $1
hookonhook: posts big blind $3
*** HOLE CARDS ***
KidTaxMan: folds
Uncalled bet ($2) returned to hookonhook
hookonhook collected $2 from pot
*** SUMMARY ***
Total pot $2 | Rake $0
Seat 1: hookonhook (big blind) collected ($2)
Seat 3: KidTaxMan (button) (small blind) folded before Flop


PokerStars Hand #171633872601:  Hold'em Limit ($3/$6 USD) - 2017/06/11 9:57:03 ET
Table 'Ninina' 6-max Seat #1 is the button
Seat 1: hookonhook ($37.63 in chips)
Seat 3: KidTaxMan ($256.61 in chips)
hookonhook: posts small blind $1
KidTaxMan: posts big blind $3
*** HOLE CARDS ***
hookonhook: folds
Uncalled bet ($2) returned to KidTaxMan
KidTaxMan collected $2 from pot
*** SUMMARY ***
Total pot $2 | Rake $0
Seat 1: hookonhook (button) (small blind) folded before Flop
Seat 3: KidTaxMan (big blind) collected ($2)


PokerStars Hand #171633867070:  Hold'em Limit ($3/$6 USD) - 2017/06/11 9:56:51 ET
Table 'Ninina' 6-max Seat #3 is the button
Seat 1: hookonhook ($28.99 in chips)
Seat 3: KidTaxMan ($265.61 in chips)
KidTaxMan: posts small blind $1
Velbor107: is sitting out
hookonhook: posts big blind $3
*** HOLE CARDS ***
KidTaxMan: raises $3 to $6
hookonhook: raises $3 to $9
Velbor107 leaves the table
KidTaxMan: calls $3
*** FLOP *** [9s Kd 5d]
hookonhook: bets $3
KidTaxMan: folds
Uncalled bet ($3) returned to hookonhook
hookonhook collected $17.64 from pot
*** SUMMARY ***
Total pot $18 | Rake $0.36
Board [9s Kd 5d]
Seat 1: hookonhook (big blind) collected ($17.64)
Seat 3: KidTaxMan (button) (small blind) folded on the Flop


PokerStars Hand #171633890820:  Hold'em Limit ($3/$6 USD) - 2017/06/11 9:57:39 ET
Table 'Ninina' 6-max Seat #1 is the button
Seat 1: hookonhook ($82.11 in chips)
Seat 3: KidTaxMan ($281.11 in chips)
hookonhook: posts small blind $1
KidTaxMan: posts big blind $3
*** HOLE CARDS ***
hookonhook: raises $3 to $6
KidTaxMan: raises $3 to $9
hookonhook: calls $3
*** FLOP *** [4c 8c Jc]
KidTaxMan: bets $3
hookonhook: raises $3 to $6
KidTaxMan: calls $3
*** TURN *** [4c 8c Jc] [6s]
KidTaxMan: checks
hookonhook: bets $6
KidTaxMan: calls $6
*** RIVER *** [4c 8c Jc 6s] [Tc]
KidTaxMan: checks
hookonhook: bets $6
KidTaxMan: folds
Uncalled bet ($6) returned to hookonhook
hookonhook collected $41.50 from pot
*** SUMMARY ***
Total pot $42 | Rake $0.50
Board [4c 8c Jc 6s Tc]
Seat 1: hookonhook (button) (small blind) collected ($41.50)
Seat 3: KidTaxMan (big blind) folded on the River


PokerStars Hand #171633901052:  Hold'em Limit ($3/$6 USD) - 2017/06/11 9:58:00 ET
Table 'Ninina' 6-max Seat #3 is the button
Seat 1: hookonhook ($102.61 in chips)
Seat 3: KidTaxMan ($260.11 in chips)
KidTaxMan: posts small blind $1
hookonhook: posts big blind $3
*** HOLE CARDS ***
KidTaxMan: raises $3 to $6
hookonhook: raises $3 to $9
KidTaxMan: calls $3
*** FLOP *** [Jc 4h Jh]
hookonhook: bets $3
KidTaxMan: calls $3
*** TURN *** [Jc 4h Jh] [9c]
hookonhook: bets $6
KidTaxMan: raises $6 to $12
hookonhook: raises $6 to $18
KidTaxMan: calls $6
*** RIVER *** [Jc 4h Jh 9c] [As]
hookonhook: bets $6
KidTaxMan: folds
Uncalled bet ($6) returned to hookonhook
hookonhook collected $59.50 from pot
*** SUMMARY ***
Total pot $60 | Rake $0.50
Board [Jc 4h Jh 9c As]
Seat 1: hookonhook (big blind) collected ($59.50)
Seat 3: KidTaxMan (button) (small blind) folded on the River


