PokerStars Hand #155020497924:  Hold'em Limit ($3/$6 USD) - 2016/06/21 11:22:01 ET
Table 'Ninina II' 10-max Seat #6 is the button
Seat 5: simper11 ($120 in chips)
Seat 6: Tryptamean ($120.76 in chips)
Tryptamean: posts small blind $1
simper11: posts big blind $3
*** HOLE CARDS ***
Tryptamean: raises $3 to $6
simper11: calls $3
*** FLOP *** [Qc 2d 6s]
simper11: checks
Tryptamean: bets $3
simper11: calls $3
*** TURN *** [Qc 2d 6s] [6h]
simper11: checks
Tryptamean: checks
*** RIVER *** [Qc 2d 6s 6h] [9s]
simper11: checks
Tryptamean: bets $6
simper11: folds
Uncalled bet ($6) returned to Tryptamean
Tryptamean collected $17.64 from pot
Tryptamean: doesn't show hand
*** SUMMARY ***
Total pot $18 | Rake $0.36
Board [Qc 2d 6s 6h 9s]
Seat 5: simper11 (big blind) folded on the River
Seat 6: Tryptamean (button) (small blind) collected ($17.64)


PokerStars Hand #155020494786:  Hold'em Limit ($3/$6 USD) - 2016/06/21 11:21:55 ET
Table 'Ninina II' 10-max Seat #5 is the button
Seat 5: simper11 ($120 in chips)
Seat 6: Tryptamean ($119.76 in chips)
simper11: posts small blind $1
Tryptamean: posts big blind $3
*** HOLE CARDS ***
simper11: folds
Uncalled bet ($2) returned to Tryptamean
Tryptamean collected $2 from pot
Tryptamean: doesn't show hand
*** SUMMARY ***
Total pot $2 | Rake $0
Seat 5: simper11 (button) (small blind) folded before Flop
Seat 6: Tryptamean (big blind) collected ($2)


PokerStars Hand #155020485516:  Hold'em Limit ($3/$6 USD) - 2016/06/21 11:21:39 ET
Table 'Ninina II' 10-max Seat #6 is the button
Seat 5: simper11 ($125.76 in chips)
Seat 6: Tryptamean ($114 in chips)
Tryptamean: posts small blind $1
simper11: posts big blind $3
*** HOLE CARDS ***
Tryptamean: raises $3 to $6
simper11: calls $3
*** FLOP *** [9s Tc 5h]
simper11: checks
Tryptamean: bets $3
simper11: folds
Uncalled bet ($3) returned to Tryptamean
Tryptamean collected $11.76 from pot
Tryptamean: doesn't show hand
*** SUMMARY ***
Total pot $12 | Rake $0.24
Board [9s Tc 5h]
Seat 5: simper11 (big blind) folded on the Flop
Seat 6: Tryptamean (button) (small blind) collected ($11.76)


PokerStars Hand #155020472381:  Hold'em Limit ($3/$6 USD) - 2016/06/21 11:21:16 ET
Table 'Ninina II' 10-max Seat #5 is the button
Seat 5: simper11 ($120 in chips)
Seat 6: Tryptamean ($120 in chips)
simper11: posts small blind $1
Tryptamean: posts big blind $3
*** HOLE CARDS ***
simper11: raises $3 to $6
Tryptamean: calls $3
*** FLOP *** [8d 4d Qc]
Tryptamean: checks
simper11: bets $3
Tryptamean: folds
Uncalled bet ($3) returned to simper11
simper11 collected $11.76 from pot
simper11: doesn't show hand
*** SUMMARY ***
Total pot $12 | Rake $0.24
Board [8d 4d Qc]
Seat 5: simper11 (button) (small blind) collected ($11.76)
Seat 6: Tryptamean (big blind) folded on the Flop


PokerStars Hand #155020548313:  Hold'em Limit ($3/$6 USD) - 2016/06/21 11:23:28 ET
Table 'Ninina II' 10-max Seat #5 is the button
Seat 5: simper11 ($120 in chips)
Seat 6: Tryptamean ($155.54 in chips)
simper11: posts small blind $1
Tryptamean: posts big blind $3
*** HOLE CARDS ***
simper11: raises $3 to $6
Tryptamean: folds
Uncalled bet ($3) returned to simper11
simper11 collected $6 from pot
simper11: doesn't show hand
*** SUMMARY ***
Total pot $6 | Rake $0
Seat 5: simper11 (button) (small blind) collected ($6)
Seat 6: Tryptamean (big blind) folded before Flop


PokerStars Hand #155020531761:  Hold'em Limit ($3/$6 USD) - 2016/06/21 11:22:59 ET
Table 'Ninina II' 10-max Seat #6 is the button
Seat 5: simper11 ($120 in chips)
Seat 6: Tryptamean ($146.90 in chips)
Tryptamean: posts small blind $1
simper11: posts big blind $3
*** HOLE CARDS ***
Tryptamean: raises $3 to $6
simper11: calls $3
*** FLOP *** [5c As 4h]
simper11: checks
Tryptamean: bets $3
simper11: calls $3
*** TURN *** [5c As 4h] [Jh]
simper11: checks
Tryptamean: bets $6
simper11: folds
Uncalled bet ($6) returned to Tryptamean
Tryptamean collected $17.64 from pot
Tryptamean: doesn't show hand
*** SUMMARY ***
Total pot $18 | Rake $0.36
Board [5c As 4h Jh]
Seat 5: simper11 (big blind) folded on the Turn
Seat 6: Tryptamean (button) (small blind) collected ($17.64)


PokerStars Hand #155020516484:  Hold'em Limit ($3/$6 USD) - 2016/06/21 11:22:33 ET
Table 'Ninina II' 10-max Seat #5 is the button
Seat 5: simper11 ($120 in chips)
Seat 6: Tryptamean ($129.40 in chips)
simper11: posts small blind $1
Tryptamean: posts big blind $3
*** HOLE CARDS ***
simper11: raises $3 to $6
Tryptamean: raises $3 to $9
simper11: calls $3
*** FLOP *** [4h 6h Tc]
Tryptamean: bets $3
simper11: calls $3
*** TURN *** [4h 6h Tc] [7h]
Tryptamean: bets $6
simper11: calls $6
*** RIVER *** [4h 6h Tc 7h] [5d]
Tryptamean: checks
simper11: checks
*** SHOW DOWN ***
Tryptamean: shows [7c 9c] (a pair of Sevens)
simper11: mucks hand
Tryptamean collected $35.50 from pot
*** SUMMARY ***
Total pot $36 | Rake $0.50
Board [4h 6h Tc 7h 5d]
Seat 5: simper11 (button) (small blind) mucked
Seat 6: Tryptamean (big blind) showed [7c 9c] and won ($35.50) with a pair of Sevens


PokerStars Hand #155020571530:  Hold'em Limit ($3/$6 USD) - 2016/06/21 11:24:08 ET
Table 'Ninina II' 10-max Seat #5 is the button
Seat 5: simper11 ($134.52 in chips)
Seat 6: Tryptamean ($140.54 in chips)
simper11: posts small blind $1
Tryptamean: posts big blind $3
*** HOLE CARDS ***
simper11: raises $3 to $6
Tryptamean: raises $3 to $9
simper11: calls $3
*** FLOP *** [Th Qh 5d]
Tryptamean: bets $3
simper11: folds
Uncalled bet ($3) returned to Tryptamean
Tryptamean collected $17.64 from pot
Tryptamean: doesn't show hand
*** SUMMARY ***
Total pot $18 | Rake $0.36
Board [Th Qh 5d]
Seat 5: simper11 (button) (small blind) folded on the Flop
Seat 6: Tryptamean (big blind) collected ($17.64)


PokerStars Hand #155020552342:  Hold'em Limit ($3/$6 USD) - 2016/06/21 11:23:35 ET
Table 'Ninina II' 10-max Seat #6 is the button
Seat 5: simper11 ($123 in chips)
Seat 6: Tryptamean ($152.54 in chips)
Tryptamean: posts small blind $1
simper11: posts big blind $3
*** HOLE CARDS ***
Tryptamean: raises $3 to $6
simper11: calls $3
*** FLOP *** [Jc 9c 9s]
simper11: checks
Tryptamean: checks
*** TURN *** [Jc 9c 9s] [Ah]
simper11: bets $6
KurdFlow joins the table at seat #10
Tryptamean: calls $6
*** RIVER *** [Jc 9c 9s Ah] [Ts]
simper11: bets $6
Tryptamean: folds
Uncalled bet ($6) returned to simper11
simper11 collected $23.52 from pot
simper11: doesn't show hand
*** SUMMARY ***
Total pot $24 | Rake $0.48
Board [Jc 9c 9s Ah Ts]
Seat 5: simper11 (big blind) collected ($23.52)
Seat 6: Tryptamean (button) (small blind) folded on the River


