PokerStars Hand #159964099139:  Hold'em Limit ($3/$6 USD) - 2016/10/15 10:42:52 ET
Table 'Ninina II' 6-max Seat #4 is the button
Seat 1: oxford44 ($95 in chips)
Seat 4: AzureCaper ($84.25 in chips)
AzureCaper: posts small blind $1
oxford44: posts big blind $3
*** HOLE CARDS ***
AzureCaper: raises $3 to $6
kadaver joins the table at seat #5
oxford44: folds
Uncalled bet ($3) returned to AzureCaper
TbIP-TbIP 88 leaves the table
AzureCaper collected $6 from pot
AzureCaper: doesn't show hand
*** SUMMARY ***
Total pot $6 | Rake $0
Seat 1: oxford44 (big blind) folded before Flop
Seat 4: AzureCaper (button) (small blind) collected ($6)


PokerStars Hand #159964093398:  Hold'em Limit ($3/$6 USD) - 2016/10/15 10:42:43 ET
Table 'Ninina II' 6-max Seat #1 is the button
Seat 1: oxford44 ($96 in chips)
Seat 4: AzureCaper ($83.25 in chips)
oxford44: posts small blind $1
TbIP-TbIP 88: is sitting out
AzureCaper: posts big blind $3
*** HOLE CARDS ***
oxford44: folds
Uncalled bet ($2) returned to AzureCaper
AzureCaper collected $2 from pot
AzureCaper: doesn't show hand
*** SUMMARY ***
Total pot $2 | Rake $0
Seat 1: oxford44 (button) (small blind) folded before Flop
Seat 4: AzureCaper (big blind) collected ($2)


PokerStars Hand #159964104504:  Hold'em Limit ($3/$6 USD) - 2016/10/15 10:43:01 ET
Table 'Ninina II' 6-max Seat #1 is the button
Seat 1: oxford44 ($92 in chips)
Seat 4: AzureCaper ($87.25 in chips)
oxford44: posts small blind $1
AzureCaper: posts big blind $3
*** HOLE CARDS ***
oxford44: folds
Uncalled bet ($2) returned to AzureCaper
AzureCaper collected $2 from pot
AzureCaper: doesn't show hand
TbIP-TbIP 88 joins the table at seat #6
*** SUMMARY ***
Total pot $2 | Rake $0
Seat 1: oxford44 (button) (small blind) folded before Flop
Seat 4: AzureCaper (big blind) collected ($2)


PokerStars Hand #159965636752:  Hold'em Limit ($3/$6 USD) - 2016/10/15 11:23:08 ET
Table 'Ninina II' 6-max Seat #1 is the button
Seat 1: oxford44 ($78.33 in chips)
Seat 4: AzureCaper ($107.36 in chips)
oxford44: posts small blind $1
AzureCaper: posts big blind $3
*** HOLE CARDS ***
oxford44: folds
Uncalled bet ($2) returned to AzureCaper
AzureCaper collected $2 from pot
AzureCaper: doesn't show hand
*** SUMMARY ***
Total pot $2 | Rake $0
Seat 1: oxford44 (button) (small blind) folded before Flop
Seat 4: AzureCaper (big blind) collected ($2)


PokerStars Hand #159965617673:  Hold'em Limit ($3/$6 USD) - 2016/10/15 11:22:40 ET
Table 'Ninina II' 6-max Seat #4 is the button
Seat 1: oxford44 ($77.45 in chips)
Seat 4: AzureCaper ($108.36 in chips)
AzureCaper: posts small blind $1
oxford44: posts big blind $3
*** HOLE CARDS ***
AzureCaper: folds
Uncalled bet ($2) returned to oxford44
oxford44 collected $2 from pot
oxford44: doesn't show hand
*** SUMMARY ***
Total pot $2 | Rake $0
Seat 1: oxford44 (big blind) collected ($2)
Seat 4: AzureCaper (button) (small blind) folded before Flop


PokerStars Hand #159965611498:  Hold'em Limit ($3/$6 USD) - 2016/10/15 11:22:30 ET
Table 'Ninina II' 6-max Seat #1 is the button
Seat 1: oxford44 ($18.45 in chips)
Seat 4: AzureCaper ($107.36 in chips)
oxford44: posts small blind $1
AzureCaper: posts big blind $3
*** HOLE CARDS ***
oxford44: folds
Uncalled bet ($2) returned to AzureCaper
AzureCaper collected $2 from pot
AzureCaper: doesn't show hand
*** SUMMARY ***
Total pot $2 | Rake $0
Seat 1: oxford44 (button) (small blind) folded before Flop
Seat 4: AzureCaper (big blind) collected ($2)


PokerStars Hand #159965631803:  Hold'em Limit ($3/$6 USD) - 2016/10/15 11:23:01 ET
Table 'Ninina II' 6-max Seat #4 is the button
Seat 1: oxford44 ($81.33 in chips)
Seat 4: AzureCaper ($104.36 in chips)
AzureCaper: posts small blind $1
oxford44: posts big blind $3
*** HOLE CARDS ***
AzureCaper: raises $3 to $6
oxford44: folds
Uncalled bet ($3) returned to AzureCaper
AzureCaper collected $6 from pot
AzureCaper: doesn't show hand
*** SUMMARY ***
Total pot $6 | Rake $0
Seat 1: oxford44 (big blind) folded before Flop
Seat 4: AzureCaper (button) (small blind) collected ($6)


PokerStars Hand #159965621655:  Hold'em Limit ($3/$6 USD) - 2016/10/15 11:22:46 ET
Table 'Ninina II' 6-max Seat #1 is the button
Seat 1: oxford44 ($78.45 in chips)
Seat 4: AzureCaper ($107.36 in chips)
oxford44: posts small blind $1
AzureCaper: posts big blind $3
*** HOLE CARDS ***
oxford44: calls $2
AzureCaper: checks
*** FLOP *** [8s 4h 8c]
AzureCaper: checks
oxford44: bets $3
AzureCaper: folds
Uncalled bet ($3) returned to oxford44
oxford44 collected $5.88 from pot
oxford44: doesn't show hand
*** SUMMARY ***
Total pot $6 | Rake $0.12
Board [8s 4h 8c]
Seat 1: oxford44 (button) (small blind) collected ($5.88)
Seat 4: AzureCaper (big blind) folded on the Flop


PokerStars Hand #159965649009:  Hold'em Limit ($3/$6 USD) - 2016/10/15 11:23:27 ET
Table 'Ninina II' 6-max Seat #1 is the button
Seat 1: oxford44 ($71.33 in chips)
Seat 4: AzureCaper ($114.12 in chips)
oxford44: posts small blind $1
AzureCaper: posts big blind $3
*** HOLE CARDS ***
oxford44: calls $2
AzureCaper: checks
*** FLOP *** [5c Kh Ad]
AzureCaper: checks
oxford44: bets $3
AzureCaper: folds
Uncalled bet ($3) returned to oxford44
oxford44 collected $5.88 from pot
*** SUMMARY ***
Total pot $6 | Rake $0.12
Board [5c Kh Ad]
Seat 1: oxford44 (button) (small blind) collected ($5.88)
Seat 4: AzureCaper (big blind) folded on the Flop


PokerStars Hand #159965656328:  Hold'em Limit ($3/$6 USD) - 2016/10/15 11:23:38 ET
Table 'Ninina II' 6-max Seat #4 is the button
Seat 1: oxford44 ($74.21 in chips)
Seat 4: AzureCaper ($111.12 in chips)
AzureCaper: posts small blind $1
oxford44: posts big blind $3
*** HOLE CARDS ***
AzureCaper: raises $3 to $6
oxford44: folds
Uncalled bet ($3) returned to AzureCaper
AzureCaper collected $6 from pot
AzureCaper: doesn't show hand
*** SUMMARY ***
Total pot $6 | Rake $0
Seat 1: oxford44 (big blind) folded before Flop
Seat 4: AzureCaper (button) (small blind) collected ($6)


PokerStars Hand #159965661056:  Hold'em Limit ($3/$6 USD) - 2016/10/15 11:23:45 ET
Table 'Ninina II' 6-max Seat #1 is the button
Seat 1: oxford44 ($71.21 in chips)
Seat 4: AzureCaper ($114.12 in chips)
oxford44: posts small blind $1
AzureCaper: posts big blind $3
*** HOLE CARDS ***
oxford44: raises $3 to $6
AzureCaper: calls $3
*** FLOP *** [Jc 2c 5c]
AzureCaper: checks
oxford44: checks
*** TURN *** [Jc 2c 5c] [3d]
AzureCaper: bets $6
oxford44: folds
Uncalled bet ($6) returned to AzureCaper
AzureCaper collected $11.76 from pot
AzureCaper: doesn't show hand
*** SUMMARY ***
Total pot $12 | Rake $0.24
Board [Jc 2c 5c 3d]
Seat 1: oxford44 (button) (small blind) folded on the Turn
Seat 4: AzureCaper (big blind) collected ($11.76)


PokerStars Hand #159965669421:  Hold'em Limit ($3/$6 USD) - 2016/10/15 11:23:57 ET
Table 'Ninina II' 6-max Seat #4 is the button
Seat 1: oxford44 ($65.21 in chips)
Seat 4: AzureCaper ($119.88 in chips)
AzureCaper: posts small blind $1
oxford44: posts big blind $3
*** HOLE CARDS ***
AzureCaper: raises $3 to $6
oxford44: calls $3
*** FLOP *** [5h 7s Ad]
oxford44: checks
AzureCaper: bets $3
oxford44: folds
Uncalled bet ($3) returned to AzureCaper
AzureCaper collected $11.76 from pot
AzureCaper: doesn't show hand
*** SUMMARY ***
Total pot $12 | Rake $0.24
Board [5h 7s Ad]
Seat 1: oxford44 (big blind) folded on the Flop
Seat 4: AzureCaper (button) (small blind) collected ($11.76)


PokerStars Hand #159965639573:  Hold'em Limit ($3/$6 USD) - 2016/10/15 11:23:13 ET
Table 'Ninina II' 6-max Seat #4 is the button
Seat 1: oxford44 ($77.33 in chips)
Seat 4: AzureCaper ($108.36 in chips)
AzureCaper: posts small blind $1
oxford44: posts big blind $3
*** HOLE CARDS ***
AzureCaper: raises $3 to $6
oxford44: calls $3
*** FLOP *** [3d 5s Kc]
oxford44: checks
AzureCaper: bets $3
oxford44: folds
Uncalled bet ($3) returned to AzureCaper
AzureCaper collected $11.76 from pot
AzureCaper: doesn't show hand
*** SUMMARY ***
Total pot $12 | Rake $0.24
Board [3d 5s Kc]
Seat 1: oxford44 (big blind) folded on the Flop
Seat 4: AzureCaper (button) (small blind) collected ($11.76)


PokerStars Hand #159965676587:  Hold'em Limit ($3/$6 USD) - 2016/10/15 11:24:08 ET
Table 'Ninina II' 6-max Seat #1 is the button
Seat 1: oxford44 ($59.21 in chips)
Seat 4: AzureCaper ($125.64 in chips)
oxford44: posts small blind $1
AzureCaper: posts big blind $3
*** HOLE CARDS ***
oxford44: raises $3 to $6
AzureCaper: calls $3
*** FLOP *** [Ah Jc Qd]
AzureCaper: checks
oxford44: bets $3
AzureCaper: raises $3 to $6
oxford44: calls $3
*** TURN *** [Ah Jc Qd] [7d]
AzureCaper: bets $6
oxford44: calls $6
*** RIVER *** [Ah Jc Qd 7d] [3s]
AzureCaper: bets $6
oxford44: calls $6
*** SHOW DOWN ***
AzureCaper: shows [Ts Kc] (a straight, Ten to Ace)
oxford44: mucks hand
AzureCaper collected $47.50 from pot
*** SUMMARY ***
Total pot $48 | Rake $0.50
Board [Ah Jc Qd 7d 3s]
Seat 1: oxford44 (button) (small blind) mucked
Seat 4: AzureCaper (big blind) showed [Ts Kc] and won ($47.50) with a straight, Ten to Ace


PokerStars Hand #159965688670:  Hold'em Limit ($3/$6 USD) - 2016/10/15 11:24:26 ET
Table 'Ninina II' 6-max Seat #4 is the button
Seat 1: oxford44 ($35.21 in chips)
Seat 4: AzureCaper ($149.14 in chips)
AzureCaper: posts small blind $1
oxford44: posts big blind $3
*** HOLE CARDS ***
AzureCaper: folds
Uncalled bet ($2) returned to oxford44
oxford44 collected $2 from pot
oxford44: doesn't show hand
*** SUMMARY ***
Total pot $2 | Rake $0
Seat 1: oxford44 (big blind) collected ($2)
Seat 4: AzureCaper (button) (small blind) folded before Flop


PokerStars Hand #159965696363:  Hold'em Limit ($3/$6 USD) - 2016/10/15 11:24:38 ET
Table 'Ninina II' 6-max Seat #1 is the button
Seat 1: oxford44 ($36.21 in chips)
Seat 4: AzureCaper ($148.14 in chips)
oxford44: posts small blind $1
AzureCaper: posts big blind $3
*** HOLE CARDS ***
oxford44: calls $2
AzureCaper: checks
*** FLOP *** [5c 8d 3h]
AzureCaper: bets $3
oxford44: folds
Uncalled bet ($3) returned to AzureCaper
AzureCaper collected $5.88 from pot
AzureCaper: doesn't show hand
*** SUMMARY ***
Total pot $6 | Rake $0.12
Board [5c 8d 3h]
Seat 1: oxford44 (button) (small blind) folded on the Flop
Seat 4: AzureCaper (big blind) collected ($5.88)


PokerStars Hand #159965703806:  Hold'em Limit ($3/$6 USD) - 2016/10/15 11:24:49 ET
Table 'Ninina II' 6-max Seat #4 is the button
Seat 1: oxford44 ($33.21 in chips)
Seat 4: AzureCaper ($151.02 in chips)
AzureCaper: posts small blind $1
oxford44: posts big blind $3
*** HOLE CARDS ***
AzureCaper: raises $3 to $6
oxford44: raises $3 to $9
AzureCaper: calls $3
*** FLOP *** [6s 9s 2c]
oxford44: bets $3
AzureCaper: folds
Uncalled bet ($3) returned to oxford44
oxford44 collected $17.64 from pot
oxford44: doesn't show hand
*** SUMMARY ***
Total pot $18 | Rake $0.36
Board [6s 9s 2c]
Seat 1: oxford44 (big blind) collected ($17.64)
Seat 4: AzureCaper (button) (small blind) folded on the Flop


PokerStars Hand #159965725620:  Hold'em Limit ($3/$6 USD) - 2016/10/15 11:25:22 ET
Table 'Ninina II' 6-max Seat #4 is the button
Seat 1: oxford44 ($53.37 in chips)
Seat 4: AzureCaper ($130.02 in chips)
AzureCaper: posts small blind $1
oxford44: posts big blind $3
*** HOLE CARDS ***
AzureCaper: folds
Uncalled bet ($2) returned to oxford44
oxford44 collected $2 from pot
oxford44: doesn't show hand
*** SUMMARY ***
Total pot $2 | Rake $0
Seat 1: oxford44 (big blind) collected ($2)
Seat 4: AzureCaper (button) (small blind) folded before Flop


PokerStars Hand #159965712791:  Hold'em Limit ($3/$6 USD) - 2016/10/15 11:25:03 ET
Table 'Ninina II' 6-max Seat #1 is the button
Seat 1: oxford44 ($41.85 in chips)
Seat 4: AzureCaper ($142.02 in chips)
oxford44: posts small blind $1
AzureCaper: posts big blind $3
*** HOLE CARDS ***
oxford44: raises $3 to $6
AzureCaper: calls $3
*** FLOP *** [9c 3c 5d]
AzureCaper: checks
oxford44: checks
*** TURN *** [9c 3c 5d] [4c]
AzureCaper: checks
oxford44: bets $6
AzureCaper: calls $6
*** RIVER *** [9c 3c 5d 4c] [Qh]
AzureCaper: checks
oxford44: bets $6
AzureCaper: folds
Uncalled bet ($6) returned to oxford44
oxford44 collected $23.52 from pot
*** SUMMARY ***
Total pot $24 | Rake $0.48
Board [9c 3c 5d 4c Qh]
Seat 1: oxford44 (button) (small blind) collected ($23.52)
Seat 4: AzureCaper (big blind) folded on the River


PokerStars Hand #159965732867:  Hold'em Limit ($3/$6 USD) - 2016/10/15 11:25:33 ET
Table 'Ninina II' 6-max Seat #4 is the button
Seat 1: oxford44 ($53.37 in chips)
Seat 4: AzureCaper ($130.02 in chips)
AzureCaper: posts small blind $1
oxford44: posts big blind $3
*** HOLE CARDS ***
AzureCaper: folds
Uncalled bet ($2) returned to oxford44
oxford44 collected $2 from pot
oxford44: doesn't show hand
*** SUMMARY ***
Total pot $2 | Rake $0
Seat 1: oxford44 (big blind) collected ($2)
Seat 4: AzureCaper (button) (small blind) folded before Flop


PokerStars Hand #159965729174:  Hold'em Limit ($3/$6 USD) - 2016/10/15 11:25:27 ET
Table 'Ninina II' 6-max Seat #1 is the button
Seat 1: oxford44 ($54.37 in chips)
Seat 4: AzureCaper ($129.02 in chips)
oxford44: posts small blind $1
AzureCaper: posts big blind $3
*** HOLE CARDS ***
oxford44: folds
Uncalled bet ($2) returned to AzureCaper
AzureCaper collected $2 from pot
AzureCaper: doesn't show hand
*** SUMMARY ***
Total pot $2 | Rake $0
Seat 1: oxford44 (button) (small blind) folded before Flop
Seat 4: AzureCaper (big blind) collected ($2)


PokerStars Hand #159965735774:  Hold'em Limit ($3/$6 USD) - 2016/10/15 11:25:37 ET
Table 'Ninina II' 6-max Seat #1 is the button
Seat 1: oxford44 ($54.37 in chips)
Seat 4: AzureCaper ($129.02 in chips)
oxford44: posts small blind $1
AzureCaper: posts big blind $3
*** HOLE CARDS ***
oxford44: calls $2
AzureCaper: checks
*** FLOP *** [Qs 6d Kh]
AzureCaper: checks
oxford44: bets $3
AzureCaper: folds
Uncalled bet ($3) returned to oxford44
oxford44 collected $5.88 from pot
oxford44: doesn't show hand
*** SUMMARY ***
Total pot $6 | Rake $0.12
Board [Qs 6d Kh]
Seat 1: oxford44 (button) (small blind) collected ($5.88)
Seat 4: AzureCaper (big blind) folded on the Flop


PokerStars Hand #159965757394:  Hold'em Limit ($3/$6 USD) - 2016/10/15 11:26:10 ET
Table 'Ninina II' 6-max Seat #1 is the button
Seat 1: oxford44 ($68.77 in chips)
Seat 4: AzureCaper ($114.02 in chips)
oxford44: posts small blind $1
AzureCaper: posts big blind $3
*** HOLE CARDS ***
oxford44: calls $2
AzureCaper: raises $3 to $6
oxford44: folds
Uncalled bet ($3) returned to AzureCaper
AzureCaper collected $6 from pot
AzureCaper: doesn't show hand
*** SUMMARY ***
Total pot $6 | Rake $0
Seat 1: oxford44 (button) (small blind) folded before Flop
Seat 4: AzureCaper (big blind) collected ($6)


PokerStars Hand #159965743178:  Hold'em Limit ($3/$6 USD) - 2016/10/15 11:25:49 ET
Table 'Ninina II' 6-max Seat #4 is the button
Seat 1: oxford44 ($57.25 in chips)
Seat 4: AzureCaper ($126.02 in chips)
AzureCaper: posts small blind $1
oxford44: posts big blind $3
*** HOLE CARDS ***
AzureCaper: raises $3 to $6
oxford44: calls $3
*** FLOP *** [7d Kc 2d]
oxford44: checks
AzureCaper: bets $3
oxford44: raises $3 to $6
AzureCaper: calls $3
*** TURN *** [7d Kc 2d] [Qd]
oxford44: bets $6
AzureCaper: folds
Uncalled bet ($6) returned to oxford44
oxford44 collected $23.52 from pot
oxford44: doesn't show hand
*** SUMMARY ***
Total pot $24 | Rake $0.48
Board [7d Kc 2d Qd]
Seat 1: oxford44 (big blind) collected ($23.52)
Seat 4: AzureCaper (button) (small blind) folded on the Turn


PokerStars Hand #159965762355:  Hold'em Limit ($3/$6 USD) - 2016/10/15 11:26:18 ET
Table 'Ninina II' 6-max Seat #4 is the button
Seat 1: oxford44 ($65.77 in chips)
Seat 4: AzureCaper ($117.02 in chips)
AzureCaper: posts small blind $1
oxford44: posts big blind $3
*** HOLE CARDS ***
AzureCaper: folds
Uncalled bet ($2) returned to oxford44
oxford44 collected $2 from pot
oxford44: doesn't show hand
*** SUMMARY ***
Total pot $2 | Rake $0
Seat 1: oxford44 (big blind) collected ($2)
Seat 4: AzureCaper (button) (small blind) folded before Flop


PokerStars Hand #159965772066:  Hold'em Limit ($3/$6 USD) - 2016/10/15 11:26:32 ET
Table 'Ninina II' 6-max Seat #4 is the button
Seat 1: oxford44 ($72.53 in chips)
Seat 4: AzureCaper ($110.02 in chips)
AzureCaper: posts small blind $1
oxford44: posts big blind $3
*** HOLE CARDS ***
AzureCaper: raises $3 to $6
oxford44: folds
Uncalled bet ($3) returned to AzureCaper
AzureCaper collected $6 from pot
AzureCaper: doesn't show hand
*** SUMMARY ***
Total pot $6 | Rake $0
Seat 1: oxford44 (big blind) folded before Flop
Seat 4: AzureCaper (button) (small blind) collected ($6)


PokerStars Hand #159965765199:  Hold'em Limit ($3/$6 USD) - 2016/10/15 11:26:22 ET
Table 'Ninina II' 6-max Seat #1 is the button
Seat 1: oxford44 ($66.77 in chips)
Seat 4: AzureCaper ($116.02 in chips)
oxford44: posts small blind $1
AzureCaper: posts big blind $3
*** HOLE CARDS ***
oxford44: raises $3 to $6
AzureCaper: calls $3
*** FLOP *** [5c Qd Ac]
AzureCaper: checks
oxford44: bets $3
AzureCaper: folds
Uncalled bet ($3) returned to oxford44
oxford44 collected $11.76 from pot
oxford44: doesn't show hand
*** SUMMARY ***
Total pot $12 | Rake $0.24
Board [5c Qd Ac]
Seat 1: oxford44 (button) (small blind) collected ($11.76)
Seat 4: AzureCaper (big blind) folded on the Flop


PokerStars Hand #159965779880:  Hold'em Limit ($3/$6 USD) - 2016/10/15 11:26:44 ET
Table 'Ninina II' 6-max Seat #4 is the button
Seat 1: oxford44 ($68.53 in chips)
Seat 4: AzureCaper ($114.02 in chips)
AzureCaper: posts small blind $1
oxford44: posts big blind $3
*** HOLE CARDS ***
AzureCaper: raises $3 to $6
oxford44: folds
Uncalled bet ($3) returned to AzureCaper
AzureCaper collected $6 from pot
AzureCaper: doesn't show hand
*** SUMMARY ***
Total pot $6 | Rake $0
Seat 1: oxford44 (big blind) folded before Flop
Seat 4: AzureCaper (button) (small blind) collected ($6)


PokerStars Hand #159965776599:  Hold'em Limit ($3/$6 USD) - 2016/10/15 11:26:39 ET
Table 'Ninina II' 6-max Seat #1 is the button
Seat 1: oxford44 ($69.53 in chips)
Seat 4: AzureCaper ($113.02 in chips)
oxford44: posts small blind $1
AzureCaper: posts big blind $3
*** HOLE CARDS ***
oxford44: folds
Uncalled bet ($2) returned to AzureCaper
AzureCaper collected $2 from pot
AzureCaper: doesn't show hand
*** SUMMARY ***
Total pot $2 | Rake $0
Seat 1: oxford44 (button) (small blind) folded before Flop
Seat 4: AzureCaper (big blind) collected ($2)


PokerStars Hand #159965784081:  Hold'em Limit ($3/$6 USD) - 2016/10/15 11:26:50 ET
Table 'Ninina II' 6-max Seat #1 is the button
Seat 1: oxford44 ($65.53 in chips)
Seat 4: AzureCaper ($117.02 in chips)
oxford44: posts small blind $1
AzureCaper: posts big blind $3
*** HOLE CARDS ***
oxford44: folds
Uncalled bet ($2) returned to AzureCaper
AzureCaper collected $2 from pot
AzureCaper: doesn't show hand
*** SUMMARY ***
Total pot $2 | Rake $0
Seat 1: oxford44 (button) (small blind) folded before Flop
Seat 4: AzureCaper (big blind) collected ($2)


PokerStars Hand #159965791608:  Hold'em Limit ($3/$6 USD) - 2016/10/15 11:27:02 ET
Table 'Ninina II' 6-max Seat #1 is the button
Seat 1: oxford44 ($61.53 in chips)
Seat 4: AzureCaper ($121.02 in chips)
oxford44: posts small blind $1
AzureCaper: posts big blind $3
*** HOLE CARDS ***
oxford44: raises $3 to $6
AzureCaper: folds
Uncalled bet ($3) returned to oxford44
oxford44 collected $6 from pot
oxford44: doesn't show hand
*** SUMMARY ***
Total pot $6 | Rake $0
Seat 1: oxford44 (button) (small blind) collected ($6)
Seat 4: AzureCaper (big blind) folded before Flop


PokerStars Hand #159965787594:  Hold'em Limit ($3/$6 USD) - 2016/10/15 11:26:55 ET
Table 'Ninina II' 6-max Seat #4 is the button
Seat 1: oxford44 ($64.53 in chips)
Seat 4: AzureCaper ($118.02 in chips)
AzureCaper: posts small blind $1
oxford44: posts big blind $3
*** HOLE CARDS ***
AzureCaper: raises $3 to $6
oxford44: folds
Uncalled bet ($3) returned to AzureCaper
AzureCaper collected $6 from pot
AzureCaper: doesn't show hand
*** SUMMARY ***
Total pot $6 | Rake $0
Seat 1: oxford44 (big blind) folded before Flop
Seat 4: AzureCaper (button) (small blind) collected ($6)


PokerStars Hand #159965795647:  Hold'em Limit ($3/$6 USD) - 2016/10/15 11:27:07 ET
Table 'Ninina II' 6-max Seat #4 is the button
Seat 1: oxford44 ($64.53 in chips)
Seat 4: AzureCaper ($118.02 in chips)
AzureCaper: posts small blind $1
oxford44: posts big blind $3
*** HOLE CARDS ***
AzureCaper: folds
Uncalled bet ($2) returned to oxford44
oxford44 collected $2 from pot
oxford44: doesn't show hand
*** SUMMARY ***
Total pot $2 | Rake $0
Seat 1: oxford44 (big blind) collected ($2)
Seat 4: AzureCaper (button) (small blind) folded before Flop


PokerStars Hand #159965798863:  Hold'em Limit ($3/$6 USD) - 2016/10/15 11:27:13 ET
Table 'Ninina II' 6-max Seat #1 is the button
Seat 1: oxford44 ($65.53 in chips)
Seat 4: AzureCaper ($117.02 in chips)
oxford44: posts small blind $1
AzureCaper: posts big blind $3
*** HOLE CARDS ***
oxford44: calls $2
AzureCaper: raises $3 to $6
oxford44: calls $3
*** FLOP *** [7s 2h 7d]
AzureCaper: bets $3
oxford44: folds
Uncalled bet ($3) returned to AzureCaper
AzureCaper collected $11.76 from pot
AzureCaper: doesn't show hand
*** SUMMARY ***
Total pot $12 | Rake $0.24
Board [7s 2h 7d]
Seat 1: oxford44 (button) (small blind) folded on the Flop
Seat 4: AzureCaper (big blind) collected ($11.76)


PokerStars Hand #159965807269:  Hold'em Limit ($3/$6 USD) - 2016/10/15 11:27:25 ET
Table 'Ninina II' 6-max Seat #4 is the button
Seat 1: oxford44 ($59.53 in chips)
Seat 4: AzureCaper ($122.78 in chips)
AzureCaper: posts small blind $1
oxford44: posts big blind $3
*** HOLE CARDS ***
AzureCaper: raises $3 to $6
oxford44: calls $3
*** FLOP *** [6d 2h 6c]
oxford44: checks
AzureCaper: bets $3
oxford44: calls $3
*** TURN *** [6d 2h 6c] [8d]
oxford44: checks
AzureCaper: bets $6
oxford44: raises $6 to $12
AzureCaper: calls $6
*** RIVER *** [6d 2h 6c 8d] [8s]
oxford44: bets $6
AzureCaper: calls $6
*** SHOW DOWN ***
oxford44: shows [Kh 8h] (a full house, Eights full of Sixes)
AzureCaper: mucks hand
oxford44 collected $53.50 from pot
*** SUMMARY ***
Total pot $54 | Rake $0.50
Board [6d 2h 6c 8d 8s]
Seat 1: oxford44 (big blind) showed [Kh 8h] and won ($53.50) with a full house, Eights full of Sixes
Seat 4: AzureCaper (button) (small blind) mucked


PokerStars Hand #159965820656:  Hold'em Limit ($3/$6 USD) - 2016/10/15 11:27:45 ET
Table 'Ninina II' 6-max Seat #1 is the button
Seat 1: oxford44 ($86.03 in chips)
Seat 4: AzureCaper ($95.78 in chips)
oxford44: posts small blind $1
AzureCaper: posts big blind $3
*** HOLE CARDS ***
oxford44: calls $2
AzureCaper: raises $3 to $6
oxford44: calls $3
*** FLOP *** [8c 4d 3c]
AzureCaper: bets $3
oxford44: raises $3 to $6
AzureCaper: calls $3
*** TURN *** [8c 4d 3c] [Tc]
AzureCaper: checks
oxford44: bets $6
AzureCaper: folds
Uncalled bet ($6) returned to oxford44
oxford44 collected $23.52 from pot
oxford44: doesn't show hand
*** SUMMARY ***
Total pot $24 | Rake $0.48
Board [8c 4d 3c Tc]
Seat 1: oxford44 (button) (small blind) collected ($23.52)
Seat 4: AzureCaper (big blind) folded on the Turn


PokerStars Hand #159965837025:  Hold'em Limit ($3/$6 USD) - 2016/10/15 11:28:10 ET
Table 'Ninina II' 6-max Seat #4 is the button
Seat 1: oxford44 ($97.55 in chips)
Seat 4: AzureCaper ($83.78 in chips)
AzureCaper: posts small blind $1
oxford44: posts big blind $3
*** HOLE CARDS ***
AzureCaper: folds
Uncalled bet ($2) returned to oxford44
oxford44 collected $2 from pot
oxford44: doesn't show hand
*** SUMMARY ***
Total pot $2 | Rake $0
Seat 1: oxford44 (big blind) collected ($2)
Seat 4: AzureCaper (button) (small blind) folded before Flop


PokerStars Hand #159965850977:  Hold'em Limit ($3/$6 USD) - 2016/10/15 11:28:31 ET
Table 'Ninina II' 6-max Seat #4 is the button
Seat 1: oxford44 ($107.19 in chips)
Seat 4: AzureCaper ($73.78 in chips)
AzureCaper: posts small blind $1
oxford44: posts big blind $3
*** HOLE CARDS ***
AzureCaper: folds
Uncalled bet ($2) returned to oxford44
oxford44 collected $2 from pot
oxford44: doesn't show hand
*** SUMMARY ***
Total pot $2 | Rake $0
Seat 1: oxford44 (big blind) collected ($2)
Seat 4: AzureCaper (button) (small blind) folded before Flop


PokerStars Hand #159965840408:  Hold'em Limit ($3/$6 USD) - 2016/10/15 11:28:15 ET
Table 'Ninina II' 6-max Seat #1 is the button
Seat 1: oxford44 ($98.55 in chips)
Seat 4: AzureCaper ($82.78 in chips)
oxford44: posts small blind $1
AzureCaper: posts big blind $3
*** HOLE CARDS ***
oxford44: raises $3 to $6
AzureCaper: calls $3
*** FLOP *** [8h Ac 7h]
AzureCaper: checks
oxford44: bets $3
AzureCaper: calls $3
*** TURN *** [8h Ac 7h] [Qh]
AzureCaper: checks
oxford44: bets $6
AzureCaper: folds
Uncalled bet ($6) returned to oxford44
oxford44 collected $17.64 from pot
oxford44: doesn't show hand
*** SUMMARY ***
Total pot $18 | Rake $0.36
Board [8h Ac 7h Qh]
Seat 1: oxford44 (button) (small blind) collected ($17.64)
Seat 4: AzureCaper (big blind) folded on the Turn


PokerStars Hand #159965853765:  Hold'em Limit ($3/$6 USD) - 2016/10/15 11:28:35 ET
Table 'Ninina II' 6-max Seat #1 is the button
Seat 1: oxford44 ($108.19 in chips)
Seat 4: AzureCaper ($72.78 in chips)
oxford44: posts small blind $1
AzureCaper: posts big blind $3
*** HOLE CARDS ***
oxford44: calls $2
AzureCaper: checks
*** FLOP *** [7c 5c 7h]
AzureCaper: checks
oxford44: checks
*** TURN *** [7c 5c 7h] [6s]
AzureCaper: bets $6
oxford44: calls $6
*** RIVER *** [7c 5c 7h 6s] [3c]
AzureCaper: bets $6
oxford44: folds
Uncalled bet ($6) returned to AzureCaper
AzureCaper collected $17.64 from pot
AzureCaper: doesn't show hand
*** SUMMARY ***
Total pot $18 | Rake $0.36
Board [7c 5c 7h 6s 3c]
Seat 1: oxford44 (button) (small blind) folded on the River
Seat 4: AzureCaper (big blind) collected ($17.64)


PokerStars Hand #159965866815:  Hold'em Limit ($3/$6 USD) - 2016/10/15 11:28:55 ET
Table 'Ninina II' 6-max Seat #4 is the button
Seat 1: oxford44 ($99.19 in chips)
Seat 4: AzureCaper ($81.42 in chips)
AzureCaper: posts small blind $1
oxford44: posts big blind $3
*** HOLE CARDS ***
AzureCaper: folds
Uncalled bet ($2) returned to oxford44
oxford44 collected $2 from pot
oxford44: doesn't show hand
*** SUMMARY ***
Total pot $2 | Rake $0
Seat 1: oxford44 (big blind) collected ($2)
Seat 4: AzureCaper (button) (small blind) folded before Flop


PokerStars Hand #159965884295:  Hold'em Limit ($3/$6 USD) - 2016/10/15 11:29:22 ET
Table 'Ninina II' 6-max Seat #4 is the button
Seat 1: oxford44 ($103.07 in chips)
Seat 4: AzureCaper ($77.42 in chips)
AzureCaper: posts small blind $1
oxford44: posts big blind $3
*** HOLE CARDS ***
AzureCaper: folds
Uncalled bet ($2) returned to oxford44
oxford44 collected $2 from pot
oxford44: doesn't show hand
*** SUMMARY ***
Total pot $2 | Rake $0
Seat 1: oxford44 (big blind) collected ($2)
Seat 4: AzureCaper (button) (small blind) folded before Flop


PokerStars Hand #159965870382:  Hold'em Limit ($3/$6 USD) - 2016/10/15 11:29:01 ET
Table 'Ninina II' 6-max Seat #1 is the button
Seat 1: oxford44 ($100.19 in chips)
Seat 4: AzureCaper ($80.42 in chips)
oxford44: posts small blind $1
AzureCaper: posts big blind $3
*** HOLE CARDS ***
kolaz03 joins the table at seat #2
oxford44: calls $2
AzureCaper: checks
*** FLOP *** [Js 3c 3d]
AzureCaper: checks
oxford44: checks
*** TURN *** [Js 3c 3d] [6c]
AzureCaper: checks
oxford44: checks
*** RIVER *** [Js 3c 3d 6c] [5h]
AzureCaper: checks
oxford44: checks
*** SHOW DOWN ***
AzureCaper: shows [8d 2h] (a pair of Threes)
oxford44: shows [9h 7c] (a pair of Threes - Jack+Nine kicker)
oxford44 collected $5.88 from pot
*** SUMMARY ***
Total pot $6 | Rake $0.12
Board [Js 3c 3d 6c 5h]
Seat 1: oxford44 (button) (small blind) showed [9h 7c] and won ($5.88) with a pair of Threes
Seat 4: AzureCaper (big blind) showed [8d 2h] and lost with a pair of Threes


PokerStars Hand #159965939735:  Hold'em Limit ($3/$6 USD) - 2016/10/15 11:30:45 ET
Table 'Ninina II' 6-max Seat #2 is the button
Seat 1: oxford44 ($103.07 in chips)
Seat 2: kolaz03 ($73 in chips)
kolaz03: posts small blind $1
oxford44: posts big blind $3
*** HOLE CARDS ***
kolaz03: raises $3 to $6
oxford44: calls $3
*** FLOP *** [8d 5h 4d]
oxford44: checks
kolaz03: bets $3
oxford44: raises $3 to $6
kolaz03: calls $3
*** TURN *** [8d 5h 4d] [2h]
oxford44: bets $6
kolaz03: calls $6
*** RIVER *** [8d 5h 4d 2h] [Jc]
oxford44: checks
kolaz03: checks
*** SHOW DOWN ***
oxford44: shows [8s Ac] (a pair of Eights)
kolaz03: mucks hand
oxford44 collected $35.50 from pot
*** SUMMARY ***
Total pot $36 | Rake $0.50
Board [8d 5h 4d 2h Jc]
Seat 1: oxford44 (big blind) showed [8s Ac] and won ($35.50) with a pair of Eights
Seat 2: kolaz03 (button) (small blind) mucked


PokerStars Hand #159965924884:  Hold'em Limit ($3/$6 USD) - 2016/10/15 11:30:23 ET
Table 'Ninina II' 6-max Seat #1 is the button
Seat 1: oxford44 ($104.07 in chips)
Seat 2: kolaz03 ($72 in chips)
oxford44: posts small blind $1
kolaz03: posts big blind $3
*** HOLE CARDS ***
oxford44: folds
Uncalled bet ($2) returned to kolaz03
kolaz03 collected $2 from pot
kolaz03: doesn't show hand
*** SUMMARY ***
Total pot $2 | Rake $0
Seat 1: oxford44 (button) (small blind) folded before Flop
Seat 2: kolaz03 (big blind) collected ($2)


PokerStars Hand #159965918682:  Hold'em Limit ($3/$6 USD) - 2016/10/15 11:30:14 ET
Table 'Ninina II' 6-max Seat #2 is the button
Seat 1: oxford44 ($103.07 in chips)
Seat 2: kolaz03 ($72 in chips)
kolaz03: posts small blind $1
AzureCaper: is sitting out
oxford44: posts big blind $3
*** HOLE CARDS ***
AzureCaper leaves the table
kolaz03: folds
Uncalled bet ($2) returned to oxford44
oxford44 collected $2 from pot
oxford44: doesn't show hand
*** SUMMARY ***
Total pot $2 | Rake $0
Seat 1: oxford44 (big blind) collected ($2)
Seat 2: kolaz03 (button) (small blind) folded before Flop


PokerStars Hand #159965955640:  Hold'em Limit ($3/$6 USD) - 2016/10/15 11:31:09 ET
Table 'Ninina II' 6-max Seat #1 is the button
Seat 1: oxford44 ($120.57 in chips)
Seat 2: kolaz03 ($72 in chips)
oxford44: posts small blind $1
kolaz03: posts big blind $3
*** HOLE CARDS ***
oxford44: raises $3 to $6
kolaz03: calls $3
*** FLOP *** [Js Qd 5c]
kolaz03: checks
oxford44: bets $3
kolaz03: raises $3 to $6
oxford44: calls $3
*** TURN *** [Js Qd 5c] [8d]
kolaz03: bets $6
oxford44: calls $6
*** RIVER *** [Js Qd 5c 8d] [Td]
kolaz03: checks
oxford44: checks
*** SHOW DOWN ***
kolaz03: shows [4s Jc] (a pair of Jacks)
oxford44: mucks hand
kolaz03 collected $35.50 from pot
*** SUMMARY ***
Total pot $36 | Rake $0.50
Board [Js Qd 5c 8d Td]
Seat 1: oxford44 (button) (small blind) mucked
Seat 2: kolaz03 (big blind) showed [4s Jc] and won ($35.50) with a pair of Jacks


PokerStars Hand #159965969550:  Hold'em Limit ($3/$6 USD) - 2016/10/15 11:31:30 ET
Table 'Ninina II' 6-max Seat #2 is the button
Seat 1: oxford44 ($102.57 in chips)
Seat 2: kolaz03 ($89.50 in chips)
kolaz03: posts small blind $1
oxford44: posts big blind $3
*** HOLE CARDS ***
kolaz03: raises $3 to $6
oxford44: calls $3
*** FLOP *** [Kh 9c 5h]
oxford44: checks
kolaz03: bets $3
oxford44: calls $3
*** TURN *** [Kh 9c 5h] [3c]
oxford44: checks
kolaz03: checks
*** RIVER *** [Kh 9c 5h 3c] [Jh]
oxford44: bets $6
kolaz03: calls $6
*** SHOW DOWN ***
oxford44: shows [Js Ad] (a pair of Jacks)
kolaz03: shows [As Jd] (a pair of Jacks)
oxford44 collected $14.75 from pot
kolaz03 collected $14.75 from pot
*** SUMMARY ***
Total pot $30 | Rake $0.50
Board [Kh 9c 5h 3c Jh]
Seat 1: oxford44 (big blind) showed [Js Ad] and won ($14.75) with a pair of Jacks
Seat 2: kolaz03 (button) (small blind) showed [As Jd] and won ($14.75) with a pair of Jacks


PokerStars Hand #159965989804:  Hold'em Limit ($3/$6 USD) - 2016/10/15 11:32:00 ET
Table 'Ninina II' 6-max Seat #1 is the button
Seat 1: oxford44 ($102.32 in chips)
Seat 2: kolaz03 ($89.25 in chips)
oxford44: posts small blind $1
kolaz03: posts big blind $3
*** HOLE CARDS ***
oxford44: raises $3 to $6
kolaz03: calls $3
*** FLOP *** [Td Kh 8s]
kolaz03: checks
oxford44: bets $3
kolaz03: calls $3
*** TURN *** [Td Kh 8s] [Js]
kolaz03: checks
oxford44: bets $6
kolaz03: folds
Uncalled bet ($6) returned to oxford44
oxford44 collected $17.64 from pot
oxford44: doesn't show hand
*** SUMMARY ***
Total pot $18 | Rake $0.36
Board [Td Kh 8s Js]
Seat 1: oxford44 (button) (small blind) collected ($17.64)
Seat 2: kolaz03 (big blind) folded on the Turn


PokerStars Hand #159966014238:  Hold'em Limit ($3/$6 USD) - 2016/10/15 11:32:36 ET
Table 'Ninina II' 6-max Seat #2 is the button
Seat 1: oxford44 ($110.96 in chips)
Seat 2: kolaz03 ($80.25 in chips)
kolaz03: posts small blind $1
oxford44: posts big blind $3
*** HOLE CARDS ***
kolaz03: raises $3 to $6
oxford44: folds
Uncalled bet ($3) returned to kolaz03
oxford44 leaves the table
kolaz03 collected $6 from pot
kolaz03: doesn't show hand
*** SUMMARY ***
Total pot $6 | Rake $0
Seat 1: oxford44 (big blind) folded before Flop
Seat 2: kolaz03 (button) (small blind) collected ($6)


