PokerStars Hand #148195881781:  Hold'em Limit ($3/$6 USD) - 2016/02/03 18:59:20 ET
Table 'Niobe III' 2-max Seat #1 is the button
Seat 1: PbIbak ($331.76 in chips)
Seat 2: Fiskin1 ($62 in chips)
PbIbak: posts small blind $1
Fiskin1: posts big blind $3
*** HOLE CARDS ***
PbIbak: raises $3 to $6
Fiskin1: calls $3
*** FLOP *** [4s 4c 5c]
Fiskin1: checks
PbIbak: bets $3
Fiskin1: calls $3
*** TURN *** [4s 4c 5c] [9c]
Fiskin1: checks
PbIbak: checks
*** RIVER *** [4s 4c 5c 9c] [8s]
Fiskin1: checks
PbIbak: bets $6
Fiskin1: folds
Uncalled bet ($6) returned to PbIbak
PbIbak collected $17.64 from pot
PbIbak: doesn't show hand
*** SUMMARY ***
Total pot $18 | Rake $0.36
Board [4s 4c 5c 9c 8s]
Seat 1: PbIbak (button) (small blind) collected ($17.64)
Seat 2: Fiskin1 (big blind) folded on the River


PokerStars Hand #148195892016:  Hold'em Limit ($3/$6 USD) - 2016/02/03 18:59:37 ET
Table 'Niobe III' 2-max Seat #2 is the button
Seat 1: PbIbak ($340.40 in chips)
Seat 2: Fiskin1 ($53 in chips)
Fiskin1: posts small blind $1
PbIbak: posts big blind $3
*** HOLE CARDS ***
Fiskin1: raises $3 to $6
PbIbak: calls $3
*** FLOP *** [3s Jh 2c]
PbIbak: checks
Fiskin1: bets $3
PbIbak: raises $3 to $6
Fiskin1: calls $3
*** TURN *** [3s Jh 2c] [8s]
PbIbak: bets $6
Fiskin1: calls $6
*** RIVER *** [3s Jh 2c 8s] [4s]
PbIbak: bets $6
Fiskin1: folds
Uncalled bet ($6) returned to PbIbak
PbIbak collected $35.50 from pot
PbIbak: doesn't show hand
*** SUMMARY ***
Total pot $36 | Rake $0.50
Board [3s Jh 2c 8s 4s]
Seat 1: PbIbak (big blind) collected ($35.50)
Seat 2: Fiskin1 (button) (small blind) folded on the River


PokerStars Hand #148195877482:  Hold'em Limit ($3/$6 USD) - 2016/02/03 18:59:13 ET
Table 'Niobe III' 2-max Seat #2 is the button
Seat 1: PbIbak ($334.76 in chips)
Seat 2: Fiskin1 ($59 in chips)
Fiskin1: posts small blind $1
PbIbak: posts big blind $3
*** HOLE CARDS ***
Fiskin1: raises $3 to $6
PbIbak: folds
Uncalled bet ($3) returned to Fiskin1
Fiskin1 collected $6 from pot
Fiskin1: doesn't show hand
*** SUMMARY ***
Total pot $6 | Rake $0
Seat 1: PbIbak (big blind) folded before Flop
Seat 2: Fiskin1 (button) (small blind) collected ($6)


PokerStars Hand #148195874165:  Hold'em Limit ($3/$6 USD) - 2016/02/03 18:59:07 ET
Table 'Niobe III' 2-max Seat #1 is the button
Seat 1: PbIbak ($331.76 in chips)
Seat 2: Fiskin1 ($62 in chips)
PbIbak: posts small blind $1
Fiskin1: posts big blind $3
*** HOLE CARDS ***
PbIbak: raises $3 to $6
Fiskin1: folds
Uncalled bet ($3) returned to PbIbak
PbIbak collected $6 from pot
PbIbak: doesn't show hand
*** SUMMARY ***
Total pot $6 | Rake $0
Seat 1: PbIbak (button) (small blind) collected ($6)
Seat 2: Fiskin1 (big blind) folded before Flop


PokerStars Hand #148195858897:  Hold'em Limit ($3/$6 USD) - 2016/02/03 18:58:44 ET
Table 'Niobe III' 2-max Seat #1 is the button
Seat 1: PbIbak ($337.76 in chips)
Seat 2: Fiskin1 ($56.36 in chips)
PbIbak: posts small blind $1
Fiskin1: posts big blind $3
*** HOLE CARDS ***
PbIbak: raises $3 to $6
Fiskin1: folds
Uncalled bet ($3) returned to PbIbak
PbIbak collected $6 from pot
PbIbak: doesn't show hand
*** SUMMARY ***
Total pot $6 | Rake $0
Seat 1: PbIbak (button) (small blind) collected ($6)
Seat 2: Fiskin1 (big blind) folded before Flop


PokerStars Hand #148195863957:  Hold'em Limit ($3/$6 USD) - 2016/02/03 18:58:51 ET
Table 'Niobe III' 2-max Seat #2 is the button
Seat 1: PbIbak ($340.76 in chips)
Seat 2: Fiskin1 ($53.36 in chips)
Fiskin1: posts small blind $1
PbIbak: posts big blind $3
*** HOLE CARDS ***
Fiskin1: raises $3 to $6
PbIbak: calls $3
*** FLOP *** [6c Th 5c]
PbIbak: checks
Fiskin1: bets $3
PbIbak: calls $3
*** TURN *** [6c Th 5c] [Td]
PbIbak: checks
Fiskin1: bets $6
PbIbak: folds
Uncalled bet ($6) returned to Fiskin1
Fiskin1 collected $17.64 from pot
Fiskin1: doesn't show hand
*** SUMMARY ***
Total pot $18 | Rake $0.36
Board [6c Th 5c Td]
Seat 1: PbIbak (big blind) folded on the Turn
Seat 2: Fiskin1 (button) (small blind) collected ($17.64)


PokerStars Hand #148195918949:  Hold'em Limit ($3/$6 USD) - 2016/02/03 19:00:20 ET
Table 'Niobe III' 2-max Seat #1 is the button
Seat 1: PbIbak ($376.40 in chips)
Seat 2: Fiskin1 ($15.68 in chips)
PbIbak: posts small blind $1
Fiskin1: posts big blind $3
*** HOLE CARDS ***
PbIbak: folds
Uncalled bet ($2) returned to Fiskin1
Fiskin1 collected $2 from pot
Fiskin1: doesn't show hand
*** SUMMARY ***
Total pot $2 | Rake $0
Seat 1: PbIbak (button) (small blind) folded before Flop
Seat 2: Fiskin1 (big blind) collected ($2)


PokerStars Hand #148195921607:  Hold'em Limit ($3/$6 USD) - 2016/02/03 19:00:24 ET
Table 'Niobe III' 2-max Seat #2 is the button
Seat 1: PbIbak ($375.40 in chips)
Seat 2: Fiskin1 ($16.68 in chips)
Fiskin1: posts small blind $1
PbIbak: posts big blind $3
*** HOLE CARDS ***
Fiskin1: raises $3 to $6
PbIbak: calls $3
*** FLOP *** [Jh Jd Tc]
PbIbak: checks
Fiskin1: bets $3
PbIbak: folds
Uncalled bet ($3) returned to Fiskin1
Fiskin1 collected $11.76 from pot
Fiskin1: doesn't show hand
*** SUMMARY ***
Total pot $12 | Rake $0.24
Board [Jh Jd Tc]
Seat 1: PbIbak (big blind) folded on the Flop
Seat 2: Fiskin1 (button) (small blind) collected ($11.76)


PokerStars Hand #148195927530:  Hold'em Limit ($3/$6 USD) - 2016/02/03 19:00:33 ET
Table 'Niobe III' 2-max Seat #1 is the button
Seat 1: PbIbak ($369.40 in chips)
Seat 2: Fiskin1 ($22.44 in chips)
PbIbak: posts small blind $1
Fiskin1: posts big blind $3
*** HOLE CARDS ***
PbIbak: raises $3 to $6
Fiskin1: calls $3
*** FLOP *** [As Js Ks]
Fiskin1: checks
PbIbak: bets $3
Fiskin1: raises $3 to $6
PbIbak: raises $3 to $9
Fiskin1: raises $3 to $12
Betting is capped
PbIbak: calls $3
*** TURN *** [As Js Ks] [4d]
Fiskin1: bets $4.44 and is all-in
PbIbak: calls $4.44
*** RIVER *** [As Js Ks 4d] [Ah]
*** SHOW DOWN ***
Fiskin1: shows [5h Th] (a pair of Aces)
PbIbak: shows [8s Jc] (two pair, Aces and Jacks)
PbIbak collected $44.38 from pot
*** SUMMARY ***
Total pot $44.88 | Rake $0.50
Board [As Js Ks 4d Ah]
Seat 1: PbIbak (button) (small blind) showed [8s Jc] and won ($44.38) with two pair, Aces and Jacks
Seat 2: Fiskin1 (big blind) showed [5h Th] and lost with a pair of Aces


PokerStars Hand #148195909290:  Hold'em Limit ($3/$6 USD) - 2016/02/03 19:00:04 ET
Table 'Niobe III' 2-max Seat #2 is the button
Seat 1: PbIbak ($384.40 in chips)
Seat 2: Fiskin1 ($8 in chips)
Fiskin1: posts small blind $1
PbIbak: posts big blind $3
*** HOLE CARDS ***
Fiskin1: raises $3 to $6
PbIbak: raises $3 to $9
Fiskin1: calls $2 and is all-in
Uncalled bet ($1) returned to PbIbak
*** FLOP *** [3c Td Ac]
*** TURN *** [3c Td Ac] [3h]
*** RIVER *** [3c Td Ac 3h] [Kc]
*** SHOW DOWN ***
PbIbak: shows [7c 8h] (a pair of Threes)
Fiskin1: shows [Jd 9d] (a pair of Threes - Ace+King+Jack kicker)
Fiskin1 collected $15.68 from pot
*** SUMMARY ***
Total pot $16 | Rake $0.32
Board [3c Td Ac 3h Kc]
Seat 1: PbIbak (big blind) showed [7c 8h] and lost with a pair of Threes
Seat 2: Fiskin1 (button) (small blind) showed [Jd 9d] and won ($15.68) with a pair of Threes


PokerStars Hand #148195900528:  Hold'em Limit ($3/$6 USD) - 2016/02/03 18:59:50 ET
Table 'Niobe III' 2-max Seat #1 is the button
Seat 1: PbIbak ($357.90 in chips)
Seat 2: Fiskin1 ($35 in chips)
PbIbak: posts small blind $1
Fiskin1: posts big blind $3
*** HOLE CARDS ***
PbIbak: raises $3 to $6
Fiskin1: calls $3
*** FLOP *** [Ah 5c 7d]
Fiskin1: checks
PbIbak: bets $3
Fiskin1: raises $3 to $6
PbIbak: raises $3 to $9
Fiskin1: calls $3
*** TURN *** [Ah 5c 7d] [3s]
Fiskin1: checks
PbIbak: bets $6
Fiskin1: calls $6
*** RIVER *** [Ah 5c 7d 3s] [Kc]
Fiskin1: checks
PbIbak: bets $6
Fiskin1: calls $6
*** SHOW DOWN ***
PbIbak: shows [As 6s] (a pair of Aces)
Fiskin1: mucks hand
PbIbak collected $53.50 from pot
*** SUMMARY ***
Total pot $54 | Rake $0.50
Board [Ah 5c 7d 3s Kc]
Seat 1: PbIbak (button) (small blind) showed [As 6s] and won ($53.50) with a pair of Aces
Seat 2: Fiskin1 (big blind) mucked


PokerStars Hand #148195961550:  Hold'em Limit ($3/$6 USD) - 2016/02/03 19:01:23 ET
Table 'Niobe III' 2-max Seat #2 is the button
Seat 1: PbIbak ($391.34 in chips)
Seat 2: Fiskin1 ($71.11 in chips)
Fiskin1: posts small blind $1
PbIbak: posts big blind $3
*** HOLE CARDS ***
Fiskin1: raises $3 to $6
PbIbak: raises $3 to $9
Fiskin1: calls $3
*** FLOP *** [5c 7s 3d]
PbIbak: bets $3
Fiskin1: calls $3
*** TURN *** [5c 7s 3d] [4h]
PbIbak: checks
Fiskin1: checks
*** RIVER *** [5c 7s 3d 4h] [7d]
PbIbak: checks
Fiskin1: checks
*** SHOW DOWN ***
PbIbak: shows [Jc As] (a pair of Sevens)
Fiskin1: mucks hand
PbIbak collected $23.52 from pot
*** SUMMARY ***
Total pot $24 | Rake $0.48
Board [5c 7s 3d 4h 7d]
Seat 1: PbIbak (big blind) showed [Jc As] and won ($23.52) with a pair of Sevens
Seat 2: Fiskin1 (button) (small blind) mucked


PokerStars Hand #148195994092:  Hold'em Limit ($3/$6 USD) - 2016/02/03 19:02:07 ET
Table 'Niobe III' 2-max Seat #1 is the button
Seat 1: PbIbak ($423.36 in chips)
Seat 2: Fiskin1 ($38.11 in chips)
PbIbak: posts small blind $1
Fiskin1: posts big blind $3
*** HOLE CARDS ***
PbIbak: raises $3 to $6
Fiskin1: raises $3 to $9
PbIbak: calls $3
*** FLOP *** [7s Qd 6s]
Fiskin1: bets $3
PbIbak: calls $3
*** TURN *** [7s Qd 6s] [3d]
Fiskin1: checks
PbIbak: checks
*** RIVER *** [7s Qd 6s 3d] [Ts]
Fiskin1: bets $6
PbIbak: folds
Uncalled bet ($6) returned to Fiskin1
Fiskin1 collected $23.52 from pot
Fiskin1: doesn't show hand
*** SUMMARY ***
Total pot $24 | Rake $0.48
Board [7s Qd 6s 3d Ts]
Seat 1: PbIbak (button) (small blind) folded on the River
Seat 2: Fiskin1 (big blind) collected ($23.52)


PokerStars Hand #148196015840:  Hold'em Limit ($3/$6 USD) - 2016/02/03 19:02:36 ET
Table 'Niobe III' 2-max Seat #1 is the button
Seat 1: PbIbak ($422.88 in chips)
Seat 2: Fiskin1 ($37.63 in chips)
PbIbak: posts small blind $1
Fiskin1: posts big blind $3
*** HOLE CARDS ***
PbIbak: folds
Uncalled bet ($2) returned to Fiskin1
Fiskin1 collected $2 from pot
Fiskin1: doesn't show hand
*** SUMMARY ***
Total pot $2 | Rake $0
Seat 1: PbIbak (button) (small blind) folded before Flop
Seat 2: Fiskin1 (big blind) collected ($2)


PokerStars Hand #148196006651:  Hold'em Limit ($3/$6 USD) - 2016/02/03 19:02:24 ET
Table 'Niobe III' 2-max Seat #2 is the button
Seat 1: PbIbak ($411.36 in chips)
Seat 2: Fiskin1 ($49.63 in chips)
Fiskin1: posts small blind $1
PbIbak: posts big blind $3
*** HOLE CARDS ***
Fiskin1: raises $3 to $6
PbIbak: calls $3
*** FLOP *** [Ad 4c Tc]
PbIbak: checks
Fiskin1: checks
*** TURN *** [Ad 4c Tc] [5d]
PbIbak: checks
Fiskin1: bets $6
PbIbak: calls $6
*** RIVER *** [Ad 4c Tc 5d] [8s]
PbIbak: checks
Fiskin1: checks
*** SHOW DOWN ***
PbIbak: shows [9h 4h] (a pair of Fours)
Fiskin1: mucks hand
PbIbak collected $23.52 from pot
*** SUMMARY ***
Total pot $24 | Rake $0.48
Board [Ad 4c Tc 5d 8s]
Seat 1: PbIbak (big blind) showed [9h 4h] and won ($23.52) with a pair of Fours
Seat 2: Fiskin1 (button) (small blind) mucked


PokerStars Hand #148195990721:  Hold'em Limit ($3/$6 USD) - 2016/02/03 19:02:03 ET
Table 'Niobe III' 2-max Seat #2 is the button
Seat 1: PbIbak ($426.36 in chips)
Seat 2: Fiskin1 ($35.11 in chips)
Fiskin1: posts small blind $1
PbIbak: posts big blind $3
*** HOLE CARDS ***
Fiskin1: raises $3 to $6
PbIbak: folds
Uncalled bet ($3) returned to Fiskin1
Fiskin1 collected $6 from pot
Fiskin1: doesn't show hand
*** SUMMARY ***
Total pot $6 | Rake $0
Seat 1: PbIbak (big blind) folded before Flop
Seat 2: Fiskin1 (button) (small blind) collected ($6)


PokerStars Hand #148195987357:  Hold'em Limit ($3/$6 USD) - 2016/02/03 19:01:58 ET
Table 'Niobe III' 2-max Seat #1 is the button
Seat 1: PbIbak ($423.36 in chips)
Seat 2: Fiskin1 ($38.11 in chips)
PbIbak: posts small blind $1
Fiskin1: posts big blind $3
*** HOLE CARDS ***
PbIbak: raises $3 to $6
Fiskin1: folds
Uncalled bet ($3) returned to PbIbak
PbIbak collected $6 from pot
PbIbak: doesn't show hand
*** SUMMARY ***
Total pot $6 | Rake $0
Seat 1: PbIbak (button) (small blind) collected ($6)
Seat 2: Fiskin1 (big blind) folded before Flop


PokerStars Hand #148195983495:  Hold'em Limit ($3/$6 USD) - 2016/02/03 19:01:53 ET
Table 'Niobe III' 2-max Seat #2 is the button
Seat 1: PbIbak ($426.36 in chips)
Seat 2: Fiskin1 ($35.11 in chips)
Fiskin1: posts small blind $1
PbIbak: posts big blind $3
*** HOLE CARDS ***
Fiskin1: raises $3 to $6
PbIbak: folds
Uncalled bet ($3) returned to Fiskin1
Fiskin1 collected $6 from pot
Fiskin1: doesn't show hand
*** SUMMARY ***
Total pot $6 | Rake $0
Seat 1: PbIbak (big blind) folded before Flop
Seat 2: Fiskin1 (button) (small blind) collected ($6)


PokerStars Hand #148195972528:  Hold'em Limit ($3/$6 USD) - 2016/02/03 19:01:38 ET
Table 'Niobe III' 2-max Seat #1 is the button
Seat 1: PbIbak ($402.86 in chips)
Seat 2: Fiskin1 ($59.11 in chips)
PbIbak: posts small blind $1
Fiskin1: posts big blind $3
*** HOLE CARDS ***
PbIbak: raises $3 to $6
Fiskin1: calls $3
*** FLOP *** [Ah Qc 5d]
Fiskin1: checks
PbIbak: checks
*** TURN *** [Ah Qc 5d] [2d]
Fiskin1: checks
PbIbak: bets $6
Fiskin1: raises $6 to $12
PbIbak: calls $6
*** RIVER *** [Ah Qc 5d 2d] [Ks]
Fiskin1: bets $6
PbIbak: calls $6
*** SHOW DOWN ***
Fiskin1: shows [Td 4d] (high card Ace)
PbIbak: shows [4s Qh] (a pair of Queens)
PbIbak collected $47.50 from pot
*** SUMMARY ***
Total pot $48 | Rake $0.50
Board [Ah Qc 5d 2d Ks]
Seat 1: PbIbak (button) (small blind) showed [4s Qh] and won ($47.50) with a pair of Queens
Seat 2: Fiskin1 (big blind) showed [Td 4d] and lost with high card Ace


PokerStars Hand #148196032259:  Hold'em Limit ($3/$6 USD) - 2016/02/03 19:02:59 ET
Table 'Niobe III' 2-max Seat #2 is the button
Seat 1: PbIbak ($444.38 in chips)
Seat 2: Fiskin1 ($15.63 in chips)
Fiskin1: posts small blind $1
PbIbak: posts big blind $3
*** HOLE CARDS ***
Fiskin1: raises $3 to $6
PbIbak: calls $3
*** FLOP *** [Js Ah Qc]
PbIbak: checks
Fiskin1: bets $3
PbIbak: folds
Uncalled bet ($3) returned to Fiskin1
Fiskin1 collected $11.76 from pot
Fiskin1: doesn't show hand
*** SUMMARY ***
Total pot $12 | Rake $0.24
Board [Js Ah Qc]
Seat 1: PbIbak (big blind) folded on the Flop
Seat 2: Fiskin1 (button) (small blind) collected ($11.76)


PokerStars Hand #148196056995:  Hold'em Limit ($3/$6 USD) - 2016/02/03 19:03:32 ET
Table 'Niobe III' 2-max Seat #1 is the button
Seat 1: PbIbak ($414.38 in chips)
Seat 2: Fiskin1 ($44.65 in chips)
PbIbak: posts small blind $1
Fiskin1: posts big blind $3
*** HOLE CARDS ***
PbIbak: raises $3 to $6
Fiskin1: calls $3
*** FLOP *** [8s 7s Qs]
Fiskin1: checks
PbIbak: checks
*** TURN *** [8s 7s Qs] [5s]
Fiskin1: bets $6
PbIbak: folds
Uncalled bet ($6) returned to Fiskin1
Fiskin1 collected $11.76 from pot
Fiskin1: doesn't show hand
*** SUMMARY ***
Total pot $12 | Rake $0.24
Board [8s 7s Qs 5s]
Seat 1: PbIbak (button) (small blind) folded on the Turn
Seat 2: Fiskin1 (big blind) collected ($11.76)


PokerStars Hand #148196046847:  Hold'em Limit ($3/$6 USD) - 2016/02/03 19:03:19 ET
Table 'Niobe III' 2-max Seat #2 is the button
Seat 1: PbIbak ($420.38 in chips)
Seat 2: Fiskin1 ($38.89 in chips)
Fiskin1: posts small blind $1
PbIbak: posts big blind $3
*** HOLE CARDS ***
Fiskin1: raises $3 to $6
PbIbak: calls $3
*** FLOP *** [9h Tc 4c]
PbIbak: checks
Fiskin1: checks
*** TURN *** [9h Tc 4c] [7s]
PbIbak: checks
Fiskin1: checks
*** RIVER *** [9h Tc 4c 7s] [4s]
PbIbak: checks
Fiskin1: bets $6
PbIbak: folds
Uncalled bet ($6) returned to Fiskin1
Fiskin1 collected $11.76 from pot
Fiskin1: doesn't show hand
*** SUMMARY ***
Total pot $12 | Rake $0.24
Board [9h Tc 4c 7s 4s]
Seat 1: PbIbak (big blind) folded on the River
Seat 2: Fiskin1 (button) (small blind) collected ($11.76)


PokerStars Hand #148196063369:  Hold'em Limit ($3/$6 USD) - 2016/02/03 19:03:41 ET
Table 'Niobe III' 2-max Seat #2 is the button
Seat 1: PbIbak ($408.38 in chips)
Seat 2: Fiskin1 ($50.41 in chips)
Fiskin1: posts small blind $1
PbIbak: posts big blind $3
*** HOLE CARDS ***
Fiskin1: raises $3 to $6
PbIbak: folds
Uncalled bet ($3) returned to Fiskin1
Fiskin1 collected $6 from pot
Fiskin1: doesn't show hand
*** SUMMARY ***
Total pot $6 | Rake $0
Seat 1: PbIbak (big blind) folded before Flop
Seat 2: Fiskin1 (button) (small blind) collected ($6)


PokerStars Hand #148196037730:  Hold'em Limit ($3/$6 USD) - 2016/02/03 19:03:06 ET
Table 'Niobe III' 2-max Seat #1 is the button
Seat 1: PbIbak ($438.38 in chips)
Seat 2: Fiskin1 ($21.39 in chips)
PbIbak: posts small blind $1
Fiskin1: posts big blind $3
*** HOLE CARDS ***
PbIbak: raises $3 to $6
Fiskin1: raises $3 to $9
PbIbak: calls $3
*** FLOP *** [Ad 3d 9h]
Fiskin1: bets $3
PbIbak: calls $3
*** TURN *** [Ad 3d 9h] [Qd]
Fiskin1: bets $6
PbIbak: calls $6
*** RIVER *** [Ad 3d 9h Qd] [Tc]
Fiskin1: bets $3.39 and is all-in
PbIbak: folds
Uncalled bet ($3.39) returned to Fiskin1
Fiskin1 collected $35.50 from pot
Fiskin1: doesn't show hand
*** SUMMARY ***
Total pot $36 | Rake $0.50
Board [Ad 3d 9h Qd Tc]
Seat 1: PbIbak (button) (small blind) folded on the River
Seat 2: Fiskin1 (big blind) collected ($35.50)


PokerStars Hand #148196029144:  Hold'em Limit ($3/$6 USD) - 2016/02/03 19:02:55 ET
Table 'Niobe III' 2-max Seat #1 is the button
Seat 1: PbIbak ($445.38 in chips)
Seat 2: Fiskin1 ($14.63 in chips)
PbIbak: posts small blind $1
Fiskin1: posts big blind $3
*** HOLE CARDS ***
PbIbak: folds
Uncalled bet ($2) returned to Fiskin1
Fiskin1 collected $2 from pot
Fiskin1: doesn't show hand
*** SUMMARY ***
Total pot $2 | Rake $0
Seat 1: PbIbak (button) (small blind) folded before Flop
Seat 2: Fiskin1 (big blind) collected ($2)


PokerStars Hand #148196019097:  Hold'em Limit ($3/$6 USD) - 2016/02/03 19:02:41 ET
Table 'Niobe III' 2-max Seat #2 is the button
Seat 1: PbIbak ($421.88 in chips)
Seat 2: Fiskin1 ($38.63 in chips)
Fiskin1: posts small blind $1
PbIbak: posts big blind $3
*** HOLE CARDS ***
Fiskin1: raises $3 to $6
PbIbak: calls $3
*** FLOP *** [Ks 7s 3c]
PbIbak: checks
Fiskin1: checks
*** TURN *** [Ks 7s 3c] [3h]
PbIbak: bets $6
Fiskin1: raises $6 to $12
PbIbak: calls $6
*** RIVER *** [Ks 7s 3c 3h] [4c]
PbIbak: checks
Fiskin1: bets $6
PbIbak: calls $6
*** SHOW DOWN ***
Fiskin1: shows [6d Jh] (a pair of Threes)
PbIbak: shows [7d Js] (two pair, Sevens and Threes)
PbIbak collected $47.50 from pot
*** SUMMARY ***
Total pot $48 | Rake $0.50
Board [Ks 7s 3c 3h 4c]
Seat 1: PbIbak (big blind) showed [7d Js] and won ($47.50) with two pair, Sevens and Threes
Seat 2: Fiskin1 (button) (small blind) showed [6d Jh] and lost with a pair of Threes


PokerStars Hand #148196076346:  Hold'em Limit ($3/$6 USD) - 2016/02/03 19:03:59 ET
Table 'Niobe III' 2-max Seat #2 is the button
Seat 1: PbIbak ($393.38 in chips)
Seat 2: Fiskin1 ($64.93 in chips)
Fiskin1: posts small blind $1
PbIbak: posts big blind $3
*** HOLE CARDS ***
Fiskin1: raises $3 to $6
PbIbak: calls $3
*** FLOP *** [4s Ac Qs]
PbIbak: checks
Fiskin1: bets $3
PbIbak: raises $3 to $6
Fiskin1: calls $3
*** TURN *** [4s Ac Qs] [5c]
PbIbak: bets $6
Fiskin1: calls $6
*** RIVER *** [4s Ac Qs 5c] [Jc]
PbIbak: bets $6
Fiskin1: calls $6
*** SHOW DOWN ***
PbIbak: shows [7h Ad] (a pair of Aces)
Fiskin1: mucks hand
PbIbak collected $47.50 from pot
*** SUMMARY ***
Total pot $48 | Rake $0.50
Board [4s Ac Qs 5c Jc]
Seat 1: PbIbak (big blind) showed [7h Ad] and won ($47.50) with a pair of Aces
Seat 2: Fiskin1 (button) (small blind) mucked


PokerStars Hand #148196089276:  Hold'em Limit ($3/$6 USD) - 2016/02/03 19:04:16 ET
Table 'Niobe III' 2-max Seat #1 is the button
Seat 1: PbIbak ($416.88 in chips)
Seat 2: Fiskin1 ($40.93 in chips)
PbIbak: posts small blind $1
Fiskin1: posts big blind $3
*** HOLE CARDS ***
PbIbak: raises $3 to $6
Fiskin1: calls $3
*** FLOP *** [3h Kc 2s]
Fiskin1: checks
PbIbak: bets $3
Fiskin1: calls $3
*** TURN *** [3h Kc 2s] [5c]
Fiskin1: checks
PbIbak: bets $6
Fiskin1: calls $6
*** RIVER *** [3h Kc 2s 5c] [7d]
Fiskin1: checks
PbIbak: bets $6
Fiskin1: folds
Uncalled bet ($6) returned to PbIbak
PbIbak collected $29.50 from pot
PbIbak: doesn't show hand
*** SUMMARY ***
Total pot $30 | Rake $0.50
Board [3h Kc 2s 5c 7d]
Seat 1: PbIbak (button) (small blind) collected ($29.50)
Seat 2: Fiskin1 (big blind) folded on the River


PokerStars Hand #148196067196:  Hold'em Limit ($3/$6 USD) - 2016/02/03 19:03:46 ET
Table 'Niobe III' 2-max Seat #1 is the button
Seat 1: PbIbak ($405.38 in chips)
Seat 2: Fiskin1 ($53.41 in chips)
PbIbak: posts small blind $1
Fiskin1: posts big blind $3
*** HOLE CARDS ***
PbIbak: raises $3 to $6
Fiskin1: calls $3
*** FLOP *** [Ks Qd 7h]
Fiskin1: checks
PbIbak: checks
*** TURN *** [Ks Qd 7h] [Ah]
Fiskin1: checks
PbIbak: checks
*** RIVER *** [Ks Qd 7h Ah] [Jd]
Fiskin1: checks
PbIbak: bets $6
Fiskin1: calls $6
*** SHOW DOWN ***
PbIbak: shows [5s 4h] (high card Ace)
Fiskin1: shows [Jh Ac] (two pair, Aces and Jacks)
Fiskin1 collected $23.52 from pot
*** SUMMARY ***
Total pot $24 | Rake $0.48
Board [Ks Qd 7h Ah Jd]
Seat 1: PbIbak (button) (small blind) showed [5s 4h] and lost with high card Ace
Seat 2: Fiskin1 (big blind) showed [Jh Ac] and won ($23.52) with two pair, Aces and Jacks


PokerStars Hand #148196099161:  Hold'em Limit ($3/$6 USD) - 2016/02/03 19:04:30 ET
Table 'Niobe III' 2-max Seat #2 is the button
Seat 1: PbIbak ($431.38 in chips)
Seat 2: Fiskin1 ($25.93 in chips)
Fiskin1: posts small blind $1
PbIbak: posts big blind $3
*** HOLE CARDS ***
Fiskin1: raises $3 to $6
PbIbak: raises $3 to $9
Fiskin1: calls $3
*** FLOP *** [4h 5c 4c]
PbIbak: bets $3
Fiskin1: raises $3 to $6
PbIbak: calls $3
*** TURN *** [4h 5c 4c] [7s]
PbIbak: checks
Fiskin1: bets $6
PbIbak: calls $6
*** RIVER *** [4h 5c 4c 7s] [8d]
PbIbak: checks
Fiskin1: bets $4.93 and is all-in
PbIbak: folds
Uncalled bet ($4.93) returned to Fiskin1
Fiskin1 collected $41.50 from pot
Fiskin1: doesn't show hand
*** SUMMARY ***
Total pot $42 | Rake $0.50
Board [4h 5c 4c 7s 8d]
Seat 1: PbIbak (big blind) folded on the River
Seat 2: Fiskin1 (button) (small blind) collected ($41.50)


PokerStars Hand #148196123970:  Hold'em Limit ($3/$6 USD) - 2016/02/03 19:05:03 ET
Table 'Niobe III' 2-max Seat #1 is the button
Seat 1: PbIbak ($398.38 in chips)
Seat 2: Fiskin1 ($58.07 in chips)
PbIbak: posts small blind $1
Fiskin1: posts big blind $3
*** HOLE CARDS ***
PbIbak: folds
Uncalled bet ($2) returned to Fiskin1
Fiskin1 collected $2 from pot
Fiskin1: doesn't show hand
*** SUMMARY ***
Total pot $2 | Rake $0
Seat 1: PbIbak (button) (small blind) folded before Flop
Seat 2: Fiskin1 (big blind) collected ($2)


PokerStars Hand #148196120657:  Hold'em Limit ($3/$6 USD) - 2016/02/03 19:04:59 ET
Table 'Niobe III' 2-max Seat #2 is the button
Seat 1: PbIbak ($401.38 in chips)
Seat 2: Fiskin1 ($55.07 in chips)
Fiskin1: posts small blind $1
PbIbak: posts big blind $3
*** HOLE CARDS ***
Fiskin1: raises $3 to $6
PbIbak: folds
Uncalled bet ($3) returned to Fiskin1
Fiskin1 collected $6 from pot
Fiskin1: doesn't show hand
*** SUMMARY ***
Total pot $6 | Rake $0
Seat 1: PbIbak (big blind) folded before Flop
Seat 2: Fiskin1 (button) (small blind) collected ($6)


PokerStars Hand #148196115092:  Hold'em Limit ($3/$6 USD) - 2016/02/03 19:04:51 ET
Table 'Niobe III' 2-max Seat #1 is the button
Seat 1: PbIbak ($410.38 in chips)
Seat 2: Fiskin1 ($46.43 in chips)
PbIbak: posts small blind $1
Fiskin1: posts big blind $3
*** HOLE CARDS ***
PbIbak: raises $3 to $6
Fiskin1: raises $3 to $9
PbIbak: calls $3
*** FLOP *** [5h 8c 3s]
Fiskin1: bets $3
PbIbak: folds
Uncalled bet ($3) returned to Fiskin1
Fiskin1 collected $17.64 from pot
Fiskin1: doesn't show hand
*** SUMMARY ***
Total pot $18 | Rake $0.36
Board [5h 8c 3s]
Seat 1: PbIbak (button) (small blind) folded on the Flop
Seat 2: Fiskin1 (big blind) collected ($17.64)


PokerStars Hand #148196127372:  Hold'em Limit ($3/$6 USD) - 2016/02/03 19:05:08 ET
Table 'Niobe III' 2-max Seat #2 is the button
Seat 1: PbIbak ($397.38 in chips)
Seat 2: Fiskin1 ($59.07 in chips)
Fiskin1: posts small blind $1
PbIbak: posts big blind $3
*** HOLE CARDS ***
Fiskin1: raises $3 to $6
PbIbak: calls $3
*** FLOP *** [8d 7d Qd]
PbIbak: checks
Fiskin1: bets $3
PbIbak: calls $3
*** TURN *** [8d 7d Qd] [Js]
PbIbak: checks
Fiskin1: bets $6
PbIbak: calls $6
*** RIVER *** [8d 7d Qd Js] [4c]
PbIbak: checks
Fiskin1: bets $6
PbIbak: calls $6
*** SHOW DOWN ***
Fiskin1: shows [9s 9h] (a pair of Nines)
PbIbak: mucks hand
Fiskin1 collected $41.50 from pot
*** SUMMARY ***
Total pot $42 | Rake $0.50
Board [8d 7d Qd Js 4c]
Seat 1: PbIbak (big blind) mucked
Seat 2: Fiskin1 (button) (small blind) showed [9s 9h] and won ($41.50) with a pair of Nines


PokerStars Hand #148196145079:  Hold'em Limit ($3/$6 USD) - 2016/02/03 19:05:32 ET
Table 'Niobe III' 2-max Seat #2 is the button
Seat 1: PbIbak ($367.38 in chips)
Seat 2: Fiskin1 ($88.21 in chips)
Fiskin1: posts small blind $1
PbIbak: posts big blind $3
*** HOLE CARDS ***
Fiskin1: raises $3 to $6
PbIbak: raises $3 to $9
Fiskin1: calls $3
*** FLOP *** [Ah 6h 9s]
PbIbak: bets $3
Fiskin1: folds
Uncalled bet ($3) returned to PbIbak
PbIbak collected $17.64 from pot
PbIbak: doesn't show hand
*** SUMMARY ***
Total pot $18 | Rake $0.36
Board [Ah 6h 9s]
Seat 1: PbIbak (big blind) collected ($17.64)
Seat 2: Fiskin1 (button) (small blind) folded on the Flop


PokerStars Hand #148196138401:  Hold'em Limit ($3/$6 USD) - 2016/02/03 19:05:23 ET
Table 'Niobe III' 2-max Seat #1 is the button
Seat 1: PbIbak ($376.38 in chips)
Seat 2: Fiskin1 ($79.57 in chips)
PbIbak: posts small blind $1
Fiskin1: posts big blind $3
*** HOLE CARDS ***
PbIbak: raises $3 to $6
Fiskin1: calls $3
*** FLOP *** [2h Qh Tc]
Fiskin1: checks
PbIbak: bets $3
Fiskin1: raises $3 to $6
PbIbak: folds
Uncalled bet ($3) returned to Fiskin1
Fiskin1 collected $17.64 from pot
Fiskin1: doesn't show hand
*** SUMMARY ***
Total pot $18 | Rake $0.36
Board [2h Qh Tc]
Seat 1: PbIbak (button) (small blind) folded on the Flop
Seat 2: Fiskin1 (big blind) collected ($17.64)


PokerStars Hand #148196166478:  Hold'em Limit ($3/$6 USD) - 2016/02/03 19:06:01 ET
Table 'Niobe III' 2-max Seat #1 is the button
Seat 1: PbIbak ($390.52 in chips)
Seat 2: Fiskin1 ($64.21 in chips)
PbIbak: posts small blind $1
Fiskin1: posts big blind $3
*** HOLE CARDS ***
PbIbak: raises $3 to $6
Fiskin1: calls $3
*** FLOP *** [2c 6c 8d]
Fiskin1: checks
PbIbak: checks
*** TURN *** [2c 6c 8d] [As]
Fiskin1: checks
PbIbak: checks
*** RIVER *** [2c 6c 8d As] [8h]
Fiskin1: checks
PbIbak: checks
*** SHOW DOWN ***
Fiskin1: shows [Th 3d] (a pair of Eights)
PbIbak: shows [5d Kc] (a pair of Eights - Ace+King kicker)
PbIbak collected $11.76 from pot
*** SUMMARY ***
Total pot $12 | Rake $0.24
Board [2c 6c 8d As 8h]
Seat 1: PbIbak (button) (small blind) showed [5d Kc] and won ($11.76) with a pair of Eights
Seat 2: Fiskin1 (big blind) showed [Th 3d] and lost with a pair of Eights


PokerStars Hand #148196193629:  Hold'em Limit ($3/$6 USD) - 2016/02/03 19:06:38 ET
Table 'Niobe III' 2-max Seat #1 is the button
Seat 1: PbIbak ($400.80 in chips)
Seat 2: Fiskin1 ($52.97 in chips)
PbIbak: posts small blind $1
Fiskin1: posts big blind $3
*** HOLE CARDS ***
PbIbak: raises $3 to $6
Fiskin1: calls $3
*** FLOP *** [Qh 5s 9d]
Fiskin1: checks
PbIbak: checks
*** TURN *** [Qh 5s 9d] [8h]
Fiskin1: checks
PbIbak: checks
*** RIVER *** [Qh 5s 9d 8h] [7s]
Fiskin1: bets $6
PbIbak: folds
Uncalled bet ($6) returned to Fiskin1
Fiskin1 collected $11.76 from pot
Fiskin1: doesn't show hand
*** SUMMARY ***
Total pot $12 | Rake $0.24
Board [Qh 5s 9d 8h 7s]
Seat 1: PbIbak (button) (small blind) folded on the River
Seat 2: Fiskin1 (big blind) collected ($11.76)


PokerStars Hand #148196162489:  Hold'em Limit ($3/$6 USD) - 2016/02/03 19:05:56 ET
Table 'Niobe III' 2-max Seat #2 is the button
Seat 1: PbIbak ($393.52 in chips)
Seat 2: Fiskin1 ($61.21 in chips)
Fiskin1: posts small blind $1
PbIbak: posts big blind $3
*** HOLE CARDS ***
Fiskin1: raises $3 to $6
PbIbak: folds
Uncalled bet ($3) returned to Fiskin1
Fiskin1 collected $6 from pot
Fiskin1: doesn't show hand
*** SUMMARY ***
Total pot $6 | Rake $0
Seat 1: PbIbak (big blind) folded before Flop
Seat 2: Fiskin1 (button) (small blind) collected ($6)


PokerStars Hand #148196150787:  Hold'em Limit ($3/$6 USD) - 2016/02/03 19:05:40 ET
Table 'Niobe III' 2-max Seat #1 is the button
Seat 1: PbIbak ($376.02 in chips)
Seat 2: Fiskin1 ($79.21 in chips)
PbIbak: posts small blind $1
Fiskin1: posts big blind $3
*** HOLE CARDS ***
PbIbak: raises $3 to $6
Fiskin1: raises $3 to $9
PbIbak: calls $3
*** FLOP *** [4d 7s 7c]
Fiskin1: bets $3
PbIbak: calls $3
*** TURN *** [4d 7s 7c] [7d]
Fiskin1: bets $6
PbIbak: calls $6
*** RIVER *** [4d 7s 7c 7d] [6h]
Fiskin1: checks
PbIbak: checks
*** SHOW DOWN ***
Fiskin1: shows [9h Jh] (three of a kind, Sevens)
PbIbak: shows [Qs 8c] (three of a kind, Sevens - Queen kicker)
PbIbak collected $35.50 from pot
*** SUMMARY ***
Total pot $36 | Rake $0.50
Board [4d 7s 7c 7d 6h]
Seat 1: PbIbak (button) (small blind) showed [Qs 8c] and won ($35.50) with three of a kind, Sevens
Seat 2: Fiskin1 (big blind) showed [9h Jh] and lost with three of a kind, Sevens


PokerStars Hand #148196182747:  Hold'em Limit ($3/$6 USD) - 2016/02/03 19:06:23 ET
Table 'Niobe III' 2-max Seat #1 is the button
Seat 1: PbIbak ($390.28 in chips)
Seat 2: Fiskin1 ($63.97 in chips)
PbIbak: posts small blind $1
Fiskin1: posts big blind $3
*** HOLE CARDS ***
PbIbak: folds
Uncalled bet ($2) returned to Fiskin1
Fiskin1 collected $2 from pot
Fiskin1: doesn't show hand
*** SUMMARY ***
Total pot $2 | Rake $0
Seat 1: PbIbak (button) (small blind) folded before Flop
Seat 2: Fiskin1 (big blind) collected ($2)


PokerStars Hand #148196176623:  Hold'em Limit ($3/$6 USD) - 2016/02/03 19:06:15 ET
Table 'Niobe III' 2-max Seat #2 is the button
Seat 1: PbIbak ($396.28 in chips)
Seat 2: Fiskin1 ($58.21 in chips)
Fiskin1: posts small blind $1
PbIbak: posts big blind $3
*** HOLE CARDS ***
Fiskin1: raises $3 to $6
PbIbak: calls $3
*** FLOP *** [Tc 9c 2c]
PbIbak: checks
Fiskin1: bets $3
PbIbak: folds
Uncalled bet ($3) returned to Fiskin1
Fiskin1 collected $11.76 from pot
Fiskin1: doesn't show hand
*** SUMMARY ***
Total pot $12 | Rake $0.24
Board [Tc 9c 2c]
Seat 1: PbIbak (big blind) folded on the Flop
Seat 2: Fiskin1 (button) (small blind) collected ($11.76)


PokerStars Hand #148196185859:  Hold'em Limit ($3/$6 USD) - 2016/02/03 19:06:28 ET
Table 'Niobe III' 2-max Seat #2 is the button
Seat 1: PbIbak ($389.28 in chips)
Seat 2: Fiskin1 ($64.97 in chips)
Fiskin1: posts small blind $1
PbIbak: posts big blind $3
*** HOLE CARDS ***
Fiskin1: raises $3 to $6
PbIbak: raises $3 to $9
Fiskin1: calls $3
*** FLOP *** [5s 2c 9d]
PbIbak: bets $3
Fiskin1: calls $3
*** TURN *** [5s 2c 9d] [8d]
PbIbak: bets $6
Fiskin1: folds
Uncalled bet ($6) returned to PbIbak
PbIbak collected $23.52 from pot
PbIbak: doesn't show hand
*** SUMMARY ***
Total pot $24 | Rake $0.48
Board [5s 2c 9d 8d]
Seat 1: PbIbak (big blind) collected ($23.52)
Seat 2: Fiskin1 (button) (small blind) folded on the Turn


PokerStars Hand #148196202412:  Hold'em Limit ($3/$6 USD) - 2016/02/03 19:06:50 ET
Table 'Niobe III' 2-max Seat #2 is the button
Seat 1: PbIbak ($394.80 in chips)
Seat 2: Fiskin1 ($58.73 in chips)
Fiskin1: posts small blind $1
PbIbak: posts big blind $3
*** HOLE CARDS ***
Fiskin1: raises $3 to $6
PbIbak: calls $3
*** FLOP *** [8d 8h 4s]
PbIbak: checks
Fiskin1: checks
*** TURN *** [8d 8h 4s] [Qc]
PbIbak: checks
Fiskin1: checks
*** RIVER *** [8d 8h 4s Qc] [Qd]
PbIbak: bets $6
Fiskin1: calls $6
*** SHOW DOWN ***
PbIbak: shows [9c Ah] (two pair, Queens and Eights)
Fiskin1: mucks hand
PbIbak collected $23.52 from pot
*** SUMMARY ***
Total pot $24 | Rake $0.48
Board [8d 8h 4s Qc Qd]
Seat 1: PbIbak (big blind) showed [9c Ah] and won ($23.52) with two pair, Queens and Eights
Seat 2: Fiskin1 (button) (small blind) mucked


PokerStars Hand #148196213514:  Hold'em Limit ($3/$6 USD) - 2016/02/03 19:07:06 ET
Table 'Niobe III' 2-max Seat #2 is the button
Seat 1: PbIbak ($405.32 in chips)
Seat 2: Fiskin1 ($47.73 in chips)
Fiskin1: posts small blind $1
PbIbak: posts big blind $3
*** HOLE CARDS ***
Fiskin1: raises $3 to $6
PbIbak: raises $3 to $9
Fiskin1: raises $3 to $12
Betting is capped
PbIbak: calls $3
*** FLOP *** [As Ad 4s]
PbIbak: checks
Fiskin1: bets $3
PbIbak: calls $3
*** TURN *** [As Ad 4s] [Jh]
PbIbak: checks
Fiskin1: bets $6
PbIbak: calls $6
*** RIVER *** [As Ad 4s Jh] [Ah]
PbIbak: checks
Fiskin1: bets $6
PbIbak: raises $6 to $12
Fiskin1: calls $6
*** SHOW DOWN ***
PbIbak: shows [Td Jd] (a full house, Aces full of Jacks)
Fiskin1: mucks hand
PbIbak collected $65.50 from pot
*** SUMMARY ***
Total pot $66 | Rake $0.50
Board [As Ad 4s Jh Ah]
Seat 1: PbIbak (big blind) showed [Td Jd] and won ($65.50) with a full house, Aces full of Jacks
Seat 2: Fiskin1 (button) (small blind) mucked


PokerStars Hand #148196210384:  Hold'em Limit ($3/$6 USD) - 2016/02/03 19:07:01 ET
Table 'Niobe III' 2-max Seat #1 is the button
Seat 1: PbIbak ($406.32 in chips)
Seat 2: Fiskin1 ($46.73 in chips)
PbIbak: posts small blind $1
Fiskin1: posts big blind $3
*** HOLE CARDS ***
PbIbak: folds
Uncalled bet ($2) returned to Fiskin1
Fiskin1 collected $2 from pot
Fiskin1: doesn't show hand
*** SUMMARY ***
Total pot $2 | Rake $0
Seat 1: PbIbak (button) (small blind) folded before Flop
Seat 2: Fiskin1 (big blind) collected ($2)


PokerStars Hand #148196236565:  Hold'em Limit ($3/$6 USD) - 2016/02/03 19:07:37 ET
Table 'Niobe III' 2-max Seat #2 is the button
Seat 1: PbIbak ($423.09 in chips)
Seat 2: Fiskin1 ($28.96 in chips)
Fiskin1: posts small blind $1
PbIbak: posts big blind $3
*** HOLE CARDS ***
Fiskin1: raises $3 to $6
PbIbak: calls $3
*** FLOP *** [Td 7s 3h]
PbIbak: checks
Fiskin1: checks
*** TURN *** [Td 7s 3h] [Ac]
PbIbak: checks
Fiskin1: bets $6
PbIbak: calls $6
*** RIVER *** [Td 7s 3h Ac] [6s]
PbIbak: checks
Fiskin1: bets $6
PbIbak: calls $6
*** SHOW DOWN ***
Fiskin1: shows [5d Ah] (a pair of Aces)
PbIbak: mucks hand
Fiskin1 collected $35.50 from pot
*** SUMMARY ***
Total pot $36 | Rake $0.50
Board [Td 7s 3h Ac 6s]
Seat 1: PbIbak (big blind) mucked
Seat 2: Fiskin1 (button) (small blind) showed [5d Ah] and won ($35.50) with a pair of Aces


PokerStars Hand #148196225972:  Hold'em Limit ($3/$6 USD) - 2016/02/03 19:07:23 ET
Table 'Niobe III' 2-max Seat #1 is the button
Seat 1: PbIbak ($437.82 in chips)
Seat 2: Fiskin1 ($14.73 in chips)
PbIbak: posts small blind $1
Fiskin1: posts big blind $3
*** HOLE CARDS ***
PbIbak: raises $3 to $6
Fiskin1: raises $3 to $9
PbIbak: raises $3 to $12
Betting is capped
Fiskin1: calls $3
*** FLOP *** [8c 5d 9d]
Fiskin1: bets $2.73 and is all-in
PbIbak: calls $2.73
*** TURN *** [8c 5d 9d] [7d]
*** RIVER *** [8c 5d 9d 7d] [2s]
*** SHOW DOWN ***
Fiskin1: shows [8d Ad] (a flush, Ace high)
PbIbak: shows [As 8h] (a pair of Eights)
Fiskin1 collected $28.96 from pot
*** SUMMARY ***
Total pot $29.46 | Rake $0.50
Board [8c 5d 9d 7d 2s]
Seat 1: PbIbak (button) (small blind) showed [As 8h] and lost with a pair of Eights
Seat 2: Fiskin1 (big blind) showed [8d Ad] and won ($28.96) with a flush, Ace high


PokerStars Hand #148196274983:  Hold'em Limit ($3/$6 USD) - 2016/02/03 19:08:30 ET
Table 'Niobe III' 2-max Seat #1 is the button
Seat 1: PbIbak ($386.85 in chips)
Seat 2: Fiskin1 ($63.50 in chips)
PbIbak: posts small blind $1
Fiskin1: posts big blind $3
*** HOLE CARDS ***
PbIbak: raises $3 to $6
Fiskin1: raises $3 to $9
PbIbak: calls $3
*** FLOP *** [6c 9s Ac]
Fiskin1: bets $3
PbIbak: calls $3
*** TURN *** [6c 9s Ac] [Qh]
Fiskin1: checks
PbIbak: bets $6
Fiskin1: calls $6
*** RIVER *** [6c 9s Ac Qh] [5h]
Fiskin1: checks
PbIbak: bets $6
Fiskin1: calls $6
*** SHOW DOWN ***
PbIbak: shows [Qd As] (two pair, Aces and Queens)
Fiskin1: mucks hand
PbIbak collected $47.50 from pot
*** SUMMARY ***
Total pot $48 | Rake $0.50
Board [6c 9s Ac Qh 5h]
Seat 1: PbIbak (button) (small blind) showed [Qd As] and won ($47.50) with two pair, Aces and Queens
Seat 2: Fiskin1 (big blind) mucked


PokerStars Hand #148196245504:  Hold'em Limit ($3/$6 USD) - 2016/02/03 19:07:50 ET
Table 'Niobe III' 2-max Seat #1 is the button
Seat 1: PbIbak ($405.09 in chips)
Seat 2: Fiskin1 ($46.46 in chips)
PbIbak: posts small blind $1
Fiskin1: posts big blind $3
*** HOLE CARDS ***
PbIbak: raises $3 to $6
Fiskin1: calls $3
*** FLOP *** [Ah 3c Ac]
Fiskin1: checks
PbIbak: bets $3
Fiskin1: raises $3 to $6
PbIbak: calls $3
*** TURN *** [Ah 3c Ac] [Js]
Fiskin1: bets $6
PbIbak: folds
Uncalled bet ($6) returned to Fiskin1
Fiskin1 collected $23.52 from pot
Fiskin1: doesn't show hand
*** SUMMARY ***
Total pot $24 | Rake $0.48
Board [Ah 3c Ac Js]
Seat 1: PbIbak (button) (small blind) folded on the Turn
Seat 2: Fiskin1 (big blind) collected ($23.52)


PokerStars Hand #148196254222:  Hold'em Limit ($3/$6 USD) - 2016/02/03 19:08:02 ET
Table 'Niobe III' 2-max Seat #2 is the button
Seat 1: PbIbak ($393.09 in chips)
Seat 2: Fiskin1 ($57.98 in chips)
Fiskin1: posts small blind $1
PbIbak: posts big blind $3
*** HOLE CARDS ***
Fiskin1: raises $3 to $6
PbIbak: calls $3
*** FLOP *** [4h 7d Qh]
PbIbak: checks
Fiskin1: bets $3
PbIbak: folds
Uncalled bet ($3) returned to Fiskin1
Fiskin1 collected $11.76 from pot
Fiskin1: doesn't show hand
*** SUMMARY ***
Total pot $12 | Rake $0.24
Board [4h 7d Qh]
Seat 1: PbIbak (big blind) folded on the Flop
Seat 2: Fiskin1 (button) (small blind) collected ($11.76)


PokerStars Hand #148196269823:  Hold'em Limit ($3/$6 USD) - 2016/02/03 19:08:23 ET
Table 'Niobe III' 2-max Seat #2 is the button
Seat 1: PbIbak ($392.85 in chips)
Seat 2: Fiskin1 ($57.74 in chips)
Fiskin1: posts small blind $1
PbIbak: posts big blind $3
*** HOLE CARDS ***
Fiskin1: raises $3 to $6
PbIbak: calls $3
*** FLOP *** [Td Jd 6s]
PbIbak: checks
Fiskin1: bets $3
PbIbak: folds
Uncalled bet ($3) returned to Fiskin1
Fiskin1 collected $11.76 from pot
Fiskin1: doesn't show hand
*** SUMMARY ***
Total pot $12 | Rake $0.24
Board [Td Jd 6s]
Seat 1: PbIbak (big blind) folded on the Flop
Seat 2: Fiskin1 (button) (small blind) collected ($11.76)


PokerStars Hand #148196259505:  Hold'em Limit ($3/$6 USD) - 2016/02/03 19:08:09 ET
Table 'Niobe III' 2-max Seat #1 is the button
Seat 1: PbIbak ($387.09 in chips)
Seat 2: Fiskin1 ($63.74 in chips)
PbIbak: posts small blind $1
Fiskin1: posts big blind $3
*** HOLE CARDS ***
PbIbak: raises $3 to $6
Fiskin1: calls $3
*** FLOP *** [Tc Js 2d]
Fiskin1: checks
PbIbak: checks
*** TURN *** [Tc Js 2d] [Jc]
Fiskin1: checks
PbIbak: checks
*** RIVER *** [Tc Js 2d Jc] [8s]
Fiskin1: checks
PbIbak: checks
*** SHOW DOWN ***
Fiskin1: shows [Qs 4h] (a pair of Jacks)
PbIbak: shows [Kd 5s] (a pair of Jacks - King kicker)
PbIbak collected $11.76 from pot
*** SUMMARY ***
Total pot $12 | Rake $0.24
Board [Tc Js 2d Jc 8s]
Seat 1: PbIbak (button) (small blind) showed [Kd 5s] and won ($11.76) with a pair of Jacks
Seat 2: Fiskin1 (big blind) showed [Qs 4h] and lost with a pair of Jacks


PokerStars Hand #148196319190:  Hold'em Limit ($3/$6 USD) - 2016/02/03 19:09:32 ET
Table 'Niobe III' 2-max Seat #1 is the button
Seat 1: PbIbak ($433.35 in chips)
Seat 2: Fiskin1 ($15.26 in chips)
PbIbak: posts small blind $1
Fiskin1: posts big blind $3
*** HOLE CARDS ***
PbIbak: raises $3 to $6
Fiskin1: raises $3 to $9
PbIbak: calls $3
*** FLOP *** [3h Qh Qs]
Fiskin1: bets $3
PbIbak: calls $3
*** TURN *** [3h Qh Qs] [4h]
Fiskin1: bets $3.26 and is all-in
PbIbak: calls $3.26
*** RIVER *** [3h Qh Qs 4h] [5s]
*** SHOW DOWN ***
Fiskin1: shows [7h 7s] (two pair, Queens and Sevens)
PbIbak: shows [Ts 4d] (two pair, Queens and Fours)
Fiskin1 collected $30.02 from pot
*** SUMMARY ***
Total pot $30.52 | Rake $0.50
Board [3h Qh Qs 4h 5s]
Seat 1: PbIbak (button) (small blind) showed [Ts 4d] and lost with two pair, Queens and Fours
Seat 2: Fiskin1 (big blind) showed [7h 7s] and won ($30.02) with two pair, Queens and Sevens


PokerStars Hand #148196303264:  Hold'em Limit ($3/$6 USD) - 2016/02/03 19:09:09 ET
Table 'Niobe III' 2-max Seat #2 is the button
Seat 1: PbIbak ($424.85 in chips)
Seat 2: Fiskin1 ($24.26 in chips)
Fiskin1: posts small blind $1
PbIbak: posts big blind $3
*** HOLE CARDS ***
Fiskin1: raises $3 to $6
PbIbak: folds
Uncalled bet ($3) returned to Fiskin1
Fiskin1 collected $6 from pot
Fiskin1: doesn't show hand
*** SUMMARY ***
Total pot $6 | Rake $0
Seat 1: PbIbak (big blind) folded before Flop
Seat 2: Fiskin1 (button) (small blind) collected ($6)


PokerStars Hand #148196315882:  Hold'em Limit ($3/$6 USD) - 2016/02/03 19:09:27 ET
Table 'Niobe III' 2-max Seat #2 is the button
Seat 1: PbIbak ($436.35 in chips)
Seat 2: Fiskin1 ($12.26 in chips)
Fiskin1: posts small blind $1
PbIbak: posts big blind $3
*** HOLE CARDS ***
Fiskin1: raises $3 to $6
PbIbak: folds
Uncalled bet ($3) returned to Fiskin1
Fiskin1 collected $6 from pot
Fiskin1: doesn't show hand
*** SUMMARY ***
Total pot $6 | Rake $0
Seat 1: PbIbak (big blind) folded before Flop
Seat 2: Fiskin1 (button) (small blind) collected ($6)


PokerStars Hand #148196306596:  Hold'em Limit ($3/$6 USD) - 2016/02/03 19:09:14 ET
Table 'Niobe III' 2-max Seat #1 is the button
Seat 1: PbIbak ($421.85 in chips)
Seat 2: Fiskin1 ($27.26 in chips)
PbIbak: posts small blind $1
Fiskin1: posts big blind $3
*** HOLE CARDS ***
PbIbak: raises $3 to $6
Fiskin1: raises $3 to $9
PbIbak: calls $3
*** FLOP *** [2h 8c 6c]
Fiskin1: bets $3
PbIbak: raises $3 to $6
Fiskin1: calls $3
*** TURN *** [2h 8c 6c] [4d]
Fiskin1: checks
PbIbak: bets $6
Fiskin1: folds
Uncalled bet ($6) returned to PbIbak
PbIbak collected $29.50 from pot
PbIbak: doesn't show hand
*** SUMMARY ***
Total pot $30 | Rake $0.50
Board [2h 8c 6c 4d]
Seat 1: PbIbak (button) (small blind) collected ($29.50)
Seat 2: Fiskin1 (big blind) folded on the Turn


PokerStars Hand #148196285863:  Hold'em Limit ($3/$6 USD) - 2016/02/03 19:08:45 ET
Table 'Niobe III' 2-max Seat #2 is the button
Seat 1: PbIbak ($410.35 in chips)
Seat 2: Fiskin1 ($39.50 in chips)
Fiskin1: posts small blind $1
PbIbak: posts big blind $3
*** HOLE CARDS ***
Fiskin1: raises $3 to $6
PbIbak: calls $3
*** FLOP *** [7c 3s Js]
PbIbak: checks
Fiskin1: bets $3
PbIbak: folds
Uncalled bet ($3) returned to Fiskin1
Fiskin1 collected $11.76 from pot
Fiskin1: doesn't show hand
*** SUMMARY ***
Total pot $12 | Rake $0.24
Board [7c 3s Js]
Seat 1: PbIbak (big blind) folded on the Flop
Seat 2: Fiskin1 (button) (small blind) collected ($11.76)


PokerStars Hand #148196292473:  Hold'em Limit ($3/$6 USD) - 2016/02/03 19:08:54 ET
Table 'Niobe III' 2-max Seat #1 is the button
Seat 1: PbIbak ($404.35 in chips)
Seat 2: Fiskin1 ($45.26 in chips)
PbIbak: posts small blind $1
Fiskin1: posts big blind $3
*** HOLE CARDS ***
PbIbak: raises $3 to $6
Fiskin1: raises $3 to $9
PbIbak: calls $3
*** FLOP *** [Qh Js 6h]
Fiskin1: bets $3
PbIbak: raises $3 to $6
Fiskin1: calls $3
*** TURN *** [Qh Js 6h] [2d]
Fiskin1: checks
PbIbak: bets $6
Fiskin1: calls $6
*** RIVER *** [Qh Js 6h 2d] [Tc]
Fiskin1: checks
PbIbak: checks
*** SHOW DOWN ***
Fiskin1: shows [6s 4s] (a pair of Sixes)
PbIbak: shows [Ts Kd] (a pair of Tens)
PbIbak collected $41.50 from pot
*** SUMMARY ***
Total pot $42 | Rake $0.50
Board [Qh Js 6h 2d Tc]
Seat 1: PbIbak (button) (small blind) showed [Ts Kd] and won ($41.50) with a pair of Tens
Seat 2: Fiskin1 (big blind) showed [6s 4s] and lost with a pair of Sixes


PokerStars Hand #148196329423:  Hold'em Limit ($3/$6 USD) - 2016/02/03 19:09:46 ET
Table 'Niobe III' 2-max Seat #2 is the button
Seat 1: PbIbak ($418.09 in chips)
Seat 2: Fiskin1 ($30.02 in chips)
Fiskin1: posts small blind $1
PbIbak: posts big blind $3
*** HOLE CARDS ***
Fiskin1: raises $3 to $6
PbIbak: calls $3
*** FLOP *** [9s 5s 9d]
PbIbak: checks
Fiskin1: bets $3
PbIbak: calls $3
*** TURN *** [9s 5s 9d] [7h]
PbIbak: checks
Fiskin1: checks
*** RIVER *** [9s 5s 9d 7h] [4d]
PbIbak: checks
Fiskin1: bets $6
PbIbak: calls $6
*** SHOW DOWN ***
Fiskin1: shows [Qd As] (a pair of Nines)
PbIbak: mucks hand
Fiskin1 collected $29.50 from pot
*** SUMMARY ***
Total pot $30 | Rake $0.50
Board [9s 5s 9d 7h 4d]
Seat 1: PbIbak (big blind) mucked
Seat 2: Fiskin1 (button) (small blind) showed [Qd As] and won ($29.50) with a pair of Nines


PokerStars Hand #148196348694:  Hold'em Limit ($3/$6 USD) - 2016/02/03 19:10:13 ET
Table 'Niobe III' 2-max Seat #2 is the button
Seat 1: PbIbak ($411.73 in chips)
Seat 2: Fiskin1 ($35.52 in chips)
Fiskin1: posts small blind $1
PbIbak: posts big blind $3
*** HOLE CARDS ***
Fiskin1: raises $3 to $6
PbIbak: calls $3
*** FLOP *** [6h 9s 8d]
PbIbak: checks
Fiskin1: bets $3
PbIbak: raises $3 to $6
Fiskin1: raises $3 to $9
PbIbak: calls $3
*** TURN *** [6h 9s 8d] [Kh]
PbIbak: checks
Fiskin1: bets $6
PbIbak: calls $6
*** RIVER *** [6h 9s 8d Kh] [8h]
PbIbak: bets $6
Fiskin1: calls $6
*** SHOW DOWN ***
PbIbak: shows [8c Jd] (three of a kind, Eights)
Fiskin1: mucks hand
PbIbak collected $53.50 from pot
*** SUMMARY ***
Total pot $54 | Rake $0.50
Board [6h 9s 8d Kh 8h]
Seat 1: PbIbak (big blind) showed [8c Jd] and won ($53.50) with three of a kind, Eights
Seat 2: Fiskin1 (button) (small blind) mucked


PokerStars Hand #148196341772:  Hold'em Limit ($3/$6 USD) - 2016/02/03 19:10:04 ET
Table 'Niobe III' 2-max Seat #1 is the button
Seat 1: PbIbak ($403.09 in chips)
Seat 2: Fiskin1 ($44.52 in chips)
PbIbak: posts small blind $1
Fiskin1: posts big blind $3
*** HOLE CARDS ***
PbIbak: raises $3 to $6
Fiskin1: calls $3
*** FLOP *** [6s Ts 5c]
Fiskin1: checks
PbIbak: bets $3
Fiskin1: calls $3
*** TURN *** [6s Ts 5c] [9h]
Fiskin1: checks
PbIbak: bets $6
Fiskin1: folds
Uncalled bet ($6) returned to PbIbak
PbIbak collected $17.64 from pot
PbIbak: doesn't show hand
*** SUMMARY ***
Total pot $18 | Rake $0.36
Board [6s Ts 5c 9h]
Seat 1: PbIbak (button) (small blind) collected ($17.64)
Seat 2: Fiskin1 (big blind) folded on the Turn


PokerStars Hand #148196361195:  Hold'em Limit ($3/$6 USD) - 2016/02/03 19:10:31 ET
Table 'Niobe III' 2-max Seat #1 is the button
Seat 1: PbIbak ($438.23 in chips)
Seat 2: Fiskin1 ($8.52 in chips)
PbIbak: posts small blind $1
Fiskin1: posts big blind $3
*** HOLE CARDS ***
PbIbak: raises $3 to $6
Fiskin1: raises $2.52 to $8.52 and is all-in
PbIbak: calls $2.52
*** FLOP *** [5d 5s Td]
*** TURN *** [5d 5s Td] [Kc]
*** RIVER *** [5d 5s Td Kc] [Ad]
*** SHOW DOWN ***
Fiskin1: shows [7s 6h] (a pair of Fives)
PbIbak: shows [Jd 3d] (a flush, Ace high)
PbIbak collected $16.70 from pot
*** SUMMARY ***
Total pot $17.04 | Rake $0.34
Board [5d 5s Td Kc Ad]
Seat 1: PbIbak (button) (small blind) showed [Jd 3d] and won ($16.70) with a flush, Ace high
Seat 2: Fiskin1 (big blind) showed [7s 6h] and lost with a pair of Fives


PokerStars Hand #148196404043:  Hold'em Limit ($3/$6 USD) - 2016/02/03 19:11:32 ET
Table 'Niobe III' 2-max Seat #1 is the button
Seat 1: PbIbak ($455.05 in chips)
Seat 2: Fiskin1 ($62.11 in chips)
PbIbak: posts small blind $1
Fiskin1: posts big blind $3
*** HOLE CARDS ***
PbIbak: raises $3 to $6
Fiskin1: raises $3 to $9
PbIbak: calls $3
*** FLOP *** [2c 3d Ac]
Fiskin1: bets $3
PbIbak: calls $3
*** TURN *** [2c 3d Ac] [2s]
Fiskin1: bets $6
PbIbak: calls $6
*** RIVER *** [2c 3d Ac 2s] [Ks]
Fiskin1: bets $6
PbIbak: calls $6
*** SHOW DOWN ***
Fiskin1: shows [4s Ah] (two pair, Aces and Deuces)
PbIbak: mucks hand
Fiskin1 collected $47.50 from pot
*** SUMMARY ***
Total pot $48 | Rake $0.50
Board [2c 3d Ac 2s Ks]
Seat 1: PbIbak (button) (small blind) mucked
Seat 2: Fiskin1 (big blind) showed [4s Ah] and won ($47.50) with two pair, Aces and Deuces


PokerStars Hand #148196395643:  Hold'em Limit ($3/$6 USD) - 2016/02/03 19:11:20 ET
Table 'Niobe III' 2-max Seat #2 is the button
Seat 1: PbIbak ($446.41 in chips)
Seat 2: Fiskin1 ($71.11 in chips)
Fiskin1: posts small blind $1
PbIbak: posts big blind $3
*** HOLE CARDS ***
Fiskin1: raises $3 to $6
PbIbak: calls $3
*** FLOP *** [As 6s 4d]
PbIbak: checks
Fiskin1: bets $3
PbIbak: raises $3 to $6
Fiskin1: folds
Uncalled bet ($3) returned to PbIbak
PbIbak collected $17.64 from pot
PbIbak: doesn't show hand
*** SUMMARY ***
Total pot $18 | Rake $0.36
Board [As 6s 4d]
Seat 1: PbIbak (big blind) collected ($17.64)
Seat 2: Fiskin1 (button) (small blind) folded on the Flop


PokerStars Hand #148196429730:  Hold'em Limit ($3/$6 USD) - 2016/02/03 19:12:08 ET
Table 'Niobe III' 2-max Seat #2 is the button
Seat 1: PbIbak ($427.81 in chips)
Seat 2: Fiskin1 ($88.25 in chips)
Fiskin1: posts small blind $1
PbIbak: posts big blind $3
*** HOLE CARDS ***
Fiskin1: raises $3 to $6
PbIbak: raises $3 to $9
Fiskin1: calls $3
*** FLOP *** [4d 9d Ah]
PbIbak: bets $3
Fiskin1: calls $3
*** TURN *** [4d 9d Ah] [6d]
PbIbak: bets $6
Fiskin1: raises $6 to $12
PbIbak: folds
Uncalled bet ($6) returned to Fiskin1
Fiskin1 collected $35.50 from pot
Fiskin1: doesn't show hand
*** SUMMARY ***
Total pot $36 | Rake $0.50
Board [4d 9d Ah 6d]
Seat 1: PbIbak (big blind) folded on the Turn
Seat 2: Fiskin1 (button) (small blind) collected ($35.50)


PokerStars Hand #148196422648:  Hold'em Limit ($3/$6 USD) - 2016/02/03 19:11:58 ET
Table 'Niobe III' 2-max Seat #1 is the button
Seat 1: PbIbak ($422.05 in chips)
Seat 2: Fiskin1 ($94.25 in chips)
PbIbak: posts small blind $1
Fiskin1: posts big blind $3
*** HOLE CARDS ***
PbIbak: raises $3 to $6
Fiskin1: calls $3
*** FLOP *** [As 4d 3c]
Fiskin1: checks
PbIbak: checks
*** TURN *** [As 4d 3c] [2d]
Fiskin1: checks
PbIbak: checks
*** RIVER *** [As 4d 3c 2d] [9s]
Fiskin1: checks
PbIbak: checks
*** SHOW DOWN ***
Fiskin1: shows [Qh 7c] (high card Ace)
PbIbak: shows [3d 6d] (a pair of Threes)
PbIbak collected $11.76 from pot
*** SUMMARY ***
Total pot $12 | Rake $0.24
Board [As 4d 3c 2d 9s]
Seat 1: PbIbak (button) (small blind) showed [3d 6d] and won ($11.76) with a pair of Threes
Seat 2: Fiskin1 (big blind) showed [Qh 7c] and lost with high card Ace


PokerStars Hand #148196413445:  Hold'em Limit ($3/$6 USD) - 2016/02/03 19:11:45 ET
Table 'Niobe III' 2-max Seat #2 is the button
Seat 1: PbIbak ($431.05 in chips)
Seat 2: Fiskin1 ($85.61 in chips)
Fiskin1: posts small blind $1
PbIbak: posts big blind $3
*** HOLE CARDS ***
Fiskin1: raises $3 to $6
PbIbak: calls $3
*** FLOP *** [9h Jc 6c]
PbIbak: checks
Fiskin1: bets $3
PbIbak: calls $3
*** TURN *** [9h Jc 6c] [5s]
PbIbak: checks
Fiskin1: bets $6
PbIbak: folds
Uncalled bet ($6) returned to Fiskin1
Fiskin1 collected $17.64 from pot
Fiskin1: doesn't show hand
*** SUMMARY ***
Total pot $18 | Rake $0.36
Board [9h Jc 6c 5s]
Seat 1: PbIbak (big blind) folded on the Turn
Seat 2: Fiskin1 (button) (small blind) collected ($17.64)


PokerStars Hand #148196456785:  Hold'em Limit ($3/$6 USD) - 2016/02/03 19:12:46 ET
Table 'Niobe III' 2-max Seat #1 is the button
Seat 1: PbIbak ($406.57 in chips)
Seat 2: Fiskin1 ($108.39 in chips)
PbIbak: posts small blind $1
Fiskin1: posts big blind $3
*** HOLE CARDS ***
PbIbak: folds
Uncalled bet ($2) returned to Fiskin1
Fiskin1 collected $2 from pot
Fiskin1: doesn't show hand
*** SUMMARY ***
Total pot $2 | Rake $0
Seat 1: PbIbak (button) (small blind) folded before Flop
Seat 2: Fiskin1 (big blind) collected ($2)


PokerStars Hand #148196440787:  Hold'em Limit ($3/$6 USD) - 2016/02/03 19:12:24 ET
Table 'Niobe III' 2-max Seat #1 is the button
Seat 1: PbIbak ($409.81 in chips)
Seat 2: Fiskin1 ($105.75 in chips)
PbIbak: posts small blind $1
Fiskin1: posts big blind $3
*** HOLE CARDS ***
PbIbak: raises $3 to $6
Fiskin1: calls $3
*** FLOP *** [6h Ad 7s]
Fiskin1: checks
PbIbak: bets $3
Fiskin1: calls $3
*** TURN *** [6h Ad 7s] [6c]
Fiskin1: checks
PbIbak: checks
*** RIVER *** [6h Ad 7s 6c] [Tc]
Fiskin1: bets $6
PbIbak: folds
Uncalled bet ($6) returned to Fiskin1
Fiskin1 collected $17.64 from pot
Fiskin1: doesn't show hand
*** SUMMARY ***
Total pot $18 | Rake $0.36
Board [6h Ad 7s 6c Tc]
Seat 1: PbIbak (button) (small blind) folded on the River
Seat 2: Fiskin1 (big blind) collected ($17.64)


PokerStars Hand #148196466138:  Hold'em Limit ($3/$6 USD) - 2016/02/03 19:12:59 ET
Table 'Niobe III' 2-max Seat #2 is the button
Seat 1: PbIbak ($405.57 in chips)
Seat 2: Fiskin1 ($109.39 in chips)
Fiskin1: posts small blind $1
PbIbak: posts big blind $3
*** HOLE CARDS ***
Fiskin1: raises $3 to $6
PbIbak: calls $3
*** FLOP *** [6c 9c Ad]
PbIbak: checks
Fiskin1: checks
*** TURN *** [6c 9c Ad] [5h]
PbIbak: checks
Fiskin1: bets $6
PbIbak: calls $6
*** RIVER *** [6c 9c Ad 5h] [5d]
PbIbak: checks
Fiskin1: bets $6
PbIbak: raises $6 to $12
Fiskin1: calls $6
*** SHOW DOWN ***
PbIbak: shows [5c Td] (three of a kind, Fives)
Fiskin1: mucks hand
PbIbak collected $47.50 from pot
*** SUMMARY ***
Total pot $48 | Rake $0.50
Board [6c 9c Ad 5h 5d]
Seat 1: PbIbak (big blind) showed [5c Td] and won ($47.50) with three of a kind, Fives
Seat 2: Fiskin1 (button) (small blind) mucked


PokerStars Hand #148196462981:  Hold'em Limit ($3/$6 USD) - 2016/02/03 19:12:55 ET
Table 'Niobe III' 2-max Seat #1 is the button
Seat 1: PbIbak ($402.57 in chips)
Seat 2: Fiskin1 ($112.39 in chips)
PbIbak: posts small blind $1
Fiskin1: posts big blind $3
*** HOLE CARDS ***
PbIbak: raises $3 to $6
Fiskin1: folds
Uncalled bet ($3) returned to PbIbak
PbIbak collected $6 from pot
PbIbak: doesn't show hand
*** SUMMARY ***
Total pot $6 | Rake $0
Seat 1: PbIbak (button) (small blind) collected ($6)
Seat 2: Fiskin1 (big blind) folded before Flop


PokerStars Hand #148196459913:  Hold'em Limit ($3/$6 USD) - 2016/02/03 19:12:50 ET
Table 'Niobe III' 2-max Seat #2 is the button
Seat 1: PbIbak ($405.57 in chips)
Seat 2: Fiskin1 ($109.39 in chips)
Fiskin1: posts small blind $1
PbIbak: posts big blind $3
*** HOLE CARDS ***
Fiskin1: raises $3 to $6
PbIbak: folds
Uncalled bet ($3) returned to Fiskin1
Fiskin1 collected $6 from pot
Fiskin1: doesn't show hand
*** SUMMARY ***
Total pot $6 | Rake $0
Seat 1: PbIbak (big blind) folded before Flop
Seat 2: Fiskin1 (button) (small blind) collected ($6)


PokerStars Hand #148196490535:  Hold'em Limit ($3/$6 USD) - 2016/02/03 19:13:34 ET
Table 'Niobe III' 2-max Seat #2 is the button
Seat 1: PbIbak ($423.07 in chips)
Seat 2: Fiskin1 ($91.15 in chips)
Fiskin1: posts small blind $1
PbIbak: posts big blind $3
*** HOLE CARDS ***
Fiskin1: raises $3 to $6
PbIbak: raises $3 to $9
Fiskin1: calls $3
*** FLOP *** [6d As 2c]
PbIbak: bets $3
Fiskin1: calls $3
*** TURN *** [6d As 2c] [Td]
PbIbak: checks
Fiskin1: bets $6
PbIbak: calls $6
*** RIVER *** [6d As 2c Td] [5c]
PbIbak: checks
Fiskin1: checks
*** SHOW DOWN ***
PbIbak: shows [Kd Qs] (high card Ace)
Fiskin1: mucks hand
PbIbak collected $35.50 from pot
*** SUMMARY ***
Total pot $36 | Rake $0.50
Board [6d As 2c Td 5c]
Seat 1: PbIbak (big blind) showed [Kd Qs] and won ($35.50) with high card Ace
Seat 2: Fiskin1 (button) (small blind) mucked


PokerStars Hand #148196480342:  Hold'em Limit ($3/$6 USD) - 2016/02/03 19:13:20 ET
Table 'Niobe III' 2-max Seat #1 is the button
Seat 1: PbIbak ($429.07 in chips)
Seat 2: Fiskin1 ($85.39 in chips)
PbIbak: posts small blind $1
Fiskin1: posts big blind $3
*** HOLE CARDS ***
PbIbak: raises $3 to $6
Fiskin1: calls $3
*** FLOP *** [6s Th 7h]
Fiskin1: checks
PbIbak: checks
*** TURN *** [6s Th 7h] [5c]
Fiskin1: bets $6
PbIbak: folds
Uncalled bet ($6) returned to Fiskin1
Fiskin1 collected $11.76 from pot
Fiskin1: doesn't show hand
*** SUMMARY ***
Total pot $12 | Rake $0.24
Board [6s Th 7h 5c]
Seat 1: PbIbak (button) (small blind) folded on the Turn
Seat 2: Fiskin1 (big blind) collected ($11.76)


PokerStars Hand #148196509852:  Hold'em Limit ($3/$6 USD) - 2016/02/03 19:14:02 ET
Table 'Niobe III' 2-max Seat #2 is the button
Seat 1: PbIbak ($428.57 in chips)
Seat 2: Fiskin1 ($84.67 in chips)
Fiskin1: posts small blind $1
PbIbak: posts big blind $3
*** HOLE CARDS ***
Fiskin1: raises $3 to $6
PbIbak: raises $3 to $9
Fiskin1: calls $3
*** FLOP *** [Ah 8c As]
PbIbak: bets $3
Fiskin1: calls $3
*** TURN *** [Ah 8c As] [6c]
PbIbak: bets $6
Fiskin1: calls $6
*** RIVER *** [Ah 8c As 6c] [Ks]
PbIbak: bets $6
Fiskin1: raises $6 to $12
PbIbak: calls $6
*** SHOW DOWN ***
Fiskin1: shows [4c Kh] (two pair, Aces and Kings)
PbIbak: mucks hand
Fiskin1 collected $59.50 from pot
*** SUMMARY ***
Total pot $60 | Rake $0.50
Board [Ah 8c As 6c Ks]
Seat 1: PbIbak (big blind) mucked
Seat 2: Fiskin1 (button) (small blind) showed [4c Kh] and won ($59.50) with two pair, Aces and Kings


PokerStars Hand #148196501725:  Hold'em Limit ($3/$6 USD) - 2016/02/03 19:13:50 ET
Table 'Niobe III' 2-max Seat #1 is the button
Seat 1: PbIbak ($440.57 in chips)
Seat 2: Fiskin1 ($73.15 in chips)
PbIbak: posts small blind $1
Fiskin1: posts big blind $3
*** HOLE CARDS ***
PbIbak: raises $3 to $6
Fiskin1: raises $3 to $9
PbIbak: calls $3
*** FLOP *** [Ac 9c As]
Fiskin1: bets $3
PbIbak: calls $3
*** TURN *** [Ac 9c As] [9s]
Fiskin1: checks
PbIbak: checks
*** RIVER *** [Ac 9c As 9s] [2h]
Fiskin1: bets $6
PbIbak: folds
Uncalled bet ($6) returned to Fiskin1
Fiskin1 collected $23.52 from pot
Fiskin1: doesn't show hand
*** SUMMARY ***
Total pot $24 | Rake $0.48
Board [Ac 9c As 9s 2h]
Seat 1: PbIbak (button) (small blind) folded on the River
Seat 2: Fiskin1 (big blind) collected ($23.52)


PokerStars Hand #148196528088:  Hold'em Limit ($3/$6 USD) - 2016/02/03 19:14:28 ET
Table 'Niobe III' 2-max Seat #2 is the button
Seat 1: PbIbak ($392.57 in chips)
Seat 2: Fiskin1 ($119.93 in chips)
Fiskin1: posts small blind $1
PbIbak: posts big blind $3
*** HOLE CARDS ***
Fiskin1: raises $3 to $6
PbIbak: folds
Uncalled bet ($3) returned to Fiskin1
Fiskin1 collected $6 from pot
*** SUMMARY ***
Total pot $6 | Rake $0
Seat 1: PbIbak (big blind) folded before Flop
Seat 2: Fiskin1 (button) (small blind) collected ($6)


PokerStars Hand #148196518186:  Hold'em Limit ($3/$6 USD) - 2016/02/03 19:14:14 ET
Table 'Niobe III' 2-max Seat #1 is the button
Seat 1: PbIbak ($398.57 in chips)
Seat 2: Fiskin1 ($114.17 in chips)
PbIbak: posts small blind $1
Fiskin1: posts big blind $3
*** HOLE CARDS ***
PbIbak: raises $3 to $6
Fiskin1: calls $3
*** FLOP *** [3h 9s 8s]
Fiskin1: checks
PbIbak: checks
*** TURN *** [3h 9s 8s] [7h]
Fiskin1: checks
PbIbak: checks
*** RIVER *** [3h 9s 8s 7h] [Qh]
Fiskin1: bets $6
PbIbak: folds
Uncalled bet ($6) returned to Fiskin1
Fiskin1 collected $11.76 from pot
Fiskin1: doesn't show hand
*** SUMMARY ***
Total pot $12 | Rake $0.24
Board [3h 9s 8s 7h Qh]
Seat 1: PbIbak (button) (small blind) folded on the River
Seat 2: Fiskin1 (big blind) collected ($11.76)


PokerStars Hand #148196535527:  Hold'em Limit ($3/$6 USD) - 2016/02/03 19:14:39 ET
Table 'Niobe III' 2-max Seat #2 is the button
Seat 1: PbIbak ($392.57 in chips)
Seat 2: Fiskin1 ($119.93 in chips)
Fiskin1: posts small blind $1
PbIbak: posts big blind $3
*** HOLE CARDS ***
Fiskin1: raises $3 to $6
PbIbak: calls $3
*** FLOP *** [Kc 7d Qs]
PbIbak: checks
Fiskin1: bets $3
PbIbak: calls $3
*** TURN *** [Kc 7d Qs] [Ah]
PbIbak: bets $6
Fiskin1: calls $6
*** RIVER *** [Kc 7d Qs Ah] [Jc]
PbIbak: bets $6
Fiskin1: folds
Uncalled bet ($6) returned to PbIbak
PbIbak collected $29.50 from pot
PbIbak: doesn't show hand
*** SUMMARY ***
Total pot $30 | Rake $0.50
Board [Kc 7d Qs Ah Jc]
Seat 1: PbIbak (big blind) collected ($29.50)
Seat 2: Fiskin1 (button) (small blind) folded on the River


PokerStars Hand #148196531926:  Hold'em Limit ($3/$6 USD) - 2016/02/03 19:14:34 ET
Table 'Niobe III' 2-max Seat #1 is the button
Seat 1: PbIbak ($389.57 in chips)
Seat 2: Fiskin1 ($122.93 in chips)
PbIbak: posts small blind $1
Fiskin1: posts big blind $3
*** HOLE CARDS ***
PbIbak: raises $3 to $6
Fiskin1: folds
Uncalled bet ($3) returned to PbIbak
PbIbak collected $6 from pot
PbIbak: doesn't show hand
*** SUMMARY ***
Total pot $6 | Rake $0
Seat 1: PbIbak (button) (small blind) collected ($6)
Seat 2: Fiskin1 (big blind) folded before Flop


PokerStars Hand #148196549517:  Hold'em Limit ($3/$6 USD) - 2016/02/03 19:14:59 ET
Table 'Niobe III' 2-max Seat #2 is the button
Seat 1: PbIbak ($410.07 in chips)
Seat 2: Fiskin1 ($101.93 in chips)
Fiskin1: posts small blind $1
PbIbak: posts big blind $3
*** HOLE CARDS ***
Fiskin1: raises $3 to $6
PbIbak: calls $3
*** FLOP *** [6c 8c 7s]
PbIbak: checks
Fiskin1: bets $3
PbIbak: raises $3 to $6
Fiskin1: calls $3
*** TURN *** [6c 8c 7s] [3h]
PbIbak: bets $6
Fiskin1: raises $6 to $12
PbIbak: calls $6
*** RIVER *** [6c 8c 7s 3h] [9d]
PbIbak: bets $6
Fiskin1: calls $6
*** SHOW DOWN ***
PbIbak: shows [5s 7c] (a straight, Five to Nine)
Fiskin1: shows [4d 5c] (a straight, Five to Nine)
PbIbak collected $29.75 from pot
Fiskin1 collected $29.75 from pot
*** SUMMARY ***
Total pot $60 | Rake $0.50
Board [6c 8c 7s 3h 9d]
Seat 1: PbIbak (big blind) showed [5s 7c] and won ($29.75) with a straight, Five to Nine
Seat 2: Fiskin1 (button) (small blind) showed [4d 5c] and won ($29.75) with a straight, Five to Nine


PokerStars Hand #148196545847:  Hold'em Limit ($3/$6 USD) - 2016/02/03 19:14:53 ET
Table 'Niobe III' 2-max Seat #1 is the button
Seat 1: PbIbak ($407.07 in chips)
Seat 2: Fiskin1 ($104.93 in chips)
PbIbak: posts small blind $1
Fiskin1: posts big blind $3
*** HOLE CARDS ***
PbIbak: raises $3 to $6
Fiskin1: folds
Uncalled bet ($3) returned to PbIbak
PbIbak collected $6 from pot
PbIbak: doesn't show hand
*** SUMMARY ***
Total pot $6 | Rake $0
Seat 1: PbIbak (button) (small blind) collected ($6)
Seat 2: Fiskin1 (big blind) folded before Flop


PokerStars Hand #148196560870:  Hold'em Limit ($3/$6 USD) - 2016/02/03 19:15:14 ET
Table 'Niobe III' 2-max Seat #1 is the button
Seat 1: PbIbak ($409.82 in chips)
Seat 2: Fiskin1 ($101.68 in chips)
PbIbak: posts small blind $1
Fiskin1: posts big blind $3
*** HOLE CARDS ***
PbIbak: raises $3 to $6
Fiskin1: calls $3
*** FLOP *** [4s Th Jh]
Fiskin1: checks
PbIbak: checks
*** TURN *** [4s Th Jh] [Jd]
Fiskin1: bets $6
PbIbak: calls $6
*** RIVER *** [4s Th Jh Jd] [Kh]
Fiskin1: bets $6
PbIbak: calls $6
*** SHOW DOWN ***
Fiskin1: shows [Tc As] (two pair, Jacks and Tens)
PbIbak: mucks hand
Fiskin1 collected $35.50 from pot
*** SUMMARY ***
Total pot $36 | Rake $0.50
Board [4s Th Jh Jd Kh]
Seat 1: PbIbak (button) (small blind) mucked
Seat 2: Fiskin1 (big blind) showed [Tc As] and won ($35.50) with two pair, Jacks and Tens


PokerStars Hand #148196568421:  Hold'em Limit ($3/$6 USD) - 2016/02/03 19:15:25 ET
Table 'Niobe III' 2-max Seat #2 is the button
Seat 1: PbIbak ($391.82 in chips)
Seat 2: Fiskin1 ($119.18 in chips)
Fiskin1: posts small blind $1
PbIbak: posts big blind $3
*** HOLE CARDS ***
Fiskin1: raises $3 to $6
PbIbak: calls $3
*** FLOP *** [Jc 8h 7d]
PbIbak: checks
Fiskin1: checks
*** TURN *** [Jc 8h 7d] [6c]
PbIbak: bets $6
Fiskin1: calls $6
*** RIVER *** [Jc 8h 7d 6c] [Kc]
PbIbak: bets $6
Fiskin1: raises $6 to $12
PbIbak: folds
Uncalled bet ($6) returned to Fiskin1
Fiskin1 collected $35.50 from pot
Fiskin1: doesn't show hand
*** SUMMARY ***
Total pot $36 | Rake $0.50
Board [Jc 8h 7d 6c Kc]
Seat 1: PbIbak (big blind) folded on the River
Seat 2: Fiskin1 (button) (small blind) collected ($35.50)


PokerStars Hand #148196601807:  Hold'em Limit ($3/$6 USD) - 2016/02/03 19:16:13 ET
Table 'Niobe III' 2-max Seat #2 is the button
Seat 1: PbIbak ($407.82 in chips)
Seat 2: Fiskin1 ($101.68 in chips)
Fiskin1: posts small blind $1
PbIbak: posts big blind $3
*** HOLE CARDS ***
Fiskin1: raises $3 to $6
PbIbak: calls $3
*** FLOP *** [Ah 8c 6c]
PbIbak: checks
Fiskin1: bets $3
PbIbak: folds
Uncalled bet ($3) returned to Fiskin1
Fiskin1 collected $11.76 from pot
Fiskin1: doesn't show hand
*** SUMMARY ***
Total pot $12 | Rake $0.24
Board [Ah 8c 6c]
Seat 1: PbIbak (big blind) folded on the Flop
Seat 2: Fiskin1 (button) (small blind) collected ($11.76)


PokerStars Hand #148196598877:  Hold'em Limit ($3/$6 USD) - 2016/02/03 19:16:09 ET
Table 'Niobe III' 2-max Seat #1 is the button
Seat 1: PbIbak ($408.82 in chips)
Seat 2: Fiskin1 ($100.68 in chips)
PbIbak: posts small blind $1
Fiskin1: posts big blind $3
*** HOLE CARDS ***
PbIbak: folds
Uncalled bet ($2) returned to Fiskin1
Fiskin1 collected $2 from pot
Fiskin1: doesn't show hand
*** SUMMARY ***
Total pot $2 | Rake $0
Seat 1: PbIbak (button) (small blind) folded before Flop
Seat 2: Fiskin1 (big blind) collected ($2)


PokerStars Hand #148196588771:  Hold'em Limit ($3/$6 USD) - 2016/02/03 19:15:55 ET
Table 'Niobe III' 2-max Seat #2 is the button
Seat 1: PbIbak ($391.32 in chips)
Seat 2: Fiskin1 ($118.68 in chips)
Fiskin1: posts small blind $1
PbIbak: posts big blind $3
*** HOLE CARDS ***
Fiskin1: raises $3 to $6
PbIbak: calls $3
*** FLOP *** [4d Kh Ad]
PbIbak: checks
Fiskin1: bets $3
PbIbak: raises $3 to $6
Fiskin1: calls $3
*** TURN *** [4d Kh Ad] [8c]
PbIbak: bets $6
Fiskin1: calls $6
*** RIVER *** [4d Kh Ad 8c] [Qc]
PbIbak: bets $6
Fiskin1: folds
Uncalled bet ($6) returned to PbIbak
PbIbak collected $35.50 from pot
PbIbak: doesn't show hand
*** SUMMARY ***
Total pot $36 | Rake $0.50
Board [4d Kh Ad 8c Qc]
Seat 1: PbIbak (big blind) collected ($35.50)
Seat 2: Fiskin1 (button) (small blind) folded on the River


PokerStars Hand #148196577886:  Hold'em Limit ($3/$6 USD) - 2016/02/03 19:15:39 ET
Table 'Niobe III' 2-max Seat #1 is the button
Seat 1: PbIbak ($373.82 in chips)
Seat 2: Fiskin1 ($136.68 in chips)
PbIbak: posts small blind $1
Fiskin1: posts big blind $3
*** HOLE CARDS ***
PbIbak: raises $3 to $6
Fiskin1: calls $3
*** FLOP *** [9d 5c Qs]
Fiskin1: checks
PbIbak: bets $3
Fiskin1: raises $3 to $6
PbIbak: calls $3
*** TURN *** [9d 5c Qs] [3h]
Fiskin1: bets $6
PbIbak: raises $6 to $12
Fiskin1: folds
Uncalled bet ($6) returned to PbIbak
PbIbak collected $35.50 from pot
PbIbak: doesn't show hand
*** SUMMARY ***
Total pot $36 | Rake $0.50
Board [9d 5c Qs 3h]
Seat 1: PbIbak (button) (small blind) collected ($35.50)
Seat 2: Fiskin1 (big blind) folded on the Turn


PokerStars Hand #148196617703:  Hold'em Limit ($3/$6 USD) - 2016/02/03 19:16:36 ET
Table 'Niobe III' 2-max Seat #2 is the button
Seat 1: PbIbak ($419.32 in chips)
Seat 2: Fiskin1 ($89.44 in chips)
Fiskin1: posts small blind $1
PbIbak: posts big blind $3
*** HOLE CARDS ***
Fiskin1: raises $3 to $6
PbIbak: calls $3
*** FLOP *** [8c 5d 2s]
PbIbak: checks
Fiskin1: checks
*** TURN *** [8c 5d 2s] [Ad]
PbIbak: checks
Fiskin1: checks
*** RIVER *** [8c 5d 2s Ad] [8s]
PbIbak: checks
Fiskin1: checks
*** SHOW DOWN ***
PbIbak: shows [Kc 7c] (a pair of Eights)
Fiskin1: mucks hand
PbIbak collected $11.76 from pot
*** SUMMARY ***
Total pot $12 | Rake $0.24
Board [8c 5d 2s Ad 8s]
Seat 1: PbIbak (big blind) showed [Kc 7c] and won ($11.76) with a pair of Eights
Seat 2: Fiskin1 (button) (small blind) mucked


PokerStars Hand #148196607108:  Hold'em Limit ($3/$6 USD) - 2016/02/03 19:16:21 ET
Table 'Niobe III' 2-max Seat #1 is the button
Seat 1: PbIbak ($401.82 in chips)
Seat 2: Fiskin1 ($107.44 in chips)
PbIbak: posts small blind $1
Fiskin1: posts big blind $3
*** HOLE CARDS ***
PbIbak: raises $3 to $6
Fiskin1: raises $3 to $9
PbIbak: calls $3
*** FLOP *** [Js Qd 2d]
Fiskin1: bets $3
PbIbak: calls $3
*** TURN *** [Js Qd 2d] [2c]
Fiskin1: bets $6
PbIbak: raises $6 to $12
Fiskin1: folds
Uncalled bet ($6) returned to PbIbak
PbIbak collected $35.50 from pot
PbIbak: doesn't show hand
*** SUMMARY ***
Total pot $36 | Rake $0.50
Board [Js Qd 2d 2c]
Seat 1: PbIbak (button) (small blind) collected ($35.50)
Seat 2: Fiskin1 (big blind) folded on the Turn


PokerStars Hand #148196637010:  Hold'em Limit ($3/$6 USD) - 2016/02/03 19:17:04 ET
Table 'Niobe III' 2-max Seat #2 is the button
Seat 1: PbIbak ($407.08 in chips)
Seat 2: Fiskin1 ($100.94 in chips)
Fiskin1: posts small blind $1
PbIbak: posts big blind $3
*** HOLE CARDS ***
Fiskin1: raises $3 to $6
PbIbak: calls $3
*** FLOP *** [Jh 5d 3c]
PbIbak: checks
Fiskin1: bets $3
PbIbak: raises $3 to $6
Fiskin1: calls $3
*** TURN *** [Jh 5d 3c] [Qd]
PbIbak: checks
Fiskin1: bets $6
PbIbak: calls $6
*** RIVER *** [Jh 5d 3c Qd] [5c]
PbIbak: checks
Fiskin1: checks
*** SHOW DOWN ***
PbIbak: shows [Kc 5h] (three of a kind, Fives)
Fiskin1: mucks hand
PbIbak collected $35.50 from pot
*** SUMMARY ***
Total pot $36 | Rake $0.50
Board [Jh 5d 3c Qd 5c]
Seat 1: PbIbak (big blind) showed [Kc 5h] and won ($35.50) with three of a kind, Fives
Seat 2: Fiskin1 (button) (small blind) mucked


PokerStars Hand #148196626526:  Hold'em Limit ($3/$6 USD) - 2016/02/03 19:16:48 ET
Table 'Niobe III' 2-max Seat #1 is the button
Seat 1: PbIbak ($425.08 in chips)
Seat 2: Fiskin1 ($83.44 in chips)
PbIbak: posts small blind $1
Fiskin1: posts big blind $3
*** HOLE CARDS ***
PbIbak: raises $3 to $6
Fiskin1: raises $3 to $9
PbIbak: calls $3
*** FLOP *** [8d 9d 3s]
Fiskin1: bets $3
PbIbak: calls $3
*** TURN *** [8d 9d 3s] [3c]
Fiskin1: bets $6
PbIbak: calls $6
*** RIVER *** [8d 9d 3s 3c] [3h]
Fiskin1: bets $6
PbIbak: folds
Uncalled bet ($6) returned to Fiskin1
Fiskin1 collected $35.50 from pot
Fiskin1: doesn't show hand
*** SUMMARY ***
Total pot $36 | Rake $0.50
Board [8d 9d 3s 3c 3h]
Seat 1: PbIbak (button) (small blind) folded on the River
Seat 2: Fiskin1 (big blind) collected ($35.50)


PokerStars Hand #148196646948:  Hold'em Limit ($3/$6 USD) - 2016/02/03 19:17:18 ET
Table 'Niobe III' 2-max Seat #1 is the button
Seat 1: PbIbak ($424.58 in chips)
Seat 2: Fiskin1 ($82.94 in chips)
PbIbak: posts small blind $1
Fiskin1: posts big blind $3
*** HOLE CARDS ***
PbIbak: raises $3 to $6
Fiskin1: calls $3
*** FLOP *** [Kh Ad Th]
Fiskin1: checks
PbIbak: checks
*** TURN *** [Kh Ad Th] [4h]
Fiskin1: checks
PbIbak: checks
*** RIVER *** [Kh Ad Th 4h] [7c]
Fiskin1: bets $6
PbIbak: folds
Uncalled bet ($6) returned to Fiskin1
Fiskin1 collected $11.76 from pot
Fiskin1: doesn't show hand
*** SUMMARY ***
Total pot $12 | Rake $0.24
Board [Kh Ad Th 4h 7c]
Seat 1: PbIbak (button) (small blind) folded on the River
Seat 2: Fiskin1 (big blind) collected ($11.76)


PokerStars Hand #148196654895:  Hold'em Limit ($3/$6 USD) - 2016/02/03 19:17:29 ET
Table 'Niobe III' 2-max Seat #2 is the button
Seat 1: PbIbak ($418.58 in chips)
Seat 2: Fiskin1 ($88.70 in chips)
Fiskin1: posts small blind $1
PbIbak: posts big blind $3
*** HOLE CARDS ***
Fiskin1: raises $3 to $6
PbIbak: calls $3
*** FLOP *** [6c Jh Ks]
PbIbak: checks
Fiskin1: bets $3
PbIbak: folds
Uncalled bet ($3) returned to Fiskin1
Fiskin1 collected $11.76 from pot
Fiskin1: doesn't show hand
*** SUMMARY ***
Total pot $12 | Rake $0.24
Board [6c Jh Ks]
Seat 1: PbIbak (big blind) folded on the Flop
Seat 2: Fiskin1 (button) (small blind) collected ($11.76)


PokerStars Hand #148196660226:  Hold'em Limit ($3/$6 USD) - 2016/02/03 19:17:37 ET
Table 'Niobe III' 2-max Seat #1 is the button
Seat 1: PbIbak ($412.58 in chips)
Seat 2: Fiskin1 ($94.46 in chips)
PbIbak: posts small blind $1
Fiskin1: posts big blind $3
*** HOLE CARDS ***
PbIbak: raises $3 to $6
Fiskin1: raises $3 to $9
PbIbak: calls $3
*** FLOP *** [Th 2d Kc]
Fiskin1: bets $3
PbIbak: raises $3 to $6
Fiskin1: raises $3 to $9
PbIbak: calls $3
*** TURN *** [Th 2d Kc] [Ac]
Fiskin1: bets $6
PbIbak: calls $6
*** RIVER *** [Th 2d Kc Ac] [5s]
Fiskin1: bets $6
PbIbak: folds
Uncalled bet ($6) returned to Fiskin1
Fiskin1 collected $47.50 from pot
Fiskin1: doesn't show hand
*** SUMMARY ***
Total pot $48 | Rake $0.50
Board [Th 2d Kc Ac 5s]
Seat 1: PbIbak (button) (small blind) folded on the River
Seat 2: Fiskin1 (big blind) collected ($47.50)


PokerStars Hand #148196680357:  Hold'em Limit ($3/$6 USD) - 2016/02/03 19:18:06 ET
Table 'Niobe III' 2-max Seat #2 is the button
Seat 1: PbIbak ($400.22 in chips)
Seat 2: Fiskin1 ($105.96 in chips)
Fiskin1: posts small blind $1
PbIbak: posts big blind $3
*** HOLE CARDS ***
Fiskin1: raises $3 to $6
PbIbak: calls $3
*** FLOP *** [Kd 2h 8c]
PbIbak: checks
Fiskin1: bets $3
PbIbak: folds
Uncalled bet ($3) returned to Fiskin1
Fiskin1 collected $11.76 from pot
Fiskin1: doesn't show hand
*** SUMMARY ***
Total pot $12 | Rake $0.24
Board [Kd 2h 8c]
Seat 1: PbIbak (big blind) folded on the Flop
Seat 2: Fiskin1 (button) (small blind) collected ($11.76)


PokerStars Hand #148196677149:  Hold'em Limit ($3/$6 USD) - 2016/02/03 19:18:01 ET
Table 'Niobe III' 2-max Seat #1 is the button
Seat 1: PbIbak ($397.22 in chips)
Seat 2: Fiskin1 ($108.96 in chips)
PbIbak: posts small blind $1
Fiskin1: posts big blind $3
*** HOLE CARDS ***
PbIbak: raises $3 to $6
Fiskin1: folds
Uncalled bet ($3) returned to PbIbak
PbIbak collected $6 from pot
PbIbak: doesn't show hand
*** SUMMARY ***
Total pot $6 | Rake $0
Seat 1: PbIbak (button) (small blind) collected ($6)
Seat 2: Fiskin1 (big blind) folded before Flop


PokerStars Hand #148196671623:  Hold'em Limit ($3/$6 USD) - 2016/02/03 19:17:53 ET
Table 'Niobe III' 2-max Seat #2 is the button
Seat 1: PbIbak ($388.58 in chips)
Seat 2: Fiskin1 ($117.96 in chips)
Fiskin1: posts small blind $1
PbIbak: posts big blind $3
*** HOLE CARDS ***
Fiskin1: raises $3 to $6
PbIbak: calls $3
*** FLOP *** [Qc 5s Jd]
PbIbak: checks
Fiskin1: bets $3
PbIbak: raises $3 to $6
Fiskin1: folds
Uncalled bet ($3) returned to PbIbak
PbIbak collected $17.64 from pot
PbIbak: doesn't show hand
*** SUMMARY ***
Total pot $18 | Rake $0.36
Board [Qc 5s Jd]
Seat 1: PbIbak (big blind) collected ($17.64)
Seat 2: Fiskin1 (button) (small blind) folded on the Flop


PokerStars Hand #148196685928:  Hold'em Limit ($3/$6 USD) - 2016/02/03 19:18:14 ET
Table 'Niobe III' 2-max Seat #1 is the button
Seat 1: PbIbak ($394.22 in chips)
Seat 2: Fiskin1 ($111.72 in chips)
PbIbak: posts small blind $1
Fiskin1: posts big blind $3
*** HOLE CARDS ***
PbIbak: raises $3 to $6
Fiskin1: raises $3 to $9
PbIbak: calls $3
*** FLOP *** [7s 8s Qc]
Fiskin1: bets $3
PbIbak: raises $3 to $6
Fiskin1: calls $3
*** TURN *** [7s 8s Qc] [Ac]
Fiskin1: checks
PbIbak: checks
*** RIVER *** [7s 8s Qc Ac] [9h]
Fiskin1: bets $6
PbIbak: raises $6 to $12
Fiskin1: calls $6
*** SHOW DOWN ***
PbIbak: shows [9s 9c] (three of a kind, Nines)
Fiskin1: mucks hand
PbIbak collected $53.50 from pot
*** SUMMARY ***
Total pot $54 | Rake $0.50
Board [7s 8s Qc Ac 9h]
Seat 1: PbIbak (button) (small blind) showed [9s 9c] and won ($53.50) with three of a kind, Nines
Seat 2: Fiskin1 (big blind) mucked


PokerStars Hand #148196697013:  Hold'em Limit ($3/$6 USD) - 2016/02/03 19:18:30 ET
Table 'Niobe III' 2-max Seat #2 is the button
Seat 1: PbIbak ($420.72 in chips)
Seat 2: Fiskin1 ($84.72 in chips)
Fiskin1: posts small blind $1
PbIbak: posts big blind $3
*** HOLE CARDS ***
Fiskin1: raises $3 to $6
PbIbak: calls $3
*** FLOP *** [6d 6s 3h]
PbIbak: checks
Fiskin1: bets $3
PbIbak: calls $3
*** TURN *** [6d 6s 3h] [3d]
PbIbak: checks
Fiskin1: checks
*** RIVER *** [6d 6s 3h 3d] [Qc]
PbIbak: checks
Fiskin1: bets $6
PbIbak: folds
Uncalled bet ($6) returned to Fiskin1
Fiskin1 collected $17.64 from pot
Fiskin1: doesn't show hand
*** SUMMARY ***
Total pot $18 | Rake $0.36
Board [6d 6s 3h 3d Qc]
Seat 1: PbIbak (big blind) folded on the River
Seat 2: Fiskin1 (button) (small blind) collected ($17.64)


PokerStars Hand #148196742214:  Hold'em Limit ($3/$6 USD) - 2016/02/03 19:19:36 ET
Table 'Niobe III' 2-max Seat #1 is the button
Seat 1: PbIbak ($452.72 in chips)
Seat 2: Fiskin1 ($50.76 in chips)
PbIbak: posts small blind $1
Fiskin1: posts big blind $3
*** HOLE CARDS ***
PbIbak: raises $3 to $6
Fiskin1: calls $3
*** FLOP *** [6c 8d Ah]
Fiskin1: checks
PbIbak: bets $3
Fiskin1: raises $3 to $6
PbIbak: folds
Uncalled bet ($3) returned to Fiskin1
Fiskin1 collected $17.64 from pot
Fiskin1: doesn't show hand
*** SUMMARY ***
Total pot $18 | Rake $0.36
Board [6c 8d Ah]
Seat 1: PbIbak (button) (small blind) folded on the Flop
Seat 2: Fiskin1 (big blind) collected ($17.64)


PokerStars Hand #148196732727:  Hold'em Limit ($3/$6 USD) - 2016/02/03 19:19:22 ET
Table 'Niobe III' 2-max Seat #2 is the button
Seat 1: PbIbak ($426.22 in chips)
Seat 2: Fiskin1 ($77.76 in chips)
Fiskin1: posts small blind $1
PbIbak: posts big blind $3
*** HOLE CARDS ***
Fiskin1: raises $3 to $6
PbIbak: calls $3
*** FLOP *** [8d 2c Qs]
PbIbak: checks
Fiskin1: bets $3
PbIbak: calls $3
*** TURN *** [8d 2c Qs] [4s]
PbIbak: checks
Fiskin1: bets $6
PbIbak: raises $6 to $12
Fiskin1: calls $6
*** RIVER *** [8d 2c Qs 4s] [Kh]
PbIbak: bets $6
Fiskin1: calls $6
*** SHOW DOWN ***
PbIbak: shows [Qd 8h] (two pair, Queens and Eights)
Fiskin1: mucks hand
PbIbak collected $53.50 from pot
*** SUMMARY ***
Total pot $54 | Rake $0.50
Board [8d 2c Qs 4s Kh]
Seat 1: PbIbak (big blind) showed [Qd 8h] and won ($53.50) with two pair, Queens and Eights
Seat 2: Fiskin1 (button) (small blind) mucked


PokerStars Hand #148196726649:  Hold'em Limit ($3/$6 USD) - 2016/02/03 19:19:13 ET
Table 'Niobe III' 2-max Seat #1 is the button
Seat 1: PbIbak ($435.22 in chips)
Seat 2: Fiskin1 ($69.12 in chips)
PbIbak: posts small blind $1
Fiskin1: posts big blind $3
*** HOLE CARDS ***
PbIbak: raises $3 to $6
Fiskin1: raises $3 to $9
PbIbak: calls $3
*** FLOP *** [8d Ac 8s]
Fiskin1: bets $3
PbIbak: folds
Uncalled bet ($3) returned to Fiskin1
Fiskin1 collected $17.64 from pot
Fiskin1: doesn't show hand
*** SUMMARY ***
Total pot $18 | Rake $0.36
Board [8d Ac 8s]
Seat 1: PbIbak (button) (small blind) folded on the Flop
Seat 2: Fiskin1 (big blind) collected ($17.64)


PokerStars Hand #148196716857:  Hold'em Limit ($3/$6 USD) - 2016/02/03 19:18:59 ET
Table 'Niobe III' 2-max Seat #2 is the button
Seat 1: PbIbak ($405.72 in chips)
Seat 2: Fiskin1 ($99.12 in chips)
Fiskin1: posts small blind $1
PbIbak: posts big blind $3
*** HOLE CARDS ***
Fiskin1: raises $3 to $6
PbIbak: calls $3
*** FLOP *** [4d 8d 9h]
PbIbak: checks
Fiskin1: checks
*** TURN *** [4d 8d 9h] [6s]
PbIbak: bets $6
Fiskin1: calls $6
*** RIVER *** [4d 8d 9h 6s] [Qd]
PbIbak: bets $6
Fiskin1: raises $6 to $12
PbIbak: raises $6 to $18
Fiskin1: calls $6
*** SHOW DOWN ***
PbIbak: shows [7d 3d] (a flush, Queen high)
Fiskin1: mucks hand
PbIbak collected $59.50 from pot
*** SUMMARY ***
Total pot $60 | Rake $0.50
Board [4d 8d 9h 6s Qd]
Seat 1: PbIbak (big blind) showed [7d 3d] and won ($59.50) with a flush, Queen high
Seat 2: Fiskin1 (button) (small blind) mucked


PokerStars Hand #148196708685:  Hold'em Limit ($3/$6 USD) - 2016/02/03 19:18:47 ET
Table 'Niobe III' 2-max Seat #1 is the button
Seat 1: PbIbak ($411.72 in chips)
Seat 2: Fiskin1 ($93.36 in chips)
PbIbak: posts small blind $1
Fiskin1: posts big blind $3
*** HOLE CARDS ***
PbIbak: raises $3 to $6
Fiskin1: calls $3
*** FLOP *** [Ah 3s 2h]
Fiskin1: checks
PbIbak: checks
*** TURN *** [Ah 3s 2h] [5h]
Fiskin1: checks
PbIbak: checks
*** RIVER *** [Ah 3s 2h 5h] [Qc]
Fiskin1: bets $6
PbIbak: folds
Uncalled bet ($6) returned to Fiskin1
Fiskin1 collected $11.76 from pot
Fiskin1: doesn't show hand
*** SUMMARY ***
Total pot $12 | Rake $0.24
Board [Ah 3s 2h 5h Qc]
Seat 1: PbIbak (button) (small blind) folded on the River
Seat 2: Fiskin1 (big blind) collected ($11.76)


PokerStars Hand #148196784520:  Hold'em Limit ($3/$6 USD) - 2016/02/03 19:20:38 ET
Table 'Niobe III' 2-max Seat #2 is the button
Seat 1: PbIbak ($437.22 in chips)
Seat 2: Fiskin1 ($64.68 in chips)
Fiskin1: posts small blind $1
PbIbak: posts big blind $3
*** HOLE CARDS ***
Fiskin1: raises $3 to $6
PbIbak: folds
Uncalled bet ($3) returned to Fiskin1
Fiskin1 collected $6 from pot
Fiskin1: doesn't show hand
*** SUMMARY ***
Total pot $6 | Rake $0
Seat 1: PbIbak (big blind) folded before Flop
Seat 2: Fiskin1 (button) (small blind) collected ($6)


PokerStars Hand #148196777167:  Hold'em Limit ($3/$6 USD) - 2016/02/03 19:20:28 ET
Table 'Niobe III' 2-max Seat #1 is the button
Seat 1: PbIbak ($449.22 in chips)
Seat 2: Fiskin1 ($53.16 in chips)
PbIbak: posts small blind $1
Fiskin1: posts big blind $3
*** HOLE CARDS ***
PbIbak: raises $3 to $6
Fiskin1: raises $3 to $9
PbIbak: calls $3
*** FLOP *** [7d Ts 8c]
Fiskin1: bets $3
PbIbak: calls $3
*** TURN *** [7d Ts 8c] [Ks]
Fiskin1: bets $6
PbIbak: folds
Uncalled bet ($6) returned to Fiskin1
Fiskin1 collected $23.52 from pot
Fiskin1: doesn't show hand
*** SUMMARY ***
Total pot $24 | Rake $0.48
Board [7d Ts 8c Ks]
Seat 1: PbIbak (button) (small blind) folded on the Turn
Seat 2: Fiskin1 (big blind) collected ($23.52)


PokerStars Hand #148196773524:  Hold'em Limit ($3/$6 USD) - 2016/02/03 19:20:22 ET
Table 'Niobe III' 2-max Seat #2 is the button
Seat 1: PbIbak ($452.22 in chips)
Seat 2: Fiskin1 ($50.16 in chips)
Fiskin1: posts small blind $1
PbIbak: posts big blind $3
*** HOLE CARDS ***
Fiskin1: raises $3 to $6
PbIbak: folds
Uncalled bet ($3) returned to Fiskin1
Fiskin1 collected $6 from pot
Fiskin1: doesn't show hand
*** SUMMARY ***
Total pot $6 | Rake $0
Seat 1: PbIbak (big blind) folded before Flop
Seat 2: Fiskin1 (button) (small blind) collected ($6)


PokerStars Hand #148196762625:  Hold'em Limit ($3/$6 USD) - 2016/02/03 19:20:06 ET
Table 'Niobe III' 2-max Seat #1 is the button
Seat 1: PbIbak ($437.72 in chips)
Seat 2: Fiskin1 ($65.16 in chips)
PbIbak: posts small blind $1
Fiskin1: posts big blind $3
*** HOLE CARDS ***
PbIbak: raises $3 to $6
Fiskin1: calls $3
*** FLOP *** [Kc 3s Kh]
Fiskin1: checks
PbIbak: bets $3
Fiskin1: calls $3
*** TURN *** [Kc 3s Kh] [5c]
Fiskin1: checks
PbIbak: bets $6
Fiskin1: calls $6
*** RIVER *** [Kc 3s Kh 5c] [7c]
Fiskin1: checks
PbIbak: bets $6
Fiskin1: folds
Uncalled bet ($6) returned to PbIbak
PbIbak collected $29.50 from pot
PbIbak: doesn't show hand
*** SUMMARY ***
Total pot $30 | Rake $0.50
Board [Kc 3s Kh 5c 7c]
Seat 1: PbIbak (button) (small blind) collected ($29.50)
Seat 2: Fiskin1 (big blind) folded on the River


PokerStars Hand #148196748044:  Hold'em Limit ($3/$6 USD) - 2016/02/03 19:19:45 ET
Table 'Niobe III' 2-max Seat #2 is the button
Seat 1: PbIbak ($443.72 in chips)
Seat 2: Fiskin1 ($59.40 in chips)
Fiskin1: posts small blind $1
PbIbak: posts big blind $3
*** HOLE CARDS ***
Fiskin1: raises $3 to $6
PbIbak: calls $3
*** FLOP *** [7s 2c 9h]
PbIbak: checks
Fiskin1: checks
*** TURN *** [7s 2c 9h] [7h]
PbIbak: checks
Fiskin1: bets $6
PbIbak: folds
Uncalled bet ($6) returned to Fiskin1
Fiskin1 collected $11.76 from pot
Fiskin1: doesn't show hand
*** SUMMARY ***
Total pot $12 | Rake $0.24
Board [7s 2c 9h 7h]
Seat 1: PbIbak (big blind) folded on the Turn
Seat 2: Fiskin1 (button) (small blind) collected ($11.76)


PokerStars Hand #148196816517:  Hold'em Limit ($3/$6 USD) - 2016/02/03 19:21:26 ET
Table 'Niobe III' 2-max Seat #1 is the button
Seat 1: PbIbak ($421.98 in chips)
Seat 2: Fiskin1 ($79.08 in chips)
PbIbak: posts small blind $1
Fiskin1: posts big blind $3
*** HOLE CARDS ***
PbIbak: raises $3 to $6
Fiskin1: calls $3
*** FLOP *** [Ts 3s 9h]
Fiskin1: checks
PbIbak: checks
*** TURN *** [Ts 3s 9h] [6h]
Fiskin1: checks
PbIbak: checks
*** RIVER *** [Ts 3s 9h 6h] [Qh]
Fiskin1: checks
PbIbak: checks
*** SHOW DOWN ***
Fiskin1: shows [Ks 7h] (high card King)
PbIbak: shows [Ac 5c] (high card Ace)
PbIbak collected $11.76 from pot
*** SUMMARY ***
Total pot $12 | Rake $0.24
Board [Ts 3s 9h 6h Qh]
Seat 1: PbIbak (button) (small blind) showed [Ac 5c] and won ($11.76) with high card Ace
Seat 2: Fiskin1 (big blind) showed [Ks 7h] and lost with high card King


PokerStars Hand #148196788619:  Hold'em Limit ($3/$6 USD) - 2016/02/03 19:20:44 ET
Table 'Niobe III' 2-max Seat #1 is the button
Seat 1: PbIbak ($434.22 in chips)
Seat 2: Fiskin1 ($67.68 in chips)
PbIbak: posts small blind $1
Fiskin1: posts big blind $3
*** HOLE CARDS ***
PbIbak: raises $3 to $6
Fiskin1: calls $3
*** FLOP *** [4c Kh Qs]
Fiskin1: checks
PbIbak: bets $3
Fiskin1: calls $3
*** TURN *** [4c Kh Qs] [Td]
Fiskin1: checks
PbIbak: checks
*** RIVER *** [4c Kh Qs Td] [As]
Fiskin1: bets $6
PbIbak: folds
Uncalled bet ($6) returned to Fiskin1
Fiskin1 collected $17.64 from pot
Fiskin1: doesn't show hand
*** SUMMARY ***
Total pot $18 | Rake $0.36
Board [4c Kh Qs Td As]
Seat 1: PbIbak (button) (small blind) folded on the River
Seat 2: Fiskin1 (big blind) collected ($17.64)


PokerStars Hand #148196812933:  Hold'em Limit ($3/$6 USD) - 2016/02/03 19:21:20 ET
Table 'Niobe III' 2-max Seat #2 is the button
Seat 1: PbIbak ($424.98 in chips)
Seat 2: Fiskin1 ($76.08 in chips)
Fiskin1: posts small blind $1
PbIbak: posts big blind $3
*** HOLE CARDS ***
Fiskin1: raises $3 to $6
PbIbak: folds
Uncalled bet ($3) returned to Fiskin1
Fiskin1 collected $6 from pot
Fiskin1: doesn't show hand
*** SUMMARY ***
Total pot $6 | Rake $0
Seat 1: PbIbak (big blind) folded before Flop
Seat 2: Fiskin1 (button) (small blind) collected ($6)


PokerStars Hand #148196806548:  Hold'em Limit ($3/$6 USD) - 2016/02/03 19:21:11 ET
Table 'Niobe III' 2-max Seat #1 is the button
Seat 1: PbIbak ($419.22 in chips)
Seat 2: Fiskin1 ($82.08 in chips)
PbIbak: posts small blind $1
Fiskin1: posts big blind $3
*** HOLE CARDS ***
PbIbak: raises $3 to $6
Fiskin1: calls $3
*** FLOP *** [Qs 9d 2s]
Fiskin1: checks
PbIbak: bets $3
Fiskin1: folds
Uncalled bet ($3) returned to PbIbak
PbIbak collected $11.76 from pot
PbIbak: doesn't show hand
*** SUMMARY ***
Total pot $12 | Rake $0.24
Board [Qs 9d 2s]
Seat 1: PbIbak (button) (small blind) collected ($11.76)
Seat 2: Fiskin1 (big blind) folded on the Flop


PokerStars Hand #148196801177:  Hold'em Limit ($3/$6 USD) - 2016/02/03 19:21:03 ET
Table 'Niobe III' 2-max Seat #2 is the button
Seat 1: PbIbak ($425.22 in chips)
Seat 2: Fiskin1 ($76.32 in chips)
Fiskin1: posts small blind $1
PbIbak: posts big blind $3
*** HOLE CARDS ***
Fiskin1: raises $3 to $6
PbIbak: calls $3
*** FLOP *** [5d 9s Ad]
PbIbak: checks
Fiskin1: bets $3
PbIbak: folds
Uncalled bet ($3) returned to Fiskin1
Fiskin1 collected $11.76 from pot
Fiskin1: doesn't show hand
*** SUMMARY ***
Total pot $12 | Rake $0.24
Board [5d 9s Ad]
Seat 1: PbIbak (big blind) folded on the Flop
Seat 2: Fiskin1 (button) (small blind) collected ($11.76)


PokerStars Hand #148196865961:  Hold'em Limit ($3/$6 USD) - 2016/02/03 19:22:38 ET
Table 'Niobe III' 2-max Seat #2 is the button
Seat 1: PbIbak ($492.24 in chips)
Seat 2: Fiskin1 ($6.84 in chips)
Fiskin1: posts small blind $1
PbIbak: posts big blind $3
*** HOLE CARDS ***
Fiskin1: raises $3 to $6
PbIbak: raises $3 to $9
Fiskin1: calls $0.84 and is all-in
Uncalled bet ($2.16) returned to PbIbak
*** FLOP *** [9s 8h Qc]
*** TURN *** [9s 8h Qc] [8s]
*** RIVER *** [9s 8h Qc 8s] [5c]
*** SHOW DOWN ***
PbIbak: shows [2d Qd] (two pair, Queens and Eights)
Fiskin1: shows [Jh Tc] (a straight, Eight to Queen)
Fiskin1 collected $13.41 from pot
*** SUMMARY ***
Total pot $13.68 | Rake $0.27
Board [9s 8h Qc 8s 5c]
Seat 1: PbIbak (big blind) showed [2d Qd] and lost with two pair, Queens and Eights
Seat 2: Fiskin1 (button) (small blind) showed [Jh Tc] and won ($13.41) with a straight, Eight to Queen


PokerStars Hand #148196858697:  Hold'em Limit ($3/$6 USD) - 2016/02/03 19:22:28 ET
Table 'Niobe III' 2-max Seat #1 is the button
Seat 1: PbIbak ($468.74 in chips)
Seat 2: Fiskin1 ($30.84 in chips)
PbIbak: posts small blind $1
Fiskin1: posts big blind $3
*** HOLE CARDS ***
PbIbak: raises $3 to $6
Fiskin1: raises $3 to $9
PbIbak: calls $3
*** FLOP *** [3d 4d Tc]
Fiskin1: bets $3
PbIbak: calls $3
*** TURN *** [3d 4d Tc] [7d]
Fiskin1: bets $6
PbIbak: calls $6
*** RIVER *** [3d 4d Tc 7d] [Qc]
Fiskin1: bets $6
PbIbak: calls $6
*** SHOW DOWN ***
Fiskin1: shows [9c Kh] (high card King)
PbIbak: shows [7h Ks] (a pair of Sevens)
PbIbak collected $47.50 from pot
*** SUMMARY ***
Total pot $48 | Rake $0.50
Board [3d 4d Tc 7d Qc]
Seat 1: PbIbak (button) (small blind) showed [7h Ks] and won ($47.50) with a pair of Sevens
Seat 2: Fiskin1 (big blind) showed [9c Kh] and lost with high card King


PokerStars Hand #148196826659:  Hold'em Limit ($3/$6 USD) - 2016/02/03 19:21:40 ET
Table 'Niobe III' 2-max Seat #2 is the button
Seat 1: PbIbak ($427.74 in chips)
Seat 2: Fiskin1 ($73.08 in chips)
Fiskin1: posts small blind $1
PbIbak: posts big blind $3
*** HOLE CARDS ***
Fiskin1: raises $3 to $6
PbIbak: calls $3
*** FLOP *** [9h 4c 2s]
PbIbak: checks
Fiskin1: checks
*** TURN *** [9h 4c 2s] [Qs]
PbIbak: bets $6
Fiskin1: raises $6 to $12
PbIbak: calls $6
*** RIVER *** [9h 4c 2s Qs] [4s]
PbIbak: checks
Fiskin1: bets $6
PbIbak: calls $6
*** SHOW DOWN ***
Fiskin1: shows [6h 7s] (a pair of Fours)
PbIbak: shows [6d Qd] (two pair, Queens and Fours)
PbIbak collected $47.50 from pot
*** SUMMARY ***
Total pot $48 | Rake $0.50
Board [9h 4c 2s Qs 4s]
Seat 1: PbIbak (big blind) showed [6d Qd] and won ($47.50) with two pair, Queens and Fours
Seat 2: Fiskin1 (button) (small blind) showed [6h 7s] and lost with a pair of Fours


PokerStars Hand #148196848550:  Hold'em Limit ($3/$6 USD) - 2016/02/03 19:22:13 ET
Table 'Niobe III' 2-max Seat #2 is the button
Seat 1: PbIbak ($474.74 in chips)
Seat 2: Fiskin1 ($25.08 in chips)
Fiskin1: posts small blind $1
PbIbak: posts big blind $3
*** HOLE CARDS ***
Fiskin1: raises $3 to $6
PbIbak: calls $3
*** FLOP *** [8s 7c 2h]
PbIbak: checks
Fiskin1: checks
*** TURN *** [8s 7c 2h] [7d]
PbIbak: checks
Fiskin1: bets $6
PbIbak: folds
Uncalled bet ($6) returned to Fiskin1
Fiskin1 collected $11.76 from pot
Fiskin1: doesn't show hand
*** SUMMARY ***
Total pot $12 | Rake $0.24
Board [8s 7c 2h 7d]
Seat 1: PbIbak (big blind) folded on the Turn
Seat 2: Fiskin1 (button) (small blind) collected ($11.76)


PokerStars Hand #148196838281:  Hold'em Limit ($3/$6 USD) - 2016/02/03 19:21:58 ET
Table 'Niobe III' 2-max Seat #1 is the button
Seat 1: PbIbak ($451.24 in chips)
Seat 2: Fiskin1 ($49.08 in chips)
PbIbak: posts small blind $1
Fiskin1: posts big blind $3
*** HOLE CARDS ***
PbIbak: raises $3 to $6
Fiskin1: raises $3 to $9
PbIbak: calls $3
*** FLOP *** [8c As 5d]
Fiskin1: bets $3
PbIbak: calls $3
*** TURN *** [8c As 5d] [Th]
Fiskin1: checks
PbIbak: bets $6
Fiskin1: calls $6
*** RIVER *** [8c As 5d Th] [3c]
Fiskin1: checks
PbIbak: bets $6
Fiskin1: calls $6
*** SHOW DOWN ***
PbIbak: shows [9d Ac] (a pair of Aces)
Fiskin1: mucks hand
PbIbak collected $47.50 from pot
*** SUMMARY ***
Total pot $48 | Rake $0.50
Board [8c As 5d Th 3c]
Seat 1: PbIbak (button) (small blind) showed [9d Ac] and won ($47.50) with a pair of Aces
Seat 2: Fiskin1 (big blind) mucked


PokerStars Hand #148196879059:  Hold'em Limit ($3/$6 USD) - 2016/02/03 19:22:58 ET
Table 'Niobe III' 2-max Seat #2 is the button
Seat 1: PbIbak ($488.40 in chips)
Seat 2: Fiskin1 ($10.41 in chips)
Fiskin1: posts small blind $1
PbIbak: posts big blind $3
*** HOLE CARDS ***
Fiskin1: raises $3 to $6
PbIbak: calls $3
*** FLOP *** [7h 6c 4s]
PbIbak: checks
Fiskin1: bets $3
PbIbak: raises $3 to $6
Fiskin1: calls $1.41 and is all-in
Uncalled bet ($1.59) returned to PbIbak
*** TURN *** [7h 6c 4s] [2d]
*** RIVER *** [7h 6c 4s 2d] [6d]
*** SHOW DOWN ***
PbIbak: shows [4d Qd] (two pair, Sixes and Fours)
Fiskin1: shows [9s 8h] (a pair of Sixes)
PbIbak collected $20.40 from pot
*** SUMMARY ***
Total pot $20.82 | Rake $0.42
Board [7h 6c 4s 2d 6d]
Seat 1: PbIbak (big blind) showed [4d Qd] and won ($20.40) with two pair, Sixes and Fours
Seat 2: Fiskin1 (button) (small blind) showed [9s 8h] and lost with a pair of Sixes


PokerStars Hand #148196874830:  Hold'em Limit ($3/$6 USD) - 2016/02/03 19:22:51 ET
Table 'Niobe III' 2-max Seat #1 is the button
Seat 1: PbIbak ($485.40 in chips)
Seat 2: Fiskin1 ($13.41 in chips)
PbIbak: posts small blind $1
Fiskin1: posts big blind $3
*** HOLE CARDS ***
PbIbak: raises $3 to $6
Fiskin1: folds
Uncalled bet ($3) returned to PbIbak
PbIbak collected $6 from pot
PbIbak: doesn't show hand
*** SUMMARY ***
Total pot $6 | Rake $0
Seat 1: PbIbak (button) (small blind) collected ($6)
Seat 2: Fiskin1 (big blind) folded before Flop


PokerStars Hand #148196911664:  Hold'em Limit ($3/$6 USD) - 2016/02/03 19:23:46 ET
Table 'Niobe III' 2-max Seat #1 is the button
Seat 1: PbIbak ($498.39 in chips)
Seat 2: Fiskin1 ($71.10 in chips)
PbIbak: posts small blind $1
Fiskin1: posts big blind $3
*** HOLE CARDS ***
PbIbak: raises $3 to $6
Fiskin1: folds
Uncalled bet ($3) returned to PbIbak
PbIbak collected $6 from pot
PbIbak: doesn't show hand
*** SUMMARY ***
Total pot $6 | Rake $0
Seat 1: PbIbak (button) (small blind) collected ($6)
Seat 2: Fiskin1 (big blind) folded before Flop


PokerStars Hand #148196916192:  Hold'em Limit ($3/$6 USD) - 2016/02/03 19:23:52 ET
Table 'Niobe III' 2-max Seat #2 is the button
Seat 1: PbIbak ($501.39 in chips)
Seat 2: Fiskin1 ($68.10 in chips)
Fiskin1: posts small blind $1
PbIbak: posts big blind $3
*** HOLE CARDS ***
Fiskin1: raises $3 to $6
PbIbak: calls $3
*** FLOP *** [Ah 9d 7s]
PbIbak: checks
Fiskin1: checks
*** TURN *** [Ah 9d 7s] [3h]
PbIbak: bets $6
Fiskin1: folds
Uncalled bet ($6) returned to PbIbak
PbIbak collected $11.76 from pot
PbIbak: doesn't show hand
*** SUMMARY ***
Total pot $12 | Rake $0.24
Board [Ah 9d 7s 3h]
Seat 1: PbIbak (big blind) collected ($11.76)
Seat 2: Fiskin1 (button) (small blind) folded on the Turn


PokerStars Hand #148196923247:  Hold'em Limit ($3/$6 USD) - 2016/02/03 19:24:03 ET
Table 'Niobe III' 2-max Seat #1 is the button
Seat 1: PbIbak ($507.15 in chips)
Seat 2: Fiskin1 ($62.10 in chips)
PbIbak: posts small blind $1
Fiskin1: posts big blind $3
*** HOLE CARDS ***
PbIbak: raises $3 to $6
Fiskin1: calls $3
*** FLOP *** [8h 4s 7c]
Fiskin1: checks
PbIbak: checks
*** TURN *** [8h 4s 7c] [3d]
Fiskin1: bets $6
PbIbak: folds
Uncalled bet ($6) returned to Fiskin1
Fiskin1 collected $11.76 from pot
Fiskin1: doesn't show hand
*** SUMMARY ***
Total pot $12 | Rake $0.24
Board [8h 4s 7c 3d]
Seat 1: PbIbak (button) (small blind) folded on the Turn
Seat 2: Fiskin1 (big blind) collected ($11.76)


PokerStars Hand #148196929923:  Hold'em Limit ($3/$6 USD) - 2016/02/03 19:24:12 ET
Table 'Niobe III' 2-max Seat #2 is the button
Seat 1: PbIbak ($501.15 in chips)
Seat 2: Fiskin1 ($67.86 in chips)
Fiskin1: posts small blind $1
PbIbak: posts big blind $3
*** HOLE CARDS ***
Fiskin1: raises $3 to $6
PbIbak: raises $3 to $9
Fiskin1: calls $3
*** FLOP *** [5c Qc 4h]
PbIbak: bets $3
Fiskin1: calls $3
*** TURN *** [5c Qc 4h] [Ad]
PbIbak: checks
Fiskin1: bets $6
PbIbak: calls $6
*** RIVER *** [5c Qc 4h Ad] [2d]
PbIbak: checks
Fiskin1: checks
*** SHOW DOWN ***
PbIbak: shows [Js Kd] (high card Ace)
Fiskin1: shows [7h 4c] (a pair of Fours)
Fiskin1 collected $35.50 from pot
*** SUMMARY ***
Total pot $36 | Rake $0.50
Board [5c Qc 4h Ad 2d]
Seat 1: PbIbak (big blind) showed [Js Kd] and lost with high card Ace
Seat 2: Fiskin1 (button) (small blind) showed [7h 4c] and won ($35.50) with a pair of Fours


PokerStars Hand #148196942001:  Hold'em Limit ($3/$6 USD) - 2016/02/03 19:24:30 ET
Table 'Niobe III' 2-max Seat #1 is the button
Seat 1: PbIbak ($483.15 in chips)
Seat 2: Fiskin1 ($85.36 in chips)
PbIbak: posts small blind $1
Fiskin1: posts big blind $3
*** HOLE CARDS ***
PbIbak: raises $3 to $6
Fiskin1: calls $3
*** FLOP *** [6s 4d Jh]
Fiskin1: checks
PbIbak: checks
*** TURN *** [6s 4d Jh] [Kh]
Fiskin1: checks
PbIbak: bets $6
Fiskin1: folds
Uncalled bet ($6) returned to PbIbak
PbIbak collected $11.76 from pot
PbIbak: doesn't show hand
*** SUMMARY ***
Total pot $12 | Rake $0.24
Board [6s 4d Jh Kh]
Seat 1: PbIbak (button) (small blind) collected ($11.76)
Seat 2: Fiskin1 (big blind) folded on the Turn


PokerStars Hand #148196991183:  Hold'em Limit ($3/$6 USD) - 2016/02/03 19:25:41 ET
Table 'Niobe III' 2-max Seat #1 is the button
Seat 1: PbIbak ($526.67 in chips)
Seat 2: Fiskin1 ($39.86 in chips)
PbIbak: posts small blind $1
Fiskin1: posts big blind $3
*** HOLE CARDS ***
PbIbak: raises $3 to $6
Fiskin1: folds
Uncalled bet ($3) returned to PbIbak
PbIbak collected $6 from pot
PbIbak: doesn't show hand
*** SUMMARY ***
Total pot $6 | Rake $0
Seat 1: PbIbak (button) (small blind) collected ($6)
Seat 2: Fiskin1 (big blind) folded before Flop


PokerStars Hand #148196988047:  Hold'em Limit ($3/$6 USD) - 2016/02/03 19:25:37 ET
Table 'Niobe III' 2-max Seat #2 is the button
Seat 1: PbIbak ($529.67 in chips)
Seat 2: Fiskin1 ($36.86 in chips)
Fiskin1: posts small blind $1
PbIbak: posts big blind $3
*** HOLE CARDS ***
Fiskin1: raises $3 to $6
PbIbak: folds
Uncalled bet ($3) returned to Fiskin1
Fiskin1 collected $6 from pot
Fiskin1: doesn't show hand
*** SUMMARY ***
Total pot $6 | Rake $0
Seat 1: PbIbak (big blind) folded before Flop
Seat 2: Fiskin1 (button) (small blind) collected ($6)


PokerStars Hand #148196994444:  Hold'em Limit ($3/$6 USD) - 2016/02/03 19:25:46 ET
Table 'Niobe III' 2-max Seat #2 is the button
Seat 1: PbIbak ($529.67 in chips)
Seat 2: Fiskin1 ($36.86 in chips)
Fiskin1: posts small blind $1
PbIbak: posts big blind $3
*** HOLE CARDS ***
Fiskin1: raises $3 to $6
PbIbak: folds
Uncalled bet ($3) returned to Fiskin1
Fiskin1 collected $6 from pot
Fiskin1: doesn't show hand
*** SUMMARY ***
Total pot $6 | Rake $0
Seat 1: PbIbak (big blind) folded before Flop
Seat 2: Fiskin1 (button) (small blind) collected ($6)


PokerStars Hand #148196969177:  Hold'em Limit ($3/$6 USD) - 2016/02/03 19:25:09 ET
Table 'Niobe III' 2-max Seat #2 is the button
Seat 1: PbIbak ($503.41 in chips)
Seat 2: Fiskin1 ($63.86 in chips)
Fiskin1: posts small blind $1
PbIbak: posts big blind $3
*** HOLE CARDS ***
Fiskin1: raises $3 to $6
PbIbak: calls $3
*** FLOP *** [3c Tc 8d]
PbIbak: checks
Fiskin1: checks
*** TURN *** [3c Tc 8d] [5h]
PbIbak: checks
Fiskin1: checks
*** RIVER *** [3c Tc 8d 5h] [5c]
PbIbak: bets $6
Fiskin1: folds
Uncalled bet ($6) returned to PbIbak
PbIbak collected $11.76 from pot
PbIbak: doesn't show hand
*** SUMMARY ***
Total pot $12 | Rake $0.24
Board [3c Tc 8d 5h 5c]
Seat 1: PbIbak (big blind) collected ($11.76)
Seat 2: Fiskin1 (button) (small blind) folded on the River


PokerStars Hand #148196977950:  Hold'em Limit ($3/$6 USD) - 2016/02/03 19:25:22 ET
Table 'Niobe III' 2-max Seat #1 is the button
Seat 1: PbIbak ($509.17 in chips)
Seat 2: Fiskin1 ($57.86 in chips)
PbIbak: posts small blind $1
Fiskin1: posts big blind $3
*** HOLE CARDS ***
PbIbak: raises $3 to $6
Fiskin1: calls $3
*** FLOP *** [9s 6c Kc]
Fiskin1: checks
PbIbak: bets $3
Fiskin1: calls $3
*** TURN *** [9s 6c Kc] [8d]
Fiskin1: checks
PbIbak: bets $6
Fiskin1: calls $6
*** RIVER *** [9s 6c Kc 8d] [Tc]
Fiskin1: bets $6
PbIbak: raises $6 to $12
Fiskin1: folds
Uncalled bet ($6) returned to PbIbak
PbIbak collected $41.50 from pot
PbIbak: doesn't show hand
*** SUMMARY ***
Total pot $42 | Rake $0.50
Board [9s 6c Kc 8d Tc]
Seat 1: PbIbak (button) (small blind) collected ($41.50)
Seat 2: Fiskin1 (big blind) folded on the River


PokerStars Hand #148196958117:  Hold'em Limit ($3/$6 USD) - 2016/02/03 19:24:53 ET
Table 'Niobe III' 2-max Seat #1 is the button
Seat 1: PbIbak ($470.91 in chips)
Seat 2: Fiskin1 ($96.86 in chips)
PbIbak: posts small blind $1
Fiskin1: posts big blind $3
*** HOLE CARDS ***
PbIbak: raises $3 to $6
Fiskin1: calls $3
*** FLOP *** [4s Jd Qs]
Fiskin1: checks
PbIbak: bets $3
Fiskin1: calls $3
*** TURN *** [4s Jd Qs] [Th]
Fiskin1: checks
PbIbak: bets $6
Fiskin1: raises $6 to $12
PbIbak: raises $6 to $18
Fiskin1: calls $6
*** RIVER *** [4s Jd Qs Th] [Td]
Fiskin1: checks
PbIbak: bets $6
Fiskin1: calls $6
*** SHOW DOWN ***
PbIbak: shows [Ah Kc] (a straight, Ten to Ace)
Fiskin1: mucks hand
PbIbak collected $65.50 from pot
*** SUMMARY ***
Total pot $66 | Rake $0.50
Board [4s Jd Qs Th Td]
Seat 1: PbIbak (button) (small blind) showed [Ah Kc] and won ($65.50) with a straight, Ten to Ace
Seat 2: Fiskin1 (big blind) mucked


PokerStars Hand #148197026455:  Hold'em Limit ($3/$6 USD) - 2016/02/03 19:26:33 ET
Table 'Niobe III' 2-max Seat #2 is the button
Seat 1: PbIbak ($518.31 in chips)
Seat 2: Fiskin1 ($47.38 in chips)
Fiskin1: posts small blind $1
PbIbak: posts big blind $3
*** HOLE CARDS ***
Fiskin1: raises $3 to $6
PbIbak: calls $3
*** FLOP *** [Th Qc Js]
PbIbak: checks
Fiskin1: bets $3
PbIbak: folds
Uncalled bet ($3) returned to Fiskin1
Fiskin1 collected $11.76 from pot
Fiskin1: doesn't show hand
*** SUMMARY ***
Total pot $12 | Rake $0.24
Board [Th Qc Js]
Seat 1: PbIbak (big blind) folded on the Flop
Seat 2: Fiskin1 (button) (small blind) collected ($11.76)


PokerStars Hand #148197032403:  Hold'em Limit ($3/$6 USD) - 2016/02/03 19:26:42 ET
Table 'Niobe III' 2-max Seat #1 is the button
Seat 1: PbIbak ($512.31 in chips)
Seat 2: Fiskin1 ($53.14 in chips)
PbIbak: posts small blind $1
Fiskin1: posts big blind $3
*** HOLE CARDS ***
PbIbak: raises $3 to $6
Fiskin1: folds
Uncalled bet ($3) returned to PbIbak
PbIbak collected $6 from pot
PbIbak: doesn't show hand
*** SUMMARY ***
Total pot $6 | Rake $0
Seat 1: PbIbak (button) (small blind) collected ($6)
Seat 2: Fiskin1 (big blind) folded before Flop


PokerStars Hand #148197001905:  Hold'em Limit ($3/$6 USD) - 2016/02/03 19:25:57 ET
Table 'Niobe III' 2-max Seat #1 is the button
Seat 1: PbIbak ($526.67 in chips)
Seat 2: Fiskin1 ($39.86 in chips)
PbIbak: posts small blind $1
Fiskin1: posts big blind $3
*** HOLE CARDS ***
PbIbak: folds
Uncalled bet ($2) returned to Fiskin1
Fiskin1 collected $2 from pot
Fiskin1: doesn't show hand
*** SUMMARY ***
Total pot $2 | Rake $0
Seat 1: PbIbak (button) (small blind) folded before Flop
Seat 2: Fiskin1 (big blind) collected ($2)


PokerStars Hand #148197020268:  Hold'em Limit ($3/$6 USD) - 2016/02/03 19:26:24 ET
Table 'Niobe III' 2-max Seat #1 is the button
Seat 1: PbIbak ($530.31 in chips)
Seat 2: Fiskin1 ($35.86 in chips)
PbIbak: posts small blind $1
Fiskin1: posts big blind $3
*** HOLE CARDS ***
PbIbak: raises $3 to $6
Fiskin1: raises $3 to $9
PbIbak: calls $3
*** FLOP *** [4s Td 8s]
Fiskin1: bets $3
PbIbak: calls $3
*** TURN *** [4s Td 8s] [Th]
Fiskin1: bets $6
PbIbak: folds
Uncalled bet ($6) returned to Fiskin1
Fiskin1 collected $23.52 from pot
Fiskin1: doesn't show hand
*** SUMMARY ***
Total pot $24 | Rake $0.48
Board [4s Td 8s Th]
Seat 1: PbIbak (button) (small blind) folded on the Turn
Seat 2: Fiskin1 (big blind) collected ($23.52)


PokerStars Hand #148197011267:  Hold'em Limit ($3/$6 USD) - 2016/02/03 19:26:11 ET
Table 'Niobe III' 2-max Seat #1 is the button
Seat 1: PbIbak ($534.31 in chips)
Seat 2: Fiskin1 ($31.86 in chips)
PbIbak: posts small blind $1
Fiskin1: posts big blind $3
*** HOLE CARDS ***
PbIbak: folds
Uncalled bet ($2) returned to Fiskin1
Fiskin1 collected $2 from pot
Fiskin1: doesn't show hand
*** SUMMARY ***
Total pot $2 | Rake $0
Seat 1: PbIbak (button) (small blind) folded before Flop
Seat 2: Fiskin1 (big blind) collected ($2)


PokerStars Hand #148197005422:  Hold'em Limit ($3/$6 USD) - 2016/02/03 19:26:02 ET
Table 'Niobe III' 2-max Seat #2 is the button
Seat 1: PbIbak ($525.67 in chips)
Seat 2: Fiskin1 ($40.86 in chips)
Fiskin1: posts small blind $1
PbIbak: posts big blind $3
*** HOLE CARDS ***
Fiskin1: raises $3 to $6
PbIbak: raises $3 to $9
Fiskin1: calls $3
*** FLOP *** [Js 8c 2d]
PbIbak: bets $3
Fiskin1: folds
Uncalled bet ($3) returned to PbIbak
PbIbak collected $17.64 from pot
PbIbak: doesn't show hand
*** SUMMARY ***
Total pot $18 | Rake $0.36
Board [Js 8c 2d]
Seat 1: PbIbak (big blind) collected ($17.64)
Seat 2: Fiskin1 (button) (small blind) folded on the Flop


PokerStars Hand #148197014188:  Hold'em Limit ($3/$6 USD) - 2016/02/03 19:26:15 ET
Table 'Niobe III' 2-max Seat #2 is the button
Seat 1: PbIbak ($533.31 in chips)
Seat 2: Fiskin1 ($32.86 in chips)
Fiskin1: posts small blind $1
PbIbak: posts big blind $3
*** HOLE CARDS ***
Fiskin1: raises $3 to $6
PbIbak: folds
Uncalled bet ($3) returned to Fiskin1
Fiskin1 collected $6 from pot
Fiskin1: doesn't show hand
*** SUMMARY ***
Total pot $6 | Rake $0
Seat 1: PbIbak (big blind) folded before Flop
Seat 2: Fiskin1 (button) (small blind) collected ($6)


PokerStars Hand #148197050675:  Hold'em Limit ($3/$6 USD) - 2016/02/03 19:27:09 ET
Table 'Niobe III' 2-max Seat #1 is the button
Seat 1: PbIbak ($541.81 in chips)
Seat 2: Fiskin1 ($23.14 in chips)
PbIbak: posts small blind $1
Fiskin1: posts big blind $3
*** HOLE CARDS ***
PbIbak: raises $3 to $6
Fiskin1: raises $3 to $9
PbIbak: calls $3
*** FLOP *** [Ad 7s Ks]
Fiskin1: bets $3
PbIbak: calls $3
*** TURN *** [Ad 7s Ks] [7h]
Fiskin1: bets $6
PbIbak: raises $6 to $12
Fiskin1: folds
Uncalled bet ($6) returned to PbIbak
PbIbak collected $35.50 from pot
PbIbak: doesn't show hand
*** SUMMARY ***
Total pot $36 | Rake $0.50
Board [Ad 7s Ks 7h]
Seat 1: PbIbak (button) (small blind) collected ($35.50)
Seat 2: Fiskin1 (big blind) folded on the Turn


PokerStars Hand #148197035952:  Hold'em Limit ($3/$6 USD) - 2016/02/03 19:26:47 ET
Table 'Niobe III' 2-max Seat #2 is the button
Seat 1: PbIbak ($515.31 in chips)
Seat 2: Fiskin1 ($50.14 in chips)
Fiskin1: posts small blind $1
PbIbak: posts big blind $3
*** HOLE CARDS ***
Fiskin1: raises $3 to $6
PbIbak: calls $3
*** FLOP *** [Qd 3c 5d]
PbIbak: checks
Fiskin1: bets $3
PbIbak: calls $3
*** TURN *** [Qd 3c 5d] [2d]
PbIbak: checks
Fiskin1: bets $6
PbIbak: raises $6 to $12
Fiskin1: calls $6
*** RIVER *** [Qd 3c 5d 2d] [3s]
PbIbak: bets $6
Fiskin1: calls $6
*** SHOW DOWN ***
PbIbak: shows [4c 6s] (a straight, Deuce to Six)
Fiskin1: mucks hand
PbIbak collected $53.50 from pot
*** SUMMARY ***
Total pot $54 | Rake $0.50
Board [Qd 3c 5d 2d 3s]
Seat 1: PbIbak (big blind) showed [4c 6s] and won ($53.50) with a straight, Deuce to Six
Seat 2: Fiskin1 (button) (small blind) mucked


PokerStars Hand #148197095119:  Hold'em Limit ($3/$6 USD) - 2016/02/03 19:28:16 ET
Table 'Niobe III' 2-max Seat #2 is the button
Seat 1: PbIbak ($544.10 in chips)
Seat 2: Fiskin1 ($19.74 in chips)
Fiskin1: posts small blind $1
PbIbak: posts big blind $3
*** HOLE CARDS ***
Fiskin1: raises $3 to $6
PbIbak: raises $3 to $9
Fiskin1: raises $3 to $12
Betting is capped
PbIbak: calls $3
*** FLOP *** [Tc Kd 4c]
PbIbak: bets $3
Fiskin1: raises $3 to $6
PbIbak: raises $3 to $9
Fiskin1: calls $1.74 and is all-in
Uncalled bet ($1.26) returned to PbIbak
*** TURN *** [Tc Kd 4c] [3s]
*** RIVER *** [Tc Kd 4c 3s] [9s]
*** SHOW DOWN ***
PbIbak: shows [Jd Qh] (a straight, Nine to King)
Fiskin1: shows [Qs Jh] (a straight, Nine to King)
PbIbak collected $19.49 from pot
Fiskin1 collected $19.49 from pot
*** SUMMARY ***
Total pot $39.48 | Rake $0.50
Board [Tc Kd 4c 3s 9s]
Seat 1: PbIbak (big blind) showed [Jd Qh] and won ($19.49) with a straight, Nine to King
Seat 2: Fiskin1 (button) (small blind) showed [Qs Jh] and won ($19.49) with a straight, Nine to King


PokerStars Hand #148197106464:  Hold'em Limit ($3/$6 USD) - 2016/02/03 19:28:33 ET
Table 'Niobe III' 2-max Seat #1 is the button
Seat 1: PbIbak ($543.85 in chips)
Seat 2: Fiskin1 ($19.49 in chips)
PbIbak: posts small blind $1
Fiskin1: posts big blind $3
*** HOLE CARDS ***
PbIbak: raises $3 to $6
Fiskin1: raises $3 to $9
PbIbak: calls $3
*** FLOP *** [3s 3d 7d]
Fiskin1: bets $3
PbIbak: calls $3
*** TURN *** [3s 3d 7d] [8h]
Fiskin1: bets $6
PbIbak: folds
Uncalled bet ($6) returned to Fiskin1
Fiskin1 collected $23.52 from pot
Fiskin1: doesn't show hand
*** SUMMARY ***
Total pot $24 | Rake $0.48
Board [3s 3d 7d 8h]
Seat 1: PbIbak (button) (small blind) folded on the Turn
Seat 2: Fiskin1 (big blind) collected ($23.52)


PokerStars Hand #148197113415:  Hold'em Limit ($3/$6 USD) - 2016/02/03 19:28:43 ET
Table 'Niobe III' 2-max Seat #2 is the button
Seat 1: PbIbak ($531.85 in chips)
Seat 2: Fiskin1 ($31.01 in chips)
Fiskin1: posts small blind $1
PbIbak: posts big blind $3
*** HOLE CARDS ***
Fiskin1: raises $3 to $6
PbIbak: calls $3
*** FLOP *** [Kc 6d Tc]
PbIbak: checks
Fiskin1: bets $3
PbIbak: calls $3
*** TURN *** [Kc 6d Tc] [Th]
PbIbak: checks
Fiskin1: bets $6
PbIbak: calls $6
*** RIVER *** [Kc 6d Tc Th] [Ah]
PbIbak: checks
Fiskin1: checks
*** SHOW DOWN ***
PbIbak: shows [5c 6s] (two pair, Tens and Sixes)
Fiskin1: mucks hand
PbIbak collected $29.50 from pot
*** SUMMARY ***
Total pot $30 | Rake $0.50
Board [Kc 6d Tc Th Ah]
Seat 1: PbIbak (big blind) showed [5c 6s] and won ($29.50) with two pair, Tens and Sixes
Seat 2: Fiskin1 (button) (small blind) mucked


PokerStars Hand #148197058763:  Hold'em Limit ($3/$6 USD) - 2016/02/03 19:27:21 ET
Table 'Niobe III' 2-max Seat #2 is the button
Seat 1: PbIbak ($559.31 in chips)
Seat 2: Fiskin1 ($5.14 in chips)
Fiskin1: posts small blind $1
PbIbak: posts big blind $3
*** HOLE CARDS ***
Fiskin1: raises $2.14 to $5.14 and is all-in
PbIbak: calls $2.14
*** FLOP *** [Kd 7c 2s]
*** TURN *** [Kd 7c 2s] [6c]
*** RIVER *** [Kd 7c 2s 6c] [5s]
*** SHOW DOWN ***
PbIbak: shows [9c 2h] (a pair of Deuces)
Fiskin1: shows [Kc 4c] (a pair of Kings)
Fiskin1 collected $10.07 from pot
*** SUMMARY ***
Total pot $10.28 | Rake $0.21
Board [Kd 7c 2s 6c 5s]
Seat 1: PbIbak (big blind) showed [9c 2h] and lost with a pair of Deuces
Seat 2: Fiskin1 (button) (small blind) showed [Kc 4c] and won ($10.07) with a pair of Kings


PokerStars Hand #148197086154:  Hold'em Limit ($3/$6 USD) - 2016/02/03 19:28:03 ET
Table 'Niobe III' 2-max Seat #1 is the button
Seat 1: PbIbak ($554.17 in chips)
Seat 2: Fiskin1 ($10.07 in chips)
PbIbak: posts small blind $1
Fiskin1: posts big blind $3
*** HOLE CARDS ***
PbIbak: raises $3 to $6
Fiskin1: calls $3
*** FLOP *** [9d 3h Tc]
Fiskin1: bets $3
PbIbak: raises $3 to $6
Fiskin1: calls $1.07 and is all-in
Uncalled bet ($1.93) returned to PbIbak
*** TURN *** [9d 3h Tc] [8d]
*** RIVER *** [9d 3h Tc 8d] [9c]
*** SHOW DOWN ***
Fiskin1: shows [2s Td] (two pair, Tens and Nines)
PbIbak: shows [6d 3d] (two pair, Nines and Threes)
Fiskin1 collected $19.74 from pot
*** SUMMARY ***
Total pot $20.14 | Rake $0.40
Board [9d 3h Tc 8d 9c]
Seat 1: PbIbak (button) (small blind) showed [6d 3d] and lost with two pair, Nines and Threes
Seat 2: Fiskin1 (big blind) showed [2s Td] and won ($19.74) with two pair, Tens and Nines


PokerStars Hand #148197144499:  Hold'em Limit ($3/$6 USD) - 2016/02/03 19:29:30 ET
Table 'Niobe III' 2-max Seat #1 is the button
Seat 1: PbIbak ($542.99 in chips)
Seat 2: Fiskin1 ($18.53 in chips)
PbIbak: posts small blind $1
Fiskin1: posts big blind $3
*** HOLE CARDS ***
PbIbak: raises $3 to $6
Fiskin1: raises $3 to $9
PbIbak: calls $3
*** FLOP *** [Qc 9h 4s]
Fiskin1: bets $3
PbIbak: raises $3 to $6
Fiskin1: raises $3 to $9
PbIbak: raises $3 to $12
Betting is capped
Fiskin1: calls $0.53 and is all-in
Uncalled bet ($2.47) returned to PbIbak
*** TURN *** [Qc 9h 4s] [4h]
*** RIVER *** [Qc 9h 4s 4h] [5c]
*** SHOW DOWN ***
Fiskin1: shows [Kd 3c] (a pair of Fours)
PbIbak: shows [8c Ac] (a pair of Fours - Ace kicker)
PbIbak collected $36.56 from pot
*** SUMMARY ***
Total pot $37.06 | Rake $0.50
Board [Qc 9h 4s 4h 5c]
Seat 1: PbIbak (button) (small blind) showed [8c Ac] and won ($36.56) with a pair of Fours
Seat 2: Fiskin1 (big blind) showed [Kd 3c] and lost with a pair of Fours


PokerStars Hand #148197122282:  Hold'em Limit ($3/$6 USD) - 2016/02/03 19:28:56 ET
Table 'Niobe III' 2-max Seat #1 is the button
Seat 1: PbIbak ($546.35 in chips)
Seat 2: Fiskin1 ($16.01 in chips)
PbIbak: posts small blind $1
Fiskin1: posts big blind $3
*** HOLE CARDS ***
PbIbak: raises $3 to $6
Fiskin1: raises $3 to $9
PbIbak: calls $3
*** FLOP *** [8c 2s Ks]
Fiskin1: bets $3
PbIbak: calls $3
*** TURN *** [8c 2s Ks] [9h]
Fiskin1: bets $4.01 and is all-in
PbIbak: folds
Uncalled bet ($4.01) returned to Fiskin1
Fiskin1 collected $23.52 from pot
Fiskin1: doesn't show hand
*** SUMMARY ***
Total pot $24 | Rake $0.48
Board [8c 2s Ks 9h]
Seat 1: PbIbak (button) (small blind) folded on the Turn
Seat 2: Fiskin1 (big blind) collected ($23.52)


PokerStars Hand #148197139412:  Hold'em Limit ($3/$6 USD) - 2016/02/03 19:29:22 ET
Table 'Niobe III' 2-max Seat #2 is the button
Seat 1: PbIbak ($534.35 in chips)
Seat 2: Fiskin1 ($27.53 in chips)
Fiskin1: posts small blind $1
PbIbak: posts big blind $3
*** HOLE CARDS ***
Fiskin1: raises $3 to $6
PbIbak: raises $3 to $9
Fiskin1: calls $3
*** FLOP *** [6c Td 9c]
PbIbak: bets $3
Fiskin1: folds
Uncalled bet ($3) returned to PbIbak
PbIbak collected $17.64 from pot
PbIbak: doesn't show hand
*** SUMMARY ***
Total pot $18 | Rake $0.36
Board [6c Td 9c]
Seat 1: PbIbak (big blind) collected ($17.64)
Seat 2: Fiskin1 (button) (small blind) folded on the Flop


