PokerStars Hand #148505320736:  Hold'em Limit ($3/$6 USD) - 2016/02/09 10:48:42 ET
Table 'Niobe' 6-max Seat #2 is the button
Seat 1: boarcastle ($109.61 in chips)
Seat 2: GRAILKO ($169 in chips)
GRAILKO: posts small blind $1
AzureCaper: is sitting out
boarcastle: posts big blind $3
*** HOLE CARDS ***
GRAILKO: raises $3 to $6
boarcastle: calls $3
*** FLOP *** [8h 6h 5d]
AzureCaper leaves the table
boarcastle: bets $3
GRAILKO: calls $3
*** TURN *** [8h 6h 5d] [Tc]
boarcastle: bets $6
GRAILKO: raises $6 to $12
boarcastle: calls $6
*** RIVER *** [8h 6h 5d Tc] [8c]
boarcastle: checks
GRAILKO: bets $6
boarcastle: folds
Uncalled bet ($6) returned to GRAILKO
GRAILKO collected $41.50 from pot
GRAILKO: doesn't show hand
*** SUMMARY ***
Total pot $42 | Rake $0.50
Board [8h 6h 5d Tc 8c]
Seat 1: boarcastle (big blind) folded on the River
Seat 2: GRAILKO (button) (small blind) collected ($41.50)


PokerStars Hand #148505375107:  Hold'em Limit ($3/$6 USD) - 2016/02/09 10:49:47 ET
Table 'Niobe' 6-max Seat #2 is the button
Seat 1: boarcastle ($109.11 in chips)
Seat 2: GRAILKO ($168.50 in chips)
GRAILKO: posts small blind $1
boarcastle: posts big blind $3
*** HOLE CARDS ***
GRAILKO: raises $3 to $6
boarcastle: raises $3 to $9
GRAILKO: calls $3
*** FLOP *** [9h 4c Ah]
boarcastle: bets $3
GRAILKO: calls $3
*** TURN *** [9h 4c Ah] [5h]
boarcastle: bets $6
GRAILKO: calls $6
*** RIVER *** [9h 4c Ah 5h] [Th]
boarcastle: checks
GRAILKO: checks
*** SHOW DOWN ***
boarcastle: shows [As Qs] (a pair of Aces)
GRAILKO: mucks hand
boarcastle collected $35.50 from pot
*** SUMMARY ***
Total pot $36 | Rake $0.50
Board [9h 4c Ah 5h Th]
Seat 1: boarcastle (big blind) showed [As Qs] and won ($35.50) with a pair of Aces
Seat 2: GRAILKO (button) (small blind) mucked


PokerStars Hand #148505351379:  Hold'em Limit ($3/$6 USD) - 2016/02/09 10:49:18 ET
Table 'Niobe' 6-max Seat #1 is the button
Seat 1: boarcastle ($88.61 in chips)
Seat 2: GRAILKO ($189.50 in chips)
boarcastle: posts small blind $1
GRAILKO: posts big blind $3
*** HOLE CARDS ***
boarcastle: raises $3 to $6
GRAILKO: calls $3
*** FLOP *** [7s 7c 9h]
GRAILKO: checks
boarcastle: bets $3
GRAILKO: calls $3
*** TURN *** [7s 7c 9h] [8s]
GRAILKO: checks
boarcastle: bets $6
GRAILKO: calls $6
*** RIVER *** [7s 7c 9h 8s] [2h]
GRAILKO: checks
boarcastle: bets $6
GRAILKO: calls $6
*** SHOW DOWN ***
boarcastle: shows [Th Jc] (a straight, Seven to Jack)
GRAILKO: mucks hand
boarcastle collected $41.50 from pot
*** SUMMARY ***
Total pot $42 | Rake $0.50
Board [7s 7c 9h 8s 2h]
Seat 1: boarcastle (button) (small blind) showed [Th Jc] and won ($41.50) with a straight, Seven to Jack
Seat 2: GRAILKO (big blind) mucked


PokerStars Hand #148505431987:  Hold'em Limit ($3/$6 USD) - 2016/02/09 10:50:55 ET
Table 'Niobe' 6-max Seat #1 is the button
Seat 1: boarcastle ($123.11 in chips)
Seat 2: GRAILKO ($153 in chips)
boarcastle: posts small blind $1
GRAILKO: posts big blind $3
*** HOLE CARDS ***
boarcastle: folds
Uncalled bet ($2) returned to GRAILKO
GRAILKO collected $2 from pot
GRAILKO: doesn't show hand
*** SUMMARY ***
Total pot $2 | Rake $0
Seat 1: boarcastle (button) (small blind) folded before Flop
Seat 2: GRAILKO (big blind) collected ($2)


PokerStars Hand #148505412657:  Hold'em Limit ($3/$6 USD) - 2016/02/09 10:50:32 ET
Table 'Niobe' 6-max Seat #2 is the button
Seat 1: boarcastle ($102.61 in chips)
Seat 2: GRAILKO ($174 in chips)
GRAILKO: posts small blind $1
boarcastle: posts big blind $3
*** HOLE CARDS ***
GRAILKO: raises $3 to $6
boarcastle: raises $3 to $9
GRAILKO: calls $3
*** FLOP *** [Ah 6d 9h]
PayMyAudiR8 joins the table at seat #3
boarcastle: checks
GRAILKO: checks
*** TURN *** [Ah 6d 9h] [8d]
boarcastle: bets $6
GRAILKO: calls $6
*** RIVER *** [Ah 6d 9h 8d] [7h]
boarcastle: bets $6
GRAILKO: calls $6
*** SHOW DOWN ***
boarcastle: shows [Js Ac] (a pair of Aces)
GRAILKO: mucks hand
boarcastle collected $41.50 from pot
*** SUMMARY ***
Total pot $42 | Rake $0.50
Board [Ah 6d 9h 8d 7h]
Seat 1: boarcastle (big blind) showed [Js Ac] and won ($41.50) with a pair of Aces
Seat 2: GRAILKO (button) (small blind) mucked


PokerStars Hand #148505393893:  Hold'em Limit ($3/$6 USD) - 2016/02/09 10:50:09 ET
Table 'Niobe' 6-max Seat #1 is the button
Seat 1: boarcastle ($126.61 in chips)
Seat 2: GRAILKO ($150.50 in chips)
boarcastle: posts small blind $1
GRAILKO: posts big blind $3
*** HOLE CARDS ***
boarcastle: raises $3 to $6
GRAILKO: calls $3
*** FLOP *** [8s 4c 3d]
GRAILKO: checks
boarcastle: bets $3
GRAILKO: raises $3 to $6
boarcastle: calls $3
*** TURN *** [8s 4c 3d] [Kd]
GRAILKO: bets $6
boarcastle: calls $6
*** RIVER *** [8s 4c 3d Kd] [9d]
GRAILKO: bets $6
boarcastle: calls $6
*** SHOW DOWN ***
GRAILKO: shows [7d 4d] (a flush, King high)
boarcastle: mucks hand
GRAILKO collected $47.50 from pot
*** SUMMARY ***
Total pot $48 | Rake $0.50
Board [8s 4c 3d Kd 9d]
Seat 1: boarcastle (button) (small blind) mucked
Seat 2: GRAILKO (big blind) showed [7d 4d] and won ($47.50) with a flush, King high


PokerStars Hand #148507145328:  Hold'em Limit ($3/$6 USD) - 2016/02/09 11:24:55 ET
Table 'Niobe' 6-max Seat #4 is the button
Seat 1: boarcastle ($218.26 in chips)
Seat 4: Pokali ($102.42 in chips)
Pokali: posts small blind $1
boarcastle: posts big blind $3
*** HOLE CARDS ***
Pokali: folds
Uncalled bet ($2) returned to boarcastle
boarcastle collected $2 from pot
boarcastle: doesn't show hand
*** SUMMARY ***
Total pot $2 | Rake $0
Seat 1: boarcastle (big blind) collected ($2)
Seat 4: Pokali (button) (small blind) folded before Flop


PokerStars Hand #148507131797:  Hold'em Limit ($3/$6 USD) - 2016/02/09 11:24:39 ET
Table 'Niobe' 6-max Seat #1 is the button
Seat 1: boarcastle ($230.26 in chips)
Seat 4: Pokali ($90.90 in chips)
boarcastle: posts small blind $1
Pokali: posts big blind $3
*** HOLE CARDS ***
boarcastle: raises $3 to $6
Pokali: raises $3 to $9
boarcastle: calls $3
*** FLOP *** [2d 6d 9s]
Pokali: bets $3
boarcastle: calls $3
*** TURN *** [2d 6d 9s] [7s]
Pokali: bets $6
boarcastle: folds
Uncalled bet ($6) returned to Pokali
Pokali collected $23.52 from pot
Pokali: doesn't show hand
*** SUMMARY ***
Total pot $24 | Rake $0.48
Board [2d 6d 9s 7s]
Seat 1: boarcastle (button) (small blind) folded on the Turn
Seat 4: Pokali (big blind) collected ($23.52)


PokerStars Hand #148507125723:  Hold'em Limit ($3/$6 USD) - 2016/02/09 11:24:33 ET
Table 'Niobe' 6-max Seat #4 is the button
Seat 1: boarcastle ($229.26 in chips)
Seat 4: Pokali ($91.90 in chips)
Pokali: posts small blind $1
boarcastle: posts big blind $3
*** HOLE CARDS ***
Pokali: folds
Uncalled bet ($2) returned to boarcastle
boarcastle collected $2 from pot
boarcastle: doesn't show hand
arshak.62 leaves the table
*** SUMMARY ***
Total pot $2 | Rake $0
Seat 1: boarcastle (big blind) collected ($2)
Seat 4: Pokali (button) (small blind) folded before Flop


