PokerStars Hand #154714952972:  Hold'em Limit ($3/$6 USD) - 2016/06/14 5:43:23 ET
Table 'Niobe II' 6-max Seat #1 is the button
Seat 1: WillemDuit ($120 in chips)
Seat 2: Ag3r0n ($72 in chips)
WillemDuit: posts small blind $1
Ag3r0n: posts big blind $3
*** HOLE CARDS ***
holyone13 joins the table at seat #3
WillemDuit: folds
Uncalled bet ($2) returned to Ag3r0n
Ag3r0n collected $2 from pot
TbIP-TbIP 88 joins the table at seat #4
*** SUMMARY ***
Total pot $2 | Rake $0
Seat 1: WillemDuit (button) (small blind) folded before Flop
Seat 2: Ag3r0n (big blind) collected ($2)


PokerStars Hand #154715624595:  Hold'em Limit ($3/$6 USD) - 2016/06/14 6:13:37 ET
Table 'Niobe II' 6-max Seat #2 is the button
Seat 2: Ag3r0n ($88.18 in chips)
Seat 5: Great_Kang ($120 in chips)
Ag3r0n: posts small blind $1
Great_Kang: posts big blind $3
*** HOLE CARDS ***
Ag3r0n: raises $3 to $6
mazael leaves the table
Great_Kang: calls $3
*** FLOP *** [Js Qh 3s]
Great_Kang: checks
Ag3r0n: bets $3
Great_Kang: raises $3 to $6
Ag3r0n: folds
Uncalled bet ($3) returned to Great_Kang
Great_Kang collected $17.64 from pot
Great_Kang: doesn't show hand
*** SUMMARY ***
Total pot $18 | Rake $0.36
Board [Js Qh 3s]
Seat 2: Ag3r0n (button) (small blind) folded on the Flop
Seat 5: Great_Kang (big blind) collected ($17.64)


