PokerStars Hand #176230414430:  Hold'em Limit ($3/$6 USD) - 2017/09/28 12:23:53 ET
Table 'Niobe' 6-max Seat #2 is the button
Seat 1: Ag3r0n ($116.14 in chips)
Seat 2: Zazi ($33 in chips)
Zazi: posts small blind $1
Ag3r0n: posts big blind $3
*** HOLE CARDS ***
Zazi: raises $3 to $6
Ag3r0n: folds
Uncalled bet ($3) returned to Zazi
Zazi collected $6 from pot
Zazi: doesn't show hand
*** SUMMARY ***
Total pot $6 | Rake $0
Seat 1: Ag3r0n (big blind) folded before Flop
Seat 2: Zazi (button) (small blind) collected ($6)


PokerStars Hand #176230410731:  Hold'em Limit ($3/$6 USD) - 2017/09/28 12:23:47 ET
Table 'Niobe' 6-max Seat #1 is the button
Seat 1: Ag3r0n ($113.14 in chips)
Seat 2: Zazi ($36 in chips)
Ag3r0n: posts small blind $1
Zazi: posts big blind $3
*** HOLE CARDS ***
Ag3r0n: raises $3 to $6
Zazi: folds
Uncalled bet ($3) returned to Ag3r0n
Ag3r0n collected $6 from pot
Ag3r0n: doesn't show hand
*** SUMMARY ***
Total pot $6 | Rake $0
Seat 1: Ag3r0n (button) (small blind) collected ($6)
Seat 2: Zazi (big blind) folded before Flop


PokerStars Hand #176230398085:  Hold'em Limit ($3/$6 USD) - 2017/09/28 12:23:27 ET
Table 'Niobe' 6-max Seat #2 is the button
Seat 1: Ag3r0n ($80.64 in chips)
Seat 2: Zazi ($69 in chips)
Zazi: posts small blind $1
Ag3r0n: posts big blind $3
*** HOLE CARDS ***
Zazi: raises $3 to $6
Ag3r0n: raises $3 to $9
Zazi: raises $3 to $12
Betting is capped
Ag3r0n: calls $3
*** FLOP *** [3s 2c 6c]
Ag3r0n: checks
Zazi: bets $3
Ag3r0n: calls $3
*** TURN *** [3s 2c 6c] [3c]
Ag3r0n: checks
Zazi: bets $6
Ag3r0n: raises $6 to $12
Zazi: calls $6
*** RIVER *** [3s 2c 6c 3c] [2d]
Ag3r0n: bets $6
Zazi: calls $6
*** SHOW DOWN ***
Ag3r0n: shows [Qc Kc] (a flush, King high)
Zazi: mucks hand
Ag3r0n collected $65.50 from pot
*** SUMMARY ***
Total pot $66 | Rake $0.50
Board [3s 2c 6c 3c 2d]
Seat 1: Ag3r0n (big blind) showed [Qc Kc] and won ($65.50) with a flush, King high
Seat 2: Zazi (button) (small blind) mucked


PokerStars Hand #176230382268:  Hold'em Limit ($3/$6 USD) - 2017/09/28 12:23:03 ET
Table 'Niobe' 6-max Seat #1 is the button
Seat 1: Ag3r0n ($72 in chips)
Seat 2: Zazi ($78 in chips)
Ag3r0n: posts small blind $1
Zazi: posts big blind $3
*** HOLE CARDS ***
Ag3r0n: raises $3 to $6
Zazi: calls $3
*** FLOP *** [6s 4d 6d]
Zazi: checks
Ag3r0n: bets $3
Zazi: calls $3
*** TURN *** [6s 4d 6d] [9c]
Zazi: checks
Ag3r0n: bets $6
Zazi: folds
Uncalled bet ($6) returned to Ag3r0n
Ag3r0n collected $17.64 from pot
Ag3r0n: doesn't show hand
*** SUMMARY ***
Total pot $18 | Rake $0.36
Board [6s 4d 6d 9c]
Seat 1: Ag3r0n (button) (small blind) collected ($17.64)
Seat 2: Zazi (big blind) folded on the Turn


PokerStars Hand #176230422027:  Hold'em Limit ($3/$6 USD) - 2017/09/28 12:24:05 ET
Table 'Niobe' 6-max Seat #2 is the button
Seat 1: Ag3r0n ($116.14 in chips)
Seat 2: Zazi ($93 in chips)
Zazi: posts small blind $1
Ag3r0n: posts big blind $3
*** HOLE CARDS ***
Zazi: raises $3 to $6
Ag3r0n: folds
Uncalled bet ($3) returned to Zazi
Zazi collected $6 from pot
Zazi: doesn't show hand
*** SUMMARY ***
Total pot $6 | Rake $0
Seat 1: Ag3r0n (big blind) folded before Flop
Seat 2: Zazi (button) (small blind) collected ($6)


PokerStars Hand #176230451751:  Hold'em Limit ($3/$6 USD) - 2017/09/28 12:24:52 ET
Table 'Niobe' 6-max Seat #2 is the button
Seat 1: Ag3r0n ($104.14 in chips)
Seat 2: Zazi ($104.64 in chips)
Zazi: posts small blind $1
Ag3r0n: posts big blind $3
*** HOLE CARDS ***
Zazi: raises $3 to $6
Ag3r0n: folds
Uncalled bet ($3) returned to Zazi
Zazi collected $6 from pot
Zazi: doesn't show hand
*** SUMMARY ***
Total pot $6 | Rake $0
Seat 1: Ag3r0n (big blind) folded before Flop
Seat 2: Zazi (button) (small blind) collected ($6)


PokerStars Hand #176230448712:  Hold'em Limit ($3/$6 USD) - 2017/09/28 12:24:47 ET
Table 'Niobe' 6-max Seat #1 is the button
Seat 1: Ag3r0n ($105.14 in chips)
Seat 2: Zazi ($103.64 in chips)
Ag3r0n: posts small blind $1
Zazi: posts big blind $3
*** HOLE CARDS ***
Ag3r0n: folds
Uncalled bet ($2) returned to Zazi
Zazi collected $2 from pot
Zazi: doesn't show hand
*** SUMMARY ***
Total pot $2 | Rake $0
Seat 1: Ag3r0n (button) (small blind) folded before Flop
Seat 2: Zazi (big blind) collected ($2)


PokerStars Hand #176230445255:  Hold'em Limit ($3/$6 USD) - 2017/09/28 12:24:42 ET
Table 'Niobe' 6-max Seat #2 is the button
Seat 1: Ag3r0n ($108.14 in chips)
Seat 2: Zazi ($100.64 in chips)
Zazi: posts small blind $1
Ag3r0n: posts big blind $3
*** HOLE CARDS ***
Zazi: raises $3 to $6
Ag3r0n: folds
Uncalled bet ($3) returned to Zazi
Zazi collected $6 from pot
Zazi: doesn't show hand
*** SUMMARY ***
Total pot $6 | Rake $0
Seat 1: Ag3r0n (big blind) folded before Flop
Seat 2: Zazi (button) (small blind) collected ($6)


PokerStars Hand #176230431874:  Hold'em Limit ($3/$6 USD) - 2017/09/28 12:24:21 ET
Table 'Niobe' 6-max Seat #1 is the button
Seat 1: Ag3r0n ($117.14 in chips)
Seat 2: Zazi ($92 in chips)
Ag3r0n: posts small blind $1
Zazi: posts big blind $3
*** HOLE CARDS ***
Ag3r0n: raises $3 to $6
Zazi: calls $3
*** FLOP *** [Qc 8d 3h]
Zazi: checks
Ag3r0n: bets $3
Zazi: calls $3
*** TURN *** [Qc 8d 3h] [Qs]
Zazi: checks
Ag3r0n: checks
*** RIVER *** [Qc 8d 3h Qs] [7c]
Zazi: bets $6
Ag3r0n: folds
Uncalled bet ($6) returned to Zazi
Zazi collected $17.64 from pot
Zazi: doesn't show hand
*** SUMMARY ***
Total pot $18 | Rake $0.36
Board [Qc 8d 3h Qs 7c]
Seat 1: Ag3r0n (button) (small blind) folded on the River
Seat 2: Zazi (big blind) collected ($17.64)


PokerStars Hand #176230428500:  Hold'em Limit ($3/$6 USD) - 2017/09/28 12:24:15 ET
Table 'Niobe' 6-max Seat #2 is the button
Seat 1: Ag3r0n ($116.14 in chips)
Seat 2: Zazi ($93 in chips)
Zazi: posts small blind $1
Ag3r0n: posts big blind $3
*** HOLE CARDS ***
Zazi: folds
Uncalled bet ($2) returned to Ag3r0n
Ag3r0n collected $2 from pot
Ag3r0n: doesn't show hand
*** SUMMARY ***
Total pot $2 | Rake $0
Seat 1: Ag3r0n (big blind) collected ($2)
Seat 2: Zazi (button) (small blind) folded before Flop


PokerStars Hand #176230425182:  Hold'em Limit ($3/$6 USD) - 2017/09/28 12:24:10 ET
Table 'Niobe' 6-max Seat #1 is the button
Seat 1: Ag3r0n ($113.14 in chips)
Seat 2: Zazi ($96 in chips)
Ag3r0n: posts small blind $1
Zazi: posts big blind $3
*** HOLE CARDS ***
Ag3r0n: raises $3 to $6
Zazi: folds
Uncalled bet ($3) returned to Ag3r0n
Ag3r0n collected $6 from pot
Ag3r0n: doesn't show hand
*** SUMMARY ***
Total pot $6 | Rake $0
Seat 1: Ag3r0n (button) (small blind) collected ($6)
Seat 2: Zazi (big blind) folded before Flop


PokerStars Hand #176230454900:  Hold'em Limit ($3/$6 USD) - 2017/09/28 12:24:57 ET
Table 'Niobe' 6-max Seat #1 is the button
Seat 1: Ag3r0n ($101.14 in chips)
Seat 2: Zazi ($107.64 in chips)
Ag3r0n: posts small blind $1
Zazi: posts big blind $3
*** HOLE CARDS ***
Ag3r0n: raises $3 to $6
Zazi: raises $3 to $9
Ag3r0n: raises $3 to $12
Betting is capped
Zazi: calls $3
*** FLOP *** [As Qs Jc]
AA_ILI joins the table at seat #3
Zazi: bets $3
Ag3r0n: calls $3
*** TURN *** [As Qs Jc] [Ad]
Zazi: bets $6
Ag3r0n: folds
Uncalled bet ($6) returned to Zazi
Zazi collected $29.50 from pot
Zazi: doesn't show hand
*** SUMMARY ***
Total pot $30 | Rake $0.50
Board [As Qs Jc Ad]
Seat 1: Ag3r0n (button) (small blind) folded on the Turn
Seat 2: Zazi (big blind) collected ($29.50)


PokerStars Hand #176231650377:  Hold'em Limit ($3/$6 USD) - 2017/09/28 12:56:05 ET
Table 'Niobe' 6-max Seat #4 is the button
Seat 4: Thegresoman ($122.78 in chips)
Seat 5: vestimokrec ($170.81 in chips)
Thegresoman: posts small blind $1
vestimokrec: posts big blind $3
*** HOLE CARDS ***
Thegresoman: raises $3 to $6
vestimokrec: raises $3 to $9
Thegresoman: raises $3 to $12
Betting is capped
vestimokrec: calls $3
*** FLOP *** [9c 4c 6c]
vestimokrec: checks
Thegresoman: bets $3
vestimokrec: folds
Uncalled bet ($3) returned to Thegresoman
Thegresoman collected $23.52 from pot
*** SUMMARY ***
Total pot $24 | Rake $0.48
Board [9c 4c 6c]
Seat 4: Thegresoman (button) (small blind) collected ($23.52)
Seat 5: vestimokrec (big blind) folded on the Flop


PokerStars Hand #176231632285:  Hold'em Limit ($3/$6 USD) - 2017/09/28 12:55:32 ET
Table 'Niobe' 6-max Seat #5 is the button
Seat 4: Thegresoman ($128.78 in chips)
Seat 5: vestimokrec ($165.05 in chips)
vestimokrec: posts small blind $1
Ag3r0n was removed from the table for failing to post
Ale4o: is sitting out
Thegresoman: posts big blind $3
*** HOLE CARDS ***
Ale4o leaves the table
vestimokrec: raises $3 to $6
Ale4o joins the table at seat #6
Thegresoman: calls $3
*** FLOP *** [Jc Td 7c]
Thegresoman: checks
vestimokrec: checks
*** TURN *** [Jc Td 7c] [7d]
Thegresoman: checks
vestimokrec: bets $6
Thegresoman: folds
Uncalled bet ($6) returned to vestimokrec
vestimokrec collected $11.76 from pot
vestimokrec: doesn't show hand
*** SUMMARY ***
Total pot $12 | Rake $0.24
Board [Jc Td 7c 7d]
Seat 4: Thegresoman (big blind) folded on the Turn
Seat 5: vestimokrec (button) (small blind) collected ($11.76)


PokerStars Hand #176232172900:  Hold'em Limit ($3/$6 USD) - 2017/09/28 13:10:00 ET
Table 'Niobe' 6-max Seat #5 is the button
Seat 5: vestimokrec ($225.57 in chips)
Seat 6: Ale4o ($95.66 in chips)
vestimokrec: posts small blind $1
Ale4o: posts big blind $3
*** HOLE CARDS ***
vestimokrec: raises $3 to $6
Ale4o: calls $3
*** FLOP *** [Jh Js Ad]
Ale4o: checks
vestimokrec: bets $3
Ale4o: folds
Uncalled bet ($3) returned to vestimokrec
vestimokrec collected $11.76 from pot
vestimokrec: doesn't show hand
*** SUMMARY ***
Total pot $12 | Rake $0.24
Board [Jh Js Ad]
Seat 5: vestimokrec (button) (small blind) collected ($11.76)
Seat 6: Ale4o (big blind) folded on the Flop


