PokerStars Hand #167555355953:  Hold'em Limit ($3/$6 USD) - 2017/03/13 20:48:19 ET
Table 'Niobe II' 6-max Seat #3 is the button
Seat 1: TheWizKids ($264.51 in chips)
Seat 3: RaisemyNut$ ($334.74 in chips)
RaisemyNut$: posts small blind $1
Fabulous108: is sitting out
TheWizKids: posts big blind $3
*** HOLE CARDS ***
Fabulous108 leaves the table
RaisemyNut$: raises $3 to $6
TheWizKids: calls $3
*** FLOP *** [Td 3h 9c]
TheWizKids: checks
RaisemyNut$: bets $3
TheWizKids: calls $3
*** TURN *** [Td 3h 9c] [5c]
TheWizKids: checks
RaisemyNut$: bets $6
TheWizKids: raises $6 to $12
RaisemyNut$: calls $6
*** RIVER *** [Td 3h 9c 5c] [Kc]
TheWizKids: bets $6
RaisemyNut$: folds
Uncalled bet ($6) returned to TheWizKids
TheWizKids collected $41.50 from pot
TheWizKids: doesn't show hand
*** SUMMARY ***
Total pot $42 | Rake $0.50
Board [Td 3h 9c 5c Kc]
Seat 1: TheWizKids (big blind) collected ($41.50)
Seat 3: RaisemyNut$ (button) (small blind) folded on the River


PokerStars Hand #167556369331:  Hold'em Limit ($3/$6 USD) - 2017/03/13 21:21:22 ET
Table 'Niobe II' 6-max Seat #2 is the button
Seat 2: TheWizKids ($123.54 in chips)
Seat 5: megabaitt ($32.67 in chips)
TheWizKids: posts small blind $1
megabaitt: posts big blind $3
*** HOLE CARDS ***
TheWizKids: raises $3 to $6
megabaitt: calls $3
*** FLOP *** [Jc 6c Th]
megabaitt: checks
TheWizKids: bets $3
megabaitt: calls $3
*** TURN *** [Jc 6c Th] [Ks]
megabaitt: checks
TheWizKids: bets $6
megabaitt: raises $6 to $12
TheWizKids: calls $6
*** RIVER *** [Jc 6c Th Ks] [9d]
megabaitt: bets $6
TheWizKids: raises $6 to $12
megabaitt: calls $5.67 and is all-in
Uncalled bet ($0.33) returned to TheWizKids
*** SHOW DOWN ***
TheWizKids: shows [Qs Ah] (a straight, Ten to Ace)
megabaitt: shows [Qd Ad] (a straight, Ten to Ace)
megabaitt collected $32.42 from pot
TheWizKids collected $32.42 from pot
*** SUMMARY ***
Total pot $65.34 | Rake $0.50
Board [Jc 6c Th Ks 9d]
Seat 2: TheWizKids (button) (small blind) showed [Qs Ah] and won ($32.42) with a straight, Ten to Ace
Seat 5: megabaitt (big blind) showed [Qd Ad] and won ($32.42) with a straight, Ten to Ace


PokerStars Hand #167556382898:  Hold'em Limit ($3/$6 USD) - 2017/03/13 21:21:49 ET
Table 'Niobe II' 6-max Seat #5 is the button
Seat 2: TheWizKids ($123.29 in chips)
Seat 5: megabaitt ($32.42 in chips)
megabaitt: posts small blind $1
TheWizKids: posts big blind $3
*** HOLE CARDS ***
megabaitt: raises $3 to $6
TheWizKids: folds
Uncalled bet ($3) returned to megabaitt
megabaitt collected $6 from pot
megabaitt: doesn't show hand
*** SUMMARY ***
Total pot $6 | Rake $0
Seat 2: TheWizKids (big blind) folded before Flop
Seat 5: megabaitt (button) (small blind) collected ($6)


PokerStars Hand #167556388365:  Hold'em Limit ($3/$6 USD) - 2017/03/13 21:22:00 ET
Table 'Niobe II' 6-max Seat #2 is the button
Seat 2: TheWizKids ($120.29 in chips)
Seat 5: megabaitt ($35.42 in chips)
TheWizKids: posts small blind $1
megabaitt: posts big blind $3
*** HOLE CARDS ***
TheWizKids: folds
Uncalled bet ($2) returned to megabaitt
megabaitt collected $2 from pot
megabaitt: doesn't show hand
*** SUMMARY ***
Total pot $2 | Rake $0
Seat 2: TheWizKids (button) (small blind) folded before Flop
Seat 5: megabaitt (big blind) collected ($2)


PokerStars Hand #167556391181:  Hold'em Limit ($3/$6 USD) - 2017/03/13 21:22:06 ET
Table 'Niobe II' 6-max Seat #5 is the button
Seat 2: TheWizKids ($119.29 in chips)
Seat 5: megabaitt ($36.42 in chips)
megabaitt: posts small blind $1
TheWizKids: posts big blind $3
*** HOLE CARDS ***
megabaitt: raises $3 to $6
TheWizKids: raises $3 to $9
megabaitt: raises $3 to $12
Betting is capped
TheWizKids: calls $3
*** FLOP *** [Kh 7h 2h]
TheWizKids: checks
megabaitt: bets $3
TheWizKids: calls $3
*** TURN *** [Kh 7h 2h] [9h]
TheWizKids: checks
megabaitt: bets $6
TheWizKids: calls $6
*** RIVER *** [Kh 7h 2h 9h] [3d]
TheWizKids: checks
megabaitt: checks
*** SHOW DOWN ***
TheWizKids: shows [Ah Qc] (a flush, Ace high)
megabaitt: mucks hand
TheWizKids collected $41.50 from pot
*** SUMMARY ***
Total pot $42 | Rake $0.50
Board [Kh 7h 2h 9h 3d]
Seat 2: TheWizKids (big blind) showed [Ah Qc] and won ($41.50) with a flush, Ace high
Seat 5: megabaitt (button) (small blind) mucked


PokerStars Hand #167556400181:  Hold'em Limit ($3/$6 USD) - 2017/03/13 21:22:24 ET
Table 'Niobe II' 6-max Seat #2 is the button
Seat 2: TheWizKids ($139.79 in chips)
Seat 5: megabaitt ($15.42 in chips)
TheWizKids: posts small blind $1
megabaitt: posts big blind $3
*** HOLE CARDS ***
TheWizKids: raises $3 to $6
megabaitt: raises $3 to $9
TheWizKids: raises $3 to $12
Betting is capped
megabaitt: calls $3
*** FLOP *** [5d Qc 7s]
megabaitt: bets $3
TheWizKids: raises $3 to $6
megabaitt: calls $0.42 and is all-in
Uncalled bet ($2.58) returned to TheWizKids
*** TURN *** [5d Qc 7s] [Tc]
*** RIVER *** [5d Qc 7s Tc] [9h]
*** SHOW DOWN ***
megabaitt: shows [Qs Qd] (three of a kind, Queens)
TheWizKids: shows [Kh Ks] (a pair of Kings)
TheWizKids leaves the table
megabaitt collected $30.34 from pot
*** SUMMARY ***
Total pot $30.84 | Rake $0.50
Board [5d Qc 7s Tc 9h]
Seat 2: TheWizKids (button) (small blind) showed [Kh Ks] and lost with a pair of Kings
Seat 5: megabaitt (big blind) showed [Qs Qd] and won ($30.34) with three of a kind, Queens


