PokerStars Hand #167539657871:  Hold'em Limit ($3/$6 USD) - 2017/03/13 15:14:18 ET
Table 'Niobe II' 6-max Seat #3 is the button
Seat 3: sienvan ($26 in chips)
Seat 4: Great_Kang ($124 in chips)
sienvan: posts small blind $1
Great_Kang: posts big blind $3
*** HOLE CARDS ***
sienvan: calls $2
Great_Kang: raises $3 to $6
sienvan: calls $3
*** FLOP *** [9c 3d Kc]
Great_Kang: bets $3
sienvan: folds
Uncalled bet ($3) returned to Great_Kang
Great_Kang collected $11.76 from pot
Great_Kang: doesn't show hand
*** SUMMARY ***
Total pot $12 | Rake $0.24
Board [9c 3d Kc]
Seat 3: sienvan (button) (small blind) folded on the Flop
Seat 4: Great_Kang (big blind) collected ($11.76)


PokerStars Hand #167539650702:  Hold'em Limit ($3/$6 USD) - 2017/03/13 15:14:10 ET
Table 'Niobe II' 6-max Seat #4 is the button
Seat 3: sienvan ($29 in chips)
Seat 4: Great_Kang ($121 in chips)
Great_Kang: posts small blind $1
sienvan: posts big blind $3
*** HOLE CARDS ***
Great_Kang: raises $3 to $6
sienvan: folds
Uncalled bet ($3) returned to Great_Kang
Great_Kang collected $6 from pot
Great_Kang: doesn't show hand
*** SUMMARY ***
Total pot $6 | Rake $0
Seat 3: sienvan (big blind) folded before Flop
Seat 4: Great_Kang (button) (small blind) collected ($6)


PokerStars Hand #167539709160:  Hold'em Limit ($3/$6 USD) - 2017/03/13 15:15:16 ET
Table 'Niobe II' 6-max Seat #4 is the button
Seat 3: sienvan ($38.50 in chips)
Seat 4: Great_Kang ($121 in chips)
Great_Kang: posts small blind $1
sienvan: posts big blind $3
*** HOLE CARDS ***
Great_Kang: raises $3 to $6
sienvan: folds
Uncalled bet ($3) returned to Great_Kang
Great_Kang collected $6 from pot
Great_Kang: doesn't show hand
*** SUMMARY ***
Total pot $6 | Rake $0
Seat 3: sienvan (big blind) folded before Flop
Seat 4: Great_Kang (button) (small blind) collected ($6)


PokerStars Hand #167539704192:  Hold'em Limit ($3/$6 USD) - 2017/03/13 15:15:11 ET
Table 'Niobe II' 6-max Seat #3 is the button
Seat 3: sienvan ($39.50 in chips)
Seat 4: Great_Kang ($120 in chips)
sienvan: posts small blind $1
Great_Kang: posts big blind $3
*** HOLE CARDS ***
sienvan: folds
Uncalled bet ($2) returned to Great_Kang
Great_Kang collected $2 from pot
Great_Kang: doesn't show hand
*** SUMMARY ***
Total pot $2 | Rake $0
Seat 3: sienvan (button) (small blind) folded before Flop
Seat 4: Great_Kang (big blind) collected ($2)


PokerStars Hand #167539674437:  Hold'em Limit ($3/$6 USD) - 2017/03/13 15:14:37 ET
Table 'Niobe II' 6-max Seat #4 is the button
Seat 3: sienvan ($20 in chips)
Seat 4: Great_Kang ($129.76 in chips)
Great_Kang: posts small blind $1
sienvan: posts big blind $3
*** HOLE CARDS ***
Great_Kang: raises $3 to $6
sienvan: raises $3 to $9
Great_Kang: calls $3
*** FLOP *** [6s As 3d]
sienvan: bets $3
Great_Kang: calls $3
*** TURN *** [6s As 3d] [5c]
sienvan: bets $6
Great_Kang: calls $6
*** RIVER *** [6s As 3d 5c] [Qd]
sienvan: bets $2 and is all-in
Great_Kang: calls $2
*** SHOW DOWN ***
sienvan: shows [9d Ad] (a pair of Aces)
Great_Kang: shows [Ts Ks] (high card Ace)
sienvan collected $39.50 from pot
*** SUMMARY ***
Total pot $40 | Rake $0.50
Board [6s As 3d 5c Qd]
Seat 3: sienvan (big blind) showed [9d Ad] and won ($39.50) with a pair of Aces
Seat 4: Great_Kang (button) (small blind) showed [Ts Ks] and lost with high card Ace


PokerStars Hand #167539755889:  Hold'em Limit ($3/$6 USD) - 2017/03/13 15:16:09 ET
Table 'Niobe II' 6-max Seat #3 is the button
Seat 3: sienvan ($63 in chips)
Seat 4: Great_Kang ($120 in chips)
sienvan: posts small blind $1
Great_Kang: posts big blind $3
*** HOLE CARDS ***
sienvan: calls $2
Great_Kang: checks
*** FLOP *** [9c As 7d]
Great_Kang: checks
oldtimers XX joins the table at seat #6
sienvan: checks
*** TURN *** [9c As 7d] [5c]
Great_Kang: checks
sienvan: checks
*** RIVER *** [9c As 7d 5c] [Js]
Great_Kang: checks
sienvan: checks
*** SHOW DOWN ***
Great_Kang: shows [4c 3c] (high card Ace)
sienvan: shows [8d 3d] (high card Ace - Jack+Nine+Eight kicker)
sienvan collected $5.88 from pot
vestimokrec joins the table at seat #1
*** SUMMARY ***
Total pot $6 | Rake $0.12
Board [9c As 7d 5c Js]
Seat 3: sienvan (button) (small blind) showed [8d 3d] and won ($5.88) with high card Ace
Seat 4: Great_Kang (big blind) showed [4c 3c] and lost with high card Ace


PokerStars Hand #167539749181:  Hold'em Limit ($3/$6 USD) - 2017/03/13 15:16:02 ET
Table 'Niobe II' 6-max Seat #4 is the button
Seat 3: sienvan ($62 in chips)
Seat 4: Great_Kang ($120 in chips)
Great_Kang: posts small blind $1
sienvan: posts big blind $3
*** HOLE CARDS ***
Great_Kang: folds
Uncalled bet ($2) returned to sienvan
sienvan collected $2 from pot
sienvan: doesn't show hand
*** SUMMARY ***
Total pot $2 | Rake $0
Seat 3: sienvan (big blind) collected ($2)
Seat 4: Great_Kang (button) (small blind) folded before Flop


PokerStars Hand #167539715513:  Hold'em Limit ($3/$6 USD) - 2017/03/13 15:15:24 ET
Table 'Niobe II' 6-max Seat #3 is the button
Seat 3: sienvan ($35.50 in chips)
Seat 4: Great_Kang ($124 in chips)
sienvan: posts small blind $1
Great_Kang: posts big blind $3
*** HOLE CARDS ***
sienvan: calls $2
Great_Kang: raises $3 to $6
sienvan: calls $3
*** FLOP *** [2d 9s Jh]
Great_Kang: bets $3
sienvan: calls $3
*** TURN *** [2d 9s Jh] [2s]
Great_Kang: bets $6
sienvan: raises $6 to $12
Great_Kang: calls $6
*** RIVER *** [2d 9s Jh 2s] [2c]
Great_Kang: checks
sienvan: bets $6
Great_Kang: calls $6
*** SHOW DOWN ***
sienvan: shows [Jd Tc] (a full house, Deuces full of Jacks)
Great_Kang: mucks hand
sienvan collected $53.50 from pot
*** SUMMARY ***
Total pot $54 | Rake $0.50
Board [2d 9s Jh 2s 2c]
Seat 3: sienvan (button) (small blind) showed [Jd Tc] and won ($53.50) with a full house, Deuces full of Jacks
Seat 4: Great_Kang (big blind) mucked


PokerStars Hand #167540404645:  Hold'em Limit ($3/$6 USD) - 2017/03/13 15:28:14 ET
Table 'Niobe II' 6-max Seat #1 is the button
Seat 1: vestimokrec ($201.17 in chips)
Seat 5: Pelurile ($109.88 in chips)
vestimokrec: posts small blind $1
zxkz: is sitting out
Pelurile: posts big blind $3
*** HOLE CARDS ***
vestimokrec: raises $3 to $6
sienvan leaves the table
Pelurile: folds
Uncalled bet ($3) returned to vestimokrec
vestimokrec collected $6 from pot
vestimokrec: doesn't show hand
*** SUMMARY ***
Total pot $6 | Rake $0
Seat 1: vestimokrec (button) (small blind) collected ($6)
Seat 5: Pelurile (big blind) folded before Flop


PokerStars Hand #167541397024:  Hold'em Limit ($3/$6 USD) - 2017/03/13 15:46:45 ET
Table 'Niobe II' 6-max Seat #4 is the button
Seat 3: RaisemyNut$ ($60 in chips)
Seat 4: IceColdNow ($147.88 in chips)
IceColdNow: posts small blind $1
vestimokrec: is sitting out
RaisemyNut$: posts big blind $3
*** HOLE CARDS ***
IceColdNow: folds
Uncalled bet ($2) returned to RaisemyNut$
RaisemyNut$ collected $2 from pot
RaisemyNut$: doesn't show hand
*** SUMMARY ***
Total pot $2 | Rake $0
Seat 3: RaisemyNut$ (big blind) collected ($2)
Seat 4: IceColdNow (button) (small blind) folded before Flop


PokerStars Hand #167542455910:  Hold'em Limit ($3/$6 USD) - 2017/03/13 16:07:34 ET
Table 'Niobe II' 6-max Seat #3 is the button
Seat 3: RaisemyNut$ ($65 in chips)
Seat 4: vitamin168 ($77.21 in chips)
RaisemyNut$: posts small blind $1
vitamin168: posts big blind $3
*** HOLE CARDS ***
RaisemyNut$: raises $3 to $6
vitamin168: calls $3
*** FLOP *** [Jd 4c 8h]
vitamin168: checks
RaisemyNut$: bets $3
vitamin168: calls $3
*** TURN *** [Jd 4c 8h] [Jh]
vitamin168: checks
RaisemyNut$: bets $6
vitamin168: raises $6 to $12
RaisemyNut$: folds
Uncalled bet ($6) returned to vitamin168
vitamin168 collected $29.50 from pot
vitamin168: doesn't show hand
*** SUMMARY ***
Total pot $30 | Rake $0.50
Board [Jd 4c 8h Jh]
Seat 3: RaisemyNut$ (button) (small blind) folded on the Turn
Seat 4: vitamin168 (big blind) collected ($29.50)


PokerStars Hand #167542480042:  Hold'em Limit ($3/$6 USD) - 2017/03/13 16:08:01 ET
Table 'Niobe II' 6-max Seat #4 is the button
Seat 3: RaisemyNut$ ($60 in chips)
Seat 4: vitamin168 ($91.71 in chips)
vitamin168: posts small blind $1
RaisemyNut$: posts big blind $3
*** HOLE CARDS ***
vitamin168: raises $3 to $6
RaisemyNut$: calls $3
*** FLOP *** [4d 4s 8s]
RaisemyNut$: checks
vitamin168: checks
*** TURN *** [4d 4s 8s] [3h]
RaisemyNut$: checks
vitamin168: checks
*** RIVER *** [4d 4s 8s 3h] [Qh]
RaisemyNut$: bets $6
vitamin168: calls $6
*** SHOW DOWN ***
RaisemyNut$: shows [9h 6c] (a pair of Fours)
vitamin168: shows [Qs 7h] (two pair, Queens and Fours)
vitamin168 collected $23.52 from pot
*** SUMMARY ***
Total pot $24 | Rake $0.48
Board [4d 4s 8s 3h Qh]
Seat 3: RaisemyNut$ (big blind) showed [9h 6c] and lost with a pair of Fours
Seat 4: vitamin168 (button) (small blind) showed [Qs 7h] and won ($23.52) with two pair, Queens and Fours


PokerStars Hand #167542498302:  Hold'em Limit ($3/$6 USD) - 2017/03/13 16:08:21 ET
Table 'Niobe II' 6-max Seat #3 is the button
Seat 3: RaisemyNut$ ($60 in chips)
Seat 4: vitamin168 ($103.23 in chips)
RaisemyNut$: posts small blind $1
vitamin168: posts big blind $3
*** HOLE CARDS ***
RaisemyNut$: raises $3 to $6
vitamin168: calls $3
*** FLOP *** [Js 2s 2d]
vitamin168: checks
RaisemyNut$: bets $3
vitamin168: calls $3
*** TURN *** [Js 2s 2d] [Jd]
vitamin168: checks
RaisemyNut$: bets $6
vitamin168: calls $6
*** RIVER *** [Js 2s 2d Jd] [7d]
vitamin168: checks
RaisemyNut$: bets $6
vitamin168: calls $6
*** SHOW DOWN ***
RaisemyNut$: shows [Ad Kd] (a flush, Ace high)
vitamin168: mucks hand
RaisemyNut$ collected $41.50 from pot
*** SUMMARY ***
Total pot $42 | Rake $0.50
Board [Js 2s 2d Jd 7d]
Seat 3: RaisemyNut$ (button) (small blind) showed [Ad Kd] and won ($41.50) with a flush, Ace high
Seat 4: vitamin168 (big blind) mucked


PokerStars Hand #167542518053:  Hold'em Limit ($3/$6 USD) - 2017/03/13 16:08:43 ET
Table 'Niobe II' 6-max Seat #4 is the button
Seat 3: RaisemyNut$ ($80.50 in chips)
Seat 4: vitamin168 ($82.23 in chips)
vitamin168: posts small blind $1
RaisemyNut$: posts big blind $3
*** HOLE CARDS ***
vitamin168: folds
Uncalled bet ($2) returned to RaisemyNut$
RaisemyNut$ collected $2 from pot
RaisemyNut$: doesn't show hand
*** SUMMARY ***
Total pot $2 | Rake $0
Seat 3: RaisemyNut$ (big blind) collected ($2)
Seat 4: vitamin168 (button) (small blind) folded before Flop


PokerStars Hand #167542523506:  Hold'em Limit ($3/$6 USD) - 2017/03/13 16:08:49 ET
Table 'Niobe II' 6-max Seat #3 is the button
Seat 3: RaisemyNut$ ($81.50 in chips)
Seat 4: vitamin168 ($81.23 in chips)
RaisemyNut$: posts small blind $1
vitamin168: posts big blind $3
*** HOLE CARDS ***
RaisemyNut$: raises $3 to $6
vitamin168: folds
Uncalled bet ($3) returned to RaisemyNut$
RaisemyNut$ collected $6 from pot
RaisemyNut$: doesn't show hand
*** SUMMARY ***
Total pot $6 | Rake $0
Seat 3: RaisemyNut$ (button) (small blind) collected ($6)
Seat 4: vitamin168 (big blind) folded before Flop


PokerStars Hand #167542529324:  Hold'em Limit ($3/$6 USD) - 2017/03/13 16:08:55 ET
Table 'Niobe II' 6-max Seat #4 is the button
Seat 3: RaisemyNut$ ($84.50 in chips)
Seat 4: vitamin168 ($78.23 in chips)
vitamin168: posts small blind $1
RaisemyNut$: posts big blind $3
*** HOLE CARDS ***
vitamin168: folds
Uncalled bet ($2) returned to RaisemyNut$
RaisemyNut$ collected $2 from pot
RaisemyNut$: doesn't show hand
*** SUMMARY ***
Total pot $2 | Rake $0
Seat 3: RaisemyNut$ (big blind) collected ($2)
Seat 4: vitamin168 (button) (small blind) folded before Flop


PokerStars Hand #167542534343:  Hold'em Limit ($3/$6 USD) - 2017/03/13 16:09:01 ET
Table 'Niobe II' 6-max Seat #3 is the button
Seat 3: RaisemyNut$ ($85.50 in chips)
Seat 4: vitamin168 ($77.23 in chips)
RaisemyNut$: posts small blind $1
vitamin168: posts big blind $3
*** HOLE CARDS ***
RaisemyNut$: raises $3 to $6
vitamin168: calls $3
*** FLOP *** [2c 7c Jh]
vitamin168: checks
RaisemyNut$: bets $3
vitamin168: raises $3 to $6
RaisemyNut$: calls $3
*** TURN *** [2c 7c Jh] [3h]
vitamin168: bets $6
RaisemyNut$: calls $6
*** RIVER *** [2c 7c Jh 3h] [7s]
vitamin168: bets $6
RaisemyNut$: calls $6
*** SHOW DOWN ***
vitamin168: shows [Td 2d] (two pair, Sevens and Deuces)
RaisemyNut$: shows [4s Jd] (two pair, Jacks and Sevens)
RaisemyNut$ collected $47.50 from pot
*** SUMMARY ***
Total pot $48 | Rake $0.50
Board [2c 7c Jh 3h 7s]
Seat 3: RaisemyNut$ (button) (small blind) showed [4s Jd] and won ($47.50) with two pair, Jacks and Sevens
Seat 4: vitamin168 (big blind) showed [Td 2d] and lost with two pair, Sevens and Deuces


PokerStars Hand #167542557767:  Hold'em Limit ($3/$6 USD) - 2017/03/13 16:09:27 ET
Table 'Niobe II' 6-max Seat #4 is the button
Seat 3: RaisemyNut$ ($109 in chips)
Seat 4: vitamin168 ($53.23 in chips)
vitamin168: posts small blind $1
RaisemyNut$: posts big blind $3
*** HOLE CARDS ***
vitamin168: folds
Uncalled bet ($2) returned to RaisemyNut$
RaisemyNut$ collected $2 from pot
RaisemyNut$: doesn't show hand
*** SUMMARY ***
Total pot $2 | Rake $0
Seat 3: RaisemyNut$ (big blind) collected ($2)
Seat 4: vitamin168 (button) (small blind) folded before Flop


PokerStars Hand #167542562375:  Hold'em Limit ($3/$6 USD) - 2017/03/13 16:09:32 ET
Table 'Niobe II' 6-max Seat #3 is the button
Seat 3: RaisemyNut$ ($110 in chips)
Seat 4: vitamin168 ($52.23 in chips)
RaisemyNut$: posts small blind $1
vitamin168: posts big blind $3
*** HOLE CARDS ***
RaisemyNut$: raises $3 to $6
vitamin168: folds
Uncalled bet ($3) returned to RaisemyNut$
RaisemyNut$ collected $6 from pot
RaisemyNut$: doesn't show hand
*** SUMMARY ***
Total pot $6 | Rake $0
Seat 3: RaisemyNut$ (button) (small blind) collected ($6)
Seat 4: vitamin168 (big blind) folded before Flop


PokerStars Hand #167542568329:  Hold'em Limit ($3/$6 USD) - 2017/03/13 16:09:38 ET
Table 'Niobe II' 6-max Seat #4 is the button
Seat 3: RaisemyNut$ ($113 in chips)
Seat 4: vitamin168 ($49.23 in chips)
vitamin168: posts small blind $1
RaisemyNut$: posts big blind $3
*** HOLE CARDS ***
vitamin168: raises $3 to $6
RaisemyNut$: calls $3
*** FLOP *** [8s Qc 4c]
RaisemyNut$: checks
vitamin168: bets $3
RaisemyNut$: raises $3 to $6
vitamin168: calls $3
*** TURN *** [8s Qc 4c] [Ac]
RaisemyNut$: bets $6
vitamin168: calls $6
*** RIVER *** [8s Qc 4c Ac] [5h]
RaisemyNut$: bets $6
vitamin168: calls $6
*** SHOW DOWN ***
RaisemyNut$: shows [4s Qh] (two pair, Queens and Fours)
vitamin168: mucks hand
RaisemyNut$ collected $47.50 from pot
*** SUMMARY ***
Total pot $48 | Rake $0.50
Board [8s Qc 4c Ac 5h]
Seat 3: RaisemyNut$ (big blind) showed [4s Qh] and won ($47.50) with two pair, Queens and Fours
Seat 4: vitamin168 (button) (small blind) mucked


PokerStars Hand #167542607629:  Hold'em Limit ($3/$6 USD) - 2017/03/13 16:10:22 ET
Table 'Niobe II' 6-max Seat #3 is the button
Seat 3: RaisemyNut$ ($136.50 in chips)
Seat 4: vitamin168 ($25.23 in chips)
RaisemyNut$: posts small blind $1
vitamin168: posts big blind $3
*** HOLE CARDS ***
RaisemyNut$: raises $3 to $6
vitamin168: calls $3
*** FLOP *** [3s Ks Kh]
vitamin168: checks
RaisemyNut$: bets $3
vitamin168: calls $3
*** TURN *** [3s Ks Kh] [As]
vitamin168: checks
RaisemyNut$: bets $6
vitamin168: raises $6 to $12
RaisemyNut$: folds
Uncalled bet ($6) returned to vitamin168
vitamin168 collected $29.50 from pot
vitamin168: doesn't show hand
Antrax288 joins the table at seat #5
*** SUMMARY ***
Total pot $30 | Rake $0.50
Board [3s Ks Kh As]
Seat 3: RaisemyNut$ (button) (small blind) folded on the Turn
Seat 4: vitamin168 (big blind) collected ($29.50)


