PokerStars Hand #148199482769:  Hold'em Limit ($3/$6 USD) - 2016/02/03 20:36:53 ET
Table 'Nipponia II' 6-max Seat #5 is the button
Seat 2: kismespit ($121.43 in chips)
Seat 5: Masqb ($135.96 in chips)
Masqb: posts small blind $1
kismespit: posts big blind $3
*** HOLE CARDS ***
Masqb: folds
Uncalled bet ($2) returned to kismespit
kismespit collected $2 from pot
kismespit: doesn't show hand
*** SUMMARY ***
Total pot $2 | Rake $0
Seat 2: kismespit (big blind) collected ($2)
Seat 5: Masqb (button) (small blind) folded before Flop


PokerStars Hand #148199480031:  Hold'em Limit ($3/$6 USD) - 2016/02/03 20:36:47 ET
Table 'Nipponia II' 6-max Seat #2 is the button
Seat 2: kismespit ($122.43 in chips)
Seat 5: Masqb ($134.96 in chips)
kismespit: posts small blind $1
Masqb: posts big blind $3
*** HOLE CARDS ***
kismespit: folds
Uncalled bet ($2) returned to Masqb
Masqb collected $2 from pot
Masqb: doesn't show hand
*** SUMMARY ***
Total pot $2 | Rake $0
Seat 2: kismespit (button) (small blind) folded before Flop
Seat 5: Masqb (big blind) collected ($2)


PokerStars Hand #148199472193:  Hold'em Limit ($3/$6 USD) - 2016/02/03 20:36:32 ET
Table 'Nipponia II' 6-max Seat #5 is the button
Seat 2: kismespit ($128.43 in chips)
Seat 5: Masqb ($129.20 in chips)
Masqb: posts small blind $1
Zubasa07: is sitting out
kismespit: posts big blind $3
*** HOLE CARDS ***
Masqb: raises $3 to $6
kismespit: calls $3
*** FLOP *** [Jh 5h Ks]
Zubasa07 leaves the table
kismespit: checks
Masqb: bets $3
kismespit: folds
Uncalled bet ($3) returned to Masqb
Masqb collected $11.76 from pot
Masqb: doesn't show hand
*** SUMMARY ***
Total pot $12 | Rake $0.24
Board [Jh 5h Ks]
Seat 2: kismespit (big blind) folded on the Flop
Seat 5: Masqb (button) (small blind) collected ($11.76)


PokerStars Hand #148199487808:  Hold'em Limit ($3/$6 USD) - 2016/02/03 20:37:02 ET
Table 'Nipponia II' 6-max Seat #5 is the button
Seat 2: kismespit ($125.43 in chips)
Seat 5: Masqb ($131.96 in chips)
Masqb: posts small blind $1
kismespit: posts big blind $3
*** HOLE CARDS ***
Masqb: raises $3 to $6
kismespit: folds
Uncalled bet ($3) returned to Masqb
Masqb collected $6 from pot
Masqb: doesn't show hand
*** SUMMARY ***
Total pot $6 | Rake $0
Seat 2: kismespit (big blind) folded before Flop
Seat 5: Masqb (button) (small blind) collected ($6)


PokerStars Hand #148199485053:  Hold'em Limit ($3/$6 USD) - 2016/02/03 20:36:57 ET
Table 'Nipponia II' 6-max Seat #2 is the button
Seat 2: kismespit ($122.43 in chips)
Seat 5: Masqb ($134.96 in chips)
kismespit: posts small blind $1
Masqb: posts big blind $3
*** HOLE CARDS ***
kismespit: raises $3 to $6
Masqb: folds
Uncalled bet ($3) returned to kismespit
kismespit collected $6 from pot
*** SUMMARY ***
Total pot $6 | Rake $0
Seat 2: kismespit (button) (small blind) collected ($6)
Seat 5: Masqb (big blind) folded before Flop


PokerStars Hand #148199490787:  Hold'em Limit ($3/$6 USD) - 2016/02/03 20:37:08 ET
Table 'Nipponia II' 6-max Seat #2 is the button
Seat 2: kismespit ($122.43 in chips)
Seat 5: Masqb ($134.96 in chips)
kismespit: posts small blind $1
Masqb: posts big blind $3
*** HOLE CARDS ***
kismespit: raises $3 to $6
Masqb: calls $3
*** FLOP *** [2h 8h 3c]
Masqb: checks
kismespit: bets $3
Masqb: folds
Uncalled bet ($3) returned to kismespit
kismespit collected $11.76 from pot
*** SUMMARY ***
Total pot $12 | Rake $0.24
Board [2h 8h 3c]
Seat 2: kismespit (button) (small blind) collected ($11.76)
Seat 5: Masqb (big blind) folded on the Flop


PokerStars Hand #148199514848:  Hold'em Limit ($3/$6 USD) - 2016/02/03 20:37:54 ET
Table 'Nipponia II' 6-max Seat #2 is the button
Seat 2: kismespit ($150.69 in chips)
Seat 5: Masqb ($105.96 in chips)
kismespit: posts small blind $1
Masqb: posts big blind $3
*** HOLE CARDS ***
kismespit: folds
Uncalled bet ($2) returned to Masqb
Masqb collected $2 from pot
Masqb: doesn't show hand
*** SUMMARY ***
Total pot $2 | Rake $0
Seat 2: kismespit (button) (small blind) folded before Flop
Seat 5: Masqb (big blind) collected ($2)


PokerStars Hand #148199510834:  Hold'em Limit ($3/$6 USD) - 2016/02/03 20:37:47 ET
Table 'Nipponia II' 6-max Seat #5 is the button
Seat 2: kismespit ($153.69 in chips)
Seat 5: Masqb ($102.96 in chips)
Masqb: posts small blind $1
kismespit: posts big blind $3
*** HOLE CARDS ***
Masqb: raises $3 to $6
kismespit: folds
Uncalled bet ($3) returned to Masqb
Masqb collected $6 from pot
Masqb: doesn't show hand
*** SUMMARY ***
Total pot $6 | Rake $0
Seat 2: kismespit (big blind) folded before Flop
Seat 5: Masqb (button) (small blind) collected ($6)


PokerStars Hand #148199530707:  Hold'em Limit ($3/$6 USD) - 2016/02/03 20:38:25 ET
Table 'Nipponia II' 6-max Seat #5 is the button
Seat 2: kismespit ($163.19 in chips)
Seat 5: Masqb ($92.96 in chips)
Masqb: posts small blind $1
kismespit: posts big blind $3
*** HOLE CARDS ***
Masqb: raises $3 to $6
kismespit: folds
Uncalled bet ($3) returned to Masqb
Masqb collected $6 from pot
Masqb: doesn't show hand
*** SUMMARY ***
Total pot $6 | Rake $0
Seat 2: kismespit (big blind) folded before Flop
Seat 5: Masqb (button) (small blind) collected ($6)


PokerStars Hand #148199528406:  Hold'em Limit ($3/$6 USD) - 2016/02/03 20:38:21 ET
Table 'Nipponia II' 6-max Seat #2 is the button
Seat 2: kismespit ($164.19 in chips)
Seat 5: Masqb ($91.96 in chips)
kismespit: posts small blind $1
Masqb: posts big blind $3
*** HOLE CARDS ***
kismespit: folds
Uncalled bet ($2) returned to Masqb
Masqb collected $2 from pot
Masqb: doesn't show hand
*** SUMMARY ***
Total pot $2 | Rake $0
Seat 2: kismespit (button) (small blind) folded before Flop
Seat 5: Masqb (big blind) collected ($2)


PokerStars Hand #148199517661:  Hold'em Limit ($3/$6 USD) - 2016/02/03 20:38:00 ET
Table 'Nipponia II' 6-max Seat #5 is the button
Seat 2: kismespit ($149.69 in chips)
Seat 5: Masqb ($106.96 in chips)
Masqb: posts small blind $1
kismespit: posts big blind $3
*** HOLE CARDS ***
Masqb: raises $3 to $6
kismespit: calls $3
*** FLOP *** [Ac Jc 9c]
kismespit: checks
Masqb: bets $3
kismespit: calls $3
*** TURN *** [Ac Jc 9c] [2s]
kismespit: bets $6
Masqb: calls $6
*** RIVER *** [Ac Jc 9c 2s] [4c]
kismespit: checks
Masqb: checks
*** SHOW DOWN ***
kismespit: shows [2d Jd] (two pair, Jacks and Deuces)
Masqb: mucks hand
kismespit collected $29.50 from pot
*** SUMMARY ***
Total pot $30 | Rake $0.50
Board [Ac Jc 9c 2s 4c]
Seat 2: kismespit (big blind) showed [2d Jd] and won ($29.50) with two pair, Jacks and Deuces
Seat 5: Masqb (button) (small blind) mucked


PokerStars Hand #148199508134:  Hold'em Limit ($3/$6 USD) - 2016/02/03 20:37:42 ET
Table 'Nipponia II' 6-max Seat #2 is the button
Seat 2: kismespit ($154.69 in chips)
Seat 5: Masqb ($101.96 in chips)
kismespit: posts small blind $1
Masqb: posts big blind $3
*** HOLE CARDS ***
kismespit: folds
Uncalled bet ($2) returned to Masqb
Masqb collected $2 from pot
Masqb: doesn't show hand
*** SUMMARY ***
Total pot $2 | Rake $0
Seat 2: kismespit (button) (small blind) folded before Flop
Seat 5: Masqb (big blind) collected ($2)


PokerStars Hand #148199495915:  Hold'em Limit ($3/$6 USD) - 2016/02/03 20:37:18 ET
Table 'Nipponia II' 6-max Seat #5 is the button
Seat 2: kismespit ($128.19 in chips)
Seat 5: Masqb ($128.96 in chips)
Masqb: posts small blind $1
kismespit: posts big blind $3
*** HOLE CARDS ***
Masqb: raises $3 to $6
kismespit: calls $3
*** FLOP *** [9h Ks 3h]
kismespit: bets $3
Masqb: calls $3
*** TURN *** [9h Ks 3h] [Ad]
kismespit: bets $6
Masqb: raises $6 to $12
kismespit: calls $6
*** RIVER *** [9h Ks 3h Ad] [Jd]
kismespit: checks
Masqb: bets $6
kismespit: calls $6
*** SHOW DOWN ***
Masqb: shows [Qc Kc] (a pair of Kings)
kismespit: shows [Kd 9c] (two pair, Kings and Nines)
kismespit collected $53.50 from pot
*** SUMMARY ***
Total pot $54 | Rake $0.50
Board [9h Ks 3h Ad Jd]
Seat 2: kismespit (big blind) showed [Kd 9c] and won ($53.50) with two pair, Kings and Nines
Seat 5: Masqb (button) (small blind) showed [Qc Kc] and lost with a pair of Kings


PokerStars Hand #148199533513:  Hold'em Limit ($3/$6 USD) - 2016/02/03 20:38:31 ET
Table 'Nipponia II' 6-max Seat #2 is the button
Seat 2: kismespit ($160.19 in chips)
Seat 5: Masqb ($95.96 in chips)
kismespit: posts small blind $1
Masqb: posts big blind $3
*** HOLE CARDS ***
kismespit: raises $3 to $6
Masqb: calls $3
*** FLOP *** [2d 3c As]
Masqb: checks
kismespit: bets $3
Masqb: raises $3 to $6
kismespit: calls $3
*** TURN *** [2d 3c As] [Td]
Masqb: bets $6
kismespit: calls $6
*** RIVER *** [2d 3c As Td] [7h]
Masqb: bets $6
kismespit: calls $6
*** SHOW DOWN ***
Masqb: shows [4s 5s] (a straight, Ace to Five)
kismespit: mucks hand
Masqb collected $47.50 from pot
*** SUMMARY ***
Total pot $48 | Rake $0.50
Board [2d 3c As Td 7h]
Seat 2: kismespit (button) (small blind) mucked
Seat 5: Masqb (big blind) showed [4s 5s] and won ($47.50) with a straight, Ace to Five


PokerStars Hand #148199546046:  Hold'em Limit ($3/$6 USD) - 2016/02/03 20:38:56 ET
Table 'Nipponia II' 6-max Seat #5 is the button
Seat 2: kismespit ($136.19 in chips)
Seat 5: Masqb ($119.46 in chips)
Masqb: posts small blind $1
kismespit: posts big blind $3
*** HOLE CARDS ***
Masqb: raises $3 to $6
kismespit: folds
Uncalled bet ($3) returned to Masqb
Masqb collected $6 from pot
Masqb: doesn't show hand
*** SUMMARY ***
Total pot $6 | Rake $0
Seat 2: kismespit (big blind) folded before Flop
Seat 5: Masqb (button) (small blind) collected ($6)


PokerStars Hand #148199549289:  Hold'em Limit ($3/$6 USD) - 2016/02/03 20:39:02 ET
Table 'Nipponia II' 6-max Seat #2 is the button
Seat 2: kismespit ($133.19 in chips)
Seat 5: Masqb ($122.46 in chips)
kismespit: posts small blind $1
Masqb: posts big blind $3
*** HOLE CARDS ***
kismespit: raises $3 to $6
Masqb: raises $3 to $9
kismespit: calls $3
*** FLOP *** [9d Ad 9c]
Masqb: bets $3
kismespit: calls $3
*** TURN *** [9d Ad 9c] [8c]
Masqb: checks
kismespit: bets $6
Masqb: calls $6
*** RIVER *** [9d Ad 9c 8c] [3s]
Masqb: checks
kismespit: bets $6
Masqb: calls $6
*** SHOW DOWN ***
kismespit: shows [3h Ah] (two pair, Aces and Nines)
Masqb: mucks hand
kismespit collected $47.50 from pot
*** SUMMARY ***
Total pot $48 | Rake $0.50
Board [9d Ad 9c 8c 3s]
Seat 2: kismespit (button) (small blind) showed [3h Ah] and won ($47.50) with two pair, Aces and Nines
Seat 5: Masqb (big blind) mucked


