PokerStars Hand #149649368137:  Hold'em Limit ($3/$6 USD) - 2016/02/29 22:54:02 ET
Table 'Nipponia' 6-max Seat #3 is the button
Seat 3: DimaZips ($60 in chips)
Seat 4: MTails ($120 in chips)
DimaZips: posts small blind $1
MTails: posts big blind $3
*** HOLE CARDS ***
DimaZips: raises $3 to $6
MTails: calls $3
*** FLOP *** [Js 4c 3s]
MTails: checks
DimaZips: bets $3
MTails: calls $3
*** TURN *** [Js 4c 3s] [5h]
MTails: checks
DimaZips: bets $6
MTails: calls $6
*** RIVER *** [Js 4c 3s 5h] [Jd]
MTails: checks
DimaZips: bets $6
MTails: calls $6
*** SHOW DOWN ***
DimaZips: shows [9c Jc] (three of a kind, Jacks)
MTails: mucks hand
DimaZips collected $41.50 from pot
*** SUMMARY ***
Total pot $42 | Rake $0.50
Board [Js 4c 3s 5h Jd]
Seat 3: DimaZips (button) (small blind) showed [9c Jc] and won ($41.50) with three of a kind, Jacks
Seat 4: MTails (big blind) mucked


PokerStars Hand #149649375072:  Hold'em Limit ($3/$6 USD) - 2016/02/29 22:54:22 ET
Table 'Nipponia' 6-max Seat #4 is the button
Seat 3: DimaZips ($80.50 in chips)
Seat 4: MTails ($99 in chips)
MTails: posts small blind $1
DimaZips: posts big blind $3
*** HOLE CARDS ***
MTails: raises $3 to $6
DimaZips: calls $3
*** FLOP *** [9h 4d Kh]
DimaZips: checks
MTails: bets $3
DimaZips: calls $3
*** TURN *** [9h 4d Kh] [4c]
DimaZips: checks
MTails: bets $6
DimaZips: calls $6
*** RIVER *** [9h 4d Kh 4c] [8s]
DimaZips: checks
MTails: bets $6
DimaZips: folds
Uncalled bet ($6) returned to MTails
MTails collected $29.50 from pot
*** SUMMARY ***
Total pot $30 | Rake $0.50
Board [9h 4d Kh 4c 8s]
Seat 3: DimaZips (big blind) folded on the River
Seat 4: MTails (button) (small blind) collected ($29.50)


PokerStars Hand #149649381046:  Hold'em Limit ($3/$6 USD) - 2016/02/29 22:54:40 ET
Table 'Nipponia' 6-max Seat #3 is the button
Seat 3: DimaZips ($65.50 in chips)
Seat 4: MTails ($113.50 in chips)
DimaZips: posts small blind $1
MTails: posts big blind $3
*** HOLE CARDS ***
DimaZips: raises $3 to $6
MTails: calls $3
*** FLOP *** [Jh 5c 6c]
MTails: checks
DimaZips: checks
*** TURN *** [Jh 5c 6c] [Th]
MTails: bets $6
DimaZips: folds
Uncalled bet ($6) returned to MTails
MTails collected $11.76 from pot
MTails: doesn't show hand
*** SUMMARY ***
Total pot $12 | Rake $0.24
Board [Jh 5c 6c Th]
Seat 3: DimaZips (button) (small blind) folded on the Turn
Seat 4: MTails (big blind) collected ($11.76)


PokerStars Hand #149649384452:  Hold'em Limit ($3/$6 USD) - 2016/02/29 22:54:50 ET
Table 'Nipponia' 6-max Seat #4 is the button
Seat 3: DimaZips ($59.50 in chips)
Seat 4: MTails ($119.26 in chips)
MTails: posts small blind $1
DimaZips: posts big blind $3
*** HOLE CARDS ***
MTails: raises $3 to $6
DimaZips: calls $3
*** FLOP *** [2s Ad 8c]
DimaZips: checks
MTails: bets $3
DimaZips: raises $3 to $6
MTails: calls $3
*** TURN *** [2s Ad 8c] [Ac]
DimaZips: checks
MTails: bets $6
DimaZips: folds
Uncalled bet ($6) returned to MTails
MTails collected $23.52 from pot
*** SUMMARY ***
Total pot $24 | Rake $0.48
Board [2s Ad 8c Ac]
Seat 3: DimaZips (big blind) folded on the Turn
Seat 4: MTails (button) (small blind) collected ($23.52)


PokerStars Hand #149649390654:  Hold'em Limit ($3/$6 USD) - 2016/02/29 22:55:08 ET
Table 'Nipponia' 6-max Seat #4 is the button
Seat 3: DimaZips ($46.50 in chips)
Seat 4: MTails ($131.78 in chips)
MTails: posts small blind $1
DimaZips: posts big blind $3
*** HOLE CARDS ***
MTails: folds
Uncalled bet ($2) returned to DimaZips
DimaZips collected $2 from pot
DimaZips: doesn't show hand
*** SUMMARY ***
Total pot $2 | Rake $0
Seat 3: DimaZips (big blind) collected ($2)
Seat 4: MTails (button) (small blind) folded before Flop


PokerStars Hand #149649389212:  Hold'em Limit ($3/$6 USD) - 2016/02/29 22:55:04 ET
Table 'Nipponia' 6-max Seat #3 is the button
Seat 3: DimaZips ($47.50 in chips)
Seat 4: MTails ($130.78 in chips)
DimaZips: posts small blind $1
MTails: posts big blind $3
*** HOLE CARDS ***
DimaZips: folds
Uncalled bet ($2) returned to MTails
MTails collected $2 from pot
MTails: doesn't show hand
*** SUMMARY ***
Total pot $2 | Rake $0
Seat 3: DimaZips (button) (small blind) folded before Flop
Seat 4: MTails (big blind) collected ($2)


PokerStars Hand #149649393345:  Hold'em Limit ($3/$6 USD) - 2016/02/29 22:55:16 ET
Table 'Nipponia' 6-max Seat #4 is the button
Seat 3: DimaZips ($46.50 in chips)
Seat 4: MTails ($131.78 in chips)
MTails: posts small blind $1
DimaZips: posts big blind $3
*** HOLE CARDS ***
MTails: raises $3 to $6
DimaZips: folds
Uncalled bet ($3) returned to MTails
MTails collected $6 from pot
MTails: doesn't show hand
*** SUMMARY ***
Total pot $6 | Rake $0
Seat 3: DimaZips (big blind) folded before Flop
Seat 4: MTails (button) (small blind) collected ($6)


PokerStars Hand #149649392027:  Hold'em Limit ($3/$6 USD) - 2016/02/29 22:55:12 ET
Table 'Nipponia' 6-max Seat #3 is the button
Seat 3: DimaZips ($47.50 in chips)
Seat 4: MTails ($130.78 in chips)
DimaZips: posts small blind $1
MTails: posts big blind $3
*** HOLE CARDS ***
DimaZips: folds
Uncalled bet ($2) returned to MTails
MTails collected $2 from pot
MTails: doesn't show hand
*** SUMMARY ***
Total pot $2 | Rake $0
Seat 3: DimaZips (button) (small blind) folded before Flop
Seat 4: MTails (big blind) collected ($2)


PokerStars Hand #149649394778:  Hold'em Limit ($3/$6 USD) - 2016/02/29 22:55:21 ET
Table 'Nipponia' 6-max Seat #3 is the button
Seat 3: DimaZips ($43.50 in chips)
Seat 4: MTails ($134.78 in chips)
DimaZips: posts small blind $1
MTails: posts big blind $3
*** HOLE CARDS ***
DimaZips: folds
Uncalled bet ($2) returned to MTails
MTails collected $2 from pot
MTails: doesn't show hand
*** SUMMARY ***
Total pot $2 | Rake $0
Seat 3: DimaZips (button) (small blind) folded before Flop
Seat 4: MTails (big blind) collected ($2)


PokerStars Hand #149649397827:  Hold'em Limit ($3/$6 USD) - 2016/02/29 22:55:32 ET
Table 'Nipponia' 6-max Seat #4 is the button
Seat 3: DimaZips ($42.50 in chips)
Seat 4: MTails ($135.78 in chips)
MTails: posts small blind $1
DimaZips: posts big blind $3
*** HOLE CARDS ***
MTails: raises $3 to $6
DimaZips: raises $3 to $9
MTails: calls $3
*** FLOP *** [Td 7c 4s]
DimaZips: bets $3
MTails: raises $3 to $6
DimaZips: raises $3 to $9
MTails: calls $3
*** TURN *** [Td 7c 4s] [5c]
DimaZips: bets $6
MTails: calls $6
*** RIVER *** [Td 7c 4s 5c] [Qd]
DimaZips: bets $6
MTails: raises $6 to $12
DimaZips: calls $6
*** SHOW DOWN ***
MTails: shows [Qs 9c] (a pair of Queens)
DimaZips: mucks hand
MTails collected $71.50 from pot
*** SUMMARY ***
Total pot $72 | Rake $0.50
Board [Td 7c 4s 5c Qd]
Seat 3: DimaZips (big blind) mucked
Seat 4: MTails (button) (small blind) showed [Qs 9c] and won ($71.50) with a pair of Queens


PokerStars Hand #149649403661:  Hold'em Limit ($3/$6 USD) - 2016/02/29 22:55:52 ET
Table 'Nipponia' 6-max Seat #3 is the button
Seat 3: DimaZips ($6.50 in chips)
Seat 4: MTails ($171.28 in chips)
DimaZips: posts small blind $1
MTails: posts big blind $3
*** HOLE CARDS ***
DimaZips said, "F Y !"
DimaZips said, "IDIOT"
DimaZips has timed out
DimaZips: folds
Uncalled bet ($2) returned to MTails
MTails collected $2 from pot
*** SUMMARY ***
Total pot $2 | Rake $0
Seat 3: DimaZips (button) (small blind) folded before Flop
Seat 4: MTails (big blind) collected ($2)


