PokerStars Hand #147007477245:  Hold'em Limit ($3/$6 USD) - 2016/01/14 0:51:38 ET
Table 'Nipponia II' 2-max Seat #1 is the button
Seat 1: simper11 ($140.50 in chips)
Seat 2: jl45259071 ($33 in chips)
simper11: posts small blind $1
jl45259071: posts big blind $3
*** HOLE CARDS ***
simper11: raises $3 to $6
jl45259071: calls $3
*** FLOP *** [Kc Jc Jh]
jl45259071: checks
simper11: bets $3
jl45259071: calls $3
*** TURN *** [Kc Jc Jh] [8h]
jl45259071: checks
simper11: bets $6
jl45259071: calls $6
*** RIVER *** [Kc Jc Jh 8h] [3c]
jl45259071: checks
simper11: bets $6
jl45259071: calls $6
*** SHOW DOWN ***
simper11: shows [8d 6d] (two pair, Jacks and Eights)
jl45259071: shows [3s Ks] (two pair, Kings and Jacks)
jl45259071 collected $41.50 from pot
*** SUMMARY ***
Total pot $42 | Rake $0.50
Board [Kc Jc Jh 8h 3c]
Seat 1: simper11 (button) (small blind) showed [8d 6d] and lost with two pair, Jacks and Eights
Seat 2: jl45259071 (big blind) showed [3s Ks] and won ($41.50) with two pair, Kings and Jacks


PokerStars Hand #147007486335:  Hold'em Limit ($3/$6 USD) - 2016/01/14 0:52:09 ET
Table 'Nipponia II' 2-max Seat #1 is the button
Seat 1: simper11 ($120 in chips)
Seat 2: jl45259071 ($56.38 in chips)
simper11: posts small blind $1
jl45259071: posts big blind $3
*** HOLE CARDS ***
simper11: raises $3 to $6
jl45259071: calls $3
*** FLOP *** [4s 3c Tc]
jl45259071: checks
simper11: bets $3
jl45259071: calls $3
*** TURN *** [4s 3c Tc] [Ts]
jl45259071: checks
simper11: bets $6
jl45259071: calls $6
*** RIVER *** [4s 3c Tc Ts] [Kc]
jl45259071: checks
simper11: bets $6
jl45259071: folds
Uncalled bet ($6) returned to simper11
simper11 collected $29.50 from pot
simper11: doesn't show hand
*** SUMMARY ***
Total pot $30 | Rake $0.50
Board [4s 3c Tc Ts Kc]
Seat 1: simper11 (button) (small blind) collected ($29.50)
Seat 2: jl45259071 (big blind) folded on the River


PokerStars Hand #147007502987:  Hold'em Limit ($3/$6 USD) - 2016/01/14 0:53:06 ET
Table 'Nipponia II' 2-max Seat #1 is the button
Seat 1: simper11 ($120 in chips)
Seat 2: jl45259071 ($61.64 in chips)
simper11: posts small blind $1
jl45259071: posts big blind $3
*** HOLE CARDS ***
simper11: raises $3 to $6
jl45259071: calls $3
*** FLOP *** [7c Th 7d]
jl45259071: checks
simper11: bets $3
jl45259071: calls $3
*** TURN *** [7c Th 7d] [6h]
jl45259071: checks
simper11: bets $6
jl45259071: calls $6
*** RIVER *** [7c Th 7d 6h] [Jd]
jl45259071: checks
simper11: checks
*** SHOW DOWN ***
jl45259071: shows [As Td] (two pair, Tens and Sevens)
simper11: mucks hand
jl45259071 collected $29.50 from pot
*** SUMMARY ***
Total pot $30 | Rake $0.50
Board [7c Th 7d 6h Jd]
Seat 1: simper11 (button) (small blind) mucked
Seat 2: jl45259071 (big blind) showed [As Td] and won ($29.50) with two pair, Tens and Sevens


PokerStars Hand #147007500259:  Hold'em Limit ($3/$6 USD) - 2016/01/14 0:52:57 ET
Table 'Nipponia II' 2-max Seat #2 is the button
Seat 1: simper11 ($120 in chips)
Seat 2: jl45259071 ($58.76 in chips)
jl45259071: posts small blind $1
simper11: posts big blind $3
*** HOLE CARDS ***
jl45259071: calls $2
simper11: checks
*** FLOP *** [Qd 8c 4s]
simper11: checks
jl45259071: bets $3
simper11: folds
Uncalled bet ($3) returned to jl45259071
jl45259071 collected $5.88 from pot
jl45259071: doesn't show hand
*** SUMMARY ***
Total pot $6 | Rake $0.12
Board [Qd 8c 4s]
Seat 1: simper11 (big blind) folded on the Flop
Seat 2: jl45259071 (button) (small blind) collected ($5.88)


PokerStars Hand #147007516279:  Hold'em Limit ($3/$6 USD) - 2016/01/14 0:53:52 ET
Table 'Nipponia II' 2-max Seat #2 is the button
Seat 1: simper11 ($120 in chips)
Seat 2: jl45259071 ($105.40 in chips)
jl45259071: posts small blind $1
simper11: posts big blind $3
*** HOLE CARDS ***
jl45259071: calls $2
simper11: raises $3 to $6
jl45259071: calls $3
*** FLOP *** [4d 4s Jc]
simper11: bets $3
jl45259071: calls $3
*** TURN *** [4d 4s Jc] [5s]
simper11: bets $6
jl45259071: calls $6
*** RIVER *** [4d 4s Jc 5s] [Jd]
simper11: bets $6
jl45259071: calls $6
*** SHOW DOWN ***
simper11: shows [Td Ac] (two pair, Jacks and Fours)
jl45259071: shows [4c 3c] (a full house, Fours full of Jacks)
jl45259071 collected $41.50 from pot
*** SUMMARY ***
Total pot $42 | Rake $0.50
Board [4d 4s Jc 5s Jd]
Seat 1: simper11 (big blind) showed [Td Ac] and lost with two pair, Jacks and Fours
Seat 2: jl45259071 (button) (small blind) showed [4c 3c] and won ($41.50) with a full house, Fours full of Jacks


PokerStars Hand #147007521202:  Hold'em Limit ($3/$6 USD) - 2016/01/14 0:54:09 ET
Table 'Nipponia II' 2-max Seat #1 is the button
Seat 1: simper11 ($120 in chips)
Seat 2: jl45259071 ($125.90 in chips)
simper11: posts small blind $1
jl45259071: posts big blind $3
*** HOLE CARDS ***
simper11: raises $3 to $6
jl45259071: calls $3
*** FLOP *** [Kh 4c 3c]
jl45259071: checks
simper11: bets $3
jl45259071: calls $3
*** TURN *** [Kh 4c 3c] [Td]
jl45259071: checks
simper11: checks
*** RIVER *** [Kh 4c 3c Td] [Ks]
jl45259071: bets $6
simper11: folds
Uncalled bet ($6) returned to jl45259071
jl45259071 collected $17.64 from pot
jl45259071: doesn't show hand
*** SUMMARY ***
Total pot $18 | Rake $0.36
Board [Kh 4c 3c Td Ks]
Seat 1: simper11 (button) (small blind) folded on the River
Seat 2: jl45259071 (big blind) collected ($17.64)


PokerStars Hand #147007512844:  Hold'em Limit ($3/$6 USD) - 2016/01/14 0:53:40 ET
Table 'Nipponia II' 2-max Seat #1 is the button
Seat 1: simper11 ($120 in chips)
Seat 2: jl45259071 ($99.64 in chips)
simper11: posts small blind $1
jl45259071: posts big blind $3
*** HOLE CARDS ***
simper11: raises $3 to $6
jl45259071: calls $3
*** FLOP *** [7s Ts 5h]
jl45259071: checks
simper11: checks
*** TURN *** [7s Ts 5h] [5c]
jl45259071: bets $6
simper11: folds
Uncalled bet ($6) returned to jl45259071
jl45259071 collected $11.76 from pot
jl45259071: doesn't show hand
*** SUMMARY ***
Total pot $12 | Rake $0.24
Board [7s Ts 5h 5c]
Seat 1: simper11 (button) (small blind) folded on the Turn
Seat 2: jl45259071 (big blind) collected ($11.76)


PokerStars Hand #147007507898:  Hold'em Limit ($3/$6 USD) - 2016/01/14 0:53:23 ET
Table 'Nipponia II' 2-max Seat #2 is the button
Seat 1: simper11 ($120 in chips)
Seat 2: jl45259071 ($76.14 in chips)
jl45259071: posts small blind $1
simper11: posts big blind $3
*** HOLE CARDS ***
jl45259071: calls $2
simper11: checks
*** FLOP *** [Td 3h 8s]
simper11: bets $3
jl45259071: calls $3
*** TURN *** [Td 3h 8s] [Ks]
simper11: bets $6
jl45259071: raises $6 to $12
simper11: calls $6
*** RIVER *** [Td 3h 8s Ks] [Ac]
simper11: checks
jl45259071: bets $6
simper11: calls $6
*** SHOW DOWN ***
jl45259071: shows [Kh 8h] (two pair, Kings and Eights)
simper11: mucks hand
jl45259071 collected $47.50 from pot
*** SUMMARY ***
Total pot $48 | Rake $0.50
Board [Td 3h 8s Ks Ac]
Seat 1: simper11 (big blind) mucked
Seat 2: jl45259071 (button) (small blind) showed [Kh 8h] and won ($47.50) with two pair, Kings and Eights


PokerStars Hand #147007541667:  Hold'em Limit ($3/$6 USD) - 2016/01/14 0:55:19 ET
Table 'Nipponia II' 2-max Seat #2 is the button
Seat 1: simper11 ($158 in chips)
Seat 2: jl45259071 ($119.04 in chips)
jl45259071: posts small blind $1
simper11: posts big blind $3
*** HOLE CARDS ***
jl45259071: calls $2
simper11: checks
*** FLOP *** [Td 9c 7d]
simper11: bets $3
jl45259071: calls $3
*** TURN *** [Td 9c 7d] [6c]
simper11: bets $6
jl45259071: folds
Uncalled bet ($6) returned to simper11
simper11 collected $11.76 from pot
simper11: doesn't show hand
*** SUMMARY ***
Total pot $12 | Rake $0.24
Board [Td 9c 7d 6c]
Seat 1: simper11 (big blind) collected ($11.76)
Seat 2: jl45259071 (button) (small blind) folded on the Turn


PokerStars Hand #147007530594:  Hold'em Limit ($3/$6 USD) - 2016/01/14 0:54:41 ET
Table 'Nipponia II' 2-max Seat #1 is the button
Seat 1: simper11 ($120 in chips)
Seat 2: jl45259071 ($158.04 in chips)
simper11: posts small blind $1
jl45259071: posts big blind $3
*** HOLE CARDS ***
simper11: raises $3 to $6
jl45259071: calls $3
*** FLOP *** [Ts 9c Js]
jl45259071: checks
simper11: bets $3
jl45259071: calls $3
*** TURN *** [Ts 9c Js] [7c]
jl45259071: checks
simper11: bets $6
jl45259071: calls $6
*** RIVER *** [Ts 9c Js 7c] [3s]
jl45259071: checks
simper11: bets $6
jl45259071: folds
Uncalled bet ($6) returned to simper11
simper11 collected $29.50 from pot
simper11: doesn't show hand
*** SUMMARY ***
Total pot $30 | Rake $0.50
Board [Ts 9c Js 7c 3s]
Seat 1: simper11 (button) (small blind) collected ($29.50)
Seat 2: jl45259071 (big blind) folded on the River


PokerStars Hand #147007540063:  Hold'em Limit ($3/$6 USD) - 2016/01/14 0:55:13 ET
Table 'Nipponia II' 2-max Seat #1 is the button
Seat 1: simper11 ($155 in chips)
Seat 2: jl45259071 ($122.04 in chips)
simper11: posts small blind $1
jl45259071: posts big blind $3
*** HOLE CARDS ***
simper11: raises $3 to $6
jl45259071: folds
Uncalled bet ($3) returned to simper11
simper11 collected $6 from pot
simper11: doesn't show hand
*** SUMMARY ***
Total pot $6 | Rake $0
Seat 1: simper11 (button) (small blind) collected ($6)
Seat 2: jl45259071 (big blind) folded before Flop


PokerStars Hand #147007535679:  Hold'em Limit ($3/$6 USD) - 2016/01/14 0:54:58 ET
Table 'Nipponia II' 2-max Seat #2 is the button
Seat 1: simper11 ($134.50 in chips)
Seat 2: jl45259071 ($143.04 in chips)
jl45259071: posts small blind $1
simper11: posts big blind $3
*** HOLE CARDS ***
jl45259071: calls $2
simper11: raises $3 to $6
jl45259071: calls $3
*** FLOP *** [Kd Ah 8c]
simper11: bets $3
jl45259071: calls $3
*** TURN *** [Kd Ah 8c] [8s]
simper11: bets $6
jl45259071: calls $6
*** RIVER *** [Kd Ah 8c 8s] [3s]
simper11: bets $6
jl45259071: calls $6
*** SHOW DOWN ***
simper11: shows [Qc Ac] (two pair, Aces and Eights)
jl45259071: mucks hand
simper11 collected $41.50 from pot
*** SUMMARY ***
Total pot $42 | Rake $0.50
Board [Kd Ah 8c 8s 3s]
Seat 1: simper11 (big blind) showed [Qc Ac] and won ($41.50) with two pair, Aces and Eights
Seat 2: jl45259071 (button) (small blind) mucked


PokerStars Hand #147007545509:  Hold'em Limit ($3/$6 USD) - 2016/01/14 0:55:35 ET
Table 'Nipponia II' 2-max Seat #2 is the button
Seat 1: simper11 ($166.76 in chips)
Seat 2: jl45259071 ($110.04 in chips)
jl45259071: posts small blind $1
simper11: posts big blind $3
*** HOLE CARDS ***
jl45259071: folds
Uncalled bet ($2) returned to simper11
simper11 collected $2 from pot
simper11: doesn't show hand
*** SUMMARY ***
Total pot $2 | Rake $0
Seat 1: simper11 (big blind) collected ($2)
Seat 2: jl45259071 (button) (small blind) folded before Flop


PokerStars Hand #147007544056:  Hold'em Limit ($3/$6 USD) - 2016/01/14 0:55:29 ET
Table 'Nipponia II' 2-max Seat #1 is the button
Seat 1: simper11 ($163.76 in chips)
Seat 2: jl45259071 ($113.04 in chips)
simper11: posts small blind $1
jl45259071: posts big blind $3
*** HOLE CARDS ***
simper11: raises $3 to $6
jl45259071: folds
Uncalled bet ($3) returned to simper11
simper11 collected $6 from pot
simper11: doesn't show hand
*** SUMMARY ***
Total pot $6 | Rake $0
Seat 1: simper11 (button) (small blind) collected ($6)
Seat 2: jl45259071 (big blind) folded before Flop


PokerStars Hand #147007550888:  Hold'em Limit ($3/$6 USD) - 2016/01/14 0:55:56 ET
Table 'Nipponia II' 2-max Seat #1 is the button
Seat 1: simper11 ($163.76 in chips)
Seat 2: jl45259071 ($112.92 in chips)
simper11: posts small blind $1
jl45259071: posts big blind $3
*** HOLE CARDS ***
simper11: raises $3 to $6
jl45259071: calls $3
*** FLOP *** [Ac Kh 6h]
jl45259071: checks
simper11: bets $3
jl45259071: calls $3
*** TURN *** [Ac Kh 6h] [Kc]
jl45259071: checks
simper11: checks
*** RIVER *** [Ac Kh 6h Kc] [Tc]
jl45259071: checks
simper11: checks
*** SHOW DOWN ***
jl45259071: shows [5h 6d] (two pair, Kings and Sixes)
simper11: mucks hand
jl45259071 collected $17.64 from pot
*** SUMMARY ***
Total pot $18 | Rake $0.36
Board [Ac Kh 6h Kc Tc]
Seat 1: simper11 (button) (small blind) mucked
Seat 2: jl45259071 (big blind) showed [5h 6d] and won ($17.64) with two pair, Kings and Sixes


PokerStars Hand #147007554687:  Hold'em Limit ($3/$6 USD) - 2016/01/14 0:56:12 ET
Table 'Nipponia II' 2-max Seat #2 is the button
Seat 1: simper11 ($154.76 in chips)
Seat 2: jl45259071 ($121.56 in chips)
jl45259071: posts small blind $1
simper11: posts big blind $3
*** HOLE CARDS ***
jl45259071: calls $2
simper11: checks
*** FLOP *** [2h 8h Ks]
simper11: checks
jl45259071: bets $3
simper11: calls $3
*** TURN *** [2h 8h Ks] [7c]
simper11: checks
jl45259071: bets $6
simper11: calls $6
*** RIVER *** [2h 8h Ks 7c] [Qh]
simper11: checks
jl45259071: bets $6
simper11: folds
Uncalled bet ($6) returned to jl45259071
jl45259071 collected $23.52 from pot
jl45259071: doesn't show hand
*** SUMMARY ***
Total pot $24 | Rake $0.48
Board [2h 8h Ks 7c Qh]
Seat 1: simper11 (big blind) folded on the River
Seat 2: jl45259071 (button) (small blind) collected ($23.52)


PokerStars Hand #147007572989:  Hold'em Limit ($3/$6 USD) - 2016/01/14 0:57:26 ET
Table 'Nipponia II' 2-max Seat #1 is the button
Seat 1: simper11 ($132.92 in chips)
Seat 2: jl45259071 ($141.08 in chips)
simper11: posts small blind $1
jl45259071: posts big blind $3
*** HOLE CARDS ***
simper11: folds
Uncalled bet ($2) returned to jl45259071
jl45259071 collected $2 from pot
jl45259071: doesn't show hand
*** SUMMARY ***
Total pot $2 | Rake $0
Seat 1: simper11 (button) (small blind) folded before Flop
Seat 2: jl45259071 (big blind) collected ($2)


PokerStars Hand #147007569499:  Hold'em Limit ($3/$6 USD) - 2016/01/14 0:57:12 ET
Table 'Nipponia II' 2-max Seat #2 is the button
Seat 1: simper11 ($124.28 in chips)
Seat 2: jl45259071 ($150.08 in chips)
jl45259071: posts small blind $1
simper11: posts big blind $3
*** HOLE CARDS ***
jl45259071: calls $2
simper11: checks
*** FLOP *** [Ac Th 6c]
simper11: checks
jl45259071: checks
*** TURN *** [Ac Th 6c] [7d]
simper11: bets $6
jl45259071: calls $6
*** RIVER *** [Ac Th 6c 7d] [2s]
simper11: bets $6
jl45259071: folds
Uncalled bet ($6) returned to simper11
simper11 collected $17.64 from pot
simper11: doesn't show hand
*** SUMMARY ***
Total pot $18 | Rake $0.36
Board [Ac Th 6c 7d 2s]
Seat 1: simper11 (big blind) collected ($17.64)
Seat 2: jl45259071 (button) (small blind) folded on the River


PokerStars Hand #147007562444:  Hold'em Limit ($3/$6 USD) - 2016/01/14 0:56:44 ET
Table 'Nipponia II' 2-max Seat #2 is the button
Seat 1: simper11 ($127.76 in chips)
Seat 2: jl45259071 ($147.58 in chips)
jl45259071: posts small blind $1
simper11: posts big blind $3
*** HOLE CARDS ***
jl45259071: calls $2
simper11: checks
*** FLOP *** [5h 4c 2d]
simper11: bets $3
jl45259071: calls $3
*** TURN *** [5h 4c 2d] [7s]
simper11: bets $6
jl45259071: calls $6
*** RIVER *** [5h 4c 2d 7s] [4h]
simper11: bets $6
jl45259071: folds
Uncalled bet ($6) returned to simper11
simper11 collected $23.52 from pot
simper11: doesn't show hand
*** SUMMARY ***
Total pot $24 | Rake $0.48
Board [5h 4c 2d 7s 4h]
Seat 1: simper11 (big blind) collected ($23.52)
Seat 2: jl45259071 (button) (small blind) folded on the River


PokerStars Hand #147007576642:  Hold'em Limit ($3/$6 USD) - 2016/01/14 0:57:41 ET
Table 'Nipponia II' 2-max Seat #1 is the button
Seat 1: simper11 ($128.92 in chips)
Seat 2: jl45259071 ($144.96 in chips)
simper11: posts small blind $1
jl45259071: posts big blind $3
*** HOLE CARDS ***
simper11: raises $3 to $6
jl45259071: calls $3
*** FLOP *** [Ac Kh 3d]
jl45259071: checks
simper11: bets $3
jl45259071: folds
Uncalled bet ($3) returned to simper11
simper11 collected $11.76 from pot
simper11: doesn't show hand
*** SUMMARY ***
Total pot $12 | Rake $0.24
Board [Ac Kh 3d]
Seat 1: simper11 (button) (small blind) collected ($11.76)
Seat 2: jl45259071 (big blind) folded on the Flop


PokerStars Hand #147007601973:  Hold'em Limit ($3/$6 USD) - 2016/01/14 0:58:55 ET
Table 'Nipponia II' 2-max Seat #1 is the button
Seat 1: simper11 ($139.96 in chips)
Seat 2: jl45259071 ($132.48 in chips)
simper11: posts small blind $1
jl45259071: posts big blind $3
*** HOLE CARDS ***
simper11: raises $3 to $6
jl45259071: calls $3
*** FLOP *** [As 2h 6c]
jl45259071: checks
simper11: bets $3
jl45259071: calls $3
*** TURN *** [As 2h 6c] [9c]
jl45259071: checks
simper11: bets $6
jl45259071: calls $6
*** RIVER *** [As 2h 6c 9c] [4c]
jl45259071: checks
simper11: bets $6
jl45259071: calls $6
*** SHOW DOWN ***
simper11: shows [Qh Ac] (a pair of Aces)
jl45259071: mucks hand
simper11 collected $41.50 from pot
*** SUMMARY ***
Total pot $42 | Rake $0.50
Board [As 2h 6c 9c 4c]
Seat 1: simper11 (button) (small blind) showed [Qh Ac] and won ($41.50) with a pair of Aces
Seat 2: jl45259071 (big blind) mucked


PokerStars Hand #147007609755:  Hold'em Limit ($3/$6 USD) - 2016/01/14 0:59:26 ET
Table 'Nipponia II' 2-max Seat #1 is the button
Seat 1: simper11 ($169.10 in chips)
Seat 2: jl45259071 ($102.48 in chips)
simper11: posts small blind $1
jl45259071: posts big blind $3
*** HOLE CARDS ***
simper11: raises $3 to $6
jl45259071: calls $3
*** FLOP *** [Th 8d Jc]
jl45259071: checks
simper11: bets $3
jl45259071: folds
Uncalled bet ($3) returned to simper11
simper11 collected $11.76 from pot
simper11: doesn't show hand
*** SUMMARY ***
Total pot $12 | Rake $0.24
Board [Th 8d Jc]
Seat 1: simper11 (button) (small blind) collected ($11.76)
Seat 2: jl45259071 (big blind) folded on the Flop


PokerStars Hand #147007623985:  Hold'em Limit ($3/$6 USD) - 2016/01/14 1:00:22 ET
Table 'Nipponia II' 2-max Seat #1 is the button
Seat 1: simper11 ($218.86 in chips)
Seat 2: jl45259071 ($51.24 in chips)
simper11: posts small blind $1
jl45259071: posts big blind $3
*** HOLE CARDS ***
simper11: raises $3 to $6
jl45259071: raises $3 to $9
simper11: calls $3
*** FLOP *** [9c 4h Ad]
jl45259071: bets $3
simper11: calls $3
*** TURN *** [9c 4h Ad] [Ts]
jl45259071: bets $6
simper11: folds
Uncalled bet ($6) returned to jl45259071
jl45259071 collected $23.52 from pot
jl45259071: doesn't show hand
*** SUMMARY ***
Total pot $24 | Rake $0.48
Board [9c 4h Ad Ts]
Seat 1: simper11 (button) (small blind) folded on the Turn
Seat 2: jl45259071 (big blind) collected ($23.52)


PokerStars Hand #147007612087:  Hold'em Limit ($3/$6 USD) - 2016/01/14 0:59:35 ET
Table 'Nipponia II' 2-max Seat #2 is the button
Seat 1: simper11 ($174.86 in chips)
Seat 2: jl45259071 ($96.48 in chips)
jl45259071: posts small blind $1
simper11: posts big blind $3
*** HOLE CARDS ***
jl45259071: calls $2
simper11: raises $3 to $6
jl45259071: calls $3
*** FLOP *** [Td Qs 2d]
simper11: bets $3
jl45259071: calls $3
*** TURN *** [Td Qs 2d] [2s]
simper11: bets $6
jl45259071: calls $6
*** RIVER *** [Td Qs 2d 2s] [4s]
simper11: checks
jl45259071: bets $6
simper11: calls $6
*** SHOW DOWN ***
jl45259071: shows [5d 6d] (a pair of Deuces)
simper11: shows [7h 7c] (two pair, Sevens and Deuces)
simper11 collected $41.50 from pot
*** SUMMARY ***
Total pot $42 | Rake $0.50
Board [Td Qs 2d 2s 4s]
Seat 1: simper11 (big blind) showed [7h 7c] and won ($41.50) with two pair, Sevens and Deuces
Seat 2: jl45259071 (button) (small blind) showed [5d 6d] and lost with a pair of Deuces


PokerStars Hand #147007622054:  Hold'em Limit ($3/$6 USD) - 2016/01/14 1:00:14 ET
Table 'Nipponia II' 2-max Seat #2 is the button
Seat 1: simper11 ($224.86 in chips)
Seat 2: jl45259071 ($45.48 in chips)
jl45259071: posts small blind $1
simper11: posts big blind $3
*** HOLE CARDS ***
jl45259071: raises $3 to $6
simper11: calls $3
*** FLOP *** [7h Qs Kd]
simper11: checks
jl45259071: bets $3
simper11: folds
Uncalled bet ($3) returned to jl45259071
jl45259071 collected $11.76 from pot
jl45259071: doesn't show hand
*** SUMMARY ***
Total pot $12 | Rake $0.24
Board [7h Qs Kd]
Seat 1: simper11 (big blind) folded on the Flop
Seat 2: jl45259071 (button) (small blind) collected ($11.76)


PokerStars Hand #147007617854:  Hold'em Limit ($3/$6 USD) - 2016/01/14 0:59:58 ET
Table 'Nipponia II' 2-max Seat #1 is the button
Seat 1: simper11 ($195.36 in chips)
Seat 2: jl45259071 ($75.48 in chips)
simper11: posts small blind $1
jl45259071: posts big blind $3
*** HOLE CARDS ***
simper11: raises $3 to $6
jl45259071: raises $3 to $9
simper11: calls $3
*** FLOP *** [Qd Jh 2d]
jl45259071: bets $3
simper11: calls $3
*** TURN *** [Qd Jh 2d] [Ac]
jl45259071: bets $6
simper11: calls $6
*** RIVER *** [Qd Jh 2d Ac] [Th]
jl45259071: bets $6
simper11: raises $6 to $12
jl45259071: calls $6
*** SHOW DOWN ***
simper11: shows [Kh Js] (a straight, Ten to Ace)
jl45259071: mucks hand
simper11 collected $59.50 from pot
*** SUMMARY ***
Total pot $60 | Rake $0.50
Board [Qd Jh 2d Ac Th]
Seat 1: simper11 (button) (small blind) showed [Kh Js] and won ($59.50) with a straight, Ten to Ace
Seat 2: jl45259071 (big blind) mucked


PokerStars Hand #147007630012:  Hold'em Limit ($3/$6 USD) - 2016/01/14 1:00:45 ET
Table 'Nipponia II' 2-max Seat #1 is the button
Seat 1: simper11 ($203.86 in chips)
Seat 2: jl45259071 ($65.64 in chips)
simper11: posts small blind $1
jl45259071: posts big blind $3
*** HOLE CARDS ***
simper11: raises $3 to $6
jl45259071: calls $3
*** FLOP *** [3h Ks Qd]
jl45259071: checks
simper11: bets $3
jl45259071: calls $3
*** TURN *** [3h Ks Qd] [8d]
jl45259071: checks
simper11: checks
*** RIVER *** [3h Ks Qd 8d] [Kc]
jl45259071: bets $6
simper11: calls $6
*** SHOW DOWN ***
jl45259071: shows [5d Ad] (a pair of Kings)
simper11: shows [9d 9h] (two pair, Kings and Nines)
simper11 collected $29.50 from pot
*** SUMMARY ***
Total pot $30 | Rake $0.50
Board [3h Ks Qd 8d Kc]
Seat 1: simper11 (button) (small blind) showed [9d 9h] and won ($29.50) with two pair, Kings and Nines
Seat 2: jl45259071 (big blind) showed [5d Ad] and lost with a pair of Kings


PokerStars Hand #147007634212:  Hold'em Limit ($3/$6 USD) - 2016/01/14 1:01:01 ET
Table 'Nipponia II' 2-max Seat #2 is the button
Seat 1: simper11 ($218.36 in chips)
Seat 2: jl45259071 ($50.64 in chips)
jl45259071: posts small blind $1
simper11: posts big blind $3
*** HOLE CARDS ***
jl45259071: calls $2
simper11: checks
*** FLOP *** [7h Jh As]
simper11: checks
jl45259071: bets $3
simper11: folds
Uncalled bet ($3) returned to jl45259071
jl45259071 collected $5.88 from pot
jl45259071: doesn't show hand
*** SUMMARY ***
Total pot $6 | Rake $0.12
Board [7h Jh As]
Seat 1: simper11 (big blind) folded on the Flop
Seat 2: jl45259071 (button) (small blind) collected ($5.88)


PokerStars Hand #147007647056:  Hold'em Limit ($3/$6 USD) - 2016/01/14 1:01:49 ET
Table 'Nipponia II' 2-max Seat #2 is the button
Seat 1: simper11 ($196 in chips)
Seat 2: jl45259071 ($72.02 in chips)
jl45259071: posts small blind $1
simper11: posts big blind $3
*** HOLE CARDS ***
jl45259071: calls $2
simper11: checks
*** FLOP *** [Ac Jh Ts]
simper11: checks
jl45259071: bets $3
simper11: calls $3
*** TURN *** [Ac Jh Ts] [Qc]
simper11: checks
jl45259071: checks
*** RIVER *** [Ac Jh Ts Qc] [Js]
simper11: checks
jl45259071: checks
*** SHOW DOWN ***
simper11: shows [Tc 2s] (two pair, Jacks and Tens)
jl45259071: shows [3s Ad] (two pair, Aces and Jacks)
jl45259071 collected $11.76 from pot
*** SUMMARY ***
Total pot $12 | Rake $0.24
Board [Ac Jh Ts Qc Js]
Seat 1: simper11 (big blind) showed [Tc 2s] and lost with two pair, Jacks and Tens
Seat 2: jl45259071 (button) (small blind) showed [3s Ad] and won ($11.76) with two pair, Aces and Jacks


PokerStars Hand #147007654864:  Hold'em Limit ($3/$6 USD) - 2016/01/14 1:02:18 ET
Table 'Nipponia II' 2-max Seat #2 is the button
Seat 1: simper11 ($175 in chips)
Seat 2: jl45259071 ($92.28 in chips)
jl45259071: posts small blind $1
simper11: posts big blind $3
*** HOLE CARDS ***
jl45259071: calls $2
simper11: checks
*** FLOP *** [Jc 9c 7d]
simper11: checks
jl45259071: bets $3
simper11: folds
Uncalled bet ($3) returned to jl45259071
jl45259071 collected $5.88 from pot
jl45259071: doesn't show hand
*** SUMMARY ***
Total pot $6 | Rake $0.12
Board [Jc 9c 7d]
Seat 1: simper11 (big blind) folded on the Flop
Seat 2: jl45259071 (button) (small blind) collected ($5.88)


PokerStars Hand #147007643784:  Hold'em Limit ($3/$6 USD) - 2016/01/14 1:01:37 ET
Table 'Nipponia II' 2-max Seat #1 is the button
Seat 1: simper11 ($187.36 in chips)
Seat 2: jl45259071 ($81.02 in chips)
simper11: posts small blind $1
jl45259071: posts big blind $3
*** HOLE CARDS ***
simper11: raises $3 to $6
jl45259071: calls $3
*** FLOP *** [7h 2h Th]
jl45259071: checks
simper11: bets $3
jl45259071: calls $3
*** TURN *** [7h 2h Th] [3d]
jl45259071: checks
simper11: bets $6
jl45259071: folds
Uncalled bet ($6) returned to simper11
simper11 collected $17.64 from pot
simper11: doesn't show hand
*** SUMMARY ***
Total pot $18 | Rake $0.36
Board [7h 2h Th 3d]
Seat 1: simper11 (button) (small blind) collected ($17.64)
Seat 2: jl45259071 (big blind) folded on the Turn


PokerStars Hand #147007664835:  Hold'em Limit ($3/$6 USD) - 2016/01/14 1:02:54 ET
Table 'Nipponia II' 2-max Seat #1 is the button
Seat 1: simper11 ($159.64 in chips)
Seat 2: jl45259071 ($106.66 in chips)
simper11: posts small blind $1
jl45259071: posts big blind $3
*** HOLE CARDS ***
simper11: raises $3 to $6
jl45259071: calls $3
*** FLOP *** [Ad 8s 5h]
jl45259071: checks
simper11: bets $3
jl45259071: calls $3
*** TURN *** [Ad 8s 5h] [9c]
jl45259071: checks
simper11: bets $6
jl45259071: folds
Uncalled bet ($6) returned to simper11
simper11 collected $17.64 from pot
simper11: doesn't show hand
*** SUMMARY ***
Total pot $18 | Rake $0.36
Board [Ad 8s 5h 9c]
Seat 1: simper11 (button) (small blind) collected ($17.64)
Seat 2: jl45259071 (big blind) folded on the Turn


PokerStars Hand #147007669481:  Hold'em Limit ($3/$6 USD) - 2016/01/14 1:03:09 ET
Table 'Nipponia II' 2-max Seat #2 is the button
Seat 1: simper11 ($168.28 in chips)
Seat 2: jl45259071 ($97.66 in chips)
jl45259071: posts small blind $1
simper11: posts big blind $3
*** HOLE CARDS ***
jl45259071: calls $2
simper11: raises $3 to $6
jl45259071: calls $3
*** FLOP *** [9h Qc 3c]
simper11: bets $3
jl45259071: calls $3
*** TURN *** [9h Qc 3c] [9d]
simper11: bets $6
jl45259071: calls $6
*** RIVER *** [9h Qc 3c 9d] [5h]
simper11: bets $6
jl45259071: folds
Uncalled bet ($6) returned to simper11
simper11 collected $29.50 from pot
simper11: doesn't show hand
*** SUMMARY ***
Total pot $30 | Rake $0.50
Board [9h Qc 3c 9d 5h]
Seat 1: simper11 (big blind) collected ($29.50)
Seat 2: jl45259071 (button) (small blind) folded on the River


PokerStars Hand #147007657321:  Hold'em Limit ($3/$6 USD) - 2016/01/14 1:02:27 ET
Table 'Nipponia II' 2-max Seat #1 is the button
Seat 1: simper11 ($172 in chips)
Seat 2: jl45259071 ($95.16 in chips)
simper11: posts small blind $1
jl45259071: posts big blind $3
*** HOLE CARDS ***
simper11: raises $3 to $6
jl45259071: calls $3
*** FLOP *** [5h 6s 6d]
jl45259071: checks
simper11: bets $3
jl45259071: calls $3
*** TURN *** [5h 6s 6d] [8h]
jl45259071: checks
simper11: checks
*** RIVER *** [5h 6s 6d 8h] [Ac]
jl45259071: bets $6
simper11: raises $6 to $12
jl45259071: calls $6
*** SHOW DOWN ***
simper11: shows [4s 9c] (a pair of Sixes)
jl45259071: shows [Ts Ad] (two pair, Aces and Sixes)
jl45259071 collected $41.50 from pot
*** SUMMARY ***
Total pot $42 | Rake $0.50
Board [5h 6s 6d 8h Ac]
Seat 1: simper11 (button) (small blind) showed [4s 9c] and lost with a pair of Sixes
Seat 2: jl45259071 (big blind) showed [Ts Ad] and won ($41.50) with two pair, Aces and Sixes


PokerStars Hand #147007681122:  Hold'em Limit ($3/$6 USD) - 2016/01/14 1:03:51 ET
Table 'Nipponia II' 2-max Seat #1 is the button
Seat 1: simper11 ($173.54 in chips)
Seat 2: jl45259071 ($91.16 in chips)
simper11: posts small blind $1
jl45259071: posts big blind $3
*** HOLE CARDS ***
simper11: raises $3 to $6
jl45259071: calls $3
*** FLOP *** [9c Th Jc]
jl45259071: checks
simper11: bets $3
jl45259071: calls $3
*** TURN *** [9c Th Jc] [9d]
jl45259071: checks
simper11: bets $6
jl45259071: calls $6
*** RIVER *** [9c Th Jc 9d] [4d]
jl45259071: checks
simper11: checks
*** SHOW DOWN ***
jl45259071: shows [5c 8h] (a pair of Nines)
simper11: shows [4c 7c] (two pair, Nines and Fours)
simper11 collected $29.50 from pot
*** SUMMARY ***
Total pot $30 | Rake $0.50
Board [9c Th Jc 9d 4d]
Seat 1: simper11 (button) (small blind) showed [4c 7c] and won ($29.50) with two pair, Nines and Fours
Seat 2: jl45259071 (big blind) showed [5c 8h] and lost with a pair of Nines


PokerStars Hand #147007686178:  Hold'em Limit ($3/$6 USD) - 2016/01/14 1:04:09 ET
Table 'Nipponia II' 2-max Seat #2 is the button
Seat 1: simper11 ($188.04 in chips)
Seat 2: jl45259071 ($76.16 in chips)
jl45259071: posts small blind $1
simper11: posts big blind $3
*** HOLE CARDS ***
jl45259071: calls $2
simper11: checks
*** FLOP *** [7h Qh 9h]
simper11: checks
jl45259071: bets $3
simper11: folds
Uncalled bet ($3) returned to jl45259071
jl45259071 collected $5.88 from pot
jl45259071: doesn't show hand
*** SUMMARY ***
Total pot $6 | Rake $0.12
Board [7h Qh 9h]
Seat 1: simper11 (big blind) folded on the Flop
Seat 2: jl45259071 (button) (small blind) collected ($5.88)


PokerStars Hand #147007678212:  Hold'em Limit ($3/$6 USD) - 2016/01/14 1:03:41 ET
Table 'Nipponia II' 2-max Seat #2 is the button
Seat 1: simper11 ($167.78 in chips)
Seat 2: jl45259071 ($97.16 in chips)
jl45259071: posts small blind $1
simper11: posts big blind $3
*** HOLE CARDS ***
jl45259071: calls $2
simper11: raises $3 to $6
jl45259071: calls $3
*** FLOP *** [Qd Ah Ac]
simper11: bets $3
jl45259071: folds
Uncalled bet ($3) returned to simper11
simper11 collected $11.76 from pot
simper11: doesn't show hand
*** SUMMARY ***
Total pot $12 | Rake $0.24
Board [Qd Ah Ac]
Seat 1: simper11 (big blind) collected ($11.76)
Seat 2: jl45259071 (button) (small blind) folded on the Flop


PokerStars Hand #147007702863:  Hold'em Limit ($3/$6 USD) - 2016/01/14 1:05:07 ET
Table 'Nipponia II' 2-max Seat #2 is the button
Seat 1: simper11 ($175.30 in chips)
Seat 2: jl45259071 ($87.54 in chips)
jl45259071: posts small blind $1
simper11: posts big blind $3
*** HOLE CARDS ***
jl45259071: calls $2
simper11: checks
*** FLOP *** [3d 2c Kh]
simper11: checks
jl45259071: checks
*** TURN *** [3d 2c Kh] [Jd]
simper11: bets $6
jl45259071: calls $6
*** RIVER *** [3d 2c Kh Jd] [Jh]
simper11: bets $6
jl45259071: folds
Uncalled bet ($6) returned to simper11
simper11 collected $17.64 from pot
simper11: doesn't show hand
*** SUMMARY ***
Total pot $18 | Rake $0.36
Board [3d 2c Kh Jd Jh]
Seat 1: simper11 (big blind) collected ($17.64)
Seat 2: jl45259071 (button) (small blind) folded on the River


PokerStars Hand #147007697548:  Hold'em Limit ($3/$6 USD) - 2016/01/14 1:04:49 ET
Table 'Nipponia II' 2-max Seat #1 is the button
Seat 1: simper11 ($205.30 in chips)
Seat 2: jl45259071 ($58.04 in chips)
simper11: posts small blind $1
jl45259071: posts big blind $3
*** HOLE CARDS ***
simper11: raises $3 to $6
jl45259071: calls $3
*** FLOP *** [8h Jc 4d]
jl45259071: checks
simper11: bets $3
jl45259071: raises $3 to $6
simper11: calls $3
*** TURN *** [8h Jc 4d] [3s]
jl45259071: bets $6
simper11: raises $6 to $12
jl45259071: calls $6
*** RIVER *** [8h Jc 4d 3s] [8d]
jl45259071: bets $6
simper11: calls $6
*** SHOW DOWN ***
jl45259071: shows [9s 8s] (three of a kind, Eights)
simper11: mucks hand
jl45259071 collected $59.50 from pot
*** SUMMARY ***
Total pot $60 | Rake $0.50
Board [8h Jc 4d 3s 8d]
Seat 1: simper11 (button) (small blind) mucked
Seat 2: jl45259071 (big blind) showed [9s 8s] and won ($59.50) with three of a kind, Eights


PokerStars Hand #147007694099:  Hold'em Limit ($3/$6 USD) - 2016/01/14 1:04:37 ET
Table 'Nipponia II' 2-max Seat #2 is the button
Seat 1: simper11 ($199.54 in chips)
Seat 2: jl45259071 ($64.04 in chips)
jl45259071: posts small blind $1
simper11: posts big blind $3
*** HOLE CARDS ***
jl45259071: calls $2
simper11: checks
*** FLOP *** [3c 4h 7c]
simper11: bets $3
jl45259071: calls $3
*** TURN *** [3c 4h 7c] [4c]
simper11: bets $6
jl45259071: folds
Uncalled bet ($6) returned to simper11
simper11 collected $11.76 from pot
simper11: doesn't show hand
*** SUMMARY ***
Total pot $12 | Rake $0.24
Board [3c 4h 7c 4c]
Seat 1: simper11 (big blind) collected ($11.76)
Seat 2: jl45259071 (button) (small blind) folded on the Turn


PokerStars Hand #147007688832:  Hold'em Limit ($3/$6 USD) - 2016/01/14 1:04:18 ET
Table 'Nipponia II' 2-max Seat #1 is the button
Seat 1: simper11 ($185.04 in chips)
Seat 2: jl45259071 ($79.04 in chips)
simper11: posts small blind $1
jl45259071: posts big blind $3
*** HOLE CARDS ***
simper11: raises $3 to $6
jl45259071: calls $3
*** FLOP *** [3c Ks 6c]
jl45259071: checks
simper11: bets $3
jl45259071: calls $3
*** TURN *** [3c Ks 6c] [Kd]
jl45259071: checks
simper11: checks
*** RIVER *** [3c Ks 6c Kd] [Ah]
jl45259071: bets $6
simper11: raises $6 to $12
jl45259071: folds
Uncalled bet ($6) returned to simper11
simper11 collected $29.50 from pot
simper11: doesn't show hand
*** SUMMARY ***
Total pot $30 | Rake $0.50
Board [3c Ks 6c Kd Ah]
Seat 1: simper11 (button) (small blind) collected ($29.50)
Seat 2: jl45259071 (big blind) folded on the River


PokerStars Hand #147007716279:  Hold'em Limit ($3/$6 USD) - 2016/01/14 1:05:53 ET
Table 'Nipponia II' 2-max Seat #2 is the button
Seat 1: simper11 ($183.58 in chips)
Seat 2: jl45259071 ($78.18 in chips)
jl45259071: posts small blind $1
simper11: posts big blind $3
*** HOLE CARDS ***
jl45259071: calls $2
simper11: raises $3 to $6
jl45259071: calls $3
*** FLOP *** [5c 3c Td]
simper11: bets $3
jl45259071: calls $3
*** TURN *** [5c 3c Td] [Kh]
simper11: bets $6
jl45259071: calls $6
*** RIVER *** [5c 3c Td Kh] [Qh]
simper11: bets $6
jl45259071: folds
Uncalled bet ($6) returned to simper11
simper11 collected $29.50 from pot
simper11: doesn't show hand
*** SUMMARY ***
Total pot $30 | Rake $0.50
Board [5c 3c Td Kh Qh]
Seat 1: simper11 (big blind) collected ($29.50)
Seat 2: jl45259071 (button) (small blind) folded on the River


PokerStars Hand #147007725097:  Hold'em Limit ($3/$6 USD) - 2016/01/14 1:06:23 ET
Table 'Nipponia II' 2-max Seat #2 is the button
Seat 1: simper11 ($183.08 in chips)
Seat 2: jl45259071 ($77.68 in chips)
jl45259071: posts small blind $1
simper11: posts big blind $3
*** HOLE CARDS ***
jl45259071: folds
Uncalled bet ($2) returned to simper11
simper11 collected $2 from pot
simper11: doesn't show hand
*** SUMMARY ***
Total pot $2 | Rake $0
Seat 1: simper11 (big blind) collected ($2)
Seat 2: jl45259071 (button) (small blind) folded before Flop


PokerStars Hand #147007720084:  Hold'em Limit ($3/$6 USD) - 2016/01/14 1:06:06 ET
Table 'Nipponia II' 2-max Seat #1 is the button
Seat 1: simper11 ($198.08 in chips)
Seat 2: jl45259071 ($63.18 in chips)
simper11: posts small blind $1
jl45259071: posts big blind $3
*** HOLE CARDS ***
simper11: raises $3 to $6
jl45259071: calls $3
*** FLOP *** [4d 4h Kd]
jl45259071: checks
simper11: bets $3
jl45259071: calls $3
*** TURN *** [4d 4h Kd] [Th]
jl45259071: checks
simper11: checks
*** RIVER *** [4d 4h Kd Th] [7c]
jl45259071: bets $6
simper11: calls $6
*** SHOW DOWN ***
jl45259071: shows [8c Td] (two pair, Tens and Fours)
simper11: mucks hand
jl45259071 collected $29.50 from pot
*** SUMMARY ***
Total pot $30 | Rake $0.50
Board [4d 4h Kd Th 7c]
Seat 1: simper11 (button) (small blind) mucked
Seat 2: jl45259071 (big blind) showed [8c Td] and won ($29.50) with two pair, Tens and Fours


PokerStars Hand #147007711184:  Hold'em Limit ($3/$6 USD) - 2016/01/14 1:05:35 ET
Table 'Nipponia II' 2-max Seat #2 is the button
Seat 1: simper11 ($174.94 in chips)
Seat 2: jl45259071 ($87.18 in chips)
jl45259071: posts small blind $1
simper11: posts big blind $3
*** HOLE CARDS ***
jl45259071: calls $2
simper11: checks
*** FLOP *** [6h Ah 7d]
simper11: bets $3
jl45259071: folds
Uncalled bet ($3) returned to simper11
simper11 collected $5.88 from pot
simper11: doesn't show hand
*** SUMMARY ***
Total pot $6 | Rake $0.12
Board [6h Ah 7d]
Seat 1: simper11 (big blind) collected ($5.88)
Seat 2: jl45259071 (button) (small blind) folded on the Flop


PokerStars Hand #147007706678:  Hold'em Limit ($3/$6 USD) - 2016/01/14 1:05:20 ET
Table 'Nipponia II' 2-max Seat #1 is the button
Seat 1: simper11 ($183.94 in chips)
Seat 2: jl45259071 ($78.54 in chips)
simper11: posts small blind $1
jl45259071: posts big blind $3
*** HOLE CARDS ***
simper11: raises $3 to $6
jl45259071: calls $3
*** FLOP *** [5d 6h 9d]
jl45259071: checks
simper11: bets $3
jl45259071: calls $3
*** TURN *** [5d 6h 9d] [Qs]
jl45259071: checks
simper11: checks
*** RIVER *** [5d 6h 9d Qs] [7c]
jl45259071: bets $6
simper11: folds
Uncalled bet ($6) returned to jl45259071
jl45259071 collected $17.64 from pot
jl45259071: doesn't show hand
*** SUMMARY ***
Total pot $18 | Rake $0.36
Board [5d 6h 9d Qs 7c]
Seat 1: simper11 (button) (small blind) folded on the River
Seat 2: jl45259071 (big blind) collected ($17.64)


PokerStars Hand #147007737975:  Hold'em Limit ($3/$6 USD) - 2016/01/14 1:07:07 ET
Table 'Nipponia II' 2-max Seat #2 is the button
Seat 1: simper11 ($171.48 in chips)
Seat 2: jl45259071 ($88.18 in chips)
jl45259071: posts small blind $1
simper11: posts big blind $3
*** HOLE CARDS ***
jl45259071: folds
Uncalled bet ($2) returned to simper11
simper11 collected $2 from pot
simper11: doesn't show hand
*** SUMMARY ***
Total pot $2 | Rake $0
Seat 1: simper11 (big blind) collected ($2)
Seat 2: jl45259071 (button) (small blind) folded before Flop


PokerStars Hand #147007734075:  Hold'em Limit ($3/$6 USD) - 2016/01/14 1:06:54 ET
Table 'Nipponia II' 2-max Seat #1 is the button
Seat 1: simper11 ($162.84 in chips)
Seat 2: jl45259071 ($97.18 in chips)
simper11: posts small blind $1
jl45259071: posts big blind $3
*** HOLE CARDS ***
simper11: raises $3 to $6
jl45259071: calls $3
*** FLOP *** [5s Ks 5c]
jl45259071: checks
simper11: bets $3
jl45259071: calls $3
*** TURN *** [5s Ks 5c] [Qc]
jl45259071: checks
simper11: bets $6
jl45259071: folds
Uncalled bet ($6) returned to simper11
simper11 collected $17.64 from pot
simper11: doesn't show hand
*** SUMMARY ***
Total pot $18 | Rake $0.36
Board [5s Ks 5c Qc]
Seat 1: simper11 (button) (small blind) collected ($17.64)
Seat 2: jl45259071 (big blind) folded on the Turn


PokerStars Hand #147007726583:  Hold'em Limit ($3/$6 USD) - 2016/01/14 1:06:28 ET
Table 'Nipponia II' 2-max Seat #1 is the button
Seat 1: simper11 ($184.08 in chips)
Seat 2: jl45259071 ($76.68 in chips)
simper11: posts small blind $1
jl45259071: posts big blind $3
*** HOLE CARDS ***
simper11: raises $3 to $6
jl45259071: calls $3
*** FLOP *** [6s 7h Kc]
jl45259071: checks
simper11: bets $3
jl45259071: folds
Uncalled bet ($3) returned to simper11
simper11 collected $11.76 from pot
simper11: doesn't show hand
*** SUMMARY ***
Total pot $12 | Rake $0.24
Board [6s 7h Kc]
Seat 1: simper11 (button) (small blind) collected ($11.76)
Seat 2: jl45259071 (big blind) folded on the Flop


PokerStars Hand #147007751098:  Hold'em Limit ($3/$6 USD) - 2016/01/14 1:07:52 ET
Table 'Nipponia II' 2-max Seat #2 is the button
Seat 1: simper11 ($148.12 in chips)
Seat 2: jl45259071 ($110.18 in chips)
jl45259071: posts small blind $1
simper11: posts big blind $3
*** HOLE CARDS ***
jl45259071: calls $2
simper11: raises $3 to $6
jl45259071: calls $3
*** FLOP *** [5c 4c Kc]
simper11: bets $3
jl45259071: calls $3
*** TURN *** [5c 4c Kc] [Qh]
simper11: bets $6
jl45259071: raises $6 to $12
simper11: raises $6 to $18
jl45259071: calls $6
*** RIVER *** [5c 4c Kc Qh] [Ad]
simper11: bets $6
jl45259071: calls $6
*** SHOW DOWN ***
simper11: shows [8c Jc] (a flush, King high)
jl45259071: mucks hand
simper11 collected $65.50 from pot
*** SUMMARY ***
Total pot $66 | Rake $0.50
Board [5c 4c Kc Qh Ad]
Seat 1: simper11 (big blind) showed [8c Jc] and won ($65.50) with a flush, King high
Seat 2: jl45259071 (button) (small blind) mucked


PokerStars Hand #147007744137:  Hold'em Limit ($3/$6 USD) - 2016/01/14 1:07:28 ET
Table 'Nipponia II' 2-max Seat #2 is the button
Seat 1: simper11 ($154.48 in chips)
Seat 2: jl45259071 ($104.68 in chips)
jl45259071: posts small blind $1
simper11: posts big blind $3
*** HOLE CARDS ***
jl45259071: calls $2
simper11: raises $3 to $6
jl45259071: calls $3
*** FLOP *** [9s Ad 4d]
simper11: bets $3
jl45259071: calls $3
*** TURN *** [9s Ad 4d] [Kd]
simper11: bets $6
jl45259071: raises $6 to $12
simper11: folds
Uncalled bet ($6) returned to jl45259071
jl45259071 collected $29.50 from pot
jl45259071: doesn't show hand
*** SUMMARY ***
Total pot $30 | Rake $0.50
Board [9s Ad 4d Kd]
Seat 1: simper11 (big blind) folded on the Turn
Seat 2: jl45259071 (button) (small blind) collected ($29.50)


PokerStars Hand #147007761367:  Hold'em Limit ($3/$6 USD) - 2016/01/14 1:08:27 ET
Table 'Nipponia II' 2-max Seat #2 is the button
Seat 1: simper11 ($165.62 in chips)
Seat 2: jl45259071 ($91.68 in chips)
jl45259071: posts small blind $1
simper11: posts big blind $3
*** HOLE CARDS ***
jl45259071: folds
Uncalled bet ($2) returned to simper11
simper11 collected $2 from pot
simper11: doesn't show hand
*** SUMMARY ***
Total pot $2 | Rake $0
Seat 1: simper11 (big blind) collected ($2)
Seat 2: jl45259071 (button) (small blind) folded before Flop


PokerStars Hand #147007767341:  Hold'em Limit ($3/$6 USD) - 2016/01/14 1:08:48 ET
Table 'Nipponia II' 2-max Seat #2 is the button
Seat 1: simper11 ($166.37 in chips)
Seat 2: jl45259071 ($90.43 in chips)
jl45259071: posts small blind $1
simper11: posts big blind $3
*** HOLE CARDS ***
jl45259071: calls $2
simper11: checks
*** FLOP *** [2h 3d Jd]
simper11: bets $3
jl45259071: calls $3
*** TURN *** [2h 3d Jd] [8h]
simper11: bets $6
jl45259071: calls $6
*** RIVER *** [2h 3d Jd 8h] [Ah]
simper11: checks
jl45259071: bets $6
simper11: calls $6
*** SHOW DOWN ***
jl45259071: shows [2c Ac] (two pair, Aces and Deuces)
simper11: mucks hand
jl45259071 collected $35.50 from pot
*** SUMMARY ***
Total pot $36 | Rake $0.50
Board [2h 3d Jd 8h Ah]
Seat 1: simper11 (big blind) mucked
Seat 2: jl45259071 (button) (small blind) showed [2c Ac] and won ($35.50) with two pair, Aces and Deuces


PokerStars Hand #147007762815:  Hold'em Limit ($3/$6 USD) - 2016/01/14 1:08:32 ET
Table 'Nipponia II' 2-max Seat #1 is the button
Seat 1: simper11 ($166.62 in chips)
Seat 2: jl45259071 ($90.68 in chips)
simper11: posts small blind $1
jl45259071: posts big blind $3
*** HOLE CARDS ***
simper11: raises $3 to $6
jl45259071: calls $3
*** FLOP *** [As Qc 9s]
jl45259071: checks
simper11: bets $3
jl45259071: calls $3
*** TURN *** [As Qc 9s] [Th]
jl45259071: checks
simper11: bets $6
jl45259071: calls $6
*** RIVER *** [As Qc 9s Th] [6c]
jl45259071: checks
simper11: checks
*** SHOW DOWN ***
jl45259071: shows [3s Ks] (high card Ace)
simper11: shows [2d Kh] (high card Ace)
jl45259071 collected $14.75 from pot
simper11 collected $14.75 from pot
*** SUMMARY ***
Total pot $30 | Rake $0.50
Board [As Qc 9s Th 6c]
Seat 1: simper11 (button) (small blind) showed [2d Kh] and won ($14.75) with high card Ace
Seat 2: jl45259071 (big blind) showed [3s Ks] and won ($14.75) with high card Ace


PokerStars Hand #147007776353:  Hold'em Limit ($3/$6 USD) - 2016/01/14 1:09:20 ET
Table 'Nipponia II' 2-max Seat #2 is the button
Seat 1: simper11 ($168.87 in chips)
Seat 2: jl45259071 ($86.93 in chips)
jl45259071: posts small blind $1
simper11: posts big blind $3
*** HOLE CARDS ***
jl45259071: calls $2
simper11: checks
*** FLOP *** [Jd 5s 4h]
simper11: bets $3
jl45259071: calls $3
*** TURN *** [Jd 5s 4h] [8s]
simper11: bets $6
jl45259071: folds
Uncalled bet ($6) returned to simper11
simper11 collected $11.76 from pot
simper11: doesn't show hand
*** SUMMARY ***
Total pot $12 | Rake $0.24
Board [Jd 5s 4h 8s]
Seat 1: simper11 (big blind) collected ($11.76)
Seat 2: jl45259071 (button) (small blind) folded on the Turn


PokerStars Hand #147007783365:  Hold'em Limit ($3/$6 USD) - 2016/01/14 1:09:44 ET
Table 'Nipponia II' 2-max Seat #2 is the button
Seat 1: simper11 ($183.27 in chips)
Seat 2: jl45259071 ($71.93 in chips)
jl45259071: posts small blind $1
simper11: posts big blind $3
*** HOLE CARDS ***
jl45259071: folds
Uncalled bet ($2) returned to simper11
simper11 collected $2 from pot
simper11: doesn't show hand
*** SUMMARY ***
Total pot $2 | Rake $0
Seat 1: simper11 (big blind) collected ($2)
Seat 2: jl45259071 (button) (small blind) folded before Flop


PokerStars Hand #147007791998:  Hold'em Limit ($3/$6 USD) - 2016/01/14 1:10:15 ET
Table 'Nipponia II' 2-max Seat #1 is the button
Seat 1: simper11 ($207.41 in chips)
Seat 2: jl45259071 ($46.93 in chips)
simper11: posts small blind $1
jl45259071: posts big blind $3
*** HOLE CARDS ***
simper11: folds
Uncalled bet ($2) returned to jl45259071
jl45259071 collected $2 from pot
jl45259071: doesn't show hand
*** SUMMARY ***
Total pot $2 | Rake $0
Seat 1: simper11 (button) (small blind) folded before Flop
Seat 2: jl45259071 (big blind) collected ($2)


PokerStars Hand #147007787993:  Hold'em Limit ($3/$6 USD) - 2016/01/14 1:10:00 ET
Table 'Nipponia II' 2-max Seat #2 is the button
Seat 1: simper11 ($192.91 in chips)
Seat 2: jl45259071 ($61.93 in chips)
jl45259071: posts small blind $1
simper11: posts big blind $3
*** HOLE CARDS ***
jl45259071: calls $2
simper11: raises $3 to $6
jl45259071: calls $3
*** FLOP *** [8d Qc 5h]
simper11: bets $3
jl45259071: calls $3
*** TURN *** [8d Qc 5h] [6d]
simper11: bets $6
jl45259071: calls $6
*** RIVER *** [8d Qc 5h 6d] [6c]
simper11: bets $6
jl45259071: folds
Uncalled bet ($6) returned to simper11
simper11 collected $29.50 from pot
simper11: doesn't show hand
*** SUMMARY ***
Total pot $30 | Rake $0.50
Board [8d Qc 5h 6d 6c]
Seat 1: simper11 (big blind) collected ($29.50)
Seat 2: jl45259071 (button) (small blind) folded on the River


PokerStars Hand #147007793248:  Hold'em Limit ($3/$6 USD) - 2016/01/14 1:10:19 ET
Table 'Nipponia II' 2-max Seat #2 is the button
Seat 1: simper11 ($206.41 in chips)
Seat 2: jl45259071 ($47.93 in chips)
jl45259071: posts small blind $1
simper11: posts big blind $3
*** HOLE CARDS ***
jl45259071: calls $2
simper11: checks
*** FLOP *** [5d 9s 9d]
simper11: checks
jl45259071: bets $3
simper11: folds
Uncalled bet ($3) returned to jl45259071
jl45259071 collected $5.88 from pot
jl45259071: doesn't show hand
*** SUMMARY ***
Total pot $6 | Rake $0.12
Board [5d 9s 9d]
Seat 1: simper11 (big blind) folded on the Flop
Seat 2: jl45259071 (button) (small blind) collected ($5.88)


PokerStars Hand #147007779512:  Hold'em Limit ($3/$6 USD) - 2016/01/14 1:09:31 ET
Table 'Nipponia II' 2-max Seat #1 is the button
Seat 1: simper11 ($174.63 in chips)
Seat 2: jl45259071 ($80.93 in chips)
simper11: posts small blind $1
jl45259071: posts big blind $3
*** HOLE CARDS ***
simper11: raises $3 to $6
jl45259071: calls $3
*** FLOP *** [Qh Jd 8h]
jl45259071: checks
simper11: bets $3
jl45259071: calls $3
*** TURN *** [Qh Jd 8h] [5h]
jl45259071: checks
simper11: bets $6
jl45259071: folds
Uncalled bet ($6) returned to simper11
simper11 collected $17.64 from pot
simper11: doesn't show hand
*** SUMMARY ***
Total pot $18 | Rake $0.36
Board [Qh Jd 8h 5h]
Seat 1: simper11 (button) (small blind) collected ($17.64)
Seat 2: jl45259071 (big blind) folded on the Turn


PokerStars Hand #147007800764:  Hold'em Limit ($3/$6 USD) - 2016/01/14 1:10:45 ET
Table 'Nipponia II' 2-max Seat #2 is the button
Seat 1: simper11 ($223.91 in chips)
Seat 2: jl45259071 ($29.81 in chips)
jl45259071: posts small blind $1
simper11: posts big blind $3
*** HOLE CARDS ***
jl45259071: calls $2
simper11: checks
*** FLOP *** [4s 2s 9s]
simper11: checks
jl45259071: bets $3
simper11: raises $3 to $6
jl45259071: calls $3
*** TURN *** [4s 2s 9s] [8s]
simper11: bets $6
jl45259071: calls $6
*** RIVER *** [4s 2s 9s 8s] [6c]
simper11: bets $6
jl45259071: calls $6
*** SHOW DOWN ***
simper11: shows [9h Ts] (a flush, Ten high)
jl45259071: mucks hand
simper11 collected $41.50 from pot
*** SUMMARY ***
Total pot $42 | Rake $0.50
Board [4s 2s 9s 8s 6c]
Seat 1: simper11 (big blind) showed [9h Ts] and won ($41.50) with a flush, Ten high
Seat 2: jl45259071 (button) (small blind) mucked


