PokerStars Hand #161246666247:  Hold'em Limit ($3/$6 USD) - 2016/11/11 13:54:28 ET
Table 'Nissen' 6-max Seat #4 is the button
Seat 1: giizgiiz ($91.79 in chips)
Seat 4: assitoni ($72 in chips)
assitoni: posts small blind $1
giizgiiz: posts big blind $3
*** HOLE CARDS ***
assitoni: folds
Uncalled bet ($2) returned to giizgiiz
giizgiiz collected $2 from pot
giizgiiz: doesn't show hand
*** SUMMARY ***
Total pot $2 | Rake $0
Seat 1: giizgiiz (big blind) collected ($2)
Seat 4: assitoni (button) (small blind) folded before Flop


PokerStars Hand #161246626523:  Hold'em Limit ($3/$6 USD) - 2016/11/11 13:53:40 ET
Table 'Nissen' 6-max Seat #1 is the button
Seat 1: giizgiiz ($80.27 in chips)
Seat 4: assitoni ($72 in chips)
giizgiiz: posts small blind $1
assitoni: posts big blind $3
*** HOLE CARDS ***
giizgiiz: raises $3 to $6
assitoni: calls $3
*** FLOP *** [2s 9c Ac]
assitoni: checks
giizgiiz: bets $3
assitoni: raises $3 to $6
giizgiiz: raises $3 to $9
assitoni: folds
Uncalled bet ($3) returned to giizgiiz
giizgiiz collected $23.52 from pot
giizgiiz: doesn't show hand
*** SUMMARY ***
Total pot $24 | Rake $0.48
Board [2s 9c Ac]
Seat 1: giizgiiz (button) (small blind) collected ($23.52)
Seat 4: assitoni (big blind) folded on the Flop


PokerStars Hand #161246672615:  Hold'em Limit ($3/$6 USD) - 2016/11/11 13:54:36 ET
Table 'Nissen' 6-max Seat #1 is the button
Seat 1: giizgiiz ($92.79 in chips)
Seat 4: assitoni ($72 in chips)
giizgiiz: posts small blind $1
assitoni: posts big blind $3
*** HOLE CARDS ***
giizgiiz: folds
Uncalled bet ($2) returned to assitoni
assitoni collected $2 from pot
assitoni: doesn't show hand
*** SUMMARY ***
Total pot $2 | Rake $0
Seat 1: giizgiiz (button) (small blind) folded before Flop
Seat 4: assitoni (big blind) collected ($2)


PokerStars Hand #161246708685:  Hold'em Limit ($3/$6 USD) - 2016/11/11 13:55:20 ET
Table 'Nissen' 6-max Seat #1 is the button
Seat 1: giizgiiz ($70.79 in chips)
Seat 4: assitoni ($93.50 in chips)
giizgiiz: posts small blind $1
assitoni: posts big blind $3
*** HOLE CARDS ***
giizgiiz: folds
Uncalled bet ($2) returned to assitoni
assitoni collected $2 from pot
assitoni: doesn't show hand
*** SUMMARY ***
Total pot $2 | Rake $0
Seat 1: giizgiiz (button) (small blind) folded before Flop
Seat 4: assitoni (big blind) collected ($2)


PokerStars Hand #161246679377:  Hold'em Limit ($3/$6 USD) - 2016/11/11 13:54:44 ET
Table 'Nissen' 6-max Seat #4 is the button
Seat 1: giizgiiz ($91.79 in chips)
Seat 4: assitoni ($73 in chips)
assitoni: posts small blind $1
giizgiiz: posts big blind $3
*** HOLE CARDS ***
assitoni: raises $3 to $6
giizgiiz: raises $3 to $9
assitoni: calls $3
*** FLOP *** [Td 7c Qh]
giizgiiz: checks
assitoni: checks
*** TURN *** [Td 7c Qh] [Qc]
giizgiiz: checks
assitoni: bets $6
giizgiiz: calls $6
*** RIVER *** [Td 7c Qh Qc] [Qd]
giizgiiz: checks
assitoni: bets $6
giizgiiz: calls $6
*** SHOW DOWN ***
assitoni: shows [9c Th] (a full house, Queens full of Tens)
giizgiiz: mucks hand
assitoni collected $41.50 from pot
*** SUMMARY ***
Total pot $42 | Rake $0.50
Board [Td 7c Qh Qc Qd]
Seat 1: giizgiiz (big blind) mucked
Seat 4: assitoni (button) (small blind) showed [9c Th] and won ($41.50) with a full house, Queens full of Tens


PokerStars Hand #161246712460:  Hold'em Limit ($3/$6 USD) - 2016/11/11 13:55:25 ET
Table 'Nissen' 6-max Seat #4 is the button
Seat 1: giizgiiz ($69.79 in chips)
Seat 4: assitoni ($94.50 in chips)
assitoni: posts small blind $1
giizgiiz: posts big blind $3
*** HOLE CARDS ***
assitoni: folds
Uncalled bet ($2) returned to giizgiiz
giizgiiz collected $2 from pot
giizgiiz: doesn't show hand
*** SUMMARY ***
Total pot $2 | Rake $0
Seat 1: giizgiiz (big blind) collected ($2)
Seat 4: assitoni (button) (small blind) folded before Flop


PokerStars Hand #161246715803:  Hold'em Limit ($3/$6 USD) - 2016/11/11 13:55:30 ET
Table 'Nissen' 6-max Seat #1 is the button
Seat 1: giizgiiz ($70.79 in chips)
Seat 4: assitoni ($93.50 in chips)
giizgiiz: posts small blind $1
assitoni: posts big blind $3
*** HOLE CARDS ***
giizgiiz: raises $3 to $6
assitoni: folds
Uncalled bet ($3) returned to giizgiiz
giizgiiz collected $6 from pot
giizgiiz: doesn't show hand
*** SUMMARY ***
Total pot $6 | Rake $0
Seat 1: giizgiiz (button) (small blind) collected ($6)
Seat 4: assitoni (big blind) folded before Flop


PokerStars Hand #161246721650:  Hold'em Limit ($3/$6 USD) - 2016/11/11 13:55:39 ET
Table 'Nissen' 6-max Seat #4 is the button
Seat 1: giizgiiz ($73.79 in chips)
Seat 4: assitoni ($90.50 in chips)
assitoni: posts small blind $1
giizgiiz: posts big blind $3
*** HOLE CARDS ***
assitoni: raises $3 to $6
giizgiiz: folds
Uncalled bet ($3) returned to assitoni
assitoni collected $6 from pot
assitoni: doesn't show hand
*** SUMMARY ***
Total pot $6 | Rake $0
Seat 1: giizgiiz (big blind) folded before Flop
Seat 4: assitoni (button) (small blind) collected ($6)


PokerStars Hand #161246730788:  Hold'em Limit ($3/$6 USD) - 2016/11/11 13:55:53 ET
Table 'Nissen' 6-max Seat #1 is the button
Seat 1: giizgiiz ($70.79 in chips)
Seat 4: assitoni ($93.50 in chips)
giizgiiz: posts small blind $1
assitoni: posts big blind $3
*** HOLE CARDS ***
giizgiiz: raises $3 to $6
assitoni: calls $3
*** FLOP *** [4s 7c Th]
assitoni: checks
giizgiiz: bets $3
assitoni: calls $3
*** TURN *** [4s 7c Th] [5c]
assitoni: checks
giizgiiz: bets $6
assitoni: calls $6
*** RIVER *** [4s 7c Th 5c] [Kc]
assitoni: checks
giizgiiz: bets $6
assitoni: calls $6
*** SHOW DOWN ***
giizgiiz: shows [Js 8c] (high card King)
assitoni: shows [Ad 3h] (high card Ace)
assitoni collected $41.50 from pot
*** SUMMARY ***
Total pot $42 | Rake $0.50
Board [4s 7c Th 5c Kc]
Seat 1: giizgiiz (button) (small blind) showed [Js 8c] and lost with high card King
Seat 4: assitoni (big blind) showed [Ad 3h] and won ($41.50) with high card Ace


PokerStars Hand #161246753240:  Hold'em Limit ($3/$6 USD) - 2016/11/11 13:56:26 ET
Table 'Nissen' 6-max Seat #4 is the button
Seat 1: giizgiiz ($49.79 in chips)
Seat 4: assitoni ($114 in chips)
assitoni: posts small blind $1
giizgiiz: posts big blind $3
*** HOLE CARDS ***
assitoni: raises $3 to $6
giizgiiz: folds
Uncalled bet ($3) returned to assitoni
assitoni collected $6 from pot
assitoni: doesn't show hand
*** SUMMARY ***
Total pot $6 | Rake $0
Seat 1: giizgiiz (big blind) folded before Flop
Seat 4: assitoni (button) (small blind) collected ($6)


PokerStars Hand #161246781540:  Hold'em Limit ($3/$6 USD) - 2016/11/11 13:57:08 ET
Table 'Nissen' 6-max Seat #1 is the button
Seat 1: giizgiiz ($71.29 in chips)
Seat 4: assitoni ($92 in chips)
giizgiiz: posts small blind $1
assitoni: posts big blind $3
*** HOLE CARDS ***
giizgiiz: raises $3 to $6
assitoni: raises $3 to $9
giizgiiz: raises $3 to $12
Betting is capped
assitoni: calls $3
*** FLOP *** [4h Qd 8c]
assitoni: checks
giizgiiz: bets $3
assitoni: folds
Uncalled bet ($3) returned to giizgiiz
giizgiiz collected $23.52 from pot
giizgiiz: doesn't show hand
*** SUMMARY ***
Total pot $24 | Rake $0.48
Board [4h Qd 8c]
Seat 1: giizgiiz (button) (small blind) collected ($23.52)
Seat 4: assitoni (big blind) folded on the Flop


PokerStars Hand #161246778094:  Hold'em Limit ($3/$6 USD) - 2016/11/11 13:57:03 ET
Table 'Nissen' 6-max Seat #4 is the button
Seat 1: giizgiiz ($70.29 in chips)
Seat 4: assitoni ($93 in chips)
assitoni: posts small blind $1
giizgiiz: posts big blind $3
*** HOLE CARDS ***
assitoni: folds
Uncalled bet ($2) returned to giizgiiz
giizgiiz collected $2 from pot
giizgiiz: doesn't show hand
*** SUMMARY ***
Total pot $2 | Rake $0
Seat 1: giizgiiz (big blind) collected ($2)
Seat 4: assitoni (button) (small blind) folded before Flop


PokerStars Hand #161246757072:  Hold'em Limit ($3/$6 USD) - 2016/11/11 13:56:32 ET
Table 'Nissen' 6-max Seat #1 is the button
Seat 1: giizgiiz ($46.79 in chips)
Seat 4: assitoni ($117 in chips)
giizgiiz: posts small blind $1
assitoni: posts big blind $3
*** HOLE CARDS ***
giizgiiz: raises $3 to $6
assitoni: raises $3 to $9
giizgiiz: calls $3
*** FLOP *** [Kc 6h 5d]
assitoni: bets $3
giizgiiz: calls $3
*** TURN *** [Kc 6h 5d] [Ts]
assitoni: checks
giizgiiz: bets $6
assitoni: calls $6
*** RIVER *** [Kc 6h 5d Ts] [2d]
assitoni: checks
giizgiiz: bets $6
assitoni: calls $6
*** SHOW DOWN ***
giizgiiz: shows [2c Kd] (two pair, Kings and Deuces)
assitoni: mucks hand
giizgiiz collected $47.50 from pot
*** SUMMARY ***
Total pot $48 | Rake $0.50
Board [Kc 6h 5d Ts 2d]
Seat 1: giizgiiz (button) (small blind) showed [2c Kd] and won ($47.50) with two pair, Kings and Deuces
Seat 4: assitoni (big blind) mucked


PokerStars Hand #161246830850:  Hold'em Limit ($3/$6 USD) - 2016/11/11 13:58:20 ET
Table 'Nissen' 6-max Seat #4 is the button
Seat 1: giizgiiz ($102.31 in chips)
Seat 4: assitoni ($73 in chips)
assitoni: posts small blind $1
giizgiiz: posts big blind $3
*** HOLE CARDS ***
assitoni: folds
Uncalled bet ($2) returned to giizgiiz
giizgiiz collected $2 from pot
giizgiiz: doesn't show hand
*** SUMMARY ***
Total pot $2 | Rake $0
Seat 1: giizgiiz (big blind) collected ($2)
Seat 4: assitoni (button) (small blind) folded before Flop


PokerStars Hand #161246826923:  Hold'em Limit ($3/$6 USD) - 2016/11/11 13:58:14 ET
Table 'Nissen' 6-max Seat #1 is the button
Seat 1: giizgiiz ($103.31 in chips)
Seat 4: assitoni ($72 in chips)
giizgiiz: posts small blind $1
assitoni: posts big blind $3
*** HOLE CARDS ***
giizgiiz: folds
Uncalled bet ($2) returned to assitoni
assitoni collected $2 from pot
assitoni: doesn't show hand
*** SUMMARY ***
Total pot $2 | Rake $0
Seat 1: giizgiiz (button) (small blind) folded before Flop
Seat 4: assitoni (big blind) collected ($2)


PokerStars Hand #161246797354:  Hold'em Limit ($3/$6 USD) - 2016/11/11 13:57:31 ET
Table 'Nissen' 6-max Seat #4 is the button
Seat 1: giizgiiz ($82.81 in chips)
Seat 4: assitoni ($80 in chips)
assitoni: posts small blind $1
giizgiiz: posts big blind $3
*** HOLE CARDS ***
assitoni: raises $3 to $6
giizgiiz: calls $3
*** FLOP *** [7s 7c 4c]
giizgiiz: checks
assitoni: bets $3
giizgiiz: calls $3
*** TURN *** [7s 7c 4c] [2h]
giizgiiz: checks
assitoni: bets $6
giizgiiz: raises $6 to $12
assitoni: calls $6
*** RIVER *** [7s 7c 4c 2h] [Ac]
giizgiiz: checks
assitoni: checks
*** SHOW DOWN ***
giizgiiz: shows [9c 7d] (three of a kind, Sevens)
assitoni: mucks hand
giizgiiz collected $41.50 from pot
*** SUMMARY ***
Total pot $42 | Rake $0.50
Board [7s 7c 4c 2h Ac]
Seat 1: giizgiiz (big blind) showed [9c 7d] and won ($41.50) with three of a kind, Sevens
Seat 4: assitoni (button) (small blind) mucked


PokerStars Hand #161246853785:  Hold'em Limit ($3/$6 USD) - 2016/11/11 13:58:53 ET
Table 'Nissen' 6-max Seat #4 is the button
Seat 1: giizgiiz ($126.81 in chips)
Seat 4: assitoni ($72 in chips)
assitoni: posts small blind $1
giizgiiz: posts big blind $3
*** HOLE CARDS ***
assitoni: folds
Uncalled bet ($2) returned to giizgiiz
giizgiiz collected $2 from pot
giizgiiz: doesn't show hand
*** SUMMARY ***
Total pot $2 | Rake $0
Seat 1: giizgiiz (big blind) collected ($2)
Seat 4: assitoni (button) (small blind) folded before Flop


PokerStars Hand #161246834366:  Hold'em Limit ($3/$6 USD) - 2016/11/11 13:58:25 ET
Table 'Nissen' 6-max Seat #1 is the button
Seat 1: giizgiiz ($103.31 in chips)
Seat 4: assitoni ($72 in chips)
giizgiiz: posts small blind $1
assitoni: posts big blind $3
*** HOLE CARDS ***
giizgiiz: raises $3 to $6
assitoni: calls $3
*** FLOP *** [4d 3d 5c]
assitoni: checks
giizgiiz: bets $3
assitoni: raises $3 to $6
giizgiiz: calls $3
*** TURN *** [4d 3d 5c] [8h]
assitoni: bets $6
giizgiiz: calls $6
*** RIVER *** [4d 3d 5c 8h] [7h]
assitoni: bets $6
giizgiiz: calls $6
*** SHOW DOWN ***
assitoni: shows [7d Td] (a pair of Sevens)
giizgiiz: shows [Kd 7s] (a pair of Sevens - King kicker)
giizgiiz collected $47.50 from pot
*** SUMMARY ***
Total pot $48 | Rake $0.50
Board [4d 3d 5c 8h 7h]
Seat 1: giizgiiz (button) (small blind) showed [Kd 7s] and won ($47.50) with a pair of Sevens
Seat 4: assitoni (big blind) showed [7d Td] and lost with a pair of Sevens


PokerStars Hand #161246875736:  Hold'em Limit ($3/$6 USD) - 2016/11/11 13:59:25 ET
Table 'Nissen' 6-max Seat #1 is the button
Seat 1: giizgiiz ($136.33 in chips)
Seat 4: assitoni ($75 in chips)
giizgiiz: posts small blind $1
assitoni: posts big blind $3
*** HOLE CARDS ***
FabronxRJ joins the table at seat #3
giizgiiz: raises $3 to $6
assitoni: calls $3
*** FLOP *** [4s Qh Tc]
assitoni: checks
giizgiiz: bets $3
assitoni: folds
Uncalled bet ($3) returned to giizgiiz
giizgiiz collected $11.76 from pot
giizgiiz: doesn't show hand
*** SUMMARY ***
Total pot $12 | Rake $0.24
Board [4s Qh Tc]
Seat 1: giizgiiz (button) (small blind) collected ($11.76)
Seat 4: assitoni (big blind) folded on the Flop


PokerStars Hand #161246857694:  Hold'em Limit ($3/$6 USD) - 2016/11/11 13:58:59 ET
Table 'Nissen' 6-max Seat #1 is the button
Seat 1: giizgiiz ($127.81 in chips)
Seat 4: assitoni ($72 in chips)
giizgiiz: posts small blind $1
assitoni: posts big blind $3
*** HOLE CARDS ***
giizgiiz: raises $3 to $6
assitoni: raises $3 to $9
giizgiiz: raises $3 to $12
Betting is capped
assitoni: calls $3
*** FLOP *** [Ad Jh 4h]
assitoni: checks
giizgiiz: bets $3
assitoni: folds
Uncalled bet ($3) returned to giizgiiz
giizgiiz collected $23.52 from pot
giizgiiz: doesn't show hand
*** SUMMARY ***
Total pot $24 | Rake $0.48
Board [Ad Jh 4h]
Seat 1: giizgiiz (button) (small blind) collected ($23.52)
Seat 4: assitoni (big blind) folded on the Flop


PokerStars Hand #161246868898:  Hold'em Limit ($3/$6 USD) - 2016/11/11 13:59:16 ET
Table 'Nissen' 6-max Seat #4 is the button
Seat 1: giizgiiz ($139.33 in chips)
Seat 4: assitoni ($72 in chips)
assitoni: posts small blind $1
giizgiiz: posts big blind $3
*** HOLE CARDS ***
assitoni: raises $3 to $6
giizgiiz: folds
Uncalled bet ($3) returned to assitoni
assitoni collected $6 from pot
assitoni: doesn't show hand
*** SUMMARY ***
Total pot $6 | Rake $0
Seat 1: giizgiiz (big blind) folded before Flop
Seat 4: assitoni (button) (small blind) collected ($6)


PokerStars Hand #161246888998:  Hold'em Limit ($3/$6 USD) - 2016/11/11 13:59:45 ET
Table 'Nissen' 6-max Seat #4 is the button
Seat 1: giizgiiz ($142.09 in chips)
Seat 4: assitoni ($72 in chips)
assitoni: posts small blind $1
giizgiiz: posts big blind $3
*** HOLE CARDS ***
Zubasa07 joins the table at seat #5
assitoni: raises $3 to $6
giizgiiz: calls $3
*** FLOP *** [2h 4s 5h]
giizgiiz: checks
MMM 22666 joins the table at seat #6
assitoni: bets $3
vovojc joins the table at seat #2
giizgiiz: calls $3
*** TURN *** [2h 4s 5h] [9s]
giizgiiz: checks
assitoni: bets $6
giizgiiz: calls $6
*** RIVER *** [2h 4s 5h 9s] [9c]
giizgiiz: checks
assitoni: checks
*** SHOW DOWN ***
giizgiiz: shows [4c Kc] (two pair, Nines and Fours)
assitoni: mucks hand
giizgiiz collected $29.50 from pot
*** SUMMARY ***
Total pot $30 | Rake $0.50
Board [2h 4s 5h 9s 9c]
Seat 1: giizgiiz (big blind) showed [4c Kc] and won ($29.50) with two pair, Nines and Fours
Seat 4: assitoni (button) (small blind) mucked


PokerStars Hand #161249783229:  Hold'em Limit ($3/$6 USD) - 2016/11/11 14:57:14 ET
Table 'Nissen' 6-max Seat #5 is the button
Seat 3: willKill4$$$ ($198.12 in chips)
Seat 5: Psynto ($194.08 in chips)
Psynto: posts small blind $1
willKill4$$$: posts big blind $3
*** HOLE CARDS ***
Psynto: raises $3 to $6
willKill4$$$: calls $3
*** FLOP *** [Kc 8s 5s]
willKill4$$$: checks
Psynto: bets $3
willKill4$$$: calls $3
*** TURN *** [Kc 8s 5s] [Ad]
willKill4$$$: checks
Psynto: bets $6
willKill4$$$: raises $6 to $12
Psynto: raises $6 to $18
willKill4$$$: raises $6 to $24
Betting is capped
Psynto: calls $6
*** RIVER *** [Kc 8s 5s Ad] [Qd]
willKill4$$$: bets $6
Psynto: calls $6
*** SHOW DOWN ***
willKill4$$$: shows [As 5d] (two pair, Aces and Fives)
Psynto: mucks hand
willKill4$$$ collected $77.50 from pot
*** SUMMARY ***
Total pot $78 | Rake $0.50
Board [Kc 8s 5s Ad Qd]
Seat 3: willKill4$$$ (big blind) showed [As 5d] and won ($77.50) with two pair, Aces and Fives
Seat 5: Psynto (button) (small blind) mucked


PokerStars Hand #161249768907:  Hold'em Limit ($3/$6 USD) - 2016/11/11 14:56:52 ET
Table 'Nissen' 6-max Seat #3 is the button
Seat 3: willKill4$$$ ($210.12 in chips)
Seat 5: Psynto ($182.56 in chips)
willKill4$$$: posts small blind $1
Psynto: posts big blind $3
*** HOLE CARDS ***
forforfor16 leaves the table
willKill4$$$: raises $3 to $6
Psynto: calls $3
*** FLOP *** [9c Ah Ac]
Psynto: checks
willKill4$$$: checks
*** TURN *** [9c Ah Ac] [9d]
Psynto: checks
willKill4$$$: checks
*** RIVER *** [9c Ah Ac 9d] [5h]
Psynto: bets $6
willKill4$$$: calls $6
*** SHOW DOWN ***
Psynto: shows [9s Th] (a full house, Nines full of Aces)
willKill4$$$: mucks hand
Psynto collected $23.52 from pot
*** SUMMARY ***
Total pot $24 | Rake $0.48
Board [9c Ah Ac 9d 5h]
Seat 3: willKill4$$$ (button) (small blind) mucked
Seat 5: Psynto (big blind) showed [9s Th] and won ($23.52) with a full house, Nines full of Aces


PokerStars Hand #161249836641:  Hold'em Limit ($3/$6 USD) - 2016/11/11 14:58:35 ET
Table 'Nissen' 6-max Seat #5 is the button
Seat 3: willKill4$$$ ($202.62 in chips)
Seat 5: Psynto ($188.22 in chips)
Psynto: posts small blind $1
willKill4$$$: posts big blind $3
*** HOLE CARDS ***
Psynto: raises $3 to $6
willKill4$$$: calls $3
*** FLOP *** [9c 3d 7d]
willKill4$$$: checks
Psynto: bets $3
willKill4$$$: calls $3
*** TURN *** [9c 3d 7d] [4d]
willKill4$$$: checks
Psynto: bets $6
willKill4$$$: raises $6 to $12
Psynto: calls $6
*** RIVER *** [9c 3d 7d 4d] [Jh]
willKill4$$$: bets $6
Psynto: calls $6
*** SHOW DOWN ***
willKill4$$$: shows [9d 7s] (two pair, Nines and Sevens)
Psynto: mucks hand
willKill4$$$ collected $53.50 from pot
*** SUMMARY ***
Total pot $54 | Rake $0.50
Board [9c 3d 7d 4d Jh]
Seat 3: willKill4$$$ (big blind) showed [9d 7s] and won ($53.50) with two pair, Nines and Sevens
Seat 5: Psynto (button) (small blind) mucked


PokerStars Hand #161249821420:  Hold'em Limit ($3/$6 USD) - 2016/11/11 14:58:12 ET
Table 'Nissen' 6-max Seat #3 is the button
Seat 3: willKill4$$$ ($226.62 in chips)
Seat 5: Psynto ($164.72 in chips)
willKill4$$$: posts small blind $1
Psynto: posts big blind $3
*** HOLE CARDS ***
willKill4$$$: raises $3 to $6
Psynto: raises $3 to $9
willKill4$$$: calls $3
*** FLOP *** [Qs Jc As]
Psynto: bets $3
willKill4$$$: calls $3
*** TURN *** [Qs Jc As] [9s]
Psynto: bets $6
willKill4$$$: calls $6
*** RIVER *** [Qs Jc As 9s] [2d]
Psynto: bets $6
willKill4$$$: calls $6
*** SHOW DOWN ***
Psynto: shows [Qd Ac] (two pair, Aces and Queens)
willKill4$$$: mucks hand
Psynto collected $47.50 from pot
*** SUMMARY ***
Total pot $48 | Rake $0.50
Board [Qs Jc As 9s 2d]
Seat 3: willKill4$$$ (button) (small blind) mucked
Seat 5: Psynto (big blind) showed [Qd Ac] and won ($47.50) with two pair, Aces and Queens


PokerStars Hand #161249808625:  Hold'em Limit ($3/$6 USD) - 2016/11/11 14:57:53 ET
Table 'Nissen' 6-max Seat #5 is the button
Seat 3: willKill4$$$ ($235.62 in chips)
Seat 5: Psynto ($156.08 in chips)
Psynto: posts small blind $1
willKill4$$$: posts big blind $3
*** HOLE CARDS ***
Psynto: raises $3 to $6
willKill4$$$: calls $3
*** FLOP *** [3d 3s Jd]
willKill4$$$: checks
Psynto: bets $3
willKill4$$$: calls $3
*** TURN *** [3d 3s Jd] [4h]
willKill4$$$: checks
Psynto: bets $6
willKill4$$$: folds
Uncalled bet ($6) returned to Psynto
Psynto collected $17.64 from pot
Psynto: doesn't show hand
*** SUMMARY ***
Total pot $18 | Rake $0.36
Board [3d 3s Jd 4h]
Seat 3: willKill4$$$ (big blind) folded on the Turn
Seat 5: Psynto (button) (small blind) collected ($17.64)


PokerStars Hand #161249862145:  Hold'em Limit ($3/$6 USD) - 2016/11/11 14:59:13 ET
Table 'Nissen' 6-max Seat #5 is the button
Seat 3: willKill4$$$ ($223.12 in chips)
Seat 5: Psynto ($166.98 in chips)
Psynto: posts small blind $1
willKill4$$$: posts big blind $3
*** HOLE CARDS ***
Psynto: raises $3 to $6
willKill4$$$: calls $3
*** FLOP *** [2s Jc Qd]
willKill4$$$: checks
Psynto: bets $3
willKill4$$$: folds
Uncalled bet ($3) returned to Psynto
Psynto collected $11.76 from pot
Psynto: doesn't show hand
*** SUMMARY ***
Total pot $12 | Rake $0.24
Board [2s Jc Qd]
Seat 3: willKill4$$$ (big blind) folded on the Flop
Seat 5: Psynto (button) (small blind) collected ($11.76)


PokerStars Hand #161249888708:  Hold'em Limit ($3/$6 USD) - 2016/11/11 14:59:53 ET
Table 'Nissen' 6-max Seat #3 is the button
Seat 3: willKill4$$$ ($230.62 in chips)
Seat 5: Psynto ($158.74 in chips)
willKill4$$$: posts small blind $1
Psynto: posts big blind $3
*** HOLE CARDS ***
willKill4$$$: raises $3 to $6
Psynto: folds
Uncalled bet ($3) returned to willKill4$$$
willKill4$$$ collected $6 from pot
*** SUMMARY ***
Total pot $6 | Rake $0
Seat 3: willKill4$$$ (button) (small blind) collected ($6)
Seat 5: Psynto (big blind) folded before Flop


PokerStars Hand #161249873595:  Hold'em Limit ($3/$6 USD) - 2016/11/11 14:59:30 ET
Table 'Nissen' 6-max Seat #5 is the button
Seat 3: willKill4$$$ ($216.12 in chips)
Seat 5: Psynto ($173.74 in chips)
Psynto: posts small blind $1
willKill4$$$: posts big blind $3
*** HOLE CARDS ***
Psynto: raises $3 to $6
willKill4$$$: calls $3
*** FLOP *** [5s 7d Ts]
willKill4$$$: checks
Psynto: bets $3
willKill4$$$: calls $3
*** TURN *** [5s 7d Ts] [2h]
willKill4$$$: checks
Psynto: checks
*** RIVER *** [5s 7d Ts 2h] [Ac]
willKill4$$$: bets $6
Psynto: calls $6
*** SHOW DOWN ***
willKill4$$$: shows [Kc Ah] (a pair of Aces)
Psynto: mucks hand
willKill4$$$ collected $29.50 from pot
*** SUMMARY ***
Total pot $30 | Rake $0.50
Board [5s 7d Ts 2h Ac]
Seat 3: willKill4$$$ (big blind) showed [Kc Ah] and won ($29.50) with a pair of Aces
Seat 5: Psynto (button) (small blind) mucked


PokerStars Hand #161249869845:  Hold'em Limit ($3/$6 USD) - 2016/11/11 14:59:25 ET
Table 'Nissen' 6-max Seat #3 is the button
Seat 3: willKill4$$$ ($217.12 in chips)
Seat 5: Psynto ($172.74 in chips)
willKill4$$$: posts small blind $1
Psynto: posts big blind $3
*** HOLE CARDS ***
willKill4$$$: folds
Uncalled bet ($2) returned to Psynto
Psynto collected $2 from pot
Psynto: doesn't show hand
*** SUMMARY ***
Total pot $2 | Rake $0
Seat 3: willKill4$$$ (button) (small blind) folded before Flop
Seat 5: Psynto (big blind) collected ($2)


PokerStars Hand #161249852668:  Hold'em Limit ($3/$6 USD) - 2016/11/11 14:58:59 ET
Table 'Nissen' 6-max Seat #3 is the button
Seat 3: willKill4$$$ ($229.12 in chips)
Seat 5: Psynto ($161.22 in chips)
willKill4$$$: posts small blind $1
Psynto: posts big blind $3
*** HOLE CARDS ***
willKill4$$$: raises $3 to $6
Psynto: calls $3
*** FLOP *** [2s 3c 2h]
Psynto: checks
willKill4$$$: checks
*** TURN *** [2s 3c 2h] [8s]
Psynto: bets $6
willKill4$$$: folds
Uncalled bet ($6) returned to Psynto
Psynto collected $11.76 from pot
Psynto: doesn't show hand
*** SUMMARY ***
Total pot $12 | Rake $0.24
Board [2s 3c 2h 8s]
Seat 3: willKill4$$$ (button) (small blind) folded on the Turn
Seat 5: Psynto (big blind) collected ($11.76)


PokerStars Hand #161249893889:  Hold'em Limit ($3/$6 USD) - 2016/11/11 15:00:01 ET
Table 'Nissen' 6-max Seat #5 is the button
Seat 3: willKill4$$$ ($233.62 in chips)
Seat 5: Psynto ($155.74 in chips)
Psynto: posts small blind $1
willKill4$$$: posts big blind $3
*** HOLE CARDS ***
Psynto: raises $3 to $6
willKill4$$$: calls $3
*** FLOP *** [9d Tc 7c]
willKill4$$$: checks
Psynto: bets $3
willKill4$$$: calls $3
*** TURN *** [9d Tc 7c] [6d]
willKill4$$$: checks
Psynto: bets $6
willKill4$$$: folds
Uncalled bet ($6) returned to Psynto
Psynto collected $17.64 from pot
Psynto: doesn't show hand
*** SUMMARY ***
Total pot $18 | Rake $0.36
Board [9d Tc 7c 6d]
Seat 3: willKill4$$$ (big blind) folded on the Turn
Seat 5: Psynto (button) (small blind) collected ($17.64)


PokerStars Hand #161249912366:  Hold'em Limit ($3/$6 USD) - 2016/11/11 15:00:26 ET
Table 'Nissen' 6-max Seat #3 is the button
Seat 3: willKill4$$$ ($224.62 in chips)
Seat 5: Psynto ($164.38 in chips)
willKill4$$$: posts small blind $1
Psynto: posts big blind $3
*** HOLE CARDS ***
willKill4$$$: folds
Uncalled bet ($2) returned to Psynto
Psynto collected $2 from pot
Psynto: doesn't show hand
*** SUMMARY ***
Total pot $2 | Rake $0
Seat 3: willKill4$$$ (button) (small blind) folded before Flop
Seat 5: Psynto (big blind) collected ($2)


PokerStars Hand #161249915949:  Hold'em Limit ($3/$6 USD) - 2016/11/11 15:00:31 ET
Table 'Nissen' 6-max Seat #5 is the button
Seat 3: willKill4$$$ ($223.62 in chips)
Seat 5: Psynto ($165.38 in chips)
Psynto: posts small blind $1
willKill4$$$: posts big blind $3
*** HOLE CARDS ***
Psynto: raises $3 to $6
willKill4$$$: calls $3
*** FLOP *** [Ah 9d 5c]
willKill4$$$: checks
Psynto: bets $3
willKill4$$$: calls $3
*** TURN *** [Ah 9d 5c] [9c]
willKill4$$$: checks
Psynto: bets $6
willKill4$$$: calls $6
*** RIVER *** [Ah 9d 5c 9c] [3d]
willKill4$$$: checks
Psynto: bets $6
willKill4$$$: calls $6
*** SHOW DOWN ***
Psynto: shows [Ac 8c] (two pair, Aces and Nines)
willKill4$$$: mucks hand
Psynto collected $41.50 from pot
*** SUMMARY ***
Total pot $42 | Rake $0.50
Board [Ah 9d 5c 9c 3d]
Seat 3: willKill4$$$ (big blind) mucked
Seat 5: Psynto (button) (small blind) showed [Ac 8c] and won ($41.50) with two pair, Aces and Nines


PokerStars Hand #161249936652:  Hold'em Limit ($3/$6 USD) - 2016/11/11 15:00:59 ET
Table 'Nissen' 6-max Seat #3 is the button
Seat 3: willKill4$$$ ($202.62 in chips)
Seat 5: Psynto ($185.88 in chips)
willKill4$$$: posts small blind $1
Psynto: posts big blind $3
*** HOLE CARDS ***
willKill4$$$: raises $3 to $6
Psynto: calls $3
*** FLOP *** [6c 3d Kh]
Psynto: checks
vestimokrec joins the table at seat #4
willKill4$$$: bets $3
Psynto: calls $3
*** TURN *** [6c 3d Kh] [Jc]
Psynto: checks
willKill4$$$: checks
*** RIVER *** [6c 3d Kh Jc] [4c]
Psynto: bets $6
willKill4$$$: calls $6
*** SHOW DOWN ***
Psynto: shows [Kd 8s] (a pair of Kings)
willKill4$$$: mucks hand
Psynto collected $29.50 from pot
*** SUMMARY ***
Total pot $30 | Rake $0.50
Board [6c 3d Kh Jc 4c]
Seat 3: willKill4$$$ (button) (small blind) mucked
Seat 5: Psynto (big blind) showed [Kd 8s] and won ($29.50) with a pair of Kings


PokerStars Hand #161249951617:  Hold'em Limit ($3/$6 USD) - 2016/11/11 15:01:19 ET
Table 'Nissen' 6-max Seat #5 is the button
Seat 3: willKill4$$$ ($187.62 in chips)
Seat 5: Psynto ($200.38 in chips)
Psynto: posts small blind $1
willKill4$$$: posts big blind $3
*** HOLE CARDS ***
Psynto: raises $3 to $6
willKill4$$$: calls $3
*** FLOP *** [4h 4s 2d]
willKill4$$$: checks
Psynto: bets $3
willKill4$$$: calls $3
*** TURN *** [4h 4s 2d] [8d]
willKill4$$$: checks
Psynto: checks
*** RIVER *** [4h 4s 2d 8d] [7c]
willKill4$$$: bets $6
Psynto: folds
Uncalled bet ($6) returned to willKill4$$$
willKill4$$$ collected $17.64 from pot
*** SUMMARY ***
Total pot $18 | Rake $0.36
Board [4h 4s 2d 8d 7c]
Seat 3: willKill4$$$ (big blind) collected ($17.64)
Seat 5: Psynto (button) (small blind) folded on the River


PokerStars Hand #161250397064:  Hold'em Limit ($3/$6 USD) - 2016/11/11 15:09:52 ET
Table 'Nissen' 6-max Seat #4 is the button
Seat 3: willKill4$$$ ($205.81 in chips)
Seat 4: vestimokrec ($111.05 in chips)
vestimokrec: posts small blind $1
Psynto: is sitting out
willKill4$$$: posts big blind $3
*** HOLE CARDS ***
vestimokrec: folds
Uncalled bet ($2) returned to willKill4$$$
willKill4$$$ collected $2 from pot
*** SUMMARY ***
Total pot $2 | Rake $0
Seat 3: willKill4$$$ (big blind) collected ($2)
Seat 4: vestimokrec (button) (small blind) folded before Flop


PokerStars Hand #161250414734:  Hold'em Limit ($3/$6 USD) - 2016/11/11 15:10:13 ET
Table 'Nissen' 6-max Seat #4 is the button
Seat 3: willKill4$$$ ($212.57 in chips)
Seat 4: vestimokrec ($104.05 in chips)
vestimokrec: posts small blind $1
willKill4$$$: posts big blind $3
*** HOLE CARDS ***
vestimokrec: raises $3 to $6
willKill4$$$: calls $3
*** FLOP *** [3h Qd 3d]
willKill4$$$: checks
vestimokrec: bets $3
willKill4$$$: calls $3
*** TURN *** [3h Qd 3d] [Tc]
willKill4$$$: checks
vestimokrec: bets $6
willKill4$$$: calls $6
*** RIVER *** [3h Qd 3d Tc] [2c]
willKill4$$$: checks
vestimokrec: bets $6
willKill4$$$: calls $6
*** SHOW DOWN ***
vestimokrec: shows [5h 2h] (two pair, Threes and Deuces)
willKill4$$$: shows [Td Js] (two pair, Tens and Threes)
willKill4$$$ collected $41.50 from pot
*** SUMMARY ***
Total pot $42 | Rake $0.50
Board [3h Qd 3d Tc 2c]
Seat 3: willKill4$$$ (big blind) showed [Td Js] and won ($41.50) with two pair, Tens and Threes
Seat 4: vestimokrec (button) (small blind) showed [5h 2h] and lost with two pair, Threes and Deuces


PokerStars Hand #161250401508:  Hold'em Limit ($3/$6 USD) - 2016/11/11 15:09:58 ET
Table 'Nissen' 6-max Seat #3 is the button
Seat 3: willKill4$$$ ($206.81 in chips)
Seat 4: vestimokrec ($110.05 in chips)
willKill4$$$: posts small blind $1
vestimokrec: posts big blind $3
*** HOLE CARDS ***
Psynto leaves the table
willKill4$$$: raises $3 to $6
vestimokrec: calls $3
*** FLOP *** [As 3d Qs]
vestimokrec: checks
willKill4$$$: bets $3
vestimokrec: folds
Uncalled bet ($3) returned to willKill4$$$
willKill4$$$ collected $11.76 from pot
*** SUMMARY ***
Total pot $12 | Rake $0.24
Board [As 3d Qs]
Seat 3: willKill4$$$ (button) (small blind) collected ($11.76)
Seat 4: vestimokrec (big blind) folded on the Flop


PokerStars Hand #161250446351:  Hold'em Limit ($3/$6 USD) - 2016/11/11 15:10:49 ET
Table 'Nissen' 6-max Seat #3 is the button
Seat 3: willKill4$$$ ($233.07 in chips)
Seat 4: vestimokrec ($83.05 in chips)
willKill4$$$: posts small blind $1
vestimokrec: posts big blind $3
*** HOLE CARDS ***
willKill4$$$: raises $3 to $6
vestimokrec: calls $3
*** FLOP *** [Td 2d 5c]
vestimokrec: checks
willKill4$$$: bets $3
vestimokrec: raises $3 to $6
willKill4$$$: calls $3
*** TURN *** [Td 2d 5c] [Jc]
vestimokrec: bets $6
willKill4$$$: calls $6
*** RIVER *** [Td 2d 5c Jc] [As]
vestimokrec: checks
willKill4$$$: checks
*** SHOW DOWN ***
vestimokrec: shows [Tc 7d] (a pair of Tens)
willKill4$$$: mucks hand
vestimokrec collected $35.50 from pot
*** SUMMARY ***
Total pot $36 | Rake $0.50
Board [Td 2d 5c Jc As]
Seat 3: willKill4$$$ (button) (small blind) mucked
Seat 4: vestimokrec (big blind) showed [Tc 7d] and won ($35.50) with a pair of Tens


PokerStars Hand #161250517205:  Hold'em Limit ($3/$6 USD) - 2016/11/11 15:12:05 ET
Table 'Nissen' 6-max Seat #3 is the button
Seat 3: willKill4$$$ ($223.71 in chips)
Seat 4: vestimokrec ($91.55 in chips)
willKill4$$$: posts small blind $1
vestimokrec: posts big blind $3
*** HOLE CARDS ***
willKill4$$$: folds
Uncalled bet ($2) returned to vestimokrec
vestimokrec collected $2 from pot
vestimokrec: doesn't show hand
*** SUMMARY ***
Total pot $2 | Rake $0
Seat 3: willKill4$$$ (button) (small blind) folded before Flop
Seat 4: vestimokrec (big blind) collected ($2)


PokerStars Hand #161250488471:  Hold'em Limit ($3/$6 USD) - 2016/11/11 15:11:38 ET
Table 'Nissen' 6-max Seat #4 is the button
Seat 3: willKill4$$$ ($215.07 in chips)
Seat 4: vestimokrec ($100.55 in chips)
vestimokrec: posts small blind $1
willKill4$$$: posts big blind $3
*** HOLE CARDS ***
vestimokrec: raises $3 to $6
willKill4$$$: calls $3
*** FLOP *** [8c 8h Tc]
willKill4$$$: checks
vestimokrec: bets $3
willKill4$$$: calls $3
*** TURN *** [8c 8h Tc] [2d]
willKill4$$$: checks
vestimokrec: checks
*** RIVER *** [8c 8h Tc 2d] [6h]
willKill4$$$: checks
vestimokrec: checks
*** SHOW DOWN ***
willKill4$$$: shows [Ac 4c] (a pair of Eights)
vestimokrec: mucks hand
willKill4$$$ collected $17.64 from pot
*** SUMMARY ***
Total pot $18 | Rake $0.36
Board [8c 8h Tc 2d 6h]
Seat 3: willKill4$$$ (big blind) showed [Ac 4c] and won ($17.64) with a pair of Eights
Seat 4: vestimokrec (button) (small blind) mucked


PokerStars Hand #161250547968:  Hold'em Limit ($3/$6 USD) - 2016/11/11 15:12:40 ET
Table 'Nissen' 6-max Seat #3 is the button
Seat 3: willKill4$$$ ($237.21 in chips)
Seat 4: vestimokrec ($77.55 in chips)
willKill4$$$: posts small blind $1
vestimokrec: posts big blind $3
*** HOLE CARDS ***
willKill4$$$: folds
Uncalled bet ($2) returned to vestimokrec
vestimokrec collected $2 from pot
vestimokrec: doesn't show hand
*** SUMMARY ***
Total pot $2 | Rake $0
Seat 3: willKill4$$$ (button) (small blind) folded before Flop
Seat 4: vestimokrec (big blind) collected ($2)


PokerStars Hand #161250522007:  Hold'em Limit ($3/$6 USD) - 2016/11/11 15:12:10 ET
Table 'Nissen' 6-max Seat #4 is the button
Seat 3: willKill4$$$ ($222.71 in chips)
Seat 4: vestimokrec ($92.55 in chips)
vestimokrec: posts small blind $1
willKill4$$$: posts big blind $3
*** HOLE CARDS ***
vestimokrec: raises $3 to $6
willKill4$$$: calls $3
*** FLOP *** [6h Ac Tc]
willKill4$$$: checks
vestimokrec: bets $3
willKill4$$$: calls $3
*** TURN *** [6h Ac Tc] [6c]
willKill4$$$: checks
vestimokrec: checks
*** RIVER *** [6h Ac Tc 6c] [7s]
willKill4$$$: bets $6
vestimokrec: calls $6
*** SHOW DOWN ***
willKill4$$$: shows [2c Kc] (a flush, Ace high)
vestimokrec: mucks hand
willKill4$$$ collected $29.50 from pot
*** SUMMARY ***
Total pot $30 | Rake $0.50
Board [6h Ac Tc 6c 7s]
Seat 3: willKill4$$$ (big blind) showed [2c Kc] and won ($29.50) with a flush, Ace high
Seat 4: vestimokrec (button) (small blind) mucked


PokerStars Hand #161250555302:  Hold'em Limit ($3/$6 USD) - 2016/11/11 15:12:49 ET
Table 'Nissen' 6-max Seat #4 is the button
Seat 3: willKill4$$$ ($236.21 in chips)
Seat 4: vestimokrec ($78.55 in chips)
vestimokrec: posts small blind $1
willKill4$$$: posts big blind $3
*** HOLE CARDS ***
vestimokrec: raises $3 to $6
willKill4$$$: calls $3
*** FLOP *** [2d Kc Ah]
willKill4$$$: checks
vestimokrec: bets $3
willKill4$$$: folds
Uncalled bet ($3) returned to vestimokrec
vestimokrec collected $11.76 from pot
vestimokrec: doesn't show hand
*** SUMMARY ***
Total pot $12 | Rake $0.24
Board [2d Kc Ah]
Seat 3: willKill4$$$ (big blind) folded on the Flop
Seat 4: vestimokrec (button) (small blind) collected ($11.76)


PokerStars Hand #161250566489:  Hold'em Limit ($3/$6 USD) - 2016/11/11 15:13:01 ET
Table 'Nissen' 6-max Seat #3 is the button
Seat 3: willKill4$$$ ($230.21 in chips)
Seat 4: vestimokrec ($84.31 in chips)
willKill4$$$: posts small blind $1
vestimokrec: posts big blind $3
*** HOLE CARDS ***
willKill4$$$: folds
Uncalled bet ($2) returned to vestimokrec
vestimokrec collected $2 from pot
vestimokrec: doesn't show hand
*** SUMMARY ***
Total pot $2 | Rake $0
Seat 3: willKill4$$$ (button) (small blind) folded before Flop
Seat 4: vestimokrec (big blind) collected ($2)


PokerStars Hand #161250573420:  Hold'em Limit ($3/$6 USD) - 2016/11/11 15:13:09 ET
Table 'Nissen' 6-max Seat #4 is the button
Seat 3: willKill4$$$ ($229.21 in chips)
Seat 4: vestimokrec ($85.31 in chips)
vestimokrec: posts small blind $1
willKill4$$$: posts big blind $3
*** HOLE CARDS ***
vestimokrec: raises $3 to $6
willKill4$$$: calls $3
*** FLOP *** [6c 4s 2c]
willKill4$$$: checks
vestimokrec: checks
*** TURN *** [6c 4s 2c] [6s]
willKill4$$$: checks
vestimokrec: bets $6
willKill4$$$: folds
Uncalled bet ($6) returned to vestimokrec
vestimokrec collected $11.76 from pot
vestimokrec: doesn't show hand
*** SUMMARY ***
Total pot $12 | Rake $0.24
Board [6c 4s 2c 6s]
Seat 3: willKill4$$$ (big blind) folded on the Turn
Seat 4: vestimokrec (button) (small blind) collected ($11.76)


PokerStars Hand #161250607781:  Hold'em Limit ($3/$6 USD) - 2016/11/11 15:13:49 ET
Table 'Nissen' 6-max Seat #3 is the button
Seat 3: willKill4$$$ ($223.21 in chips)
Seat 4: vestimokrec ($91.07 in chips)
willKill4$$$: posts small blind $1
vestimokrec: posts big blind $3
*** HOLE CARDS ***
willKill4$$$: folds
Uncalled bet ($2) returned to vestimokrec
vestimokrec collected $2 from pot
vestimokrec: doesn't show hand
*** SUMMARY ***
Total pot $2 | Rake $0
Seat 3: willKill4$$$ (button) (small blind) folded before Flop
Seat 4: vestimokrec (big blind) collected ($2)


PokerStars Hand #161250646144:  Hold'em Limit ($3/$6 USD) - 2016/11/11 15:14:33 ET
Table 'Nissen' 6-max Seat #3 is the button
Seat 3: willKill4$$$ ($230.85 in chips)
Seat 4: vestimokrec ($83.07 in chips)
willKill4$$$: posts small blind $1
vestimokrec: posts big blind $3
*** HOLE CARDS ***
willKill4$$$: raises $3 to $6
vestimokrec: calls $3
*** FLOP *** [3d 9h 6c]
vestimokrec: checks
willKill4$$$: bets $3
vestimokrec: raises $3 to $6
willKill4$$$: calls $3
*** TURN *** [3d 9h 6c] [Td]
vestimokrec: bets $6
willKill4$$$: folds
Uncalled bet ($6) returned to vestimokrec
vestimokrec collected $23.52 from pot
vestimokrec: doesn't show hand
*** SUMMARY ***
Total pot $24 | Rake $0.48
Board [3d 9h 6c Td]
Seat 3: willKill4$$$ (button) (small blind) folded on the Turn
Seat 4: vestimokrec (big blind) collected ($23.52)


PokerStars Hand #161250613023:  Hold'em Limit ($3/$6 USD) - 2016/11/11 15:13:55 ET
Table 'Nissen' 6-max Seat #4 is the button
Seat 3: willKill4$$$ ($222.21 in chips)
Seat 4: vestimokrec ($92.07 in chips)
vestimokrec: posts small blind $1
willKill4$$$: posts big blind $3
*** HOLE CARDS ***
vestimokrec: raises $3 to $6
willKill4$$$: calls $3
*** FLOP *** [Ad Td 7d]
willKill4$$$: checks
vestimokrec: bets $3
willKill4$$$: calls $3
*** TURN *** [Ad Td 7d] [5s]
willKill4$$$: checks
vestimokrec: checks
*** RIVER *** [Ad Td 7d 5s] [Kd]
willKill4$$$: checks
vestimokrec: checks
*** SHOW DOWN ***
willKill4$$$: shows [7h 5h] (two pair, Sevens and Fives)
vestimokrec: mucks hand
willKill4$$$ collected $17.64 from pot
*** SUMMARY ***
Total pot $18 | Rake $0.36
Board [Ad Td 7d 5s Kd]
Seat 3: willKill4$$$ (big blind) showed [7h 5h] and won ($17.64) with two pair, Sevens and Fives
Seat 4: vestimokrec (button) (small blind) mucked


PokerStars Hand #161250662977:  Hold'em Limit ($3/$6 USD) - 2016/11/11 15:14:52 ET
Table 'Nissen' 6-max Seat #4 is the button
Seat 3: willKill4$$$ ($218.85 in chips)
Seat 4: vestimokrec ($94.59 in chips)
vestimokrec: posts small blind $1
willKill4$$$: posts big blind $3
*** HOLE CARDS ***
vestimokrec: raises $3 to $6
willKill4$$$: calls $3
*** FLOP *** [Ad Jc 2h]
willKill4$$$: checks
vestimokrec: bets $3
willKill4$$$: calls $3
*** TURN *** [Ad Jc 2h] [8c]
willKill4$$$: checks
vestimokrec: checks
*** RIVER *** [Ad Jc 2h 8c] [6h]
willKill4$$$: checks
vestimokrec: bets $6
willKill4$$$: calls $6
*** SHOW DOWN ***
vestimokrec: shows [8h Kd] (a pair of Eights)
willKill4$$$: mucks hand
vestimokrec collected $29.50 from pot
*** SUMMARY ***
Total pot $30 | Rake $0.50
Board [Ad Jc 2h 8c 6h]
Seat 3: willKill4$$$ (big blind) mucked
Seat 4: vestimokrec (button) (small blind) showed [8h Kd] and won ($29.50) with a pair of Eights


