PokerStars Hand #170786395661:  Hold'em Limit ($3/$6 USD) - 2017/05/22 18:15:58 ET
Table 'Nissen' 6-max Seat #4 is the button
Seat 3: acemoney1988 ($80.50 in chips)
Seat 4: Actionni13 ($150 in chips)
Actionni13: posts small blind $1
acemoney1988: posts big blind $3
*** HOLE CARDS ***
Actionni13: raises $3 to $6
acemoney1988: calls $3
*** FLOP *** [3s 2d 3d]
acemoney1988: checks
Actionni13: checks
*** TURN *** [3s 2d 3d] [Jc]
acemoney1988: checks
Actionni13: bets $6
acemoney1988: calls $6
*** RIVER *** [3s 2d 3d Jc] [Ah]
acemoney1988: checks
Actionni13: checks
*** SHOW DOWN ***
acemoney1988: shows [6s Ac] (two pair, Aces and Threes)
Actionni13: mucks hand
acemoney1988 collected $23.52 from pot
*** SUMMARY ***
Total pot $24 | Rake $0.48
Board [3s 2d 3d Jc Ah]
Seat 3: acemoney1988 (big blind) showed [6s Ac] and won ($23.52) with two pair, Aces and Threes
Seat 4: Actionni13 (button) (small blind) mucked


PokerStars Hand #170786379561:  Hold'em Limit ($3/$6 USD) - 2017/05/22 18:15:36 ET
Table 'Nissen' 6-max Seat #3 is the button
Seat 3: acemoney1988 ($80.75 in chips)
Seat 4: Actionni13 ($150 in chips)
acemoney1988: posts small blind $1
Actionni13: posts big blind $3
*** HOLE CARDS ***
acemoney1988: raises $3 to $6
Actionni13: calls $3
*** FLOP *** [3d 2d 3s]
Actionni13: checks
acemoney1988: bets $3
Actionni13: calls $3
*** TURN *** [3d 2d 3s] [3c]
Actionni13: bets $6
acemoney1988: calls $6
*** RIVER *** [3d 2d 3s 3c] [8d]
Actionni13: checks
acemoney1988: checks
*** SHOW DOWN ***
Actionni13: shows [Ac 5h] (three of a kind, Threes)
acemoney1988: shows [7s As] (three of a kind, Threes)
Actionni13 collected $14.75 from pot
acemoney1988 collected $14.75 from pot
*** SUMMARY ***
Total pot $30 | Rake $0.50
Board [3d 2d 3s 3c 8d]
Seat 3: acemoney1988 (button) (small blind) showed [7s As] and won ($14.75) with three of a kind, Threes
Seat 4: Actionni13 (big blind) showed [Ac 5h] and won ($14.75) with three of a kind, Threes


PokerStars Hand #170786418447:  Hold'em Limit ($3/$6 USD) - 2017/05/22 18:16:29 ET
Table 'Nissen' 6-max Seat #3 is the button
Seat 3: acemoney1988 ($88.02 in chips)
Seat 4: Actionni13 ($154 in chips)
acemoney1988: posts small blind $1
Actionni13: posts big blind $3
*** HOLE CARDS ***
acemoney1988: raises $3 to $6
Actionni13: calls $3
*** FLOP *** [3c Qs Th]
Actionni13: checks
acemoney1988: bets $3
Actionni13: calls $3
*** TURN *** [3c Qs Th] [6c]
Actionni13: checks
acemoney1988: bets $6
Actionni13: calls $6
*** RIVER *** [3c Qs Th 6c] [As]
Actionni13: checks
acemoney1988: checks
*** SHOW DOWN ***
Actionni13: shows [Ad 3d] (two pair, Aces and Threes)
acemoney1988: mucks hand
Actionni13 collected $29.50 from pot
KristinaMH joins the table at seat #2
*** SUMMARY ***
Total pot $30 | Rake $0.50
Board [3c Qs Th 6c As]
Seat 3: acemoney1988 (button) (small blind) mucked
Seat 4: Actionni13 (big blind) showed [Ad 3d] and won ($29.50) with two pair, Aces and Threes


PokerStars Hand #170786413815:  Hold'em Limit ($3/$6 USD) - 2017/05/22 18:16:23 ET
Table 'Nissen' 6-max Seat #4 is the button
Seat 3: acemoney1988 ($91.02 in chips)
Seat 4: Actionni13 ($151 in chips)
Actionni13: posts small blind $1
acemoney1988: posts big blind $3
*** HOLE CARDS ***
Actionni13: raises $3 to $6
acemoney1988: folds
Uncalled bet ($3) returned to Actionni13
Actionni13 collected $6 from pot
Actionni13: doesn't show hand
*** SUMMARY ***
Total pot $6 | Rake $0
Seat 3: acemoney1988 (big blind) folded before Flop
Seat 4: Actionni13 (button) (small blind) collected ($6)


PokerStars Hand #170786409408:  Hold'em Limit ($3/$6 USD) - 2017/05/22 18:16:17 ET
Table 'Nissen' 6-max Seat #3 is the button
Seat 3: acemoney1988 ($92.02 in chips)
Seat 4: Actionni13 ($150 in chips)
acemoney1988: posts small blind $1
Actionni13: posts big blind $3
*** HOLE CARDS ***
acemoney1988: folds
Uncalled bet ($2) returned to Actionni13
Actionni13 collected $2 from pot
Actionni13: doesn't show hand
*** SUMMARY ***
Total pot $2 | Rake $0
Seat 3: acemoney1988 (button) (small blind) folded before Flop
Seat 4: Actionni13 (big blind) collected ($2)


