PokerStars Hand #153006461402:  Hold'em Limit ($3/$6 USD) - 2016/05/08 1:19:03 ET
Table 'Nocturna' 6-max Seat #4 is the button
Seat 4: VolkovDmitri ($120 in chips)
Seat 6: babyblue115 ($121.49 in chips)
VolkovDmitri: posts small blind $1
babyblue115: posts big blind $3
*** HOLE CARDS ***
VolkovDmitri: raises $3 to $6
HAL9QQQ joins the table at seat #2
babyblue115: folds
Uncalled bet ($3) returned to VolkovDmitri
VolkovDmitri collected $6 from pot
VolkovDmitri: doesn't show hand
*** SUMMARY ***
Total pot $6 | Rake $0
Seat 4: VolkovDmitri (button) (small blind) collected ($6)
Seat 6: babyblue115 (big blind) folded before Flop


PokerStars Hand #153006451682:  Hold'em Limit ($3/$6 USD) - 2016/05/08 1:18:25 ET
Table 'Nocturna' 6-max Seat #6 is the button
Seat 4: VolkovDmitri ($128.38 in chips)
Seat 6: babyblue115 ($100.99 in chips)
babyblue115: posts small blind $1
VolkovDmitri: posts big blind $3
*** HOLE CARDS ***
babyblue115: calls $2
VolkovDmitri: raises $3 to $6
babyblue115: calls $3
*** FLOP *** [9c 5c 6h]
VolkovDmitri: bets $3
babyblue115: calls $3
*** TURN *** [9c 5c 6h] [Ah]
VolkovDmitri: bets $6
babyblue115: calls $6
*** RIVER *** [9c 5c 6h Ah] [3s]
VolkovDmitri: bets $6
babyblue115: calls $6
*** SHOW DOWN ***
VolkovDmitri: shows [9h 7d] (a pair of Nines)
babyblue115: shows [8d As] (a pair of Aces)
babyblue115 collected $41.50 from pot
*** SUMMARY ***
Total pot $42 | Rake $0.50
Board [9c 5c 6h Ah 3s]
Seat 4: VolkovDmitri (big blind) showed [9h 7d] and lost with a pair of Nines
Seat 6: babyblue115 (button) (small blind) showed [8d As] and won ($41.50) with a pair of Aces


