PokerStars Hand #156369310101:  Hold'em Limit ($3/$6 USD) - 2016/07/24 3:25:02 ET
Table 'Nocturna' 6-max Seat #5 is the button
Seat 1: Ag3r0n ($72 in chips)
Seat 5: Profitables ($40.64 in chips)
Profitables: posts small blind $1
Ag3r0n: posts big blind $3
*** HOLE CARDS ***
Profitables: raises $3 to $6
Ag3r0n: folds
Uncalled bet ($3) returned to Profitables
Profitables collected $6 from pot
*** SUMMARY ***
Total pot $6 | Rake $0
Seat 1: Ag3r0n (big blind) folded before Flop
Seat 5: Profitables (button) (small blind) collected ($6)


PokerStars Hand #156369308290:  Hold'em Limit ($3/$6 USD) - 2016/07/24 3:24:55 ET
Table 'Nocturna' 6-max Seat #1 is the button
Seat 1: Ag3r0n ($73 in chips)
Seat 5: Profitables ($39.64 in chips)
Ag3r0n: posts small blind $1
Profitables: posts big blind $3
*** HOLE CARDS ***
Ag3r0n: folds
Uncalled bet ($2) returned to Profitables
Profitables collected $2 from pot
*** SUMMARY ***
Total pot $2 | Rake $0
Seat 1: Ag3r0n (button) (small blind) folded before Flop
Seat 5: Profitables (big blind) collected ($2)


PokerStars Hand #156369311675:  Hold'em Limit ($3/$6 USD) - 2016/07/24 3:25:07 ET
Table 'Nocturna' 6-max Seat #1 is the button
Seat 1: Ag3r0n ($72 in chips)
Seat 5: Profitables ($43.64 in chips)
Ag3r0n: posts small blind $1
Profitables: posts big blind $3
*** HOLE CARDS ***
Ag3r0n: raises $3 to $6
Profitables: calls $3
*** FLOP *** [Kc 5d Ac]
Profitables: checks
Ag3r0n: bets $3
Profitables: raises $3 to $6
Ag3r0n: folds
Uncalled bet ($3) returned to Profitables
Profitables collected $17.64 from pot
*** SUMMARY ***
Total pot $18 | Rake $0.36
Board [Kc 5d Ac]
Seat 1: Ag3r0n (button) (small blind) folded on the Flop
Seat 5: Profitables (big blind) collected ($17.64)


PokerStars Hand #156369319354:  Hold'em Limit ($3/$6 USD) - 2016/07/24 3:25:35 ET
Table 'Nocturna' 6-max Seat #1 is the button
Seat 1: Ag3r0n ($72 in chips)
Seat 5: Profitables ($69.78 in chips)
Ag3r0n: posts small blind $1
Profitables: posts big blind $3
*** HOLE CARDS ***
Ag3r0n: folds
Uncalled bet ($2) returned to Profitables
Profitables collected $2 from pot
*** SUMMARY ***
Total pot $2 | Rake $0
Seat 1: Ag3r0n (button) (small blind) folded before Flop
Seat 5: Profitables (big blind) collected ($2)


PokerStars Hand #156369315774:  Hold'em Limit ($3/$6 USD) - 2016/07/24 3:25:22 ET
Table 'Nocturna' 6-max Seat #5 is the button
Seat 1: Ag3r0n ($72 in chips)
Seat 5: Profitables ($52.28 in chips)
Profitables: posts small blind $1
Ag3r0n: posts big blind $3
*** HOLE CARDS ***
Profitables: raises $3 to $6
Ag3r0n: calls $3
*** FLOP *** [2c Th 4c]
Ag3r0n: checks
Profitables: checks
*** TURN *** [2c Th 4c] [5d]
Ag3r0n: bets $6
Profitables: calls $6
*** RIVER *** [2c Th 4c 5d] [Tc]
Ag3r0n: bets $6
Profitables: calls $6
*** SHOW DOWN ***
Ag3r0n: shows [2h 4h] (two pair, Tens and Fours)
Profitables: shows [7h 5h] (two pair, Tens and Fives)
Profitables collected $35.50 from pot
*** SUMMARY ***
Total pot $36 | Rake $0.50
Board [2c Th 4c 5d Tc]
Seat 1: Ag3r0n (big blind) showed [2h 4h] and lost with two pair, Tens and Fours
Seat 5: Profitables (button) (small blind) showed [7h 5h] and won ($35.50) with two pair, Tens and Fives


PokerStars Hand #156369307036:  Hold'em Limit ($3/$6 USD) - 2016/07/24 3:24:51 ET
Table 'Nocturna' 6-max Seat #5 is the button
Seat 1: Ag3r0n ($72 in chips)
Seat 5: Profitables ($40.64 in chips)
Profitables: posts small blind $1
Ag3r0n: posts big blind $3
*** HOLE CARDS ***
Profitables: folds
Uncalled bet ($2) returned to Ag3r0n
Ag3r0n collected $2 from pot
*** SUMMARY ***
Total pot $2 | Rake $0
Seat 1: Ag3r0n (big blind) collected ($2)
Seat 5: Profitables (button) (small blind) folded before Flop


PokerStars Hand #156369303096:  Hold'em Limit ($3/$6 USD) - 2016/07/24 3:24:37 ET
Table 'Nocturna' 6-max Seat #1 is the button
Seat 1: Ag3r0n ($72 in chips)
Seat 5: Profitables ($32 in chips)
Ag3r0n: posts small blind $1
Profitables: posts big blind $3
*** HOLE CARDS ***
Ag3r0n: raises $3 to $6
Profitables: calls $3
*** FLOP *** [9h As Ts]
Profitables: checks
Ag3r0n: bets $3
Profitables: raises $3 to $6
Ag3r0n: folds
Uncalled bet ($3) returned to Profitables
Profitables collected $17.64 from pot
*** SUMMARY ***
Total pot $18 | Rake $0.36
Board [9h As Ts]
Seat 1: Ag3r0n (button) (small blind) folded on the Flop
Seat 5: Profitables (big blind) collected ($17.64)


PokerStars Hand #156369320706:  Hold'em Limit ($3/$6 USD) - 2016/07/24 3:25:40 ET
Table 'Nocturna' 6-max Seat #5 is the button
Seat 1: Ag3r0n ($72 in chips)
Seat 5: Profitables ($70.78 in chips)
Profitables: posts small blind $1
Ag3r0n: posts big blind $3
*** HOLE CARDS ***
Profitables: raises $3 to $6
Ag3r0n: calls $3
*** FLOP *** [Qc Jh 7d]
Ag3r0n: checks
Profitables: bets $3
Ag3r0n: raises $3 to $6
Profitables: folds
Uncalled bet ($3) returned to Ag3r0n
Ag3r0n collected $17.64 from pot
*** SUMMARY ***
Total pot $18 | Rake $0.36
Board [Qc Jh 7d]
Seat 1: Ag3r0n (big blind) collected ($17.64)
Seat 5: Profitables (button) (small blind) folded on the Flop


PokerStars Hand #156369331254:  Hold'em Limit ($3/$6 USD) - 2016/07/24 3:26:17 ET
Table 'Nocturna' 6-max Seat #5 is the button
Seat 1: Ag3r0n ($80.64 in chips)
Seat 5: Profitables ($61.54 in chips)
Profitables: posts small blind $1
Ag3r0n: posts big blind $3
*** HOLE CARDS ***
Profitables: raises $3 to $6
Ag3r0n: raises $3 to $9
Profitables: calls $3
*** FLOP *** [Jc 9c 7c]
Ag3r0n: bets $3
Profitables: calls $3
*** TURN *** [Jc 9c 7c] [Kc]
Ag3r0n: bets $6
Profitables: folds
Uncalled bet ($6) returned to Ag3r0n
Ag3r0n collected $23.52 from pot
*** SUMMARY ***
Total pot $24 | Rake $0.48
Board [Jc 9c 7c Kc]
Seat 1: Ag3r0n (big blind) collected ($23.52)
Seat 5: Profitables (button) (small blind) folded on the Turn


PokerStars Hand #156369327045:  Hold'em Limit ($3/$6 USD) - 2016/07/24 3:26:02 ET
Table 'Nocturna' 6-max Seat #5 is the button
Seat 1: Ag3r0n ($74.64 in chips)
Seat 5: Profitables ($67.54 in chips)
Profitables: posts small blind $1
Ag3r0n: posts big blind $3
*** HOLE CARDS ***
Profitables: raises $3 to $6
Ag3r0n: folds
Uncalled bet ($3) returned to Profitables
Profitables collected $6 from pot
*** SUMMARY ***
Total pot $6 | Rake $0
Seat 1: Ag3r0n (big blind) folded before Flop
Seat 5: Profitables (button) (small blind) collected ($6)


PokerStars Hand #156369323499:  Hold'em Limit ($3/$6 USD) - 2016/07/24 3:25:49 ET
Table 'Nocturna' 6-max Seat #1 is the button
Seat 1: Ag3r0n ($80.64 in chips)
Seat 5: Profitables ($61.78 in chips)
Ag3r0n: posts small blind $1
Profitables: posts big blind $3
*** HOLE CARDS ***
Ag3r0n: raises $3 to $6
Profitables: calls $3
*** FLOP *** [3c 7d Jh]
Profitables: checks
Ag3r0n: checks
*** TURN *** [3c 7d Jh] [Ts]
Profitables: checks
Ag3r0n: checks
*** RIVER *** [3c 7d Jh Ts] [3h]
Profitables: checks
Ag3r0n: checks
*** SHOW DOWN ***
Profitables: shows [Ks 8c] (a pair of Threes)
Ag3r0n: mucks hand
Profitables collected $11.76 from pot
*** SUMMARY ***
Total pot $12 | Rake $0.24
Board [3c 7d Jh Ts 3h]
Seat 1: Ag3r0n (button) (small blind) mucked
Seat 5: Profitables (big blind) showed [Ks 8c] and won ($11.76) with a pair of Threes


PokerStars Hand #156369334017:  Hold'em Limit ($3/$6 USD) - 2016/07/24 3:26:27 ET
Table 'Nocturna' 6-max Seat #1 is the button
Seat 1: Ag3r0n ($92.16 in chips)
Seat 5: Profitables ($49.54 in chips)
Ag3r0n: posts small blind $1
Profitables: posts big blind $3
*** HOLE CARDS ***
Ag3r0n: raises $3 to $6
Profitables: calls $3
*** FLOP *** [3h Qh 2d]
Profitables: checks
Ag3r0n: checks
*** TURN *** [3h Qh 2d] [9c]
Profitables: bets $6
Ag3r0n: raises $6 to $12
Profitables: folds
Uncalled bet ($6) returned to Ag3r0n
Ag3r0n collected $23.52 from pot
*** SUMMARY ***
Total pot $24 | Rake $0.48
Board [3h Qh 2d 9c]
Seat 1: Ag3r0n (button) (small blind) collected ($23.52)
Seat 5: Profitables (big blind) folded on the Turn


PokerStars Hand #156369328300:  Hold'em Limit ($3/$6 USD) - 2016/07/24 3:26:06 ET
Table 'Nocturna' 6-max Seat #1 is the button
Seat 1: Ag3r0n ($72 in chips)
Seat 5: Profitables ($70.54 in chips)
Ag3r0n: posts small blind $1
Profitables: posts big blind $3
*** HOLE CARDS ***
Ag3r0n: raises $3 to $6
Profitables: calls $3
*** FLOP *** [4h 4d 7s]
Profitables: checks
Ag3r0n: bets $3
Profitables: calls $3
*** TURN *** [4h 4d 7s] [3h]
Profitables: checks
Ag3r0n: bets $6
Profitables: folds
Uncalled bet ($6) returned to Ag3r0n
Ag3r0n collected $17.64 from pot
*** SUMMARY ***
Total pot $18 | Rake $0.36
Board [4h 4d 7s 3h]
Seat 1: Ag3r0n (button) (small blind) collected ($17.64)
Seat 5: Profitables (big blind) folded on the Turn


PokerStars Hand #156369342759:  Hold'em Limit ($3/$6 USD) - 2016/07/24 3:26:58 ET
Table 'Nocturna' 6-max Seat #5 is the button
Seat 1: Ag3r0n ($127.06 in chips)
Seat 5: Profitables ($13.54 in chips)
Profitables: posts small blind $1
Ag3r0n: posts big blind $3
*** HOLE CARDS ***
Profitables: folds
Uncalled bet ($2) returned to Ag3r0n
Ag3r0n collected $2 from pot
*** SUMMARY ***
Total pot $2 | Rake $0
Seat 1: Ag3r0n (big blind) collected ($2)
Seat 5: Profitables (button) (small blind) folded before Flop


PokerStars Hand #156369344013:  Hold'em Limit ($3/$6 USD) - 2016/07/24 3:27:03 ET
Table 'Nocturna' 6-max Seat #1 is the button
Seat 1: Ag3r0n ($128.06 in chips)
Seat 5: Profitables ($12.54 in chips)
Ag3r0n: posts small blind $1
Profitables: posts big blind $3
*** HOLE CARDS ***
Ag3r0n: raises $3 to $6
Profitables: raises $3 to $9
Ag3r0n: calls $3
*** FLOP *** [5c 6h 3d]
Profitables: bets $3
Ag3r0n: calls $3
*** TURN *** [5c 6h 3d] [8c]
Profitables: bets $0.54 and is all-in
Ag3r0n: calls $0.54
*** RIVER *** [5c 6h 3d 8c] [4h]
*** SHOW DOWN ***
Profitables: shows [Ts Qs] (high card Queen)
Ag3r0n: shows [Td Ks] (high card King)
Ag3r0n collected $24.58 from pot
Profitables leaves the table
*** SUMMARY ***
Total pot $25.08 | Rake $0.50
Board [5c 6h 3d 8c 4h]
Seat 1: Ag3r0n (button) (small blind) showed [Td Ks] and won ($24.58) with high card King
Seat 5: Profitables (big blind) showed [Ts Qs] and lost with high card Queen


PokerStars Hand #156369336570:  Hold'em Limit ($3/$6 USD) - 2016/07/24 3:26:36 ET
Table 'Nocturna' 6-max Seat #5 is the button
Seat 1: Ag3r0n ($103.68 in chips)
Seat 5: Profitables ($37.54 in chips)
Profitables: posts small blind $1
Ag3r0n: posts big blind $3
*** HOLE CARDS ***
Profitables: raises $3 to $6
Ag3r0n: calls $3
*** FLOP *** [Qc 7c Ad]
Ag3r0n: checks
Profitables: bets $3
Ag3r0n: calls $3
*** TURN *** [Qc 7c Ad] [9c]
Ag3r0n: checks
Profitables: bets $6
Ag3r0n: calls $6
*** RIVER *** [Qc 7c Ad 9c] [Qs]
Ag3r0n: checks
Profitables: bets $6
Ag3r0n: calls $6
*** SHOW DOWN ***
Profitables: shows [4c 5h] (a pair of Queens)
Ag3r0n: shows [Ah 6d] (two pair, Aces and Queens)
Ag3r0n collected $41.50 from pot
*** SUMMARY ***
Total pot $42 | Rake $0.50
Board [Qc 7c Ad 9c Qs]
Seat 1: Ag3r0n (big blind) showed [Ah 6d] and won ($41.50) with two pair, Aces and Queens
Seat 5: Profitables (button) (small blind) showed [4c 5h] and lost with a pair of Queens


PokerStars Hand #156369340311:  Hold'em Limit ($3/$6 USD) - 2016/07/24 3:26:50 ET
Table 'Nocturna' 6-max Seat #1 is the button
Seat 1: Ag3r0n ($124.18 in chips)
Seat 5: Profitables ($16.54 in chips)
Ag3r0n: posts small blind $1
Profitables: posts big blind $3
*** HOLE CARDS ***
Ag3r0n: calls $2
Profitables: checks
*** FLOP *** [6s 5h 9s]
Profitables: checks
Ag3r0n: bets $3
Profitables: folds
Uncalled bet ($3) returned to Ag3r0n
Ag3r0n collected $5.88 from pot
*** SUMMARY ***
Total pot $6 | Rake $0.12
Board [6s 5h 9s]
Seat 1: Ag3r0n (button) (small blind) collected ($5.88)
Seat 5: Profitables (big blind) folded on the Flop


