PokerStars Hand #162765433912:  Hold'em Limit ($3/$6 USD) - 2016/12/11 8:27:04 ET
Table 'Noel' 6-max Seat #4 is the button
Seat 2: cola26licht ($137.77 in chips)
Seat 4: MTails ($84 in chips)
MTails: posts small blind $1
cola26licht: posts big blind $3
*** HOLE CARDS ***
MTails: raises $3 to $6
cola26licht: folds
Uncalled bet ($3) returned to MTails
MTails collected $6 from pot
*** SUMMARY ***
Total pot $6 | Rake $0
Seat 2: cola26licht (big blind) folded before Flop
Seat 4: MTails (button) (small blind) collected ($6)


PokerStars Hand #162765423393:  Hold'em Limit ($3/$6 USD) - 2016/12/11 8:26:50 ET
Table 'Noel' 6-max Seat #2 is the button
Seat 2: cola26licht ($129.13 in chips)
Seat 4: MTails ($93 in chips)
cola26licht: posts small blind $1
MTails: posts big blind $3
*** HOLE CARDS ***
Iteopepe88 joins the table at seat #3
cola26licht: raises $3 to $6
MTails: calls $3
*** FLOP *** [9h 7s Kh]
MTails: checks
cola26licht: bets $3
MTails: calls $3
*** TURN *** [9h 7s Kh] [Ts]
MTails: checks
cola26licht: checks
*** RIVER *** [9h 7s Kh Ts] [Js]
MTails: checks
cola26licht: bets $6
MTails: folds
Uncalled bet ($6) returned to cola26licht
cola26licht collected $17.64 from pot
cola26licht: doesn't show hand
*** SUMMARY ***
Total pot $18 | Rake $0.36
Board [9h 7s Kh Ts Js]
Seat 2: cola26licht (button) (small blind) collected ($17.64)
Seat 4: MTails (big blind) folded on the River


PokerStars Hand #162765419622:  Hold'em Limit ($3/$6 USD) - 2016/12/11 8:26:44 ET
Table 'Noel' 6-max Seat #4 is the button
Seat 2: cola26licht ($132.13 in chips)
Seat 4: MTails ($90 in chips)
MTails: posts small blind $1
cola26licht: posts big blind $3
*** HOLE CARDS ***
MTails: raises $3 to $6
cola26licht: folds
Uncalled bet ($3) returned to MTails
MTails collected $6 from pot
*** SUMMARY ***
Total pot $6 | Rake $0
Seat 2: cola26licht (big blind) folded before Flop
Seat 4: MTails (button) (small blind) collected ($6)


PokerStars Hand #162765409351:  Hold'em Limit ($3/$6 USD) - 2016/12/11 8:26:30 ET
Table 'Noel' 6-max Seat #2 is the button
Seat 2: cola26licht ($114.63 in chips)
Seat 4: MTails ($108 in chips)
cola26licht: posts small blind $1
MTails: posts big blind $3
*** HOLE CARDS ***
cola26licht: raises $3 to $6
MTails: calls $3
*** FLOP *** [4s 4c 3s]
MTails: checks
cola26licht: checks
*** TURN *** [4s 4c 3s] [Js]
MTails: bets $6
cola26licht: raises $6 to $12
MTails: calls $6
*** RIVER *** [4s 4c 3s Js] [Td]
MTails: checks
cola26licht: bets $6
MTails: folds
Uncalled bet ($6) returned to cola26licht
cola26licht collected $35.50 from pot
cola26licht: doesn't show hand
*** SUMMARY ***
Total pot $36 | Rake $0.50
Board [4s 4c 3s Js Td]
Seat 2: cola26licht (button) (small blind) collected ($35.50)
Seat 4: MTails (big blind) folded on the River


PokerStars Hand #162765405555:  Hold'em Limit ($3/$6 USD) - 2016/12/11 8:26:25 ET
Table 'Noel' 6-max Seat #4 is the button
Seat 2: cola26licht ($117.63 in chips)
Seat 4: MTails ($105 in chips)
MTails: posts small blind $1
cola26licht: posts big blind $3
*** HOLE CARDS ***
MTails: raises $3 to $6
cola26licht: folds
Uncalled bet ($3) returned to MTails
MTails collected $6 from pot
*** SUMMARY ***
Total pot $6 | Rake $0
Seat 2: cola26licht (big blind) folded before Flop
Seat 4: MTails (button) (small blind) collected ($6)


PokerStars Hand #162765396574:  Hold'em Limit ($3/$6 USD) - 2016/12/11 8:26:12 ET
Table 'Noel' 6-max Seat #2 is the button
Seat 2: cola26licht ($103.13 in chips)
Seat 4: MTails ($120 in chips)
cola26licht: posts small blind $1
MTails: posts big blind $3
*** HOLE CARDS ***
cola26licht: raises $3 to $6
MTails: calls $3
*** FLOP *** [5d Tc 7c]
MTails: checks
cola26licht: bets $3
MTails: calls $3
*** TURN *** [5d Tc 7c] [Kc]
MTails: checks
cola26licht: checks
*** RIVER *** [5d Tc 7c Kc] [3c]
MTails: bets $6
cola26licht: calls $6
*** SHOW DOWN ***
MTails: shows [2s 9s] (high card King)
cola26licht: shows [3h 5h] (two pair, Fives and Threes)
cola26licht collected $29.50 from pot
*** SUMMARY ***
Total pot $30 | Rake $0.50
Board [5d Tc 7c Kc 3c]
Seat 2: cola26licht (button) (small blind) showed [3h 5h] and won ($29.50) with two pair, Fives and Threes
Seat 4: MTails (big blind) showed [2s 9s] and lost with high card King


PokerStars Hand #162767483566:  Hold'em Limit ($3/$6 USD) - 2016/12/11 9:13:55 ET
Table 'Noel' 6-max Seat #1 is the button
Seat 1: FaStBluff ($126.74 in chips)
Seat 6: ToDaFelt ($149.26 in chips)
FaStBluff: posts small blind $1
Luanto 14: is sitting out
ToDaFelt: posts big blind $3
*** HOLE CARDS ***
FaStBluff: raises $3 to $6
ToDaFelt: folds
Uncalled bet ($3) returned to FaStBluff
FaStBluff collected $6 from pot
Luanto 14 leaves the table
FaStBluff: doesn't show hand
*** SUMMARY ***
Total pot $6 | Rake $0
Seat 1: FaStBluff (button) (small blind) collected ($6)
Seat 6: ToDaFelt (big blind) folded before Flop


PokerStars Hand #162767493241:  Hold'em Limit ($3/$6 USD) - 2016/12/11 9:14:07 ET
Table 'Noel' 6-max Seat #6 is the button
Seat 1: FaStBluff ($129.74 in chips)
Seat 6: ToDaFelt ($146.26 in chips)
ToDaFelt: posts small blind $1
FaStBluff: posts big blind $3
*** HOLE CARDS ***
ToDaFelt: raises $3 to $6
FaStBluff: folds
Uncalled bet ($3) returned to ToDaFelt
ToDaFelt collected $6 from pot
ToDaFelt: doesn't show hand
*** SUMMARY ***
Total pot $6 | Rake $0
Seat 1: FaStBluff (big blind) folded before Flop
Seat 6: ToDaFelt (button) (small blind) collected ($6)


PokerStars Hand #162767500251:  Hold'em Limit ($3/$6 USD) - 2016/12/11 9:14:16 ET
Table 'Noel' 6-max Seat #1 is the button
Seat 1: FaStBluff ($126.74 in chips)
Seat 6: ToDaFelt ($149.26 in chips)
FaStBluff: posts small blind $1
ToDaFelt: posts big blind $3
*** HOLE CARDS ***
FaStBluff: raises $3 to $6
ToDaFelt: calls $3
*** FLOP *** [7h 3d 3h]
ToDaFelt: checks
FaStBluff: bets $3
ToDaFelt: calls $3
*** TURN *** [7h 3d 3h] [Qs]
ToDaFelt: checks
FaStBluff: bets $6
ToDaFelt: calls $6
*** RIVER *** [7h 3d 3h Qs] [Kc]
ToDaFelt: checks
FaStBluff: checks
*** SHOW DOWN ***
ToDaFelt: shows [6c Ks] (two pair, Kings and Threes)
FaStBluff: mucks hand
ToDaFelt collected $29.50 from pot
*** SUMMARY ***
Total pot $30 | Rake $0.50
Board [7h 3d 3h Qs Kc]
Seat 1: FaStBluff (button) (small blind) mucked
Seat 6: ToDaFelt (big blind) showed [6c Ks] and won ($29.50) with two pair, Kings and Threes


