PokerStars Hand #173351052473:  Hold'em Limit ($3/$6 USD) - 2017/07/22 5:43:04 ET
Table 'Noel' 6-max Seat #3 is the button
Seat 3: Rus29APX ($117 in chips)
Seat 4: andrey0709 ($122.76 in chips)
Rus29APX: posts small blind $1
andrey0709: posts big blind $3
*** HOLE CARDS ***
Rus29APX: folds
Uncalled bet ($2) returned to andrey0709
andrey0709 collected $2 from pot
*** SUMMARY ***
Total pot $2 | Rake $0
Seat 3: Rus29APX (button) (small blind) folded before Flop
Seat 4: andrey0709 (big blind) collected ($2)


PokerStars Hand #173351054451:  Hold'em Limit ($3/$6 USD) - 2017/07/22 5:43:09 ET
Table 'Noel' 6-max Seat #4 is the button
Seat 3: Rus29APX ($116 in chips)
Seat 4: andrey0709 ($123.76 in chips)
andrey0709: posts small blind $1
Rus29APX: posts big blind $3
*** HOLE CARDS ***
andrey0709: folds
Uncalled bet ($2) returned to Rus29APX
Rus29APX collected $2 from pot
Rus29APX: doesn't show hand
*** SUMMARY ***
Total pot $2 | Rake $0
Seat 3: Rus29APX (big blind) collected ($2)
Seat 4: andrey0709 (button) (small blind) folded before Flop


PokerStars Hand #173351067600:  Hold'em Limit ($3/$6 USD) - 2017/07/22 5:43:43 ET
Table 'Noel' 6-max Seat #4 is the button
Seat 3: Rus29APX ($137.50 in chips)
Seat 4: andrey0709 ($101.76 in chips)
andrey0709: posts small blind $1
Rus29APX: posts big blind $3
*** HOLE CARDS ***
andrey0709: raises $3 to $6
Rus29APX: calls $3
*** FLOP *** [6c 5d 4s]
Rus29APX: checks
andrey0709: bets $3
Rus29APX: calls $3
*** TURN *** [6c 5d 4s] [4h]
Rus29APX: checks
andrey0709: bets $6
Rus29APX: raises $6 to $12
andrey0709: calls $6
*** RIVER *** [6c 5d 4s 4h] [9c]
Rus29APX: bets $6
andrey0709: calls $6
*** SHOW DOWN ***
Rus29APX: shows [3c 4d] (three of a kind, Fours)
andrey0709: mucks hand
Rus29APX collected $53.50 from pot
*** SUMMARY ***
Total pot $54 | Rake $0.50
Board [6c 5d 4s 4h 9c]
Seat 3: Rus29APX (big blind) showed [3c 4d] and won ($53.50) with three of a kind, Fours
Seat 4: andrey0709 (button) (small blind) mucked


PokerStars Hand #173351056687:  Hold'em Limit ($3/$6 USD) - 2017/07/22 5:43:15 ET
Table 'Noel' 6-max Seat #3 is the button
Seat 3: Rus29APX ($117 in chips)
Seat 4: andrey0709 ($122.76 in chips)
Rus29APX: posts small blind $1
andrey0709: posts big blind $3
*** HOLE CARDS ***
Rus29APX: raises $3 to $6
andrey0709: calls $3
*** FLOP *** [6h Tc As]
andrey0709: checks
Rus29APX: bets $3
andrey0709: calls $3
*** TURN *** [6h Tc As] [Qs]
andrey0709: checks
Rus29APX: bets $6
andrey0709: calls $6
*** RIVER *** [6h Tc As Qs] [Ad]
andrey0709: checks
Rus29APX: bets $6
andrey0709: calls $6
*** SHOW DOWN ***
Rus29APX: shows [Td Qc] (two pair, Aces and Queens)
andrey0709: mucks hand
Rus29APX collected $41.50 from pot
*** SUMMARY ***
Total pot $42 | Rake $0.50
Board [6h Tc As Qs Ad]
Seat 3: Rus29APX (button) (small blind) showed [Td Qc] and won ($41.50) with two pair, Aces and Queens
Seat 4: andrey0709 (big blind) mucked


PokerStars Hand #173351079707:  Hold'em Limit ($3/$6 USD) - 2017/07/22 5:44:15 ET
Table 'Noel' 6-max Seat #3 is the button
Seat 3: Rus29APX ($164 in chips)
Seat 4: andrey0709 ($74.76 in chips)
Rus29APX: posts small blind $1
andrey0709: posts big blind $3
*** HOLE CARDS ***
Rus29APX: raises $3 to $6
andrey0709: calls $3
*** FLOP *** [Jh 6d 9d]
andrey0709: checks
Rus29APX: bets $3
andrey0709: calls $3
*** TURN *** [Jh 6d 9d] [2s]
andrey0709: checks
Rus29APX: checks
*** RIVER *** [Jh 6d 9d 2s] [Jc]
andrey0709: bets $6
Rus29APX: calls $6
*** SHOW DOWN ***
andrey0709: shows [Jd 9s] (a full house, Jacks full of Nines)
Rus29APX: mucks hand
andrey0709 collected $29.50 from pot
*** SUMMARY ***
Total pot $30 | Rake $0.50
Board [Jh 6d 9d 2s Jc]
Seat 3: Rus29APX (button) (small blind) mucked
Seat 4: andrey0709 (big blind) showed [Jd 9s] and won ($29.50) with a full house, Jacks full of Nines


PokerStars Hand #173351104924:  Hold'em Limit ($3/$6 USD) - 2017/07/22 5:45:21 ET
Table 'Noel' 6-max Seat #4 is the button
Seat 3: Rus29APX ($120 in chips)
Seat 4: andrey0709 ($117.76 in chips)
andrey0709: posts small blind $1
Rus29APX: posts big blind $3
*** HOLE CARDS ***
andrey0709: folds
Uncalled bet ($2) returned to Rus29APX
Rus29APX collected $2 from pot
Rus29APX: doesn't show hand
*** SUMMARY ***
Total pot $2 | Rake $0
Seat 3: Rus29APX (big blind) collected ($2)
Seat 4: andrey0709 (button) (small blind) folded before Flop


PokerStars Hand #173351088767:  Hold'em Limit ($3/$6 USD) - 2017/07/22 5:44:39 ET
Table 'Noel' 6-max Seat #4 is the button
Seat 3: Rus29APX ($149 in chips)
Seat 4: andrey0709 ($89.26 in chips)
andrey0709: posts small blind $1
Rus29APX: posts big blind $3
*** HOLE CARDS ***
andrey0709: folds
Uncalled bet ($2) returned to Rus29APX
Rus29APX collected $2 from pot
Rus29APX: doesn't show hand
*** SUMMARY ***
Total pot $2 | Rake $0
Seat 3: Rus29APX (big blind) collected ($2)
Seat 4: andrey0709 (button) (small blind) folded before Flop


PokerStars Hand #173351090612:  Hold'em Limit ($3/$6 USD) - 2017/07/22 5:44:43 ET
Table 'Noel' 6-max Seat #3 is the button
Seat 3: Rus29APX ($150 in chips)
Seat 4: andrey0709 ($88.26 in chips)
Rus29APX: posts small blind $1
andrey0709: posts big blind $3
*** HOLE CARDS ***
Rus29APX: raises $3 to $6
andrey0709: raises $3 to $9
Rus29APX: calls $3
*** FLOP *** [8c 7d 2s]
andrey0709: bets $3
Rus29APX: raises $3 to $6
andrey0709: raises $3 to $9
Rus29APX: calls $3
*** TURN *** [8c 7d 2s] [4c]
andrey0709: bets $6
Rus29APX: calls $6
*** RIVER *** [8c 7d 2s 4c] [3h]
andrey0709: bets $6
Rus29APX: calls $6
*** SHOW DOWN ***
andrey0709: shows [Th Td] (a pair of Tens)
Rus29APX: mucks hand
andrey0709 collected $59.50 from pot
*** SUMMARY ***
Total pot $60 | Rake $0.50
Board [8c 7d 2s 4c 3h]
Seat 3: Rus29APX (button) (small blind) mucked
Seat 4: andrey0709 (big blind) showed [Th Td] and won ($59.50) with a pair of Tens


PokerStars Hand #173351125555:  Hold'em Limit ($3/$6 USD) - 2017/07/22 5:46:16 ET
Table 'Noel' 6-max Seat #3 is the button
Seat 3: Rus29APX ($110 in chips)
Seat 4: andrey0709 ($127.28 in chips)
Rus29APX: posts small blind $1
NewRocker joins the table at seat #2
andrey0709: posts big blind $3
*** HOLE CARDS ***
Rus29APX: raises $3 to $6
andrey0709: calls $3
*** FLOP *** [2d 7s 4d]
andrey0709: checks
Rus29APX: bets $3
andrey0709: calls $3
*** TURN *** [2d 7s 4d] [Ah]
andrey0709: checks
Rus29APX: bets $6
andrey0709: folds
Uncalled bet ($6) returned to Rus29APX
Rus29APX collected $17.64 from pot
Rus29APX: doesn't show hand
*** SUMMARY ***
Total pot $18 | Rake $0.36
Board [2d 7s 4d Ah]
Seat 3: Rus29APX (button) (small blind) collected ($17.64)
Seat 4: andrey0709 (big blind) folded on the Turn


PokerStars Hand #173351106679:  Hold'em Limit ($3/$6 USD) - 2017/07/22 5:45:26 ET
Table 'Noel' 6-max Seat #3 is the button
Seat 3: Rus29APX ($121 in chips)
Seat 4: andrey0709 ($116.76 in chips)
Rus29APX: posts small blind $1
andrey0709: posts big blind $3
*** HOLE CARDS ***
Rus29APX: raises $3 to $6
andrey0709: raises $3 to $9
Rus29APX: calls $3
*** FLOP *** [5s 2d 6s]
andrey0709: bets $3
Rus29APX: calls $3
*** TURN *** [5s 2d 6s] [Jc]
andrey0709: bets $6
Rus29APX: folds
Uncalled bet ($6) returned to andrey0709
andrey0709 collected $23.52 from pot
andrey0709: doesn't show hand
*** SUMMARY ***
Total pot $24 | Rake $0.48
Board [5s 2d 6s Jc]
Seat 3: Rus29APX (button) (small blind) folded on the Turn
Seat 4: andrey0709 (big blind) collected ($23.52)


