PokerStars Hand #145935101920:  Hold'em Limit ($3/$6 USD) - 2015/12/26 5:24:34 ET
Table 'Noel II' 6-max Seat #4 is the button
Seat 1: Tsoy777 ($59 in chips)
Seat 4: MTails ($121 in chips)
MTails: posts small blind $1
Tsoy777: posts big blind $3
*** HOLE CARDS ***
MTails: raises $3 to $6
Tsoy777: calls $3
*** FLOP *** [Qs Td Jd]
Tsoy777: checks
MTails: bets $3
Tsoy777: folds
Uncalled bet ($3) returned to MTails
Tsoy777 leaves the table
MTails collected $11.76 from pot
*** SUMMARY ***
Total pot $12 | Rake $0.24
Board [Qs Td Jd]
Seat 1: Tsoy777 (big blind) folded on the Flop
Seat 4: MTails (button) (small blind) collected ($11.76)


PokerStars Hand #145935099557:  Hold'em Limit ($3/$6 USD) - 2015/12/26 5:24:30 ET
Table 'Noel II' 6-max Seat #1 is the button
Seat 1: Tsoy777 ($60 in chips)
Seat 4: MTails ($120 in chips)
Tsoy777: posts small blind $1
MTails: posts big blind $3
*** HOLE CARDS ***
Tsoy777: folds
Uncalled bet ($2) returned to MTails
MTails collected $2 from pot
MTails: doesn't show hand
*** SUMMARY ***
Total pot $2 | Rake $0
Seat 1: Tsoy777 (button) (small blind) folded before Flop
Seat 4: MTails (big blind) collected ($2)


PokerStars Hand #145935097372:  Hold'em Limit ($3/$6 USD) - 2015/12/26 5:24:26 ET
Table 'Noel II' 6-max Seat #4 is the button
Seat 1: Tsoy777 ($59 in chips)
Seat 4: MTails ($121 in chips)
MTails: posts small blind $1
Tsoy777: posts big blind $3
*** HOLE CARDS ***
MTails: folds
Uncalled bet ($2) returned to Tsoy777
Tsoy777 collected $2 from pot
*** SUMMARY ***
Total pot $2 | Rake $0
Seat 1: Tsoy777 (big blind) collected ($2)
Seat 4: MTails (button) (small blind) folded before Flop


