PokerStars Hand #147181039035:  Hold'em Limit ($3/$6 USD) - 2016/01/17 4:41:07 ET
Table 'Noemi II' 2-max Seat #2 is the button
Seat 1: yirkape ($40 in chips)
Seat 2: dragon1893 ($150 in chips)
dragon1893: posts small blind $1
yirkape: posts big blind $3
*** HOLE CARDS ***
dragon1893: raises $3 to $6
yirkape: calls $3
*** FLOP *** [7d 9s Ks]
yirkape: bets $3
dragon1893: calls $3
*** TURN *** [7d 9s Ks] [Jc]
yirkape: checks
dragon1893: checks
*** RIVER *** [7d 9s Ks Jc] [Kh]
yirkape: checks
dragon1893: checks
*** SHOW DOWN ***
yirkape: shows [6s 8s] (a pair of Kings)
dragon1893: shows [8h Ad] (a pair of Kings - Ace kicker)
dragon1893 collected $17.64 from pot
*** SUMMARY ***
Total pot $18 | Rake $0.36
Board [7d 9s Ks Jc Kh]
Seat 1: yirkape (big blind) showed [6s 8s] and lost with a pair of Kings
Seat 2: dragon1893 (button) (small blind) showed [8h Ad] and won ($17.64) with a pair of Kings


PokerStars Hand #147181058173:  Hold'em Limit ($3/$6 USD) - 2016/01/17 4:41:48 ET
Table 'Noemi II' 2-max Seat #2 is the button
Seat 1: yirkape ($28 in chips)
Seat 2: dragon1893 ($161.52 in chips)
dragon1893: posts small blind $1
yirkape: posts big blind $3
*** HOLE CARDS ***
dragon1893: folds
Uncalled bet ($2) returned to yirkape
yirkape collected $2 from pot
yirkape: doesn't show hand
*** SUMMARY ***
Total pot $2 | Rake $0
Seat 1: yirkape (big blind) collected ($2)
Seat 2: dragon1893 (button) (small blind) folded before Flop


PokerStars Hand #147181051036:  Hold'em Limit ($3/$6 USD) - 2016/01/17 4:41:33 ET
Table 'Noemi II' 2-max Seat #1 is the button
Seat 1: yirkape ($31 in chips)
Seat 2: dragon1893 ($158.64 in chips)
yirkape: posts small blind $1
dragon1893: posts big blind $3
*** HOLE CARDS ***
yirkape: calls $2
dragon1893: checks
*** FLOP *** [6h 3d Ah]
dragon1893: checks
yirkape: checks
*** TURN *** [6h 3d Ah] [7s]
dragon1893: checks
yirkape: checks
*** RIVER *** [6h 3d Ah 7s] [Ts]
dragon1893: checks
yirkape: checks
*** SHOW DOWN ***
dragon1893: shows [3s 5c] (a pair of Threes)
yirkape: mucks hand
dragon1893 collected $5.88 from pot
*** SUMMARY ***
Total pot $6 | Rake $0.12
Board [6h 3d Ah 7s Ts]
Seat 1: yirkape (button) (small blind) mucked
Seat 2: dragon1893 (big blind) showed [3s 5c] and won ($5.88) with a pair of Threes


PokerStars Hand #147181060343:  Hold'em Limit ($3/$6 USD) - 2016/01/17 4:41:52 ET
Table 'Noemi II' 2-max Seat #1 is the button
Seat 1: yirkape ($29 in chips)
Seat 2: dragon1893 ($160.52 in chips)
yirkape: posts small blind $1
dragon1893: posts big blind $3
*** HOLE CARDS ***
yirkape: raises $3 to $6
dragon1893: folds
Uncalled bet ($3) returned to yirkape
yirkape collected $6 from pot
yirkape: doesn't show hand
*** SUMMARY ***
Total pot $6 | Rake $0
Seat 1: yirkape (button) (small blind) collected ($6)
Seat 2: dragon1893 (big blind) folded before Flop


PokerStars Hand #147181072133:  Hold'em Limit ($3/$6 USD) - 2016/01/17 4:42:15 ET
Table 'Noemi II' 2-max Seat #2 is the button
Seat 1: yirkape ($25 in chips)
Seat 2: dragon1893 ($164.28 in chips)
dragon1893: posts small blind $1
yirkape: posts big blind $3
*** HOLE CARDS ***
dragon1893: raises $3 to $6
yirkape: folds
Uncalled bet ($3) returned to dragon1893
dragon1893 collected $6 from pot
dragon1893: doesn't show hand
*** SUMMARY ***
Total pot $6 | Rake $0
Seat 1: yirkape (big blind) folded before Flop
Seat 2: dragon1893 (button) (small blind) collected ($6)


PokerStars Hand #147181070002:  Hold'em Limit ($3/$6 USD) - 2016/01/17 4:42:10 ET
Table 'Noemi II' 2-max Seat #1 is the button
Seat 1: yirkape ($26 in chips)
Seat 2: dragon1893 ($163.28 in chips)
yirkape: posts small blind $1
dragon1893: posts big blind $3
*** HOLE CARDS ***
yirkape: folds
Uncalled bet ($2) returned to dragon1893
dragon1893 collected $2 from pot
dragon1893: doesn't show hand
*** SUMMARY ***
Total pot $2 | Rake $0
Seat 1: yirkape (button) (small blind) folded before Flop
Seat 2: dragon1893 (big blind) collected ($2)


PokerStars Hand #147181074527:  Hold'em Limit ($3/$6 USD) - 2016/01/17 4:42:20 ET
Table 'Noemi II' 2-max Seat #1 is the button
Seat 1: yirkape ($22 in chips)
Seat 2: dragon1893 ($167.28 in chips)
yirkape: posts small blind $1
dragon1893: posts big blind $3
*** HOLE CARDS ***
yirkape: folds
Uncalled bet ($2) returned to dragon1893
dragon1893 collected $2 from pot
dragon1893: doesn't show hand
*** SUMMARY ***
Total pot $2 | Rake $0
Seat 1: yirkape (button) (small blind) folded before Flop
Seat 2: dragon1893 (big blind) collected ($2)


PokerStars Hand #147181076714:  Hold'em Limit ($3/$6 USD) - 2016/01/17 4:42:25 ET
Table 'Noemi II' 2-max Seat #2 is the button
Seat 1: yirkape ($21 in chips)
Seat 2: dragon1893 ($168.28 in chips)
dragon1893: posts small blind $1
yirkape: posts big blind $3
*** HOLE CARDS ***
dragon1893: raises $3 to $6
yirkape: calls $3
*** FLOP *** [4c Ah 7h]
yirkape: checks
dragon1893: bets $3
yirkape: calls $3
*** TURN *** [4c Ah 7h] [3d]
yirkape: checks
dragon1893: bets $6
yirkape: folds
Uncalled bet ($6) returned to dragon1893
dragon1893 collected $17.64 from pot
dragon1893: doesn't show hand
*** SUMMARY ***
Total pot $18 | Rake $0.36
Board [4c Ah 7h 3d]
Seat 1: yirkape (big blind) folded on the Turn
Seat 2: dragon1893 (button) (small blind) collected ($17.64)


PokerStars Hand #147181081932:  Hold'em Limit ($3/$6 USD) - 2016/01/17 4:42:36 ET
Table 'Noemi II' 2-max Seat #1 is the button
Seat 1: yirkape ($12 in chips)
Seat 2: dragon1893 ($176.92 in chips)
yirkape: posts small blind $1
dragon1893: posts big blind $3
*** HOLE CARDS ***
yirkape: raises $3 to $6
dragon1893: calls $3
*** FLOP *** [Tc Jh Qs]
dragon1893: checks
yirkape: bets $3
dragon1893: folds
Uncalled bet ($3) returned to yirkape
yirkape collected $11.76 from pot
yirkape: doesn't show hand
*** SUMMARY ***
Total pot $12 | Rake $0.24
Board [Tc Jh Qs]
Seat 1: yirkape (button) (small blind) collected ($11.76)
Seat 2: dragon1893 (big blind) folded on the Flop


PokerStars Hand #147181085485:  Hold'em Limit ($3/$6 USD) - 2016/01/17 4:42:43 ET
Table 'Noemi II' 2-max Seat #2 is the button
Seat 1: yirkape ($17.76 in chips)
Seat 2: dragon1893 ($170.92 in chips)
dragon1893: posts small blind $1
yirkape: posts big blind $3
*** HOLE CARDS ***
dragon1893: raises $3 to $6
yirkape: raises $3 to $9
dragon1893: calls $3
*** FLOP *** [2h Tc 7c]
yirkape: bets $3
dragon1893: raises $3 to $6
yirkape: raises $2.76 to $8.76 and is all-in
dragon1893: calls $2.76
*** TURN *** [2h Tc 7c] [5c]
*** RIVER *** [2h Tc 7c 5c] [3c]
*** SHOW DOWN ***
yirkape: shows [7h Kh] (a pair of Sevens)
dragon1893: shows [Qc 6c] (a flush, Queen high)
dragon1893 collected $35.02 from pot
*** SUMMARY ***
Total pot $35.52 | Rake $0.50
Board [2h Tc 7c 5c 3c]
Seat 1: yirkape (big blind) showed [7h Kh] and lost with a pair of Sevens
Seat 2: dragon1893 (button) (small blind) showed [Qc 6c] and won ($35.02) with a flush, Queen high


PokerStars Hand #147181064627:  Hold'em Limit ($3/$6 USD) - 2016/01/17 4:42:01 ET
Table 'Noemi II' 2-max Seat #2 is the button
Seat 1: yirkape ($32 in chips)
Seat 2: dragon1893 ($157.52 in chips)
dragon1893: posts small blind $1
yirkape: posts big blind $3
*** HOLE CARDS ***
dragon1893: raises $3 to $6
yirkape: calls $3
*** FLOP *** [2d Ts Kd]
yirkape: checks
dragon1893: bets $3
yirkape: folds
Uncalled bet ($3) returned to dragon1893
dragon1893 collected $11.76 from pot
dragon1893: doesn't show hand
*** SUMMARY ***
Total pot $12 | Rake $0.24
Board [2d Ts Kd]
Seat 1: yirkape (big blind) folded on the Flop
Seat 2: dragon1893 (button) (small blind) collected ($11.76)


