PokerStars Hand #158292276031:  Hold'em Limit ($3/$6 USD) - 2016/09/07 14:23:31 ET
Table 'Nolli' 6-max Seat #2 is the button
Seat 2: beaupaco ($151.02 in chips)
Seat 4: Luanto 14 ($125.10 in chips)
beaupaco: posts small blind $1
Luanto 14: posts big blind $3
*** HOLE CARDS ***
beaupaco: folds
Uncalled bet ($2) returned to Luanto 14
Luanto 14 collected $2 from pot
Luanto 14: doesn't show hand
*** SUMMARY ***
Total pot $2 | Rake $0
Seat 2: beaupaco (button) (small blind) folded before Flop
Seat 4: Luanto 14 (big blind) collected ($2)


PokerStars Hand #158292280027:  Hold'em Limit ($3/$6 USD) - 2016/09/07 14:23:36 ET
Table 'Nolli' 6-max Seat #4 is the button
Seat 2: beaupaco ($150.02 in chips)
Seat 4: Luanto 14 ($126.10 in chips)
Luanto 14: posts small blind $1
beaupaco: posts big blind $3
*** HOLE CARDS ***
Luanto 14: raises $3 to $6
beaupaco: calls $3
*** FLOP *** [Td 2c 7s]
beaupaco: checks
Luanto 14: bets $3
beaupaco: folds
Uncalled bet ($3) returned to Luanto 14
Luanto 14 collected $11.76 from pot
Luanto 14: doesn't show hand
*** SUMMARY ***
Total pot $12 | Rake $0.24
Board [Td 2c 7s]
Seat 2: beaupaco (big blind) folded on the Flop
Seat 4: Luanto 14 (button) (small blind) collected ($11.76)


PokerStars Hand #158292298451:  Hold'em Limit ($3/$6 USD) - 2016/09/07 14:23:59 ET
Table 'Nolli' 6-max Seat #2 is the button
Seat 2: beaupaco ($144.02 in chips)
Seat 4: Luanto 14 ($131.86 in chips)
beaupaco: posts small blind $1
Luanto 14: posts big blind $3
*** HOLE CARDS ***
beaupaco: raises $3 to $6
Luanto 14: calls $3
*** FLOP *** [2c 7c Jd]
Luanto 14: checks
beaupaco: checks
*** TURN *** [2c 7c Jd] [2h]
Luanto 14: bets $6
beaupaco: folds
Uncalled bet ($6) returned to Luanto 14
Luanto 14 collected $11.76 from pot
Luanto 14: doesn't show hand
*** SUMMARY ***
Total pot $12 | Rake $0.24
Board [2c 7c Jd 2h]
Seat 2: beaupaco (button) (small blind) folded on the Turn
Seat 4: Luanto 14 (big blind) collected ($11.76)


PokerStars Hand #158292310152:  Hold'em Limit ($3/$6 USD) - 2016/09/07 14:24:13 ET
Table 'Nolli' 6-max Seat #4 is the button
Seat 2: beaupaco ($138.02 in chips)
Seat 4: Luanto 14 ($137.62 in chips)
Luanto 14: posts small blind $1
beaupaco: posts big blind $3
*** HOLE CARDS ***
Luanto 14: raises $3 to $6
beaupaco: calls $3
*** FLOP *** [Tc 7d 3s]
beaupaco: checks
Luanto 14: bets $3
beaupaco: calls $3
*** TURN *** [Tc 7d 3s] [4s]
beaupaco: checks
Luanto 14: bets $6
beaupaco: calls $6
*** RIVER *** [Tc 7d 3s 4s] [8h]
beaupaco: checks
Luanto 14: bets $6
beaupaco: calls $6
*** SHOW DOWN ***
Luanto 14: shows [7h 9h] (a pair of Sevens)
beaupaco: shows [7s Jc] (a pair of Sevens - Jack kicker)
beaupaco collected $41.50 from pot
*** SUMMARY ***
Total pot $42 | Rake $0.50
Board [Tc 7d 3s 4s 8h]
Seat 2: beaupaco (big blind) showed [7s Jc] and won ($41.50) with a pair of Sevens
Seat 4: Luanto 14 (button) (small blind) showed [7h 9h] and lost with a pair of Sevens


PokerStars Hand #158292327677:  Hold'em Limit ($3/$6 USD) - 2016/09/07 14:24:34 ET
Table 'Nolli' 6-max Seat #2 is the button
Seat 2: beaupaco ($158.52 in chips)
Seat 4: Luanto 14 ($116.62 in chips)
beaupaco: posts small blind $1
Luanto 14: posts big blind $3
*** HOLE CARDS ***
beaupaco: raises $3 to $6
Luanto 14: calls $3
*** FLOP *** [5s 2d 5h]
Luanto 14: checks
beaupaco: checks
*** TURN *** [5s 2d 5h] [2h]
Luanto 14: checks
beaupaco: bets $6
Luanto 14: folds
Uncalled bet ($6) returned to beaupaco
beaupaco collected $11.76 from pot
*** SUMMARY ***
Total pot $12 | Rake $0.24
Board [5s 2d 5h 2h]
Seat 2: beaupaco (button) (small blind) collected ($11.76)
Seat 4: Luanto 14 (big blind) folded on the Turn


PokerStars Hand #158292339500:  Hold'em Limit ($3/$6 USD) - 2016/09/07 14:24:49 ET
Table 'Nolli' 6-max Seat #4 is the button
Seat 2: beaupaco ($164.28 in chips)
Seat 4: Luanto 14 ($110.62 in chips)
Luanto 14: posts small blind $1
beaupaco: posts big blind $3
*** HOLE CARDS ***
Luanto 14: raises $3 to $6
beaupaco: calls $3
*** FLOP *** [Kh 5s Jc]
beaupaco: checks
Luanto 14: bets $3
beaupaco: calls $3
*** TURN *** [Kh 5s Jc] [Kd]
beaupaco: checks
Luanto 14: checks
*** RIVER *** [Kh 5s Jc Kd] [Qc]
beaupaco: bets $6
Luanto 14: folds
Uncalled bet ($6) returned to beaupaco
beaupaco collected $17.64 from pot
*** SUMMARY ***
Total pot $18 | Rake $0.36
Board [Kh 5s Jc Kd Qc]
Seat 2: beaupaco (big blind) collected ($17.64)
Seat 4: Luanto 14 (button) (small blind) folded on the River


PokerStars Hand #158292358909:  Hold'em Limit ($3/$6 USD) - 2016/09/07 14:25:13 ET
Table 'Nolli' 6-max Seat #2 is the button
Seat 2: beaupaco ($172.92 in chips)
Seat 4: Luanto 14 ($101.62 in chips)
beaupaco: posts small blind $1
Luanto 14: posts big blind $3
*** HOLE CARDS ***
beaupaco: raises $3 to $6
Luanto 14: calls $3
*** FLOP *** [5c 6c 4h]
Luanto 14: checks
xxRGx joins the table at seat #6
beaupaco: bets $3
Luanto 14: raises $3 to $6
beaupaco: calls $3
*** TURN *** [5c 6c 4h] [5d]
Luanto 14: bets $6
beaupaco: folds
Uncalled bet ($6) returned to Luanto 14
Luanto 14 collected $23.52 from pot
Luanto 14: doesn't show hand
*** SUMMARY ***
Total pot $24 | Rake $0.48
Board [5c 6c 4h 5d]
Seat 2: beaupaco (button) (small blind) folded on the Turn
Seat 4: Luanto 14 (big blind) collected ($23.52)


PokerStars Hand #158294335762:  Hold'em Limit ($3/$6 USD) - 2016/09/07 15:05:24 ET
Table 'Nolli' 6-max Seat #5 is the button
Seat 2: BuzovaPro ($79.37 in chips)
Seat 5: CatPuppy1999 ($94.47 in chips)
CatPuppy1999: posts small blind $1
BuzovaPro: posts big blind $3
*** HOLE CARDS ***
CatPuppy1999: raises $3 to $6
juswnttoplay leaves the table
BuzovaPro: calls $3
*** FLOP *** [Jd Tc Jh]
BuzovaPro: checks
CatPuppy1999: bets $3
BuzovaPro: calls $3
*** TURN *** [Jd Tc Jh] [Js]
BuzovaPro: checks
CatPuppy1999: bets $6
BuzovaPro: calls $6
*** RIVER *** [Jd Tc Jh Js] [9s]
BuzovaPro: checks
CatPuppy1999: bets $6
BuzovaPro: folds
Uncalled bet ($6) returned to CatPuppy1999
CatPuppy1999 collected $29.50 from pot
CatPuppy1999: doesn't show hand
*** SUMMARY ***
Total pot $30 | Rake $0.50
Board [Jd Tc Jh Js 9s]
Seat 2: BuzovaPro (big blind) folded on the River
Seat 5: CatPuppy1999 (button) (small blind) collected ($29.50)


