PokerStars Hand #155301475598:  Hold'em Limit ($3/$6 USD) - 2016/06/28 10:24:39 ET
Table 'Nolli' 6-max Seat #3 is the button
Seat 3: sawel888 ($57.12 in chips)
Seat 4: TbIP-TbIP 88 ($72 in chips)
sawel888: posts small blind $1
TbIP-TbIP 88: posts big blind $3
*** HOLE CARDS ***
Ale4o joins the table at seat #5
sawel888: raises $3 to $6
tomte999 joins the table at seat #6
TbIP-TbIP 88: raises $3 to $9
sawel888: calls $3
*** FLOP *** [2c 5s 9d]
TbIP-TbIP 88: bets $3
sawel888: calls $3
*** TURN *** [2c 5s 9d] [6d]
TbIP-TbIP 88: checks
sawel888: bets $6
TbIP-TbIP 88: calls $6
*** RIVER *** [2c 5s 9d 6d] [Ah]
TbIP-TbIP 88: bets $6
sawel888: calls $6
*** SHOW DOWN ***
TbIP-TbIP 88: shows [Kc Ad] (a pair of Aces)
sawel888: mucks hand
TbIP-TbIP 88 collected $47.50 from pot
*** SUMMARY ***
Total pot $48 | Rake $0.50
Board [2c 5s 9d 6d Ah]
Seat 3: sawel888 (button) (small blind) mucked
Seat 4: TbIP-TbIP 88 (big blind) showed [Kc Ad] and won ($47.50) with a pair of Aces


