PokerStars Hand #145426499029:  Hold'em Limit ($3/$6 USD) - 2015/12/16 7:38:43 ET
Table 'Nolli III' 2-max Seat #1 is the button
Seat 1: ct-650 ($177.50 in chips)
Seat 2: hughes218 ($92 in chips)
ct-650: posts small blind $1
hughes218: posts big blind $3
*** HOLE CARDS ***
ct-650: raises $3 to $6
hughes218: calls $3
*** FLOP *** [6s 5s 4c]
hughes218: checks
ct-650: checks
*** TURN *** [6s 5s 4c] [Kh]
hughes218: bets $6
ct-650: calls $6
*** RIVER *** [6s 5s 4c Kh] [Qc]
hughes218: bets $6
ct-650: calls $6
*** SHOW DOWN ***
hughes218: shows [2s Js] (high card King)
ct-650: shows [9h Ac] (high card Ace)
ct-650 collected $35.50 from pot
*** SUMMARY ***
Total pot $36 | Rake $0.50
Board [6s 5s 4c Kh Qc]
Seat 1: ct-650 (button) (small blind) showed [9h Ac] and won ($35.50) with high card Ace
Seat 2: hughes218 (big blind) showed [2s Js] and lost with high card King


PokerStars Hand #145426537696:  Hold'em Limit ($3/$6 USD) - 2015/12/16 7:39:54 ET
Table 'Nolli III' 2-max Seat #1 is the button
Seat 1: ct-650 ($224.50 in chips)
Seat 2: hughes218 ($44 in chips)
ct-650: posts small blind $1
hughes218: posts big blind $3
*** HOLE CARDS ***
ct-650: folds
Uncalled bet ($2) returned to hughes218
hughes218 collected $2 from pot
hughes218: doesn't show hand
*** SUMMARY ***
Total pot $2 | Rake $0
Seat 1: ct-650 (button) (small blind) folded before Flop
Seat 2: hughes218 (big blind) collected ($2)


PokerStars Hand #145426517142:  Hold'em Limit ($3/$6 USD) - 2015/12/16 7:39:16 ET
Table 'Nolli III' 2-max Seat #2 is the button
Seat 1: ct-650 ($195 in chips)
Seat 2: hughes218 ($74 in chips)
hughes218: posts small blind $1
ct-650: posts big blind $3
*** HOLE CARDS ***
hughes218: raises $3 to $6
ct-650: raises $3 to $9
hughes218: calls $3
*** FLOP *** [Js 8c 3h]
ct-650: bets $3
hughes218: calls $3
*** TURN *** [Js 8c 3h] [Td]
ct-650: checks
hughes218: bets $6
ct-650: raises $6 to $12
hughes218: calls $6
*** RIVER *** [Js 8c 3h Td] [4c]
ct-650: bets $6
hughes218: calls $6
*** SHOW DOWN ***
ct-650: shows [Jc 9h] (a pair of Jacks)
hughes218: mucks hand
ct-650 collected $59.50 from pot
*** SUMMARY ***
Total pot $60 | Rake $0.50
Board [Js 8c 3h Td 4c]
Seat 1: ct-650 (big blind) showed [Jc 9h] and won ($59.50) with a pair of Jacks
Seat 2: hughes218 (button) (small blind) mucked


PokerStars Hand #145426570900:  Hold'em Limit ($3/$6 USD) - 2015/12/16 7:40:55 ET
Table 'Nolli III' 2-max Seat #2 is the button
Seat 1: ct-650 ($232.02 in chips)
Seat 2: hughes218 ($36 in chips)
hughes218: posts small blind $1
ct-650: posts big blind $3
*** HOLE CARDS ***
hughes218: raises $3 to $6
ct-650: folds
Uncalled bet ($3) returned to hughes218
hughes218 collected $6 from pot
hughes218: doesn't show hand
*** SUMMARY ***
Total pot $6 | Rake $0
Seat 1: ct-650 (big blind) folded before Flop
Seat 2: hughes218 (button) (small blind) collected ($6)


PokerStars Hand #145426568400:  Hold'em Limit ($3/$6 USD) - 2015/12/16 7:40:51 ET
Table 'Nolli III' 2-max Seat #1 is the button
Seat 1: ct-650 ($233.02 in chips)
Seat 2: hughes218 ($35 in chips)
ct-650: posts small blind $1
hughes218: posts big blind $3
*** HOLE CARDS ***
ct-650: folds
Uncalled bet ($2) returned to hughes218
hughes218 collected $2 from pot
hughes218: doesn't show hand
*** SUMMARY ***
Total pot $2 | Rake $0
Seat 1: ct-650 (button) (small blind) folded before Flop
Seat 2: hughes218 (big blind) collected ($2)


PokerStars Hand #145426562891:  Hold'em Limit ($3/$6 USD) - 2015/12/16 7:40:40 ET
Table 'Nolli III' 2-max Seat #2 is the button
Seat 1: ct-650 ($236.02 in chips)
Seat 2: hughes218 ($32 in chips)
hughes218: posts small blind $1
ct-650: posts big blind $3
*** HOLE CARDS ***
hughes218: raises $3 to $6
ct-650: folds
Uncalled bet ($3) returned to hughes218
hughes218 collected $6 from pot
hughes218: doesn't show hand
*** SUMMARY ***
Total pot $6 | Rake $0
Seat 1: ct-650 (big blind) folded before Flop
Seat 2: hughes218 (button) (small blind) collected ($6)


PokerStars Hand #145426544127:  Hold'em Limit ($3/$6 USD) - 2015/12/16 7:40:06 ET
Table 'Nolli III' 2-max Seat #1 is the button
Seat 1: ct-650 ($224.50 in chips)
Seat 2: hughes218 ($44 in chips)
ct-650: posts small blind $1
hughes218: posts big blind $3
*** HOLE CARDS ***
ct-650: raises $3 to $6
hughes218: raises $3 to $9
ct-650: calls $3
*** FLOP *** [Ac 2h 9s]
hughes218: bets $3
ct-650: calls $3
*** TURN *** [Ac 2h 9s] [5s]
hughes218: checks
ct-650: checks
*** RIVER *** [Ac 2h 9s 5s] [Js]
hughes218: checks
ct-650: checks
*** SHOW DOWN ***
hughes218: shows [Kc 7c] (high card Ace)
ct-650: shows [8h 5h] (a pair of Fives)
ct-650 collected $23.52 from pot
*** SUMMARY ***
Total pot $24 | Rake $0.48
Board [Ac 2h 9s 5s Js]
Seat 1: ct-650 (button) (small blind) showed [8h 5h] and won ($23.52) with a pair of Fives
Seat 2: hughes218 (big blind) showed [Kc 7c] and lost with high card Ace


PokerStars Hand #145426575577:  Hold'em Limit ($3/$6 USD) - 2015/12/16 7:41:04 ET
Table 'Nolli III' 2-max Seat #1 is the button
Seat 1: ct-650 ($229.02 in chips)
Seat 2: hughes218 ($39 in chips)
ct-650: posts small blind $1
hughes218: posts big blind $3
*** HOLE CARDS ***
ct-650: raises $3 to $6
hughes218: raises $3 to $9
ct-650: raises $3 to $12
Betting is capped
hughes218: calls $3
*** FLOP *** [7d Qh Qd]
hughes218: checks
ct-650: bets $3
hughes218: raises $3 to $6
ct-650: calls $3
*** TURN *** [7d Qh Qd] [2s]
hughes218: bets $6
ct-650: calls $6
*** RIVER *** [7d Qh Qd 2s] [5c]
hughes218: bets $6
ct-650: raises $6 to $12
hughes218: raises $3 to $15 and is all-in
ct-650: calls $3
*** SHOW DOWN ***
hughes218: shows [Js Qs] (three of a kind, Queens)
ct-650: shows [Kc Qc] (three of a kind, Queens - King kicker)
ct-650 collected $77.50 from pot
*** SUMMARY ***
Total pot $78 | Rake $0.50
Board [7d Qh Qd 2s 5c]
Seat 1: ct-650 (button) (small blind) showed [Kc Qc] and won ($77.50) with three of a kind, Queens
Seat 2: hughes218 (big blind) showed [Js Qs] and lost with three of a kind, Queens


