PokerStars Hand #151007944678:  Hold'em Limit ($3/$6 USD) - 2016/03/27 10:01:29 ET
Table 'Nongoma' 10-max Seat #6 is the button
Seat 5: ct-650 ($155.76 in chips)
Seat 6: MobyDickDK ($69 in chips)
MobyDickDK: posts small blind $1
ct-650: posts big blind $3
*** HOLE CARDS ***
MobyDickDK: raises $3 to $6
ct-650: folds
Uncalled bet ($3) returned to MobyDickDK
MobyDickDK collected $6 from pot
MobyDickDK: doesn't show hand
*** SUMMARY ***
Total pot $6 | Rake $0
Seat 5: ct-650 (big blind) folded before Flop
Seat 6: MobyDickDK (button) (small blind) collected ($6)


PokerStars Hand #151007935378:  Hold'em Limit ($3/$6 USD) - 2016/03/27 10:01:15 ET
Table 'Nongoma' 10-max Seat #5 is the button
Seat 5: ct-650 ($150 in chips)
Seat 6: MobyDickDK ($75 in chips)
ct-650: posts small blind $1
MobyDickDK: posts big blind $3
*** HOLE CARDS ***
ct-650: raises $3 to $6
MobyDickDK: calls $3
*** FLOP *** [3s 4s 4d]
MobyDickDK: checks
ct-650: bets $3
MobyDickDK: folds
Uncalled bet ($3) returned to ct-650
ct-650 collected $11.76 from pot
*** SUMMARY ***
Total pot $12 | Rake $0.24
Board [3s 4s 4d]
Seat 5: ct-650 (button) (small blind) collected ($11.76)
Seat 6: MobyDickDK (big blind) folded on the Flop


PokerStars Hand #151008001823:  Hold'em Limit ($3/$6 USD) - 2016/03/27 10:02:51 ET
Table 'Nongoma' 10-max Seat #5 is the button
Seat 5: ct-650 ($159.04 in chips)
Seat 6: MobyDickDK ($64.52 in chips)
ct-650: posts small blind $1
MobyDickDK: posts big blind $3
*** HOLE CARDS ***
ct-650: folds
Uncalled bet ($2) returned to MobyDickDK
MobyDickDK collected $2 from pot
*** SUMMARY ***
Total pot $2 | Rake $0
Seat 5: ct-650 (button) (small blind) folded before Flop
Seat 6: MobyDickDK (big blind) collected ($2)


PokerStars Hand #151007998339:  Hold'em Limit ($3/$6 USD) - 2016/03/27 10:02:46 ET
Table 'Nongoma' 10-max Seat #6 is the button
Seat 5: ct-650 ($158.04 in chips)
Seat 6: MobyDickDK ($65.52 in chips)
MobyDickDK: posts small blind $1
ct-650: posts big blind $3
*** HOLE CARDS ***
MobyDickDK: folds
Uncalled bet ($2) returned to ct-650
ct-650 collected $2 from pot
*** SUMMARY ***
Total pot $2 | Rake $0
Seat 5: ct-650 (big blind) collected ($2)
Seat 6: MobyDickDK (button) (small blind) folded before Flop


PokerStars Hand #151007995641:  Hold'em Limit ($3/$6 USD) - 2016/03/27 10:02:42 ET
Table 'Nongoma' 10-max Seat #5 is the button
Seat 5: ct-650 ($159.04 in chips)
Seat 6: MobyDickDK ($64.52 in chips)
ct-650: posts small blind $1
MobyDickDK: posts big blind $3
*** HOLE CARDS ***
ct-650: folds
Uncalled bet ($2) returned to MobyDickDK
MobyDickDK collected $2 from pot
MobyDickDK: doesn't show hand
*** SUMMARY ***
Total pot $2 | Rake $0
Seat 5: ct-650 (button) (small blind) folded before Flop
Seat 6: MobyDickDK (big blind) collected ($2)


PokerStars Hand #151007987601:  Hold'em Limit ($3/$6 USD) - 2016/03/27 10:02:30 ET
Table 'Nongoma' 10-max Seat #6 is the button
Seat 5: ct-650 ($147.52 in chips)
Seat 6: MobyDickDK ($76.52 in chips)
MobyDickDK: posts small blind $1
ct-650: posts big blind $3
*** HOLE CARDS ***
MobyDickDK: raises $3 to $6
ct-650: calls $3
*** FLOP *** [5h 4h Qc]
ct-650: checks
MobyDickDK: bets $3
ct-650: raises $3 to $6
MobyDickDK: calls $3
*** TURN *** [5h 4h Qc] [6h]
ct-650: bets $6
MobyDickDK: folds
Uncalled bet ($6) returned to ct-650
ct-650 collected $23.52 from pot
*** SUMMARY ***
Total pot $24 | Rake $0.48
Board [5h 4h Qc 6h]
Seat 5: ct-650 (big blind) collected ($23.52)
Seat 6: MobyDickDK (button) (small blind) folded on the Turn


PokerStars Hand #151007981426:  Hold'em Limit ($3/$6 USD) - 2016/03/27 10:02:22 ET
Table 'Nongoma' 10-max Seat #5 is the button
Seat 5: ct-650 ($141.76 in chips)
Seat 6: MobyDickDK ($82.52 in chips)
ct-650: posts small blind $1
MobyDickDK: posts big blind $3
*** HOLE CARDS ***
ct-650: raises $3 to $6
MobyDickDK: calls $3
*** FLOP *** [Qh 3d 7h]
MobyDickDK: checks
ct-650: bets $3
MobyDickDK: folds
Uncalled bet ($3) returned to ct-650
ct-650 collected $11.76 from pot
*** SUMMARY ***
Total pot $12 | Rake $0.24
Board [Qh 3d 7h]
Seat 5: ct-650 (button) (small blind) collected ($11.76)
Seat 6: MobyDickDK (big blind) folded on the Flop


PokerStars Hand #151007978375:  Hold'em Limit ($3/$6 USD) - 2016/03/27 10:02:18 ET
Table 'Nongoma' 10-max Seat #6 is the button
Seat 5: ct-650 ($140.76 in chips)
Seat 6: MobyDickDK ($83.52 in chips)
MobyDickDK: posts small blind $1
ct-650: posts big blind $3
*** HOLE CARDS ***
MobyDickDK: folds
Uncalled bet ($2) returned to ct-650
ct-650 collected $2 from pot
*** SUMMARY ***
Total pot $2 | Rake $0
Seat 5: ct-650 (big blind) collected ($2)
Seat 6: MobyDickDK (button) (small blind) folded before Flop


PokerStars Hand #151007975309:  Hold'em Limit ($3/$6 USD) - 2016/03/27 10:02:13 ET
Table 'Nongoma' 10-max Seat #5 is the button
Seat 5: ct-650 ($141.76 in chips)
Seat 6: MobyDickDK ($82.52 in chips)
ct-650: posts small blind $1
MobyDickDK: posts big blind $3
*** HOLE CARDS ***
ct-650: folds
Uncalled bet ($2) returned to MobyDickDK
MobyDickDK collected $2 from pot
MobyDickDK: doesn't show hand
*** SUMMARY ***
Total pot $2 | Rake $0
Seat 5: ct-650 (button) (small blind) folded before Flop
Seat 6: MobyDickDK (big blind) collected ($2)


PokerStars Hand #151007972205:  Hold'em Limit ($3/$6 USD) - 2016/03/27 10:02:09 ET
Table 'Nongoma' 10-max Seat #6 is the button
Seat 5: ct-650 ($140.76 in chips)
Seat 6: MobyDickDK ($83.52 in chips)
MobyDickDK: posts small blind $1
ct-650: posts big blind $3
*** HOLE CARDS ***
MobyDickDK: folds
Uncalled bet ($2) returned to ct-650
ct-650 collected $2 from pot
*** SUMMARY ***
Total pot $2 | Rake $0
Seat 5: ct-650 (big blind) collected ($2)
Seat 6: MobyDickDK (button) (small blind) folded before Flop


PokerStars Hand #151007948292:  Hold'em Limit ($3/$6 USD) - 2016/03/27 10:01:34 ET
Table 'Nongoma' 10-max Seat #5 is the button
Seat 5: ct-650 ($152.76 in chips)
Seat 6: MobyDickDK ($72 in chips)
ct-650: posts small blind $1
MobyDickDK: posts big blind $3
*** HOLE CARDS ***
ct-650: raises $3 to $6
MobyDickDK: raises $3 to $9
ct-650: calls $3
*** FLOP *** [Kd 4d Jh]
MobyDickDK: bets $3
ct-650: calls $3
*** TURN *** [Kd 4d Jh] [Qh]
MobyDickDK: checks
ct-650: checks
*** RIVER *** [Kd 4d Jh Qh] [As]
MobyDickDK: checks
ct-650: checks
*** SHOW DOWN ***
MobyDickDK: shows [8s Ad] (a pair of Aces)
ct-650: mucks hand
MobyDickDK collected $23.52 from pot
*** SUMMARY ***
Total pot $24 | Rake $0.48
Board [Kd 4d Jh Qh As]
Seat 5: ct-650 (button) (small blind) mucked
Seat 6: MobyDickDK (big blind) showed [8s Ad] and won ($23.52) with a pair of Aces


PokerStars Hand #151008038601:  Hold'em Limit ($3/$6 USD) - 2016/03/27 10:03:41 ET
Table 'Nongoma' 10-max Seat #6 is the button
Seat 5: ct-650 ($183.82 in chips)
Seat 6: MobyDickDK ($38.16 in chips)
MobyDickDK: posts small blind $1
ct-650: posts big blind $3
*** HOLE CARDS ***
MobyDickDK: folds
Uncalled bet ($2) returned to ct-650
ct-650 collected $2 from pot
*** SUMMARY ***
Total pot $2 | Rake $0
Seat 5: ct-650 (big blind) collected ($2)
Seat 6: MobyDickDK (button) (small blind) folded before Flop


PokerStars Hand #151008031464:  Hold'em Limit ($3/$6 USD) - 2016/03/27 10:03:30 ET
Table 'Nongoma' 10-max Seat #5 is the button
Seat 5: ct-650 ($192.82 in chips)
Seat 6: MobyDickDK ($29.52 in chips)
ct-650: posts small blind $1
MobyDickDK: posts big blind $3
*** HOLE CARDS ***
ct-650: raises $3 to $6
MobyDickDK: raises $3 to $9
ct-650: calls $3
*** FLOP *** [2c 5c Kh]
MobyDickDK: bets $3
ct-650: folds
Uncalled bet ($3) returned to MobyDickDK
MobyDickDK collected $17.64 from pot
MobyDickDK: doesn't show hand
*** SUMMARY ***
Total pot $18 | Rake $0.36
Board [2c 5c Kh]
Seat 5: ct-650 (button) (small blind) folded on the Flop
Seat 6: MobyDickDK (big blind) collected ($17.64)


PokerStars Hand #151008023647:  Hold'em Limit ($3/$6 USD) - 2016/03/27 10:03:20 ET
Table 'Nongoma' 10-max Seat #6 is the button
Seat 5: ct-650 ($184.18 in chips)
Seat 6: MobyDickDK ($38.52 in chips)
MobyDickDK: posts small blind $1
ct-650: posts big blind $3
*** HOLE CARDS ***
MobyDickDK: raises $3 to $6
ct-650: calls $3
*** FLOP *** [Qc 3s Kd]
ct-650: checks
MobyDickDK: bets $3
ct-650: raises $3 to $6
MobyDickDK: folds
Uncalled bet ($3) returned to ct-650
ct-650 collected $17.64 from pot
*** SUMMARY ***
Total pot $18 | Rake $0.36
Board [Qc 3s Kd]
Seat 5: ct-650 (big blind) collected ($17.64)
Seat 6: MobyDickDK (button) (small blind) folded on the Flop


PokerStars Hand #151008013853:  Hold'em Limit ($3/$6 USD) - 2016/03/27 10:03:06 ET
Table 'Nongoma' 10-max Seat #5 is the button
Seat 5: ct-650 ($166.68 in chips)
Seat 6: MobyDickDK ($56.52 in chips)
ct-650: posts small blind $1
MobyDickDK: posts big blind $3
*** HOLE CARDS ***
ct-650: raises $3 to $6
MobyDickDK: raises $3 to $9
ct-650: calls $3
*** FLOP *** [Th Ts 6c]
MobyDickDK: bets $3
ct-650: calls $3
*** TURN *** [Th Ts 6c] [Jd]
MobyDickDK: bets $6
ct-650: raises $6 to $12
MobyDickDK: folds
Uncalled bet ($6) returned to ct-650
ct-650 collected $35.50 from pot
*** SUMMARY ***
Total pot $36 | Rake $0.50
Board [Th Ts 6c Jd]
Seat 5: ct-650 (button) (small blind) collected ($35.50)
Seat 6: MobyDickDK (big blind) folded on the Turn


PokerStars Hand #151008005273:  Hold'em Limit ($3/$6 USD) - 2016/03/27 10:02:55 ET
Table 'Nongoma' 10-max Seat #6 is the button
Seat 5: ct-650 ($158.04 in chips)
Seat 6: MobyDickDK ($65.52 in chips)
MobyDickDK: posts small blind $1
ct-650: posts big blind $3
*** HOLE CARDS ***
MobyDickDK: raises $3 to $6
ct-650: calls $3
*** FLOP *** [2d Js Jc]
ct-650: checks
MobyDickDK: bets $3
ct-650: raises $3 to $6
MobyDickDK: folds
Uncalled bet ($3) returned to ct-650
ct-650 collected $17.64 from pot
*** SUMMARY ***
Total pot $18 | Rake $0.36
Board [2d Js Jc]
Seat 5: ct-650 (big blind) collected ($17.64)
Seat 6: MobyDickDK (button) (small blind) folded on the Flop


PokerStars Hand #151008087078:  Hold'em Limit ($3/$6 USD) - 2016/03/27 10:04:50 ET
Table 'Nongoma' 10-max Seat #5 is the button
Seat 5: ct-650 ($198.32 in chips)
Seat 6: MobyDickDK ($22.92 in chips)
ct-650: posts small blind $1
MobyDickDK: posts big blind $3
*** HOLE CARDS ***
ct-650: raises $3 to $6
MobyDickDK: calls $3
*** FLOP *** [5s 4d Ts]
MobyDickDK: checks
ct-650: bets $3
MobyDickDK: folds
Uncalled bet ($3) returned to ct-650
ct-650 collected $11.76 from pot
*** SUMMARY ***
Total pot $12 | Rake $0.24
Board [5s 4d Ts]
Seat 5: ct-650 (button) (small blind) collected ($11.76)
Seat 6: MobyDickDK (big blind) folded on the Flop


PokerStars Hand #151008083672:  Hold'em Limit ($3/$6 USD) - 2016/03/27 10:04:45 ET
Table 'Nongoma' 10-max Seat #6 is the button
Seat 5: ct-650 ($197.32 in chips)
Seat 6: MobyDickDK ($23.92 in chips)
MobyDickDK: posts small blind $1
ct-650: posts big blind $3
*** HOLE CARDS ***
MobyDickDK: folds
Uncalled bet ($2) returned to ct-650
ct-650 collected $2 from pot
*** SUMMARY ***
Total pot $2 | Rake $0
Seat 5: ct-650 (big blind) collected ($2)
Seat 6: MobyDickDK (button) (small blind) folded before Flop


PokerStars Hand #151008075873:  Hold'em Limit ($3/$6 USD) - 2016/03/27 10:04:34 ET
Table 'Nongoma' 10-max Seat #5 is the button
Seat 5: ct-650 ($203.32 in chips)
Seat 6: MobyDickDK ($18.16 in chips)
ct-650: posts small blind $1
MobyDickDK: posts big blind $3
*** HOLE CARDS ***
ct-650: raises $3 to $6
MobyDickDK: calls $3
*** FLOP *** [8d 7s Td]
MobyDickDK: checks
ct-650: checks
*** TURN *** [8d 7s Td] [Qd]
MobyDickDK: bets $6
ct-650: folds
Uncalled bet ($6) returned to MobyDickDK
MobyDickDK collected $11.76 from pot
*** SUMMARY ***
Total pot $12 | Rake $0.24
Board [8d 7s Td Qd]
Seat 5: ct-650 (button) (small blind) folded on the Turn
Seat 6: MobyDickDK (big blind) collected ($11.76)


PokerStars Hand #151008069912:  Hold'em Limit ($3/$6 USD) - 2016/03/27 10:04:26 ET
Table 'Nongoma' 10-max Seat #6 is the button
Seat 5: ct-650 ($202.32 in chips)
Seat 6: MobyDickDK ($19.16 in chips)
MobyDickDK: posts small blind $1
ct-650: posts big blind $3
*** HOLE CARDS ***
MobyDickDK: folds
Uncalled bet ($2) returned to ct-650
ct-650 collected $2 from pot
*** SUMMARY ***
Total pot $2 | Rake $0
Seat 5: ct-650 (big blind) collected ($2)
Seat 6: MobyDickDK (button) (small blind) folded before Flop


PokerStars Hand #151008057779:  Hold'em Limit ($3/$6 USD) - 2016/03/27 10:04:09 ET
Table 'Nongoma' 10-max Seat #5 is the button
Seat 5: ct-650 ($203.32 in chips)
Seat 6: MobyDickDK ($18.16 in chips)
ct-650: posts small blind $1
MobyDickDK: posts big blind $3
*** HOLE CARDS ***
ct-650: folds
Uncalled bet ($2) returned to MobyDickDK
MobyDickDK collected $2 from pot
*** SUMMARY ***
Total pot $2 | Rake $0
Seat 5: ct-650 (button) (small blind) folded before Flop
Seat 6: MobyDickDK (big blind) collected ($2)


PokerStars Hand #151008052703:  Hold'em Limit ($3/$6 USD) - 2016/03/27 10:04:01 ET
Table 'Nongoma' 10-max Seat #6 is the button
Seat 5: ct-650 ($202.32 in chips)
Seat 6: MobyDickDK ($19.16 in chips)
MobyDickDK: posts small blind $1
ct-650: posts big blind $3
*** HOLE CARDS ***
MobyDickDK: folds
Uncalled bet ($2) returned to ct-650
ct-650 collected $2 from pot
*** SUMMARY ***
Total pot $2 | Rake $0
Seat 5: ct-650 (big blind) collected ($2)
Seat 6: MobyDickDK (button) (small blind) folded before Flop


PokerStars Hand #151008042062:  Hold'em Limit ($3/$6 USD) - 2016/03/27 10:03:46 ET
Table 'Nongoma' 10-max Seat #5 is the button
Seat 5: ct-650 ($184.82 in chips)
Seat 6: MobyDickDK ($37.16 in chips)
ct-650: posts small blind $1
MobyDickDK: posts big blind $3
*** HOLE CARDS ***
ct-650: raises $3 to $6
MobyDickDK: raises $3 to $9
ct-650: calls $3
*** FLOP *** [Qs 3c 6h]
MobyDickDK: bets $3
ct-650: calls $3
*** TURN *** [Qs 3c 6h] [9d]
MobyDickDK: checks
ct-650: bets $6
MobyDickDK: calls $6
*** RIVER *** [Qs 3c 6h 9d] [8h]
MobyDickDK: checks
ct-650: checks
*** SHOW DOWN ***
MobyDickDK: shows [Ac Kd] (high card Ace)
ct-650: shows [6d Ah] (a pair of Sixes)
ct-650 collected $35.50 from pot
*** SUMMARY ***
Total pot $36 | Rake $0.50
Board [Qs 3c 6h 9d 8h]
Seat 5: ct-650 (button) (small blind) showed [6d Ah] and won ($35.50) with a pair of Sixes
Seat 6: MobyDickDK (big blind) showed [Ac Kd] and lost with high card Ace


PokerStars Hand #151008126570:  Hold'em Limit ($3/$6 USD) - 2016/03/27 10:05:43 ET
Table 'Nongoma' 10-max Seat #5 is the button
Seat 5: ct-650 ($192.92 in chips)
Seat 6: MobyDickDK ($27.16 in chips)
ct-650: posts small blind $1
MobyDickDK: posts big blind $3
*** HOLE CARDS ***
ct-650: raises $3 to $6
MobyDickDK: calls $3
*** FLOP *** [4d 6h 4c]
MobyDickDK: checks
ct-650: bets $3
MobyDickDK: calls $3
*** TURN *** [4d 6h 4c] [Tc]
MobyDickDK: checks
ct-650: checks
*** RIVER *** [4d 6h 4c Tc] [Th]
MobyDickDK: bets $6
ct-650: folds
Uncalled bet ($6) returned to MobyDickDK
MobyDickDK collected $17.64 from pot
*** SUMMARY ***
Total pot $18 | Rake $0.36
Board [4d 6h 4c Tc Th]
Seat 5: ct-650 (button) (small blind) folded on the River
Seat 6: MobyDickDK (big blind) collected ($17.64)


PokerStars Hand #151008122001:  Hold'em Limit ($3/$6 USD) - 2016/03/27 10:05:37 ET
Table 'Nongoma' 10-max Seat #6 is the button
Seat 5: ct-650 ($195.92 in chips)
Seat 6: MobyDickDK ($24.16 in chips)
MobyDickDK: posts small blind $1
ct-650: posts big blind $3
*** HOLE CARDS ***
MobyDickDK: raises $3 to $6
ct-650: folds
Uncalled bet ($3) returned to MobyDickDK
MobyDickDK collected $6 from pot
*** SUMMARY ***
Total pot $6 | Rake $0
Seat 5: ct-650 (big blind) folded before Flop
Seat 6: MobyDickDK (button) (small blind) collected ($6)


PokerStars Hand #151008118142:  Hold'em Limit ($3/$6 USD) - 2016/03/27 10:05:32 ET
Table 'Nongoma' 10-max Seat #5 is the button
Seat 5: ct-650 ($192.92 in chips)
Seat 6: MobyDickDK ($27.16 in chips)
ct-650: posts small blind $1
MobyDickDK: posts big blind $3
*** HOLE CARDS ***
ct-650: raises $3 to $6
MobyDickDK: folds
Uncalled bet ($3) returned to ct-650
ct-650 collected $6 from pot
*** SUMMARY ***
Total pot $6 | Rake $0
Seat 5: ct-650 (button) (small blind) collected ($6)
Seat 6: MobyDickDK (big blind) folded before Flop


PokerStars Hand #151008110512:  Hold'em Limit ($3/$6 USD) - 2016/03/27 10:05:21 ET
Table 'Nongoma' 10-max Seat #6 is the button
Seat 5: ct-650 ($198.92 in chips)
Seat 6: MobyDickDK ($21.40 in chips)
MobyDickDK: posts small blind $1
ct-650: posts big blind $3
*** HOLE CARDS ***
MobyDickDK: raises $3 to $6
ct-650: calls $3
*** FLOP *** [7h Kc 8c]
ct-650: checks
MobyDickDK: checks
*** TURN *** [7h Kc 8c] [8s]
ct-650: checks
MobyDickDK: bets $6
ct-650: folds
Uncalled bet ($6) returned to MobyDickDK
MobyDickDK collected $11.76 from pot
*** SUMMARY ***
Total pot $12 | Rake $0.24
Board [7h Kc 8c 8s]
Seat 5: ct-650 (big blind) folded on the Turn
Seat 6: MobyDickDK (button) (small blind) collected ($11.76)


PokerStars Hand #151008099849:  Hold'em Limit ($3/$6 USD) - 2016/03/27 10:05:07 ET
Table 'Nongoma' 10-max Seat #5 is the button
Seat 5: ct-650 ($209.84 in chips)
Seat 6: MobyDickDK ($10.92 in chips)
ct-650: posts small blind $1
MobyDickDK: posts big blind $3
*** HOLE CARDS ***
ct-650: raises $3 to $6
MobyDickDK: raises $3 to $9
ct-650: raises $3 to $12
Betting is capped
MobyDickDK: calls $1.92 and is all-in
Uncalled bet ($1.08) returned to ct-650
*** FLOP *** [7h Jd 5d]
*** TURN *** [7h Jd 5d] [3c]
*** RIVER *** [7h Jd 5d 3c] [8s]
*** SHOW DOWN ***
MobyDickDK: shows [4c 4s] (a pair of Fours)
ct-650: shows [Ks Qs] (high card King)
MobyDickDK collected $21.40 from pot
*** SUMMARY ***
Total pot $21.84 | Rake $0.44
Board [7h Jd 5d 3c 8s]
Seat 5: ct-650 (button) (small blind) showed [Ks Qs] and lost with high card King
Seat 6: MobyDickDK (big blind) showed [4c 4s] and won ($21.40) with a pair of Fours


PokerStars Hand #151008093141:  Hold'em Limit ($3/$6 USD) - 2016/03/27 10:04:58 ET
Table 'Nongoma' 10-max Seat #6 is the button
Seat 5: ct-650 ($204.08 in chips)
Seat 6: MobyDickDK ($16.92 in chips)
MobyDickDK: posts small blind $1
ct-650: posts big blind $3
*** HOLE CARDS ***
MobyDickDK: calls $2
ct-650: raises $3 to $6
MobyDickDK: calls $3
*** FLOP *** [Ks Ad Th]
ct-650: bets $3
MobyDickDK: folds
Uncalled bet ($3) returned to ct-650
ct-650 collected $11.76 from pot
*** SUMMARY ***
Total pot $12 | Rake $0.24
Board [Ks Ad Th]
Seat 5: ct-650 (big blind) collected ($11.76)
Seat 6: MobyDickDK (button) (small blind) folded on the Flop


PokerStars Hand #151008166502:  Hold'em Limit ($3/$6 USD) - 2016/03/27 10:06:37 ET
Table 'Nongoma' 10-max Seat #5 is the button
Seat 5: ct-650 ($157.92 in chips)
Seat 6: MobyDickDK ($60.96 in chips)
ct-650: posts small blind $1
MobyDickDK: posts big blind $3
*** HOLE CARDS ***
iskambil joins the table at seat #8
ct-650: folds
Uncalled bet ($2) returned to MobyDickDK
MobyDickDK collected $2 from pot
*** SUMMARY ***
Total pot $2 | Rake $0
Seat 5: ct-650 (button) (small blind) folded before Flop
Seat 6: MobyDickDK (big blind) collected ($2)


PokerStars Hand #151008162497:  Hold'em Limit ($3/$6 USD) - 2016/03/27 10:06:31 ET
Table 'Nongoma' 10-max Seat #6 is the button
Seat 5: ct-650 ($160.92 in chips)
Seat 6: MobyDickDK ($57.96 in chips)
MobyDickDK: posts small blind $1
ct-650: posts big blind $3
*** HOLE CARDS ***
MobyDickDK: raises $3 to $6
ct-650: folds
Uncalled bet ($3) returned to MobyDickDK
MobyDickDK collected $6 from pot
MobyDickDK: doesn't show hand
*** SUMMARY ***
Total pot $6 | Rake $0
Seat 5: ct-650 (big blind) folded before Flop
Seat 6: MobyDickDK (button) (small blind) collected ($6)


PokerStars Hand #151008156115:  Hold'em Limit ($3/$6 USD) - 2016/03/27 10:06:23 ET
Table 'Nongoma' 10-max Seat #5 is the button
Seat 5: ct-650 ($169.92 in chips)
Seat 6: MobyDickDK ($49.32 in chips)
ct-650: posts small blind $1
MobyDickDK: posts big blind $3
*** HOLE CARDS ***
ct-650: raises $3 to $6
MobyDickDK: calls $3
*** FLOP *** [8h Kc 9c]
MobyDickDK: checks
ct-650: bets $3
MobyDickDK: raises $3 to $6
ct-650: folds
Uncalled bet ($3) returned to MobyDickDK
MobyDickDK collected $17.64 from pot
*** SUMMARY ***
Total pot $18 | Rake $0.36
Board [8h Kc 9c]
Seat 5: ct-650 (button) (small blind) folded on the Flop
Seat 6: MobyDickDK (big blind) collected ($17.64)


PokerStars Hand #151008152848:  Hold'em Limit ($3/$6 USD) - 2016/03/27 10:06:18 ET
Table 'Nongoma' 10-max Seat #6 is the button
Seat 5: ct-650 ($168.92 in chips)
Seat 6: MobyDickDK ($50.32 in chips)
MobyDickDK: posts small blind $1
ct-650: posts big blind $3
*** HOLE CARDS ***
MobyDickDK: folds
Uncalled bet ($2) returned to ct-650
ct-650 collected $2 from pot
*** SUMMARY ***
Total pot $2 | Rake $0
Seat 5: ct-650 (big blind) collected ($2)
Seat 6: MobyDickDK (button) (small blind) folded before Flop


PokerStars Hand #151008136602:  Hold'em Limit ($3/$6 USD) - 2016/03/27 10:05:56 ET
Table 'Nongoma' 10-max Seat #6 is the button
Seat 5: ct-650 ($183.92 in chips)
Seat 6: MobyDickDK ($35.80 in chips)
MobyDickDK: posts small blind $1
ct-650: posts big blind $3
*** HOLE CARDS ***
MobyDickDK: raises $3 to $6
ct-650: folds
Uncalled bet ($3) returned to MobyDickDK
MobyDickDK collected $6 from pot
*** SUMMARY ***
Total pot $6 | Rake $0
Seat 5: ct-650 (big blind) folded before Flop
Seat 6: MobyDickDK (button) (small blind) collected ($6)


PokerStars Hand #151008286545:  Hold'em Limit ($3/$6 USD) - 2016/03/27 10:09:19 ET
Table 'Nongoma' 10-max Seat #5 is the button
Seat 5: ct-650 ($165.94 in chips)
Seat 6: MobyDickDK ($26.39 in chips)
ct-650: posts small blind $1
MobyDickDK: posts big blind $3
*** HOLE CARDS ***
ct-650: raises $3 to $6
MobyDickDK: raises $3 to $9
ct-650: calls $3
*** FLOP *** [6c 3h Tc]
MobyDickDK: bets $3
ct-650: calls $3
*** TURN *** [6c 3h Tc] [9d]
MobyDickDK: bets $6
ct-650: calls $6
*** RIVER *** [6c 3h Tc 9d] [5h]
MobyDickDK: bets $6
ct-650: raises $6 to $12
MobyDickDK: calls $2.39 and is all-in
Uncalled bet ($3.61) returned to ct-650
*** SHOW DOWN ***
ct-650: shows [5s 3s] (two pair, Fives and Threes)
MobyDickDK: shows [Ts As] (a pair of Tens)
ct-650 collected $52.28 from pot
*** SUMMARY ***
Total pot $52.78 | Rake $0.50
Board [6c 3h Tc 9d 5h]
Seat 5: ct-650 (button) (small blind) showed [5s 3s] and won ($52.28) with two pair, Fives and Threes
Seat 6: MobyDickDK (big blind) showed [Ts As] and lost with a pair of Tens


PokerStars Hand #151008283074:  Hold'em Limit ($3/$6 USD) - 2016/03/27 10:09:15 ET
Table 'Nongoma' 10-max Seat #6 is the button
Seat 5: ct-650 ($168.94 in chips)
Seat 6: MobyDickDK ($23.39 in chips)
MobyDickDK: posts small blind $1
ct-650: posts big blind $3
*** HOLE CARDS ***
MobyDickDK: raises $3 to $6
ct-650: folds
Uncalled bet ($3) returned to MobyDickDK
MobyDickDK collected $6 from pot
MobyDickDK: doesn't show hand
*** SUMMARY ***
Total pot $6 | Rake $0
Seat 5: ct-650 (big blind) folded before Flop
Seat 6: MobyDickDK (button) (small blind) collected ($6)


PokerStars Hand #151008280114:  Hold'em Limit ($3/$6 USD) - 2016/03/27 10:09:11 ET
Table 'Nongoma' 10-max Seat #5 is the button
Seat 5: ct-650 ($169.94 in chips)
Seat 6: MobyDickDK ($22.39 in chips)
ct-650: posts small blind $1
MobyDickDK: posts big blind $3
*** HOLE CARDS ***
ct-650: folds
Uncalled bet ($2) returned to MobyDickDK
iskambil leaves the table
MobyDickDK collected $2 from pot
MobyDickDK: doesn't show hand
*** SUMMARY ***
Total pot $2 | Rake $0
Seat 5: ct-650 (button) (small blind) folded before Flop
Seat 6: MobyDickDK (big blind) collected ($2)


PokerStars Hand #151008276217:  Hold'em Limit ($3/$6 USD) - 2016/03/27 10:09:05 ET
Table 'Nongoma' 10-max Seat #6 is the button
Seat 5: ct-650 ($172.94 in chips)
Seat 6: MobyDickDK ($19.39 in chips)
MobyDickDK: posts small blind $1
iskambil: is sitting out
ct-650: posts big blind $3
*** HOLE CARDS ***
MobyDickDK: raises $3 to $6
ct-650: folds
Uncalled bet ($3) returned to MobyDickDK
MobyDickDK collected $6 from pot
MobyDickDK: doesn't show hand
*** SUMMARY ***
Total pot $6 | Rake $0
Seat 5: ct-650 (big blind) folded before Flop
Seat 6: MobyDickDK (button) (small blind) collected ($6)


PokerStars Hand #151011441878:  Hold'em Limit ($3/$6 USD) - 2016/03/27 11:17:29 ET
Table 'Nongoma' 10-max Seat #6 is the button
Seat 6: william5656 ($179.96 in chips)
Seat 7: Great_Kang ($120 in chips)
william5656: posts small blind $1
Great_Kang: posts big blind $3
*** HOLE CARDS ***
william5656: folds
Uncalled bet ($2) returned to Great_Kang
Great_Kang collected $2 from pot
Great_Kang: doesn't show hand
*** SUMMARY ***
Total pot $2 | Rake $0
Seat 6: william5656 (button) (small blind) folded before Flop
Seat 7: Great_Kang (big blind) collected ($2)


PokerStars Hand #151011414069:  Hold'em Limit ($3/$6 USD) - 2016/03/27 11:16:56 ET
Table 'Nongoma' 10-max Seat #7 is the button
Seat 6: william5656 ($162.46 in chips)
Seat 7: Great_Kang ($137.11 in chips)
Great_Kang: posts small blind $1
william5656: posts big blind $3
*** HOLE CARDS ***
DirtyDouble2 leaves the table
Great_Kang: raises $3 to $6
william5656: raises $3 to $9
Great_Kang: calls $3
*** FLOP *** [Jd 5d 7c]
william5656: bets $3
Great_Kang: calls $3
*** TURN *** [Jd 5d 7c] [Ts]
william5656: bets $6
Great_Kang: calls $6
*** RIVER *** [Jd 5d 7c Ts] [Qs]
william5656: bets $6
SirRomanov joins the table at seat #8
Great_Kang: folds
Uncalled bet ($6) returned to william5656
william5656 collected $35.50 from pot
william5656: doesn't show hand
*** SUMMARY ***
Total pot $36 | Rake $0.50
Board [Jd 5d 7c Ts Qs]
Seat 6: william5656 (big blind) collected ($35.50)
Seat 7: Great_Kang (button) (small blind) folded on the River


PokerStars Hand #151012859242:  Hold'em Limit ($3/$6 USD) - 2016/03/27 11:45:39 ET
Table 'Nongoma' 10-max Seat #8 is the button
Seat 6: william5656 ($165.48 in chips)
Seat 8: SirRomanov ($162.52 in chips)
SirRomanov: posts small blind $1
william5656: posts big blind $3
*** HOLE CARDS ***
SirRomanov: raises $3 to $6
william5656: raises $3 to $9
SirRomanov: calls $3
*** FLOP *** [5c Kd 6d]
william5656: bets $3
SirRomanov: folds
Uncalled bet ($3) returned to william5656
william5656 collected $17.64 from pot
william5656: doesn't show hand
*** SUMMARY ***
Total pot $18 | Rake $0.36
Board [5c Kd 6d]
Seat 6: william5656 (big blind) collected ($17.64)
Seat 8: SirRomanov (button) (small blind) folded on the Flop


PokerStars Hand #151012848258:  Hold'em Limit ($3/$6 USD) - 2016/03/27 11:45:26 ET
Table 'Nongoma' 10-max Seat #6 is the button
Seat 6: william5656 ($159.72 in chips)
Seat 8: SirRomanov ($168.52 in chips)
william5656: posts small blind $1
SirRomanov: posts big blind $3
*** HOLE CARDS ***
william5656: raises $3 to $6
SirRomanov: calls $3
*** FLOP *** [3d 4s 9h]
SirRomanov: checks
william5656: bets $3
SirRomanov: folds
Uncalled bet ($3) returned to william5656
william5656 collected $11.76 from pot
william5656: doesn't show hand
*** SUMMARY ***
Total pot $12 | Rake $0.24
Board [3d 4s 9h]
Seat 6: william5656 (button) (small blind) collected ($11.76)
Seat 8: SirRomanov (big blind) folded on the Flop


PokerStars Hand #151012834575:  Hold'em Limit ($3/$6 USD) - 2016/03/27 11:45:10 ET
Table 'Nongoma' 10-max Seat #8 is the button
Seat 6: william5656 ($165.72 in chips)
Seat 8: SirRomanov ($162.76 in chips)
SirRomanov: posts small blind $1
william5656: posts big blind $3
*** HOLE CARDS ***
SirRomanov: raises $3 to $6
william5656: calls $3
*** FLOP *** [Td Kd Qc]
william5656: checks
SirRomanov: bets $3
william5656: folds
Uncalled bet ($3) returned to SirRomanov
SirRomanov collected $11.76 from pot
SirRomanov: doesn't show hand
*** SUMMARY ***
Total pot $12 | Rake $0.24
Board [Td Kd Qc]
Seat 6: william5656 (big blind) folded on the Flop
Seat 8: SirRomanov (button) (small blind) collected ($11.76)


PokerStars Hand #151012829895:  Hold'em Limit ($3/$6 USD) - 2016/03/27 11:45:04 ET
Table 'Nongoma' 10-max Seat #6 is the button
Seat 6: william5656 ($166.72 in chips)
Seat 8: SirRomanov ($161.76 in chips)
william5656: posts small blind $1
Great_Kang: is sitting out
SirRomanov: posts big blind $3
*** HOLE CARDS ***
william5656: folds
Uncalled bet ($2) returned to SirRomanov
SirRomanov collected $2 from pot
SirRomanov: doesn't show hand
*** SUMMARY ***
Total pot $2 | Rake $0
Seat 6: william5656 (button) (small blind) folded before Flop
Seat 8: SirRomanov (big blind) collected ($2)


PokerStars Hand #151012900491:  Hold'em Limit ($3/$6 USD) - 2016/03/27 11:46:27 ET
Table 'Nongoma' 10-max Seat #6 is the button
Seat 6: william5656 ($166.12 in chips)
Seat 8: SirRomanov ($161.16 in chips)
william5656: posts small blind $1
SirRomanov: posts big blind $3
*** HOLE CARDS ***
william5656: raises $3 to $6
SirRomanov: calls $3
*** FLOP *** [Th 4d Jh]
SirRomanov: checks
william5656: bets $3
SirRomanov: raises $3 to $6
william5656: calls $3
*** TURN *** [Th 4d Jh] [Qd]
SirRomanov: bets $6
william5656: raises $6 to $12
SirRomanov: calls $6
*** RIVER *** [Th 4d Jh Qd] [2s]
SirRomanov: checks
william5656: bets $6
SirRomanov: calls $6
*** SHOW DOWN ***
william5656: shows [9d Kd] (a straight, Nine to King)
SirRomanov: mucks hand
william5656 collected $59.50 from pot
*** SUMMARY ***
Total pot $60 | Rake $0.50
Board [Th 4d Jh Qd 2s]
Seat 6: william5656 (button) (small blind) showed [9d Kd] and won ($59.50) with a straight, Nine to King
Seat 8: SirRomanov (big blind) mucked


PokerStars Hand #151012896227:  Hold'em Limit ($3/$6 USD) - 2016/03/27 11:46:22 ET
Table 'Nongoma' 10-max Seat #8 is the button
Seat 6: william5656 ($165.12 in chips)
Seat 8: SirRomanov ($162.16 in chips)
SirRomanov: posts small blind $1
william5656: posts big blind $3
*** HOLE CARDS ***
SirRomanov: folds
Uncalled bet ($2) returned to william5656
william5656 collected $2 from pot
william5656: doesn't show hand
*** SUMMARY ***
Total pot $2 | Rake $0
Seat 6: william5656 (big blind) collected ($2)
Seat 8: SirRomanov (button) (small blind) folded before Flop


PokerStars Hand #151012890879:  Hold'em Limit ($3/$6 USD) - 2016/03/27 11:46:16 ET
Table 'Nongoma' 10-max Seat #6 is the button
Seat 6: william5656 ($166.12 in chips)
Seat 8: SirRomanov ($161.16 in chips)
william5656: posts small blind $1
SirRomanov: posts big blind $3
*** HOLE CARDS ***
william5656: folds
Uncalled bet ($2) returned to SirRomanov
SirRomanov collected $2 from pot
SirRomanov: doesn't show hand
*** SUMMARY ***
Total pot $2 | Rake $0
Seat 6: william5656 (button) (small blind) folded before Flop
Seat 8: SirRomanov (big blind) collected ($2)


PokerStars Hand #151012887121:  Hold'em Limit ($3/$6 USD) - 2016/03/27 11:46:11 ET
Table 'Nongoma' 10-max Seat #8 is the button
Seat 6: william5656 ($165.12 in chips)
Seat 8: SirRomanov ($162.16 in chips)
SirRomanov: posts small blind $1
william5656: posts big blind $3
*** HOLE CARDS ***
SirRomanov: folds
Uncalled bet ($2) returned to william5656
william5656 collected $2 from pot
william5656: doesn't show hand
*** SUMMARY ***
Total pot $2 | Rake $0
Seat 6: william5656 (big blind) collected ($2)
Seat 8: SirRomanov (button) (small blind) folded before Flop


PokerStars Hand #151012868452:  Hold'em Limit ($3/$6 USD) - 2016/03/27 11:45:50 ET
Table 'Nongoma' 10-max Seat #6 is the button
Seat 6: william5656 ($174.12 in chips)
Seat 8: SirRomanov ($153.52 in chips)
william5656: posts small blind $1
SirRomanov: posts big blind $3
*** HOLE CARDS ***
william5656: raises $3 to $6
SirRomanov: calls $3
*** FLOP *** [Ad 2c 9d]
SirRomanov: checks
william5656: bets $3
SirRomanov: calls $3
*** TURN *** [Ad 2c 9d] [2h]
SirRomanov: checks
william5656: checks
*** RIVER *** [Ad 2c 9d 2h] [Kh]
SirRomanov: bets $6
william5656: folds
Uncalled bet ($6) returned to SirRomanov
SirRomanov collected $17.64 from pot
SirRomanov: doesn't show hand
*** SUMMARY ***
Total pot $18 | Rake $0.36
Board [Ad 2c 9d 2h Kh]
Seat 6: william5656 (button) (small blind) folded on the River
Seat 8: SirRomanov (big blind) collected ($17.64)


PokerStars Hand #151012920051:  Hold'em Limit ($3/$6 USD) - 2016/03/27 11:46:50 ET
Table 'Nongoma' 10-max Seat #8 is the button
Seat 6: william5656 ($195.62 in chips)
Seat 8: SirRomanov ($131.16 in chips)
SirRomanov: posts small blind $1
william5656: posts big blind $3
*** HOLE CARDS ***
SirRomanov: folds
Uncalled bet ($2) returned to william5656
william5656 collected $2 from pot
william5656: doesn't show hand
*** SUMMARY ***
Total pot $2 | Rake $0
Seat 6: william5656 (big blind) collected ($2)
Seat 8: SirRomanov (button) (small blind) folded before Flop


PokerStars Hand #151012962896:  Hold'em Limit ($3/$6 USD) - 2016/03/27 11:47:40 ET
Table 'Nongoma' 10-max Seat #8 is the button
Seat 6: william5656 ($235.12 in chips)
Seat 8: SirRomanov ($90.92 in chips)
SirRomanov: posts small blind $1
william5656: posts big blind $3
*** HOLE CARDS ***
SirRomanov: raises $3 to $6
william5656: folds
Uncalled bet ($3) returned to SirRomanov
SirRomanov collected $6 from pot
SirRomanov: doesn't show hand
*** SUMMARY ***
Total pot $6 | Rake $0
Seat 6: william5656 (big blind) folded before Flop
Seat 8: SirRomanov (button) (small blind) collected ($6)


PokerStars Hand #151012955943:  Hold'em Limit ($3/$6 USD) - 2016/03/27 11:47:32 ET
Table 'Nongoma' 10-max Seat #6 is the button
Seat 6: william5656 ($232.12 in chips)
Seat 8: SirRomanov ($93.92 in chips)
william5656: posts small blind $1
SirRomanov: posts big blind $3
*** HOLE CARDS ***
william5656: raises $3 to $6
SirRomanov: folds
Uncalled bet ($3) returned to william5656
william5656 collected $6 from pot
*** SUMMARY ***
Total pot $6 | Rake $0
Seat 6: william5656 (button) (small blind) collected ($6)
Seat 8: SirRomanov (big blind) folded before Flop


PokerStars Hand #151012945701:  Hold'em Limit ($3/$6 USD) - 2016/03/27 11:47:20 ET
Table 'Nongoma' 10-max Seat #8 is the button
Seat 6: william5656 ($238.12 in chips)
Seat 8: SirRomanov ($88.16 in chips)
SirRomanov: posts small blind $1
william5656: posts big blind $3
*** HOLE CARDS ***
SirRomanov: raises $3 to $6
william5656: calls $3
*** FLOP *** [5d 5s 8d]
william5656: checks
SirRomanov: bets $3
william5656: folds
Uncalled bet ($3) returned to SirRomanov
SirRomanov collected $11.76 from pot
SirRomanov: doesn't show hand
*** SUMMARY ***
Total pot $12 | Rake $0.24
Board [5d 5s 8d]
Seat 6: william5656 (big blind) folded on the Flop
Seat 8: SirRomanov (button) (small blind) collected ($11.76)


PokerStars Hand #151012924558:  Hold'em Limit ($3/$6 USD) - 2016/03/27 11:46:55 ET
Table 'Nongoma' 10-max Seat #6 is the button
Seat 6: william5656 ($196.62 in chips)
Seat 8: SirRomanov ($130.16 in chips)
william5656: posts small blind $1
SirRomanov: posts big blind $3
*** HOLE CARDS ***
william5656: raises $3 to $6
SirRomanov: raises $3 to $9
william5656: calls $3
*** FLOP *** [Js Kh 5s]
SirRomanov: bets $3
william5656: calls $3
*** TURN *** [Js Kh 5s] [4s]
SirRomanov: bets $6
william5656: raises $6 to $12
SirRomanov: raises $6 to $18
william5656: calls $6
*** RIVER *** [Js Kh 5s 4s] [Ks]
SirRomanov: bets $6
william5656: raises $6 to $12
SirRomanov: calls $6
*** SHOW DOWN ***
william5656: shows [Kc 5h] (a full house, Kings full of Fives)
SirRomanov: mucks hand
william5656 collected $83.50 from pot
*** SUMMARY ***
Total pot $84 | Rake $0.50
Board [Js Kh 5s 4s Ks]
Seat 6: william5656 (button) (small blind) showed [Kc 5h] and won ($83.50) with a full house, Kings full of Fives
Seat 8: SirRomanov (big blind) mucked


PokerStars Hand #151013012496:  Hold'em Limit ($3/$6 USD) - 2016/03/27 11:48:38 ET
Table 'Nongoma' 10-max Seat #8 is the button
Seat 6: william5656 ($248.62 in chips)
Seat 8: SirRomanov ($78.76 in chips)
SirRomanov: posts small blind $1
william5656: posts big blind $3
*** HOLE CARDS ***
SirRomanov: folds
Uncalled bet ($2) returned to william5656
william5656 collected $2 from pot
*** SUMMARY ***
Total pot $2 | Rake $0
Seat 6: william5656 (big blind) collected ($2)
Seat 8: SirRomanov (button) (small blind) folded before Flop


PokerStars Hand #151013008033:  Hold'em Limit ($3/$6 USD) - 2016/03/27 11:48:33 ET
Table 'Nongoma' 10-max Seat #6 is the button
Seat 6: william5656 ($249.62 in chips)
Seat 8: SirRomanov ($77.76 in chips)
william5656: posts small blind $1
SirRomanov: posts big blind $3
*** HOLE CARDS ***
william5656: folds
Uncalled bet ($2) returned to SirRomanov
SirRomanov collected $2 from pot
SirRomanov: doesn't show hand
*** SUMMARY ***
Total pot $2 | Rake $0
Seat 6: william5656 (button) (small blind) folded before Flop
Seat 8: SirRomanov (big blind) collected ($2)


PokerStars Hand #151013004310:  Hold'em Limit ($3/$6 USD) - 2016/03/27 11:48:29 ET
Table 'Nongoma' 10-max Seat #8 is the button
Seat 6: william5656 ($248.62 in chips)
Seat 8: SirRomanov ($78.76 in chips)
SirRomanov: posts small blind $1
william5656: posts big blind $3
*** HOLE CARDS ***
SirRomanov: folds
Uncalled bet ($2) returned to william5656
william5656 collected $2 from pot
william5656: doesn't show hand
*** SUMMARY ***
Total pot $2 | Rake $0
Seat 6: william5656 (big blind) collected ($2)
Seat 8: SirRomanov (button) (small blind) folded before Flop


PokerStars Hand #151012999714:  Hold'em Limit ($3/$6 USD) - 2016/03/27 11:48:23 ET
Table 'Nongoma' 10-max Seat #6 is the button
Seat 6: william5656 ($249.62 in chips)
Seat 8: SirRomanov ($77.76 in chips)
william5656: posts small blind $1
SirRomanov: posts big blind $3
*** HOLE CARDS ***
william5656: folds
Uncalled bet ($2) returned to SirRomanov
SirRomanov collected $2 from pot
SirRomanov: doesn't show hand
*** SUMMARY ***
Total pot $2 | Rake $0
Seat 6: william5656 (button) (small blind) folded before Flop
Seat 8: SirRomanov (big blind) collected ($2)


PokerStars Hand #151012990590:  Hold'em Limit ($3/$6 USD) - 2016/03/27 11:48:13 ET
Table 'Nongoma' 10-max Seat #8 is the button
Seat 6: william5656 ($255.62 in chips)
Seat 8: SirRomanov ($72 in chips)
SirRomanov: posts small blind $1
william5656: posts big blind $3
*** HOLE CARDS ***
SirRomanov: raises $3 to $6
william5656: calls $3
*** FLOP *** [As 7c 4c]
william5656: checks
SirRomanov: bets $3
william5656: folds
Uncalled bet ($3) returned to SirRomanov
SirRomanov collected $11.76 from pot
SirRomanov: doesn't show hand
*** SUMMARY ***
Total pot $12 | Rake $0.24
Board [As 7c 4c]
Seat 6: william5656 (big blind) folded on the Flop
Seat 8: SirRomanov (button) (small blind) collected ($11.76)


PokerStars Hand #151012967762:  Hold'em Limit ($3/$6 USD) - 2016/03/27 11:47:46 ET
Table 'Nongoma' 10-max Seat #6 is the button
Seat 6: william5656 ($232.12 in chips)
Seat 8: SirRomanov ($93.92 in chips)
william5656: posts small blind $1
SirRomanov: posts big blind $3
*** HOLE CARDS ***
william5656: raises $3 to $6
SirRomanov: calls $3
*** FLOP *** [Ah 7s 4c]
SirRomanov: checks
william5656: bets $3
SirRomanov: raises $3 to $6
william5656: calls $3
*** TURN *** [Ah 7s 4c] [5s]
SirRomanov: checks
william5656: bets $6
SirRomanov: calls $6
*** RIVER *** [Ah 7s 4c 5s] [9c]
SirRomanov: checks
william5656: bets $6
SirRomanov: calls $6
*** SHOW DOWN ***
william5656: shows [2d As] (a pair of Aces)
SirRomanov: mucks hand
william5656 collected $47.50 from pot
*** SUMMARY ***
Total pot $48 | Rake $0.50
Board [Ah 7s 4c 5s 9c]
Seat 6: william5656 (button) (small blind) showed [2d As] and won ($47.50) with a pair of Aces
Seat 8: SirRomanov (big blind) mucked


PokerStars Hand #151013016012:  Hold'em Limit ($3/$6 USD) - 2016/03/27 11:48:43 ET
Table 'Nongoma' 10-max Seat #6 is the button
Seat 6: william5656 ($249.62 in chips)
Seat 8: SirRomanov ($77.76 in chips)
william5656: posts small blind $1
SirRomanov: posts big blind $3
*** HOLE CARDS ***
william5656: calls $2
SirRomanov: checks
*** FLOP *** [6c 4c Jc]
SirRomanov: checks
william5656: bets $3
SirRomanov: folds
Uncalled bet ($3) returned to william5656
william5656 collected $5.88 from pot
william5656: doesn't show hand
*** SUMMARY ***
Total pot $6 | Rake $0.12
Board [6c 4c Jc]
Seat 6: william5656 (button) (small blind) collected ($5.88)
Seat 8: SirRomanov (big blind) folded on the Flop


PokerStars Hand #151013027457:  Hold'em Limit ($3/$6 USD) - 2016/03/27 11:48:56 ET
Table 'Nongoma' 10-max Seat #8 is the button
Seat 6: william5656 ($252.50 in chips)
Seat 8: SirRomanov ($74.76 in chips)
SirRomanov: posts small blind $1
william5656: posts big blind $3
*** HOLE CARDS ***
SirRomanov: raises $3 to $6
william5656: calls $3
*** FLOP *** [Js 8h 8s]
william5656: checks
SirRomanov: bets $3
william5656: calls $3
*** TURN *** [Js 8h 8s] [Th]
william5656: checks
SirRomanov: bets $6
william5656: raises $6 to $12
SirRomanov: calls $6
*** RIVER *** [Js 8h 8s Th] [2d]
william5656: bets $6
SirRomanov: calls $6
*** SHOW DOWN ***
william5656: shows [8c Jd] (a full house, Eights full of Jacks)
SirRomanov: mucks hand
william5656 collected $53.50 from pot
*** SUMMARY ***
Total pot $54 | Rake $0.50
Board [Js 8h 8s Th 2d]
Seat 6: william5656 (big blind) showed [8c Jd] and won ($53.50) with a full house, Eights full of Jacks
Seat 8: SirRomanov (button) (small blind) mucked


PokerStars Hand #151017140692:  Hold'em Limit ($3/$6 USD) - 2016/03/27 13:06:54 ET
Table 'Nongoma' 10-max Seat #7 is the button
Seat 3: Mr_IGING ($109.34 in chips)
Seat 7: Great_Kang ($247.86 in chips)
Great_Kang: posts small blind $1
Mr_IGING: posts big blind $3
*** HOLE CARDS ***
ESMALAY leaves the table
Great_Kang: raises $3 to $6
Mr_IGING: folds
Uncalled bet ($3) returned to Great_Kang
Great_Kang collected $6 from pot
Great_Kang: doesn't show hand
*** SUMMARY ***
Total pot $6 | Rake $0
Seat 3: Mr_IGING (big blind) folded before Flop
Seat 7: Great_Kang (button) (small blind) collected ($6)


PokerStars Hand #151017190521:  Hold'em Limit ($3/$6 USD) - 2016/03/27 13:07:43 ET
Table 'Nongoma' 10-max Seat #3 is the button
Seat 3: Mr_IGING ($94.34 in chips)
Seat 7: Great_Kang ($262.50 in chips)
Mr_IGING: posts small blind $1
Great_Kang: posts big blind $3
*** HOLE CARDS ***
Mr_IGING: folds
Uncalled bet ($2) returned to Great_Kang
Great_Kang collected $2 from pot
Great_Kang: doesn't show hand
*** SUMMARY ***
Total pot $2 | Rake $0
Seat 3: Mr_IGING (button) (small blind) folded before Flop
Seat 7: Great_Kang (big blind) collected ($2)


PokerStars Hand #151017196121:  Hold'em Limit ($3/$6 USD) - 2016/03/27 13:07:49 ET
Table 'Nongoma' 10-max Seat #7 is the button
Seat 3: Mr_IGING ($93.34 in chips)
Seat 7: Great_Kang ($263.50 in chips)
Great_Kang: posts small blind $1
Mr_IGING: posts big blind $3
*** HOLE CARDS ***
Great_Kang: raises $3 to $6
Mr_IGING: calls $3
*** FLOP *** [6s 8c Qs]
Mr_IGING: checks
Great_Kang: bets $3
Mr_IGING: raises $3 to $6
Great_Kang: calls $3
*** TURN *** [6s 8c Qs] [Jh]
Mr_IGING: bets $6
Great_Kang: calls $6
*** RIVER *** [6s 8c Qs Jh] [3s]
Mr_IGING: bets $6
Great_Kang: raises $6 to $12
Mr_IGING: calls $6
*** SHOW DOWN ***
Great_Kang: shows [Qh 3h] (two pair, Queens and Threes)
Mr_IGING: mucks hand
Great_Kang collected $59.50 from pot
*** SUMMARY ***
Total pot $60 | Rake $0.50
Board [6s 8c Qs Jh 3s]
Seat 3: Mr_IGING (big blind) mucked
Seat 7: Great_Kang (button) (small blind) showed [Qh 3h] and won ($59.50) with two pair, Queens and Threes


PokerStars Hand #151017156512:  Hold'em Limit ($3/$6 USD) - 2016/03/27 13:07:10 ET
Table 'Nongoma' 10-max Seat #3 is the button
Seat 3: Mr_IGING ($106.34 in chips)
Seat 7: Great_Kang ($250.86 in chips)
Mr_IGING: posts small blind $1
Great_Kang: posts big blind $3
*** HOLE CARDS ***
Mr_IGING: raises $3 to $6
Great_Kang: calls $3
*** FLOP *** [7h Td 2s]
Great_Kang: checks
Mr_IGING: bets $3
Great_Kang: raises $3 to $6
Mr_IGING: folds
Uncalled bet ($3) returned to Great_Kang
Great_Kang collected $17.64 from pot
Great_Kang: doesn't show hand
*** SUMMARY ***
Total pot $18 | Rake $0.36
Board [7h Td 2s]
Seat 3: Mr_IGING (button) (small blind) folded on the Flop
Seat 7: Great_Kang (big blind) collected ($17.64)


PokerStars Hand #151017184605:  Hold'em Limit ($3/$6 USD) - 2016/03/27 13:07:38 ET
Table 'Nongoma' 10-max Seat #7 is the button
Seat 3: Mr_IGING ($97.34 in chips)
Seat 7: Great_Kang ($259.50 in chips)
Great_Kang: posts small blind $1
Mr_IGING: posts big blind $3
*** HOLE CARDS ***
Great_Kang: raises $3 to $6
Mr_IGING: folds
Uncalled bet ($3) returned to Great_Kang
Great_Kang collected $6 from pot
Great_Kang: doesn't show hand
*** SUMMARY ***
Total pot $6 | Rake $0
Seat 3: Mr_IGING (big blind) folded before Flop
Seat 7: Great_Kang (button) (small blind) collected ($6)


PokerStars Hand #151017235793:  Hold'em Limit ($3/$6 USD) - 2016/03/27 13:08:28 ET
Table 'Nongoma' 10-max Seat #3 is the button
Seat 3: Mr_IGING ($63.34 in chips)
Seat 7: Great_Kang ($293 in chips)
Mr_IGING: posts small blind $1
Great_Kang: posts big blind $3
*** HOLE CARDS ***
Mr_IGING: raises $3 to $6
Great_Kang: raises $3 to $9
Mr_IGING: calls $3
*** FLOP *** [Kh 3s Ac]
Great_Kang: bets $3
Mr_IGING: raises $3 to $6
Great_Kang: calls $3
*** TURN *** [Kh 3s Ac] [6d]
Great_Kang: checks
Mr_IGING: bets $6
Great_Kang: folds
Uncalled bet ($6) returned to Mr_IGING
Mr_IGING collected $29.50 from pot
Mr_IGING: doesn't show hand
*** SUMMARY ***
Total pot $30 | Rake $0.50
Board [Kh 3s Ac 6d]
Seat 3: Mr_IGING (button) (small blind) collected ($29.50)
Seat 7: Great_Kang (big blind) folded on the Turn


PokerStars Hand #151017310923:  Hold'em Limit ($3/$6 USD) - 2016/03/27 13:09:42 ET
Table 'Nongoma' 10-max Seat #3 is the button
Seat 3: Mr_IGING ($95.34 in chips)
Seat 7: Great_Kang ($260 in chips)
Mr_IGING: posts small blind $1
Great_Kang: posts big blind $3
*** HOLE CARDS ***
Mr_IGING: raises $3 to $6
Great_Kang: calls $3
*** FLOP *** [Js 8c 6s]
Great_Kang: checks
Mr_IGING: bets $3
Great_Kang: folds
Uncalled bet ($3) returned to Mr_IGING
Mr_IGING collected $11.76 from pot
*** SUMMARY ***
Total pot $12 | Rake $0.24
Board [Js 8c 6s]
Seat 3: Mr_IGING (button) (small blind) collected ($11.76)
Seat 7: Great_Kang (big blind) folded on the Flop


PokerStars Hand #151017343688:  Hold'em Limit ($3/$6 USD) - 2016/03/27 13:10:15 ET
Table 'Nongoma' 10-max Seat #3 is the button
Seat 3: Mr_IGING ($98.10 in chips)
Seat 7: Great_Kang ($257 in chips)
Mr_IGING: posts small blind $1
Great_Kang: posts big blind $3
*** HOLE CARDS ***
Mr_IGING: folds
Uncalled bet ($2) returned to Great_Kang
Great_Kang collected $2 from pot
Great_Kang: doesn't show hand
*** SUMMARY ***
Total pot $2 | Rake $0
Seat 3: Mr_IGING (button) (small blind) folded before Flop
Seat 7: Great_Kang (big blind) collected ($2)


PokerStars Hand #151017335400:  Hold'em Limit ($3/$6 USD) - 2016/03/27 13:10:07 ET
Table 'Nongoma' 10-max Seat #7 is the button
Seat 3: Mr_IGING ($101.10 in chips)
Seat 7: Great_Kang ($254 in chips)
Great_Kang: posts small blind $1
Mr_IGING: posts big blind $3
*** HOLE CARDS ***
Great_Kang: raises $3 to $6
Mr_IGING: folds
Uncalled bet ($3) returned to Great_Kang
Great_Kang collected $6 from pot
Great_Kang: doesn't show hand
*** SUMMARY ***
Total pot $6 | Rake $0
Seat 3: Mr_IGING (big blind) folded before Flop
Seat 7: Great_Kang (button) (small blind) collected ($6)


PokerStars Hand #151017265122:  Hold'em Limit ($3/$6 USD) - 2016/03/27 13:08:57 ET
Table 'Nongoma' 10-max Seat #7 is the button
Seat 3: Mr_IGING ($77.84 in chips)
Seat 7: Great_Kang ($278 in chips)
Great_Kang: posts small blind $1
Mr_IGING: posts big blind $3
*** HOLE CARDS ***
Great_Kang: raises $3 to $6
Mr_IGING: raises $3 to $9
Great_Kang: calls $3
*** FLOP *** [Ac Tc 6d]
Mr_IGING: bets $3
Great_Kang: calls $3
*** TURN *** [Ac Tc 6d] [2h]
Mr_IGING: bets $6
Great_Kang: calls $6
*** RIVER *** [Ac Tc 6d 2h] [Jd]
Mr_IGING: bets $6
Great_Kang: folds
Uncalled bet ($6) returned to Mr_IGING
Mr_IGING collected $35.50 from pot
Mr_IGING: doesn't show hand
*** SUMMARY ***
Total pot $36 | Rake $0.50
Board [Ac Tc 6d 2h Jd]
Seat 3: Mr_IGING (big blind) collected ($35.50)
Seat 7: Great_Kang (button) (small blind) folded on the River


PokerStars Hand #151017382734:  Hold'em Limit ($3/$6 USD) - 2016/03/27 13:10:54 ET
Table 'Nongoma' 10-max Seat #3 is the button
Seat 3: Mr_IGING ($114.60 in chips)
Seat 7: Great_Kang ($240 in chips)
Mr_IGING: posts small blind $1
Great_Kang: posts big blind $3
*** HOLE CARDS ***
Mr_IGING: raises $3 to $6
Great_Kang: calls $3
*** FLOP *** [4h Qh 8c]
Great_Kang: checks
Mr_IGING: checks
*** TURN *** [4h Qh 8c] [9d]
Great_Kang: bets $6
Mr_IGING: folds
Uncalled bet ($6) returned to Great_Kang
Great_Kang collected $11.76 from pot
Great_Kang: doesn't show hand
*** SUMMARY ***
Total pot $12 | Rake $0.24
Board [4h Qh 8c 9d]
Seat 3: Mr_IGING (button) (small blind) folded on the Turn
Seat 7: Great_Kang (big blind) collected ($11.76)


PokerStars Hand #151017348938:  Hold'em Limit ($3/$6 USD) - 2016/03/27 13:10:20 ET
Table 'Nongoma' 10-max Seat #7 is the button
Seat 3: Mr_IGING ($97.10 in chips)
Seat 7: Great_Kang ($258 in chips)
Great_Kang: posts small blind $1
Mr_IGING: posts big blind $3
*** HOLE CARDS ***
Great_Kang: raises $3 to $6
Mr_IGING: raises $3 to $9
Great_Kang: calls $3
*** FLOP *** [Js 9s 2c]
Mr_IGING: bets $3
Great_Kang: calls $3
*** TURN *** [Js 9s 2c] [5h]
Mr_IGING: bets $6
Great_Kang: calls $6
*** RIVER *** [Js 9s 2c 5h] [Qh]
Mr_IGING: checks
Great_Kang: checks
*** SHOW DOWN ***
Mr_IGING: shows [6c 6d] (a pair of Sixes)
Great_Kang: mucks hand
Mr_IGING collected $35.50 from pot
*** SUMMARY ***
Total pot $36 | Rake $0.50
Board [Js 9s 2c 5h Qh]
Seat 3: Mr_IGING (big blind) showed [6c 6d] and won ($35.50) with a pair of Sixes
Seat 7: Great_Kang (button) (small blind) mucked


PokerStars Hand #151017470308:  Hold'em Limit ($3/$6 USD) - 2016/03/27 13:12:20 ET
Table 'Nongoma' 10-max Seat #3 is the button
Seat 3: Mr_IGING ($108.24 in chips)
Seat 7: Great_Kang ($245.52 in chips)
Mr_IGING: posts small blind $1
Great_Kang: posts big blind $3
*** HOLE CARDS ***
Mr_IGING: folds
Uncalled bet ($2) returned to Great_Kang
Great_Kang collected $2 from pot
Great_Kang: doesn't show hand
*** SUMMARY ***
Total pot $2 | Rake $0
Seat 3: Mr_IGING (button) (small blind) folded before Flop
Seat 7: Great_Kang (big blind) collected ($2)


PokerStars Hand #151017450732:  Hold'em Limit ($3/$6 USD) - 2016/03/27 13:12:01 ET
Table 'Nongoma' 10-max Seat #7 is the button
Seat 3: Mr_IGING ($114.24 in chips)
Seat 7: Great_Kang ($239.76 in chips)
Great_Kang: posts small blind $1
Mr_IGING: posts big blind $3
*** HOLE CARDS ***
Great_Kang: raises $3 to $6
Mr_IGING: calls $3
*** FLOP *** [6d Qs 7d]
Mr_IGING: checks
Great_Kang: bets $3
Mr_IGING: folds
Uncalled bet ($3) returned to Great_Kang
Great_Kang collected $11.76 from pot
Great_Kang: doesn't show hand
*** SUMMARY ***
Total pot $12 | Rake $0.24
Board [6d Qs 7d]
Seat 3: Mr_IGING (big blind) folded on the Flop
Seat 7: Great_Kang (button) (small blind) collected ($11.76)


PokerStars Hand #151017434068:  Hold'em Limit ($3/$6 USD) - 2016/03/27 13:11:45 ET
Table 'Nongoma' 10-max Seat #3 is the button
Seat 3: Mr_IGING ($117.24 in chips)
Seat 7: Great_Kang ($236.76 in chips)
Mr_IGING: posts small blind $1
Great_Kang: posts big blind $3
*** HOLE CARDS ***
Mr_IGING: calls $2
Great_Kang: raises $3 to $6
Mr_IGING: folds
Uncalled bet ($3) returned to Great_Kang
Great_Kang collected $6 from pot
*** SUMMARY ***
Total pot $6 | Rake $0
Seat 3: Mr_IGING (button) (small blind) folded before Flop
Seat 7: Great_Kang (big blind) collected ($6)


PokerStars Hand #151017416918:  Hold'em Limit ($3/$6 USD) - 2016/03/27 13:11:28 ET
Table 'Nongoma' 10-max Seat #7 is the button
Seat 3: Mr_IGING ($108.60 in chips)
Seat 7: Great_Kang ($245.76 in chips)
Great_Kang: posts small blind $1
Mr_IGING: posts big blind $3
*** HOLE CARDS ***
Great_Kang: raises $3 to $6
Mr_IGING: calls $3
*** FLOP *** [2c 9d 9h]
Mr_IGING: checks
Great_Kang: bets $3
Mr_IGING: raises $3 to $6
Great_Kang: folds
Uncalled bet ($3) returned to Mr_IGING
Mr_IGING collected $17.64 from pot
Mr_IGING: doesn't show hand
*** SUMMARY ***
Total pot $18 | Rake $0.36
Board [2c 9d 9h]
Seat 3: Mr_IGING (big blind) collected ($17.64)
Seat 7: Great_Kang (button) (small blind) folded on the Flop


PokerStars Hand #151017531302:  Hold'em Limit ($3/$6 USD) - 2016/03/27 13:13:22 ET
Table 'Nongoma' 10-max Seat #7 is the button
Seat 3: Mr_IGING ($109.76 in chips)
Seat 7: Great_Kang ($243.52 in chips)
Great_Kang: posts small blind $1
Mr_IGING: posts big blind $3
*** HOLE CARDS ***
Great_Kang: raises $3 to $6
Mr_IGING: folds
Uncalled bet ($3) returned to Great_Kang
Great_Kang collected $6 from pot
Great_Kang: doesn't show hand
*** SUMMARY ***
Total pot $6 | Rake $0
Seat 3: Mr_IGING (big blind) folded before Flop
Seat 7: Great_Kang (button) (small blind) collected ($6)


PokerStars Hand #151017523898:  Hold'em Limit ($3/$6 USD) - 2016/03/27 13:13:14 ET
Table 'Nongoma' 10-max Seat #3 is the button
Seat 3: Mr_IGING ($110.76 in chips)
Seat 7: Great_Kang ($242.52 in chips)
Mr_IGING: posts small blind $1
Great_Kang: posts big blind $3
*** HOLE CARDS ***
Mr_IGING: folds
Uncalled bet ($2) returned to Great_Kang
Great_Kang collected $2 from pot
*** SUMMARY ***
Total pot $2 | Rake $0
Seat 3: Mr_IGING (button) (small blind) folded before Flop
Seat 7: Great_Kang (big blind) collected ($2)


PokerStars Hand #151017500610:  Hold'em Limit ($3/$6 USD) - 2016/03/27 13:12:51 ET
Table 'Nongoma' 10-max Seat #7 is the button
Seat 3: Mr_IGING ($99.24 in chips)
Seat 7: Great_Kang ($254.52 in chips)
Great_Kang: posts small blind $1
Mr_IGING: posts big blind $3
*** HOLE CARDS ***
Great_Kang: raises $3 to $6
Mr_IGING: raises $3 to $9
Great_Kang: calls $3
*** FLOP *** [7s 5c Td]
Mr_IGING: bets $3
Great_Kang: calls $3
*** TURN *** [7s 5c Td] [Qs]
Mr_IGING: bets $6
Great_Kang: folds
Uncalled bet ($6) returned to Mr_IGING
Mr_IGING collected $23.52 from pot
Mr_IGING: doesn't show hand
*** SUMMARY ***
Total pot $24 | Rake $0.48
Board [7s 5c Td Qs]
Seat 3: Mr_IGING (big blind) collected ($23.52)
Seat 7: Great_Kang (button) (small blind) folded on the Turn


PokerStars Hand #151017495388:  Hold'em Limit ($3/$6 USD) - 2016/03/27 13:12:45 ET
Table 'Nongoma' 10-max Seat #3 is the button
Seat 3: Mr_IGING ($100.24 in chips)
Seat 7: Great_Kang ($253.52 in chips)
Mr_IGING: posts small blind $1
Great_Kang: posts big blind $3
*** HOLE CARDS ***
Mr_IGING: folds
Uncalled bet ($2) returned to Great_Kang
Great_Kang collected $2 from pot
Great_Kang: doesn't show hand
*** SUMMARY ***
Total pot $2 | Rake $0
Seat 3: Mr_IGING (button) (small blind) folded before Flop
Seat 7: Great_Kang (big blind) collected ($2)


PokerStars Hand #151017483027:  Hold'em Limit ($3/$6 USD) - 2016/03/27 13:12:33 ET
Table 'Nongoma' 10-max Seat #3 is the button
Seat 3: Mr_IGING ($104.24 in chips)
Seat 7: Great_Kang ($249.52 in chips)
Mr_IGING: posts small blind $1
Great_Kang: posts big blind $3
*** HOLE CARDS ***
Mr_IGING: folds
Uncalled bet ($2) returned to Great_Kang
Great_Kang collected $2 from pot
Great_Kang: doesn't show hand
*** SUMMARY ***
Total pot $2 | Rake $0
Seat 3: Mr_IGING (button) (small blind) folded before Flop
Seat 7: Great_Kang (big blind) collected ($2)


PokerStars Hand #151017489605:  Hold'em Limit ($3/$6 USD) - 2016/03/27 13:12:40 ET
Table 'Nongoma' 10-max Seat #7 is the button
Seat 3: Mr_IGING ($103.24 in chips)
Seat 7: Great_Kang ($250.52 in chips)
Great_Kang: posts small blind $1
Mr_IGING: posts big blind $3
*** HOLE CARDS ***
Great_Kang: raises $3 to $6
Mr_IGING: folds
Uncalled bet ($3) returned to Great_Kang
Great_Kang collected $6 from pot
Great_Kang: doesn't show hand
*** SUMMARY ***
Total pot $6 | Rake $0
Seat 3: Mr_IGING (big blind) folded before Flop
Seat 7: Great_Kang (button) (small blind) collected ($6)


PokerStars Hand #151017587392:  Hold'em Limit ($3/$6 USD) - 2016/03/27 13:14:20 ET
Table 'Nongoma' 10-max Seat #7 is the button
Seat 3: Mr_IGING ($105.64 in chips)
Seat 7: Great_Kang ($247.52 in chips)
Great_Kang: posts small blind $1
Mr_IGING: posts big blind $3
*** HOLE CARDS ***
Great_Kang: raises $3 to $6
Mr_IGING: folds
Uncalled bet ($3) returned to Great_Kang
Great_Kang collected $6 from pot
Great_Kang: doesn't show hand
*** SUMMARY ***
Total pot $6 | Rake $0
Seat 3: Mr_IGING (big blind) folded before Flop
Seat 7: Great_Kang (button) (small blind) collected ($6)


PokerStars Hand #151017552534:  Hold'em Limit ($3/$6 USD) - 2016/03/27 13:13:43 ET
Table 'Nongoma' 10-max Seat #3 is the button
Seat 3: Mr_IGING ($102.76 in chips)
Seat 7: Great_Kang ($250.52 in chips)
Mr_IGING: posts small blind $1
Great_Kang: posts big blind $3
*** HOLE CARDS ***
Mr_IGING: calls $2
Great_Kang: checks
*** FLOP *** [Ah 4c Jd]
Great_Kang: checks
Mr_IGING: checks
*** TURN *** [Ah 4c Jd] [7s]
Great_Kang: checks
Mr_IGING: bets $6
Great_Kang: folds
Uncalled bet ($6) returned to Mr_IGING
Mr_IGING collected $5.88 from pot
Mr_IGING: doesn't show hand
*** SUMMARY ***
Total pot $6 | Rake $0.12
Board [Ah 4c Jd 7s]
Seat 3: Mr_IGING (button) (small blind) collected ($5.88)
Seat 7: Great_Kang (big blind) folded on the Turn


PokerStars Hand #151017539426:  Hold'em Limit ($3/$6 USD) - 2016/03/27 13:13:30 ET
Table 'Nongoma' 10-max Seat #3 is the button
Seat 3: Mr_IGING ($106.76 in chips)
Seat 7: Great_Kang ($246.52 in chips)
Mr_IGING: posts small blind $1
Great_Kang: posts big blind $3
*** HOLE CARDS ***
Mr_IGING: folds
Uncalled bet ($2) returned to Great_Kang
Great_Kang collected $2 from pot
Great_Kang: doesn't show hand
*** SUMMARY ***
Total pot $2 | Rake $0
Seat 3: Mr_IGING (button) (small blind) folded before Flop
Seat 7: Great_Kang (big blind) collected ($2)


PokerStars Hand #151017546069:  Hold'em Limit ($3/$6 USD) - 2016/03/27 13:13:37 ET
Table 'Nongoma' 10-max Seat #7 is the button
Seat 3: Mr_IGING ($105.76 in chips)
Seat 7: Great_Kang ($247.52 in chips)
Great_Kang: posts small blind $1
Mr_IGING: posts big blind $3
*** HOLE CARDS ***
Great_Kang: raises $3 to $6
Mr_IGING: folds
Uncalled bet ($3) returned to Great_Kang
Great_Kang collected $6 from pot
Great_Kang: doesn't show hand
*** SUMMARY ***
Total pot $6 | Rake $0
Seat 3: Mr_IGING (big blind) folded before Flop
Seat 7: Great_Kang (button) (small blind) collected ($6)


PokerStars Hand #151017621062:  Hold'em Limit ($3/$6 USD) - 2016/03/27 13:14:54 ET
Table 'Nongoma' 10-max Seat #7 is the button
Seat 3: Mr_IGING ($126.14 in chips)
Seat 7: Great_Kang ($226.52 in chips)
Great_Kang: posts small blind $1
Mr_IGING: posts big blind $3
*** HOLE CARDS ***
Great_Kang: raises $3 to $6
Mr_IGING: folds
Uncalled bet ($3) returned to Great_Kang
Great_Kang collected $6 from pot
Great_Kang: doesn't show hand
*** SUMMARY ***
Total pot $6 | Rake $0
Seat 3: Mr_IGING (big blind) folded before Flop
Seat 7: Great_Kang (button) (small blind) collected ($6)


PokerStars Hand #151017593831:  Hold'em Limit ($3/$6 USD) - 2016/03/27 13:14:27 ET
Table 'Nongoma' 10-max Seat #3 is the button
Seat 3: Mr_IGING ($102.64 in chips)
Seat 7: Great_Kang ($250.52 in chips)
Mr_IGING: posts small blind $1
Great_Kang: posts big blind $3
*** HOLE CARDS ***
Mr_IGING: calls $2
Great_Kang: raises $3 to $6
Mr_IGING: calls $3
*** FLOP *** [Ks Js 9h]
Great_Kang: bets $3
Mr_IGING: raises $3 to $6
Great_Kang: calls $3
*** TURN *** [Ks Js 9h] [9c]
Great_Kang: checks
Mr_IGING: bets $6
Great_Kang: calls $6
*** RIVER *** [Ks Js 9h 9c] [Jd]
Great_Kang: checks
Mr_IGING: bets $6
Great_Kang: calls $6
*** SHOW DOWN ***
Mr_IGING: shows [Ac As] (two pair, Aces and Jacks)
Great_Kang: mucks hand
Mr_IGING collected $47.50 from pot
*** SUMMARY ***
Total pot $48 | Rake $0.50
Board [Ks Js 9h 9c Jd]
Seat 3: Mr_IGING (button) (small blind) showed [Ac As] and won ($47.50) with two pair, Aces and Jacks
Seat 7: Great_Kang (big blind) mucked


PokerStars Hand #151022696754:  Hold'em Limit ($3/$6 USD) - 2016/03/27 14:39:13 ET
Table 'Nongoma' 10-max Seat #3 is the button
Seat 2: HenGs1 ($8.93 in chips)
Seat 3: Zubasa07 ($534.82 in chips)
Zubasa07: posts small blind $1
Azrarn: is sitting out
HenGs1: posts big blind $3
*** HOLE CARDS ***
Zubasa07: folds
Uncalled bet ($2) returned to HenGs1
HenGs1 collected $2 from pot
HenGs1: doesn't show hand
*** SUMMARY ***
Total pot $2 | Rake $0
Seat 2: HenGs1 (big blind) collected ($2)
Seat 3: Zubasa07 (button) (small blind) folded before Flop


PokerStars Hand #151036456430:  Hold'em Limit ($3/$6 USD) - 2016/03/27 18:18:31 ET
Table 'Nongoma' 10-max Seat #7 is the button
Seat 3: Zubasa07 ($491 in chips)
Seat 7: zapo1 ($57.88 in chips)
zapo1: posts small blind $1
Zubasa07: posts big blind $3
*** HOLE CARDS ***
zapo1: calls $2
Zubasa07: checks
*** FLOP *** [5h Qh 8h]
Zubasa07: bets $3
zapo1: folds
Uncalled bet ($3) returned to Zubasa07
Zubasa07 collected $5.88 from pot
Zubasa07: doesn't show hand
*** SUMMARY ***
Total pot $6 | Rake $0.12
Board [5h Qh 8h]
Seat 3: Zubasa07 (big blind) collected ($5.88)
Seat 7: zapo1 (button) (small blind) folded on the Flop


PokerStars Hand #151036471466:  Hold'em Limit ($3/$6 USD) - 2016/03/27 18:18:46 ET
Table 'Nongoma' 10-max Seat #3 is the button
Seat 3: Zubasa07 ($493.88 in chips)
Seat 7: zapo1 ($54.88 in chips)
Zubasa07: posts small blind $1
zapo1: posts big blind $3
*** HOLE CARDS ***
Zubasa07: raises $3 to $6
zapo1: folds
Uncalled bet ($3) returned to Zubasa07
Zubasa07 collected $6 from pot
Zubasa07: doesn't show hand
*** SUMMARY ***
Total pot $6 | Rake $0
Seat 3: Zubasa07 (button) (small blind) collected ($6)
Seat 7: zapo1 (big blind) folded before Flop


PokerStars Hand #151036492901:  Hold'em Limit ($3/$6 USD) - 2016/03/27 18:19:08 ET
Table 'Nongoma' 10-max Seat #3 is the button
Seat 3: Zubasa07 ($505.52 in chips)
Seat 7: zapo1 ($42.88 in chips)
Zubasa07: posts small blind $1
zapo1: posts big blind $3
*** HOLE CARDS ***
Zubasa07: folds
Uncalled bet ($2) returned to zapo1
zapo1 collected $2 from pot
zapo1: doesn't show hand
*** SUMMARY ***
Total pot $2 | Rake $0
Seat 3: Zubasa07 (button) (small blind) folded before Flop
Seat 7: zapo1 (big blind) collected ($2)


PokerStars Hand #151036483455:  Hold'em Limit ($3/$6 USD) - 2016/03/27 18:18:58 ET
Table 'Nongoma' 10-max Seat #7 is the button
Seat 3: Zubasa07 ($496.88 in chips)
Seat 7: zapo1 ($51.88 in chips)
zapo1: posts small blind $1
Zubasa07: posts big blind $3
*** HOLE CARDS ***
zapo1: raises $3 to $6
Zubasa07: raises $3 to $9
zapo1: calls $3
*** FLOP *** [Qh 6d Ks]
Zubasa07: bets $3
zapo1: folds
Uncalled bet ($3) returned to Zubasa07
Zubasa07 collected $17.64 from pot
Zubasa07: doesn't show hand
*** SUMMARY ***
Total pot $18 | Rake $0.36
Board [Qh 6d Ks]
Seat 3: Zubasa07 (big blind) collected ($17.64)
Seat 7: zapo1 (button) (small blind) folded on the Flop


PokerStars Hand #151036497352:  Hold'em Limit ($3/$6 USD) - 2016/03/27 18:19:13 ET
Table 'Nongoma' 10-max Seat #7 is the button
Seat 3: Zubasa07 ($504.52 in chips)
Seat 7: zapo1 ($43.88 in chips)
zapo1: posts small blind $1
Zubasa07: posts big blind $3
*** HOLE CARDS ***
zapo1: raises $3 to $6
Zubasa07: calls $3
*** FLOP *** [4c 5c 7c]
Zubasa07: checks
zapo1: bets $3
Zubasa07: raises $3 to $6
zapo1: raises $3 to $9
Zubasa07: raises $3 to $12
Betting is capped
zapo1: calls $3
*** TURN *** [4c 5c 7c] [2d]
Zubasa07: bets $6
zapo1: raises $6 to $12
Zubasa07: raises $6 to $18
zapo1: raises $6 to $24
Betting is capped
Zubasa07: calls $6
*** RIVER *** [4c 5c 7c 2d] [Qd]
Zubasa07: bets $6
zapo1: calls $1.88 and is all-in
Uncalled bet ($4.12) returned to Zubasa07
*** SHOW DOWN ***
Zubasa07: shows [5h 7d] (two pair, Sevens and Fives)
zapo1: shows [Jc Tc] (a flush, Jack high)
zapo1 collected $87.26 from pot
*** SUMMARY ***
Total pot $87.76 | Rake $0.50
Board [4c 5c 7c 2d Qd]
Seat 3: Zubasa07 (big blind) showed [5h 7d] and lost with two pair, Sevens and Fives
Seat 7: zapo1 (button) (small blind) showed [Jc Tc] and won ($87.26) with a flush, Jack high


PokerStars Hand #151036529223:  Hold'em Limit ($3/$6 USD) - 2016/03/27 18:19:46 ET
Table 'Nongoma' 10-max Seat #3 is the button
Seat 3: Zubasa07 ($460.64 in chips)
Seat 7: zapo1 ($87.26 in chips)
Zubasa07: posts small blind $1
zapo1: posts big blind $3
*** HOLE CARDS ***
Zubasa07: raises $3 to $6
zapo1: calls $3
*** FLOP *** [Th 6c Qs]
zapo1: checks
Zubasa07: bets $3
zapo1: folds
Uncalled bet ($3) returned to Zubasa07
GRAILKO joins the table at seat #8
Zubasa07 collected $11.76 from pot
Zubasa07: doesn't show hand
*** SUMMARY ***
Total pot $12 | Rake $0.24
Board [Th 6c Qs]
Seat 3: Zubasa07 (button) (small blind) collected ($11.76)
Seat 7: zapo1 (big blind) folded on the Flop


PokerStars Hand #151037509921:  Hold'em Limit ($3/$6 USD) - 2016/03/27 18:37:42 ET
Table 'Nongoma' 10-max Seat #4 is the button
Seat 3: Zubasa07 ($478.18 in chips)
Seat 4: iris1980 ($270.07 in chips)
iris1980: posts small blind $1
Zubasa07: posts big blind $3
*** HOLE CARDS ***
zapo1 leaves the table
iris1980: folds
Uncalled bet ($2) returned to Zubasa07
Zubasa07 collected $2 from pot
Zubasa07: doesn't show hand
*** SUMMARY ***
Total pot $2 | Rake $0
Seat 3: Zubasa07 (big blind) collected ($2)
Seat 4: iris1980 (button) (small blind) folded before Flop


