PokerStars Hand #156226345113:  Hold'em Limit ($3/$6 USD) - 2016/07/20 15:51:28 ET
Table 'Nonie' 6-max Seat #3 is the button
Seat 3: Roma198722 ($74.78 in chips)
Seat 4: Zubasa07 ($500 in chips)
Roma198722: posts small blind $1
Zubasa07: posts big blind $3
*** HOLE CARDS ***
Roma198722: calls $2
Zubasa07: checks
*** FLOP *** [Ks 2d 9s]
Zubasa07: checks
Roma198722: bets $3
Zubasa07: folds
Uncalled bet ($3) returned to Roma198722
Roma198722 collected $5.88 from pot
Roma198722: doesn't show hand
*** SUMMARY ***
Total pot $6 | Rake $0.12
Board [Ks 2d 9s]
Seat 3: Roma198722 (button) (small blind) collected ($5.88)
Seat 4: Zubasa07 (big blind) folded on the Flop


PokerStars Hand #156226366285:  Hold'em Limit ($3/$6 USD) - 2016/07/20 15:51:55 ET
Table 'Nonie' 6-max Seat #4 is the button
Seat 3: Roma198722 ($77.66 in chips)
Seat 4: Zubasa07 ($497 in chips)
Zubasa07: posts small blind $1
asino222 joins the table at seat #6
Roma198722: posts big blind $3
*** HOLE CARDS ***
Zubasa07: raises $3 to $6
Roma198722: calls $3
*** FLOP *** [9s 5c 3d]
Roma198722: checks
Zubasa07: bets $3
Roma198722: folds
Uncalled bet ($3) returned to Zubasa07
Zubasa07 collected $11.76 from pot
Zubasa07: doesn't show hand
*** SUMMARY ***
Total pot $12 | Rake $0.24
Board [9s 5c 3d]
Seat 3: Roma198722 (big blind) folded on the Flop
Seat 4: Zubasa07 (button) (small blind) collected ($11.76)


PokerStars Hand #156226393622:  Hold'em Limit ($3/$6 USD) - 2016/07/20 15:52:19 ET
Table 'Nonie' 6-max Seat #3 is the button
Seat 3: Roma198722 ($71.66 in chips)
Seat 4: Zubasa07 ($502.76 in chips)
Roma198722: posts small blind $1
Zubasa07: posts big blind $3
*** HOLE CARDS ***
Roma198722: raises $3 to $6
Zubasa07: calls $3
*** FLOP *** [6c 5h 2h]
Zubasa07: checks
chipsdigme86 joins the table at seat #2
BMW 6 071 joins the table at seat #1
Roma198722: checks
*** TURN *** [6c 5h 2h] [2s]
Zubasa07: bets $6
Roma198722: folds
Uncalled bet ($6) returned to Zubasa07
Zubasa07 collected $11.76 from pot
Zubasa07: doesn't show hand
*** SUMMARY ***
Total pot $12 | Rake $0.24
Board [6c 5h 2h 2s]
Seat 3: Roma198722 (button) (small blind) folded on the Turn
Seat 4: Zubasa07 (big blind) collected ($11.76)


