PokerStars Hand #148447294024:  Hold'em Limit ($3/$6 USD) - 2016/02/08 10:02:56 ET
Table 'Nonie' 2-max Seat #2 is the button
Seat 1: ct-650 ($160.40 in chips)
Seat 2: Ultrafranke ($76.30 in chips)
Ultrafranke: posts small blind $1
ct-650: posts big blind $3
*** HOLE CARDS ***
Ultrafranke: raises $3 to $6
ct-650: calls $3
*** FLOP *** [5d 8d 3s]
ct-650: checks
Ultrafranke: bets $3
ct-650: calls $3
*** TURN *** [5d 8d 3s] [3h]
ct-650: checks
Ultrafranke: bets $6
ct-650: folds
Uncalled bet ($6) returned to Ultrafranke
Ultrafranke collected $17.64 from pot
*** SUMMARY ***
Total pot $18 | Rake $0.36
Board [5d 8d 3s 3h]
Seat 1: ct-650 (big blind) folded on the Turn
Seat 2: Ultrafranke (button) (small blind) collected ($17.64)


PokerStars Hand #148447290863:  Hold'em Limit ($3/$6 USD) - 2016/02/08 10:02:52 ET
Table 'Nonie' 2-max Seat #1 is the button
Seat 1: ct-650 ($161.40 in chips)
Seat 2: Ultrafranke ($75.30 in chips)
ct-650: posts small blind $1
Ultrafranke: posts big blind $3
*** HOLE CARDS ***
ct-650: folds
Uncalled bet ($2) returned to Ultrafranke
Ultrafranke collected $2 from pot
*** SUMMARY ***
Total pot $2 | Rake $0
Seat 1: ct-650 (button) (small blind) folded before Flop
Seat 2: Ultrafranke (big blind) collected ($2)


PokerStars Hand #148447282315:  Hold'em Limit ($3/$6 USD) - 2016/02/08 10:02:41 ET
Table 'Nonie' 2-max Seat #2 is the button
Seat 1: ct-650 ($152.76 in chips)
Seat 2: Ultrafranke ($84.30 in chips)
Ultrafranke: posts small blind $1
ct-650: posts big blind $3
*** HOLE CARDS ***
Ultrafranke: raises $3 to $6
ct-650: calls $3
*** FLOP *** [4s Td 9h]
ct-650: checks
Ultrafranke: bets $3
ct-650: calls $3
*** TURN *** [4s Td 9h] [Th]
ct-650: checks
Ultrafranke: checks
*** RIVER *** [4s Td 9h Th] [Jd]
ct-650: bets $6
Ultrafranke: folds
Uncalled bet ($6) returned to ct-650
ct-650 collected $17.64 from pot
*** SUMMARY ***
Total pot $18 | Rake $0.36
Board [4s Td 9h Th Jd]
Seat 1: ct-650 (big blind) collected ($17.64)
Seat 2: Ultrafranke (button) (small blind) folded on the River


PokerStars Hand #148447277982:  Hold'em Limit ($3/$6 USD) - 2016/02/08 10:02:35 ET
Table 'Nonie' 2-max Seat #1 is the button
Seat 1: ct-650 ($149.76 in chips)
Seat 2: Ultrafranke ($87.30 in chips)
ct-650: posts small blind $1
Ultrafranke: posts big blind $3
*** HOLE CARDS ***
ct-650: raises $3 to $6
Ultrafranke: folds
Uncalled bet ($3) returned to ct-650
ct-650 collected $6 from pot
*** SUMMARY ***
Total pot $6 | Rake $0
Seat 1: ct-650 (button) (small blind) collected ($6)
Seat 2: Ultrafranke (big blind) folded before Flop


PokerStars Hand #148447271042:  Hold'em Limit ($3/$6 USD) - 2016/02/08 10:02:26 ET
Table 'Nonie' 2-max Seat #2 is the button
Seat 1: ct-650 ($155.76 in chips)
Seat 2: Ultrafranke ($81.54 in chips)
Ultrafranke: posts small blind $1
ct-650: posts big blind $3
*** HOLE CARDS ***
Ultrafranke: raises $3 to $6
ct-650: calls $3
*** FLOP *** [7d Th Td]
ct-650: checks
Ultrafranke: checks
*** TURN *** [7d Th Td] [4c]
ct-650: checks
Ultrafranke: bets $6
ct-650: folds
Uncalled bet ($6) returned to Ultrafranke
Ultrafranke collected $11.76 from pot
*** SUMMARY ***
Total pot $12 | Rake $0.24
Board [7d Th Td 4c]
Seat 1: ct-650 (big blind) folded on the Turn
Seat 2: Ultrafranke (button) (small blind) collected ($11.76)


PokerStars Hand #148447331377:  Hold'em Limit ($3/$6 USD) - 2016/02/08 10:03:45 ET
Table 'Nonie' 2-max Seat #1 is the button
Seat 1: ct-650 ($133.40 in chips)
Seat 2: Ultrafranke ($102.10 in chips)
ct-650: posts small blind $1
Ultrafranke: posts big blind $3
*** HOLE CARDS ***
ct-650: raises $3 to $6
Ultrafranke: calls $3
*** FLOP *** [As 8s Td]
Ultrafranke: checks
ct-650: bets $3
Ultrafranke: calls $3
*** TURN *** [As 8s Td] [9h]
Ultrafranke: checks
ct-650: checks
*** RIVER *** [As 8s Td 9h] [7s]
Ultrafranke: bets $6
ct-650: raises $6 to $12
Ultrafranke: calls $6
*** SHOW DOWN ***
ct-650: shows [3c Js] (a straight, Seven to Jack)
Ultrafranke: shows [3s 6s] (a flush, Ace high)
Ultrafranke collected $41.50 from pot
*** SUMMARY ***
Total pot $42 | Rake $0.50
Board [As 8s Td 9h 7s]
Seat 1: ct-650 (button) (small blind) showed [3c Js] and lost with a straight, Seven to Jack
Seat 2: Ultrafranke (big blind) showed [3s 6s] and won ($41.50) with a flush, Ace high


PokerStars Hand #148447325174:  Hold'em Limit ($3/$6 USD) - 2016/02/08 10:03:37 ET
Table 'Nonie' 2-max Seat #2 is the button
Seat 1: ct-650 ($139.40 in chips)
Seat 2: Ultrafranke ($96.34 in chips)
Ultrafranke: posts small blind $1
ct-650: posts big blind $3
*** HOLE CARDS ***
Ultrafranke: raises $3 to $6
ct-650: calls $3
*** FLOP *** [8c Ah 7c]
ct-650: checks
Ultrafranke: bets $3
ct-650: folds
Uncalled bet ($3) returned to Ultrafranke
Ultrafranke collected $11.76 from pot
*** SUMMARY ***
Total pot $12 | Rake $0.24
Board [8c Ah 7c]
Seat 1: ct-650 (big blind) folded on the Flop
Seat 2: Ultrafranke (button) (small blind) collected ($11.76)


PokerStars Hand #148447321304:  Hold'em Limit ($3/$6 USD) - 2016/02/08 10:03:32 ET
Table 'Nonie' 2-max Seat #1 is the button
Seat 1: ct-650 ($136.40 in chips)
Seat 2: Ultrafranke ($99.34 in chips)
ct-650: posts small blind $1
Ultrafranke: posts big blind $3
*** HOLE CARDS ***
ct-650: raises $3 to $6
Ultrafranke: folds
Uncalled bet ($3) returned to ct-650
ct-650 collected $6 from pot
*** SUMMARY ***
Total pot $6 | Rake $0
Seat 1: ct-650 (button) (small blind) collected ($6)
Seat 2: Ultrafranke (big blind) folded before Flop


PokerStars Hand #148447315665:  Hold'em Limit ($3/$6 USD) - 2016/02/08 10:03:24 ET
Table 'Nonie' 2-max Seat #2 is the button
Seat 1: ct-650 ($142.40 in chips)
Seat 2: Ultrafranke ($93.58 in chips)
Ultrafranke: posts small blind $1
ct-650: posts big blind $3
*** HOLE CARDS ***
Ultrafranke: raises $3 to $6
ct-650: calls $3
*** FLOP *** [3c 2d Qh]
ct-650: checks
Ultrafranke: bets $3
ct-650: folds
Uncalled bet ($3) returned to Ultrafranke
Ultrafranke collected $11.76 from pot
*** SUMMARY ***
Total pot $12 | Rake $0.24
Board [3c 2d Qh]
Seat 1: ct-650 (big blind) folded on the Flop
Seat 2: Ultrafranke (button) (small blind) collected ($11.76)


PokerStars Hand #148447312263:  Hold'em Limit ($3/$6 USD) - 2016/02/08 10:03:20 ET
Table 'Nonie' 2-max Seat #1 is the button
Seat 1: ct-650 ($143.40 in chips)
Seat 2: Ultrafranke ($92.58 in chips)
ct-650: posts small blind $1
Ultrafranke: posts big blind $3
*** HOLE CARDS ***
ct-650: folds
Uncalled bet ($2) returned to Ultrafranke
Ultrafranke collected $2 from pot
*** SUMMARY ***
Total pot $2 | Rake $0
Seat 1: ct-650 (button) (small blind) folded before Flop
Seat 2: Ultrafranke (big blind) collected ($2)


PokerStars Hand #148447307829:  Hold'em Limit ($3/$6 USD) - 2016/02/08 10:03:14 ET
Table 'Nonie' 2-max Seat #2 is the button
Seat 1: ct-650 ($142.40 in chips)
Seat 2: Ultrafranke ($93.58 in chips)
Ultrafranke: posts small blind $1
ct-650: posts big blind $3
*** HOLE CARDS ***
Ultrafranke: folds
Uncalled bet ($2) returned to ct-650
ct-650 collected $2 from pot
*** SUMMARY ***
Total pot $2 | Rake $0
Seat 1: ct-650 (big blind) collected ($2)
Seat 2: Ultrafranke (button) (small blind) folded before Flop


PokerStars Hand #148447301793:  Hold'em Limit ($3/$6 USD) - 2016/02/08 10:03:06 ET
Table 'Nonie' 2-max Seat #1 is the button
Seat 1: ct-650 ($151.40 in chips)
Seat 2: Ultrafranke ($84.94 in chips)
ct-650: posts small blind $1
Ultrafranke: posts big blind $3
*** HOLE CARDS ***
ct-650: raises $3 to $6
Ultrafranke: raises $3 to $9
ct-650: calls $3
*** FLOP *** [7c 6c 2c]
Ultrafranke: bets $3
ct-650: folds
Uncalled bet ($3) returned to Ultrafranke
Ultrafranke collected $17.64 from pot
*** SUMMARY ***
Total pot $18 | Rake $0.36
Board [7c 6c 2c]
Seat 1: ct-650 (button) (small blind) folded on the Flop
Seat 2: Ultrafranke (big blind) collected ($17.64)


PokerStars Hand #148447351358:  Hold'em Limit ($3/$6 USD) - 2016/02/08 10:04:10 ET
Table 'Nonie' 2-max Seat #1 is the button
Seat 1: ct-650 ($106.40 in chips)
Seat 2: Ultrafranke ($128.36 in chips)
ct-650: posts small blind $1
Ultrafranke: posts big blind $3
*** HOLE CARDS ***
ct-650: raises $3 to $6
Ultrafranke: calls $3
*** FLOP *** [Ks Td Qs]
Ultrafranke: checks
ct-650: bets $3
Ultrafranke: calls $3
*** TURN *** [Ks Td Qs] [3d]
Ultrafranke: checks
ct-650: checks
*** RIVER *** [Ks Td Qs 3d] [8c]
Ultrafranke: bets $6
ct-650: folds
Uncalled bet ($6) returned to Ultrafranke
Ultrafranke collected $17.64 from pot
*** SUMMARY ***
Total pot $18 | Rake $0.36
Board [Ks Td Qs 3d 8c]
Seat 1: ct-650 (button) (small blind) folded on the River
Seat 2: Ultrafranke (big blind) collected ($17.64)


PokerStars Hand #148447343562:  Hold'em Limit ($3/$6 USD) - 2016/02/08 10:04:00 ET
Table 'Nonie' 2-max Seat #2 is the button
Seat 1: ct-650 ($112.40 in chips)
Seat 2: Ultrafranke ($122.60 in chips)
Ultrafranke: posts small blind $1
ct-650: posts big blind $3
*** HOLE CARDS ***
Ultrafranke: raises $3 to $6
ct-650: calls $3
*** FLOP *** [Ac Kd 3c]
ct-650: checks
Ultrafranke: bets $3
ct-650: folds
Uncalled bet ($3) returned to Ultrafranke
Ultrafranke collected $11.76 from pot
*** SUMMARY ***
Total pot $12 | Rake $0.24
Board [Ac Kd 3c]
Seat 1: ct-650 (big blind) folded on the Flop
Seat 2: Ultrafranke (button) (small blind) collected ($11.76)


PokerStars Hand #148462575609:  Hold'em Limit ($3/$6 USD) - 2016/02/08 14:37:58 ET
Table 'Nonie' 2-max Seat #2 is the button
Seat 1: ct-650 ($81.90 in chips)
Seat 2: melyh82 ($104.20 in chips)
melyh82: posts small blind $1
ct-650: posts big blind $3
*** HOLE CARDS ***
melyh82: raises $3 to $6
ct-650: calls $3
*** FLOP *** [5d 2h 7h]
ct-650: checks
melyh82: bets $3
ct-650: calls $3
*** TURN *** [5d 2h 7h] [Jd]
ct-650: checks
melyh82: bets $6
ct-650: folds
Uncalled bet ($6) returned to melyh82
melyh82 collected $17.64 from pot
*** SUMMARY ***
Total pot $18 | Rake $0.36
Board [5d 2h 7h Jd]
Seat 1: ct-650 (big blind) folded on the Turn
Seat 2: melyh82 (button) (small blind) collected ($17.64)


PokerStars Hand #148462553530:  Hold'em Limit ($3/$6 USD) - 2016/02/08 14:37:37 ET
Table 'Nonie' 2-max Seat #2 is the button
Seat 1: ct-650 ($64.40 in chips)
Seat 2: melyh82 ($122.20 in chips)
melyh82: posts small blind $1
ct-650: posts big blind $3
*** HOLE CARDS ***
melyh82: raises $3 to $6
ct-650: folds
Uncalled bet ($3) returned to melyh82
melyh82 collected $6 from pot
*** SUMMARY ***
Total pot $6 | Rake $0
Seat 1: ct-650 (big blind) folded before Flop
Seat 2: melyh82 (button) (small blind) collected ($6)


PokerStars Hand #148462657020:  Hold'em Limit ($3/$6 USD) - 2016/02/08 14:39:13 ET
Table 'Nonie' 2-max Seat #2 is the button
Seat 1: ct-650 ($125.28 in chips)
Seat 2: melyh82 ($58.84 in chips)
melyh82: posts small blind $1
ct-650: posts big blind $3
*** HOLE CARDS ***
melyh82: raises $3 to $6
ct-650: calls $3
*** FLOP *** [7h Qd Kd]
ct-650: checks
melyh82: bets $3
ct-650: calls $3
*** TURN *** [7h Qd Kd] [Kh]
ct-650: checks
melyh82: checks
*** RIVER *** [7h Qd Kd Kh] [4h]
ct-650: checks
melyh82: bets $6
ct-650: calls $6
*** SHOW DOWN ***
melyh82: shows [4s 3d] (two pair, Kings and Fours)
ct-650: mucks hand
melyh82 collected $29.50 from pot
*** SUMMARY ***
Total pot $30 | Rake $0.50
Board [7h Qd Kd Kh 4h]
Seat 1: ct-650 (big blind) mucked
Seat 2: melyh82 (button) (small blind) showed [4s 3d] and won ($29.50) with two pair, Kings and Fours


PokerStars Hand #148462728844:  Hold'em Limit ($3/$6 USD) - 2016/02/08 14:40:19 ET
Table 'Nonie' 2-max Seat #1 is the button
Seat 1: ct-650 ($127.08 in chips)
Seat 2: melyh82 ($54.86 in chips)
ct-650: posts small blind $1
melyh82: posts big blind $3
*** HOLE CARDS ***
ct-650: raises $3 to $6
melyh82: calls $3
*** FLOP *** [9s 9h 4d]
melyh82: checks
ct-650: checks
*** TURN *** [9s 9h 4d] [7s]
melyh82: bets $6
ct-650: calls $6
*** RIVER *** [9s 9h 4d 7s] [2s]
melyh82: bets $6
ct-650: calls $6
*** SHOW DOWN ***
melyh82: shows [Ah Qd] (a pair of Nines)
ct-650: shows [7h Jc] (two pair, Nines and Sevens)
ct-650 collected $35.50 from pot
*** SUMMARY ***
Total pot $36 | Rake $0.50
Board [9s 9h 4d 7s 2s]
Seat 1: ct-650 (button) (small blind) showed [7h Jc] and won ($35.50) with two pair, Nines and Sevens
Seat 2: melyh82 (big blind) showed [Ah Qd] and lost with a pair of Nines


PokerStars Hand #148462720044:  Hold'em Limit ($3/$6 USD) - 2016/02/08 14:40:11 ET
Table 'Nonie' 2-max Seat #2 is the button
Seat 1: ct-650 ($118.44 in chips)
Seat 2: melyh82 ($63.86 in chips)
melyh82: posts small blind $1
ct-650: posts big blind $3
*** HOLE CARDS ***
melyh82: raises $3 to $6
ct-650: calls $3
*** FLOP *** [9h 3d 4s]
ct-650: checks
melyh82: bets $3
ct-650: raises $3 to $6
melyh82: folds
Uncalled bet ($3) returned to ct-650
ct-650 collected $17.64 from pot
*** SUMMARY ***
Total pot $18 | Rake $0.36
Board [9h 3d 4s]
Seat 1: ct-650 (big blind) collected ($17.64)
Seat 2: melyh82 (button) (small blind) folded on the Flop


PokerStars Hand #148462715398:  Hold'em Limit ($3/$6 USD) - 2016/02/08 14:40:06 ET
Table 'Nonie' 2-max Seat #1 is the button
Seat 1: ct-650 ($119.44 in chips)
Seat 2: melyh82 ($62.86 in chips)
ct-650: posts small blind $1
melyh82: posts big blind $3
*** HOLE CARDS ***
ct-650: folds
Uncalled bet ($2) returned to melyh82
melyh82 collected $2 from pot
*** SUMMARY ***
Total pot $2 | Rake $0
Seat 1: ct-650 (button) (small blind) folded before Flop
Seat 2: melyh82 (big blind) collected ($2)


PokerStars Hand #148462703810:  Hold'em Limit ($3/$6 USD) - 2016/02/08 14:39:56 ET
Table 'Nonie' 2-max Seat #2 is the button
Seat 1: ct-650 ($107.92 in chips)
Seat 2: melyh82 ($74.86 in chips)
melyh82: posts small blind $1
ct-650: posts big blind $3
*** HOLE CARDS ***
melyh82: raises $3 to $6
ct-650: calls $3
*** FLOP *** [6s 5s Kh]
ct-650: checks
melyh82: checks
*** TURN *** [6s 5s Kh] [8s]
ct-650: bets $6
melyh82: calls $6
*** RIVER *** [6s 5s Kh 8s] [Jd]
ct-650: bets $6
melyh82: folds
Uncalled bet ($6) returned to ct-650
ct-650 collected $23.52 from pot
*** SUMMARY ***
Total pot $24 | Rake $0.48
Board [6s 5s Kh 8s Jd]
Seat 1: ct-650 (big blind) collected ($23.52)
Seat 2: melyh82 (button) (small blind) folded on the River


PokerStars Hand #148462693212:  Hold'em Limit ($3/$6 USD) - 2016/02/08 14:39:46 ET
Table 'Nonie' 2-max Seat #1 is the button
Seat 1: ct-650 ($99.28 in chips)
Seat 2: melyh82 ($83.86 in chips)
ct-650: posts small blind $1
melyh82: posts big blind $3
*** HOLE CARDS ***
ct-650: raises $3 to $6
melyh82: calls $3
*** FLOP *** [Ah Kd Kc]
melyh82: checks
ct-650: bets $3
melyh82: calls $3
*** TURN *** [Ah Kd Kc] [3d]
melyh82: checks
ct-650: bets $6
melyh82: folds
Uncalled bet ($6) returned to ct-650
ct-650 collected $17.64 from pot
*** SUMMARY ***
Total pot $18 | Rake $0.36
Board [Ah Kd Kc 3d]
Seat 1: ct-650 (button) (small blind) collected ($17.64)
Seat 2: melyh82 (big blind) folded on the Turn


PokerStars Hand #148462687821:  Hold'em Limit ($3/$6 USD) - 2016/02/08 14:39:41 ET
Table 'Nonie' 2-max Seat #2 is the button
Seat 1: ct-650 ($98.28 in chips)
Seat 2: melyh82 ($84.86 in chips)
melyh82: posts small blind $1
ct-650: posts big blind $3
*** HOLE CARDS ***
melyh82: folds
Uncalled bet ($2) returned to ct-650
ct-650 collected $2 from pot
*** SUMMARY ***
Total pot $2 | Rake $0
Seat 1: ct-650 (big blind) collected ($2)
Seat 2: melyh82 (button) (small blind) folded before Flop


PokerStars Hand #148462672043:  Hold'em Limit ($3/$6 USD) - 2016/02/08 14:39:27 ET
Table 'Nonie' 2-max Seat #1 is the button
Seat 1: ct-650 ($110.28 in chips)
Seat 2: melyh82 ($73.34 in chips)
ct-650: posts small blind $1
melyh82: posts big blind $3
*** HOLE CARDS ***
ct-650: raises $3 to $6
melyh82: calls $3
*** FLOP *** [Ac 6h Jc]
melyh82: checks
ct-650: bets $3
melyh82: raises $3 to $6
ct-650: calls $3
*** TURN *** [Ac 6h Jc] [3d]
melyh82: checks
ct-650: checks
*** RIVER *** [Ac 6h Jc 3d] [9c]
melyh82: checks
ct-650: checks
*** SHOW DOWN ***
melyh82: shows [3c 4h] (a pair of Threes)
ct-650: mucks hand
melyh82 collected $23.52 from pot
*** SUMMARY ***
Total pot $24 | Rake $0.48
Board [Ac 6h Jc 3d 9c]
Seat 1: ct-650 (button) (small blind) mucked
Seat 2: melyh82 (big blind) showed [3c 4h] and won ($23.52) with a pair of Threes


PokerStars Hand #148462792341:  Hold'em Limit ($3/$6 USD) - 2016/02/08 14:41:17 ET
Table 'Nonie' 2-max Seat #1 is the button
Seat 1: ct-650 ($115.34 in chips)
Seat 2: melyh82 ($64.64 in chips)
ct-650: posts small blind $1
melyh82: posts big blind $3
*** HOLE CARDS ***
ct-650: raises $3 to $6
melyh82: calls $3
*** FLOP *** [Qd Ts Th]
melyh82: checks
ct-650: bets $3
melyh82: calls $3
*** TURN *** [Qd Ts Th] [4s]
melyh82: bets $6
ct-650: folds
Uncalled bet ($6) returned to melyh82
melyh82 collected $17.64 from pot
*** SUMMARY ***
Total pot $18 | Rake $0.36
Board [Qd Ts Th 4s]
Seat 1: ct-650 (button) (small blind) folded on the Turn
Seat 2: melyh82 (big blind) collected ($17.64)


PokerStars Hand #148462777607:  Hold'em Limit ($3/$6 USD) - 2016/02/08 14:41:04 ET
Table 'Nonie' 2-max Seat #2 is the button
Seat 1: ct-650 ($133.34 in chips)
Seat 2: melyh82 ($47.14 in chips)
melyh82: posts small blind $1
ct-650: posts big blind $3
*** HOLE CARDS ***
melyh82: raises $3 to $6
ct-650: raises $3 to $9
melyh82: calls $3
*** FLOP *** [6h 8h 2s]
ct-650: bets $3
melyh82: calls $3
*** TURN *** [6h 8h 2s] [2h]
ct-650: checks
melyh82: bets $6
ct-650: calls $6
*** RIVER *** [6h 8h 2s 2h] [7s]
ct-650: checks
melyh82: bets $6
ct-650: folds
Uncalled bet ($6) returned to melyh82
melyh82 collected $35.50 from pot
*** SUMMARY ***
Total pot $36 | Rake $0.50
Board [6h 8h 2s 2h 7s]
Seat 1: ct-650 (big blind) folded on the River
Seat 2: melyh82 (button) (small blind) collected ($35.50)


PokerStars Hand #148462769741:  Hold'em Limit ($3/$6 USD) - 2016/02/08 14:40:56 ET
Table 'Nonie' 2-max Seat #1 is the button
Seat 1: ct-650 ($127.58 in chips)
Seat 2: melyh82 ($53.14 in chips)
ct-650: posts small blind $1
melyh82: posts big blind $3
*** HOLE CARDS ***
ct-650: raises $3 to $6
melyh82: calls $3
*** FLOP *** [Ac 3c 8c]
melyh82: checks
ct-650: bets $3
melyh82: folds
Uncalled bet ($3) returned to ct-650
ct-650 collected $11.76 from pot
*** SUMMARY ***
Total pot $12 | Rake $0.24
Board [Ac 3c 8c]
Seat 1: ct-650 (button) (small blind) collected ($11.76)
Seat 2: melyh82 (big blind) folded on the Flop


PokerStars Hand #148462764731:  Hold'em Limit ($3/$6 USD) - 2016/02/08 14:40:52 ET
Table 'Nonie' 2-max Seat #2 is the button
Seat 1: ct-650 ($126.58 in chips)
Seat 2: melyh82 ($54.14 in chips)
melyh82: posts small blind $1
ct-650: posts big blind $3
*** HOLE CARDS ***
melyh82: folds
Uncalled bet ($2) returned to ct-650
ct-650 collected $2 from pot
*** SUMMARY ***
Total pot $2 | Rake $0
Seat 1: ct-650 (big blind) collected ($2)
Seat 2: melyh82 (button) (small blind) folded before Flop


PokerStars Hand #148462755980:  Hold'em Limit ($3/$6 USD) - 2016/02/08 14:40:44 ET
Table 'Nonie' 2-max Seat #1 is the button
Seat 1: ct-650 ($135.58 in chips)
Seat 2: melyh82 ($45.50 in chips)
ct-650: posts small blind $1
melyh82: posts big blind $3
*** HOLE CARDS ***
ct-650: raises $3 to $6
melyh82: calls $3
*** FLOP *** [8h Ad Qs]
melyh82: checks
ct-650: bets $3
melyh82: raises $3 to $6
ct-650: folds
Uncalled bet ($3) returned to melyh82
melyh82 collected $17.64 from pot
*** SUMMARY ***
Total pot $18 | Rake $0.36
Board [8h Ad Qs]
Seat 1: ct-650 (button) (small blind) folded on the Flop
Seat 2: melyh82 (big blind) collected ($17.64)


PokerStars Hand #148462743108:  Hold'em Limit ($3/$6 USD) - 2016/02/08 14:40:32 ET
Table 'Nonie' 2-max Seat #2 is the button
Seat 1: ct-650 ($144.58 in chips)
Seat 2: melyh82 ($36.86 in chips)
melyh82: posts small blind $1
ct-650: posts big blind $3
*** HOLE CARDS ***
melyh82: raises $3 to $6
ct-650: calls $3
*** FLOP *** [7s Kd 9s]
ct-650: checks
melyh82: bets $3
ct-650: calls $3
*** TURN *** [7s Kd 9s] [6h]
ct-650: checks
melyh82: checks
*** RIVER *** [7s Kd 9s 6h] [Tc]
ct-650: checks
melyh82: bets $6
ct-650: folds
Uncalled bet ($6) returned to melyh82
melyh82 collected $17.64 from pot
*** SUMMARY ***
Total pot $18 | Rake $0.36
Board [7s Kd 9s 6h Tc]
Seat 1: ct-650 (big blind) folded on the River
Seat 2: melyh82 (button) (small blind) collected ($17.64)


PokerStars Hand #148462605449:  Hold'em Limit ($3/$6 USD) - 2016/02/08 14:38:25 ET
Table 'Nonie' 2-max Seat #2 is the button
Seat 1: ct-650 ($93.40 in chips)
Seat 2: melyh82 ($91.84 in chips)
melyh82: posts small blind $1
ct-650: posts big blind $3
*** HOLE CARDS ***
melyh82: raises $3 to $6
ct-650: folds
Uncalled bet ($3) returned to melyh82
melyh82 collected $6 from pot
*** SUMMARY ***
Total pot $6 | Rake $0
Seat 1: ct-650 (big blind) folded before Flop
Seat 2: melyh82 (button) (small blind) collected ($6)


PokerStars Hand #148462589250:  Hold'em Limit ($3/$6 USD) - 2016/02/08 14:38:10 ET
Table 'Nonie' 2-max Seat #1 is the button
Seat 1: ct-650 ($72.90 in chips)
Seat 2: melyh82 ($112.84 in chips)
ct-650: posts small blind $1
melyh82: posts big blind $3
*** HOLE CARDS ***
ct-650: raises $3 to $6
melyh82: calls $3
*** FLOP *** [4c 8h Ks]
melyh82: checks
ct-650: bets $3
melyh82: calls $3
*** TURN *** [4c 8h Ks] [2h]
melyh82: checks
ct-650: bets $6
melyh82: calls $6
*** RIVER *** [4c 8h Ks 2h] [5c]
melyh82: checks
ct-650: bets $6
melyh82: calls $6
*** SHOW DOWN ***
ct-650: shows [As Kd] (a pair of Kings)
melyh82: mucks hand
ct-650 collected $41.50 from pot
*** SUMMARY ***
Total pot $42 | Rake $0.50
Board [4c 8h Ks 2h 5c]
Seat 1: ct-650 (button) (small blind) showed [As Kd] and won ($41.50) with a pair of Kings
Seat 2: melyh82 (big blind) mucked


PokerStars Hand #148462610319:  Hold'em Limit ($3/$6 USD) - 2016/02/08 14:38:30 ET
Table 'Nonie' 2-max Seat #1 is the button
Seat 1: ct-650 ($90.40 in chips)
Seat 2: melyh82 ($94.84 in chips)
ct-650: posts small blind $1
melyh82: posts big blind $3
*** HOLE CARDS ***
ct-650: raises $3 to $6
melyh82: calls $3
*** FLOP *** [5s Jh Qc]
melyh82: checks
ct-650: bets $3
melyh82: raises $3 to $6
ct-650: calls $3
*** TURN *** [5s Jh Qc] [7c]
melyh82: checks
ct-650: checks
*** RIVER *** [5s Jh Qc 7c] [8d]
melyh82: checks
ct-650: bets $6
melyh82: calls $6
*** SHOW DOWN ***
ct-650: shows [5c 3c] (a pair of Fives)
melyh82: mucks hand
ct-650 collected $35.50 from pot
*** SUMMARY ***
Total pot $36 | Rake $0.50
Board [5s Jh Qc 7c 8d]
Seat 1: ct-650 (button) (small blind) showed [5c 3c] and won ($35.50) with a pair of Fives
Seat 2: melyh82 (big blind) mucked


PokerStars Hand #148462631092:  Hold'em Limit ($3/$6 USD) - 2016/02/08 14:38:49 ET
Table 'Nonie' 2-max Seat #2 is the button
Seat 1: ct-650 ($107.90 in chips)
Seat 2: melyh82 ($76.84 in chips)
melyh82: posts small blind $1
ct-650: posts big blind $3
*** HOLE CARDS ***
melyh82: calls $2
ct-650: checks
*** FLOP *** [3s Ks Td]
ct-650: checks
melyh82: checks
*** TURN *** [3s Ks Td] [4d]
ct-650: bets $6
melyh82: folds
Uncalled bet ($6) returned to ct-650
ct-650 collected $5.88 from pot
*** SUMMARY ***
Total pot $6 | Rake $0.12
Board [3s Ks Td 4d]
Seat 1: ct-650 (big blind) collected ($5.88)
Seat 2: melyh82 (button) (small blind) folded on the Turn


PokerStars Hand #148462867673:  Hold'em Limit ($3/$6 USD) - 2016/02/08 14:42:26 ET
Table 'Nonie' 2-max Seat #2 is the button
Seat 1: ct-650 ($111.36 in chips)
Seat 2: melyh82 ($66.78 in chips)
melyh82: posts small blind $1
ct-650: posts big blind $3
*** HOLE CARDS ***
melyh82: raises $3 to $6
ct-650: calls $3
*** FLOP *** [Jh Ac 5d]
ct-650: checks
melyh82: bets $3
ct-650: folds
Uncalled bet ($3) returned to melyh82
melyh82 collected $11.76 from pot
*** SUMMARY ***
Total pot $12 | Rake $0.24
Board [Jh Ac 5d]
Seat 1: ct-650 (big blind) folded on the Flop
Seat 2: melyh82 (button) (small blind) collected ($11.76)


PokerStars Hand #148462851061:  Hold'em Limit ($3/$6 USD) - 2016/02/08 14:42:11 ET
Table 'Nonie' 2-max Seat #1 is the button
Seat 1: ct-650 ($129.36 in chips)
Seat 2: melyh82 ($49.28 in chips)
ct-650: posts small blind $1
melyh82: posts big blind $3
*** HOLE CARDS ***
ct-650: raises $3 to $6
melyh82: calls $3
*** FLOP *** [Kd Kc 9d]
melyh82: checks
ct-650: bets $3
melyh82: raises $3 to $6
ct-650: calls $3
*** TURN *** [Kd Kc 9d] [Qd]
melyh82: checks
ct-650: checks
*** RIVER *** [Kd Kc 9d Qd] [4s]
melyh82: bets $6
ct-650: calls $6
*** SHOW DOWN ***
melyh82: shows [9c 4c] (two pair, Kings and Nines)
ct-650: mucks hand
melyh82 collected $35.50 from pot
*** SUMMARY ***
Total pot $36 | Rake $0.50
Board [Kd Kc 9d Qd 4s]
Seat 1: ct-650 (button) (small blind) mucked
Seat 2: melyh82 (big blind) showed [9c 4c] and won ($35.50) with two pair, Kings and Nines


PokerStars Hand #148462832292:  Hold'em Limit ($3/$6 USD) - 2016/02/08 14:41:54 ET
Table 'Nonie' 2-max Seat #2 is the button
Seat 1: ct-650 ($117.84 in chips)
Seat 2: melyh82 ($61.28 in chips)
melyh82: posts small blind $1
ct-650: posts big blind $3
*** HOLE CARDS ***
melyh82: raises $3 to $6
ct-650: calls $3
*** FLOP *** [Td 6d 8c]
ct-650: checks
melyh82: checks
*** TURN *** [Td 6d 8c] [2h]
ct-650: bets $6
melyh82: calls $6
*** RIVER *** [Td 6d 8c 2h] [8h]
ct-650: checks
melyh82: checks
*** SHOW DOWN ***
ct-650: shows [2d Ac] (two pair, Eights and Deuces)
melyh82: mucks hand
ct-650 collected $23.52 from pot
*** SUMMARY ***
Total pot $24 | Rake $0.48
Board [Td 6d 8c 2h 8h]
Seat 1: ct-650 (big blind) showed [2d Ac] and won ($23.52) with two pair, Eights and Deuces
Seat 2: melyh82 (button) (small blind) mucked


PokerStars Hand #148462811127:  Hold'em Limit ($3/$6 USD) - 2016/02/08 14:41:34 ET
Table 'Nonie' 2-max Seat #1 is the button
Seat 1: ct-650 ($103.34 in chips)
Seat 2: melyh82 ($76.28 in chips)
ct-650: posts small blind $1
melyh82: posts big blind $3
*** HOLE CARDS ***
ct-650: raises $3 to $6
melyh82: calls $3
*** FLOP *** [Jc 9c Th]
melyh82: bets $3
ct-650: calls $3
*** TURN *** [Jc 9c Th] [4s]
melyh82: checks
ct-650: checks
*** RIVER *** [Jc 9c Th 4s] [5s]
melyh82: bets $6
ct-650: calls $6
*** SHOW DOWN ***
melyh82: shows [7c 6h] (high card Jack)
ct-650: shows [9s 7s] (a pair of Nines)
ct-650 collected $29.50 from pot
*** SUMMARY ***
Total pot $30 | Rake $0.50
Board [Jc 9c Th 4s 5s]
Seat 1: ct-650 (button) (small blind) showed [9s 7s] and won ($29.50) with a pair of Nines
Seat 2: melyh82 (big blind) showed [7c 6h] and lost with high card Jack


PokerStars Hand #148462916671:  Hold'em Limit ($3/$6 USD) - 2016/02/08 14:43:10 ET
Table 'Nonie' 2-max Seat #2 is the button
Seat 1: ct-650 ($109 in chips)
Seat 2: melyh82 ($68.30 in chips)
melyh82: posts small blind $1
ct-650: posts big blind $3
*** HOLE CARDS ***
melyh82: raises $3 to $6
ct-650: raises $3 to $9
melyh82: calls $3
*** FLOP *** [Ah Qc 5c]
ct-650: bets $3
melyh82: calls $3
*** TURN *** [Ah Qc 5c] [7h]
ct-650: checks
melyh82: checks
*** RIVER *** [Ah Qc 5c 7h] [Qs]
ct-650: checks
melyh82: bets $6
ct-650: calls $6
*** SHOW DOWN ***
melyh82: shows [Kd Js] (a pair of Queens)
ct-650: shows [4s 4d] (two pair, Queens and Fours)
ct-650 collected $35.50 from pot
*** SUMMARY ***
Total pot $36 | Rake $0.50
Board [Ah Qc 5c 7h Qs]
Seat 1: ct-650 (big blind) showed [4s 4d] and won ($35.50) with two pair, Queens and Fours
Seat 2: melyh82 (button) (small blind) showed [Kd Js] and lost with a pair of Queens


PokerStars Hand #148462909493:  Hold'em Limit ($3/$6 USD) - 2016/02/08 14:43:04 ET
Table 'Nonie' 2-max Seat #1 is the button
Seat 1: ct-650 ($110 in chips)
Seat 2: melyh82 ($67.30 in chips)
ct-650: posts small blind $1
melyh82: posts big blind $3
*** HOLE CARDS ***
ct-650: folds
Uncalled bet ($2) returned to melyh82
melyh82 collected $2 from pot
*** SUMMARY ***
Total pot $2 | Rake $0
Seat 1: ct-650 (button) (small blind) folded before Flop
Seat 2: melyh82 (big blind) collected ($2)


PokerStars Hand #148462904338:  Hold'em Limit ($3/$6 USD) - 2016/02/08 14:42:59 ET
Table 'Nonie' 2-max Seat #2 is the button
Seat 1: ct-650 ($109 in chips)
Seat 2: melyh82 ($68.30 in chips)
melyh82: posts small blind $1
ct-650: posts big blind $3
*** HOLE CARDS ***
melyh82: folds
Uncalled bet ($2) returned to ct-650
ct-650 collected $2 from pot
*** SUMMARY ***
Total pot $2 | Rake $0
Seat 1: ct-650 (big blind) collected ($2)
Seat 2: melyh82 (button) (small blind) folded before Flop


PokerStars Hand #148462892515:  Hold'em Limit ($3/$6 USD) - 2016/02/08 14:42:49 ET
Table 'Nonie' 2-max Seat #1 is the button
Seat 1: ct-650 ($100.36 in chips)
Seat 2: melyh82 ($77.30 in chips)
ct-650: posts small blind $1
melyh82: posts big blind $3
*** HOLE CARDS ***
ct-650: raises $3 to $6
melyh82: calls $3
*** FLOP *** [2d 5s 4d]
melyh82: checks
ct-650: bets $3
melyh82: calls $3
*** TURN *** [2d 5s 4d] [Ah]
melyh82: checks
ct-650: bets $6
melyh82: folds
Uncalled bet ($6) returned to ct-650
ct-650 collected $17.64 from pot
*** SUMMARY ***
Total pot $18 | Rake $0.36
Board [2d 5s 4d Ah]
Seat 1: ct-650 (button) (small blind) collected ($17.64)
Seat 2: melyh82 (big blind) folded on the Turn


PokerStars Hand #148462886937:  Hold'em Limit ($3/$6 USD) - 2016/02/08 14:42:43 ET
Table 'Nonie' 2-max Seat #2 is the button
Seat 1: ct-650 ($99.36 in chips)
Seat 2: melyh82 ($78.30 in chips)
melyh82: posts small blind $1
ct-650: posts big blind $3
*** HOLE CARDS ***
melyh82: folds
Uncalled bet ($2) returned to ct-650
ct-650 collected $2 from pot
*** SUMMARY ***
Total pot $2 | Rake $0
Seat 1: ct-650 (big blind) collected ($2)
Seat 2: melyh82 (button) (small blind) folded before Flop


PokerStars Hand #148462877352:  Hold'em Limit ($3/$6 USD) - 2016/02/08 14:42:35 ET
Table 'Nonie' 2-max Seat #1 is the button
Seat 1: ct-650 ($105.36 in chips)
Seat 2: melyh82 ($72.54 in chips)
ct-650: posts small blind $1
melyh82: posts big blind $3
*** HOLE CARDS ***
ct-650: raises $3 to $6
melyh82: calls $3
*** FLOP *** [Tc 8d 7d]
melyh82: checks
ct-650: checks
*** TURN *** [Tc 8d 7d] [6d]
melyh82: bets $6
ct-650: folds
Uncalled bet ($6) returned to melyh82
melyh82 collected $11.76 from pot
*** SUMMARY ***
Total pot $12 | Rake $0.24
Board [Tc 8d 7d 6d]
Seat 1: ct-650 (button) (small blind) folded on the Turn
Seat 2: melyh82 (big blind) collected ($11.76)


PokerStars Hand #148462988762:  Hold'em Limit ($3/$6 USD) - 2016/02/08 14:44:16 ET
Table 'Nonie' 2-max Seat #2 is the button
Seat 1: ct-650 ($144.54 in chips)
Seat 2: melyh82 ($30.94 in chips)
melyh82: posts small blind $1
ct-650: posts big blind $3
*** HOLE CARDS ***
melyh82: raises $3 to $6
ct-650: calls $3
*** FLOP *** [8c 5d 2h]
ct-650: checks
melyh82: checks
*** TURN *** [8c 5d 2h] [Ad]
ct-650: checks
melyh82: checks
*** RIVER *** [8c 5d 2h Ad] [4c]
ct-650: checks
melyh82: bets $6
ct-650: calls $6
*** SHOW DOWN ***
melyh82: shows [3s 9s] (a straight, Ace to Five)
ct-650: mucks hand
melyh82 collected $23.52 from pot
*** SUMMARY ***
Total pot $24 | Rake $0.48
Board [8c 5d 2h Ad 4c]
Seat 1: ct-650 (big blind) mucked
Seat 2: melyh82 (button) (small blind) showed [3s 9s] and won ($23.52) with a straight, Ace to Five


PokerStars Hand #148462972052:  Hold'em Limit ($3/$6 USD) - 2016/02/08 14:44:01 ET
Table 'Nonie' 2-max Seat #2 is the button
Seat 1: ct-650 ($150.54 in chips)
Seat 2: melyh82 ($25.30 in chips)
melyh82: posts small blind $1
ct-650: posts big blind $3
*** HOLE CARDS ***
melyh82: raises $3 to $6
ct-650: calls $3
*** FLOP *** [Qh 4c 2d]
ct-650: checks
melyh82: bets $3
ct-650: calls $3
*** TURN *** [Qh 4c 2d] [7s]
ct-650: checks
melyh82: bets $6
ct-650: folds
Uncalled bet ($6) returned to melyh82
melyh82 collected $17.64 from pot
*** SUMMARY ***
Total pot $18 | Rake $0.36
Board [Qh 4c 2d 7s]
Seat 1: ct-650 (big blind) folded on the Turn
Seat 2: melyh82 (button) (small blind) collected ($17.64)


PokerStars Hand #148462958273:  Hold'em Limit ($3/$6 USD) - 2016/02/08 14:43:48 ET
Table 'Nonie' 2-max Seat #1 is the button
Seat 1: ct-650 ($139.02 in chips)
Seat 2: melyh82 ($37.30 in chips)
ct-650: posts small blind $1
melyh82: posts big blind $3
*** HOLE CARDS ***
ct-650: raises $3 to $6
melyh82: calls $3
*** FLOP *** [Js 4s 2h]
melyh82: checks
ct-650: checks
*** TURN *** [Js 4s 2h] [9s]
melyh82: checks
ct-650: bets $6
melyh82: calls $6
*** RIVER *** [Js 4s 2h 9s] [2c]
melyh82: checks
ct-650: checks
*** SHOW DOWN ***
melyh82: shows [5s 6d] (a pair of Deuces)
ct-650: shows [8d 5c] (a pair of Deuces - Jack+Nine+Eight kicker)
ct-650 collected $23.52 from pot
*** SUMMARY ***
Total pot $24 | Rake $0.48
Board [Js 4s 2h 9s 2c]
Seat 1: ct-650 (button) (small blind) showed [8d 5c] and won ($23.52) with a pair of Deuces
Seat 2: melyh82 (big blind) showed [5s 6d] and lost with a pair of Deuces


PokerStars Hand #148462952961:  Hold'em Limit ($3/$6 USD) - 2016/02/08 14:43:44 ET
Table 'Nonie' 2-max Seat #2 is the button
Seat 1: ct-650 ($138.02 in chips)
Seat 2: melyh82 ($38.30 in chips)
melyh82: posts small blind $1
ct-650: posts big blind $3
*** HOLE CARDS ***
melyh82: folds
Uncalled bet ($2) returned to ct-650
ct-650 collected $2 from pot
*** SUMMARY ***
Total pot $2 | Rake $0
Seat 1: ct-650 (big blind) collected ($2)
Seat 2: melyh82 (button) (small blind) folded before Flop


PokerStars Hand #148462939953:  Hold'em Limit ($3/$6 USD) - 2016/02/08 14:43:32 ET
Table 'Nonie' 2-max Seat #1 is the button
Seat 1: ct-650 ($126.50 in chips)
Seat 2: melyh82 ($50.30 in chips)
ct-650: posts small blind $1
melyh82: posts big blind $3
*** HOLE CARDS ***
ct-650: raises $3 to $6
melyh82: calls $3
*** FLOP *** [Ah 5h 8d]
melyh82: checks
ct-650: bets $3
melyh82: raises $3 to $6
ct-650: calls $3
*** TURN *** [Ah 5h 8d] [As]
melyh82: checks
ct-650: bets $6
melyh82: folds
Uncalled bet ($6) returned to ct-650
ct-650 collected $23.52 from pot
*** SUMMARY ***
Total pot $24 | Rake $0.48
Board [Ah 5h 8d As]
Seat 1: ct-650 (button) (small blind) collected ($23.52)
Seat 2: melyh82 (big blind) folded on the Turn


PokerStars Hand #148463054928:  Hold'em Limit ($3/$6 USD) - 2016/02/08 14:45:17 ET
Table 'Nonie' 2-max Seat #2 is the button
Seat 1: ct-650 ($146.68 in chips)
Seat 2: melyh82 ($26.98 in chips)
melyh82: posts small blind $1
ct-650: posts big blind $3
*** HOLE CARDS ***
melyh82: raises $3 to $6
ct-650: calls $3
*** FLOP *** [Qh Js Jc]
ct-650: checks
melyh82: bets $3
ct-650: calls $3
*** TURN *** [Qh Js Jc] [Qd]
ct-650: checks
melyh82: checks
*** RIVER *** [Qh Js Jc Qd] [5s]
ct-650: bets $6
melyh82: folds
Uncalled bet ($6) returned to ct-650
ct-650 collected $17.64 from pot
*** SUMMARY ***
Total pot $18 | Rake $0.36
Board [Qh Js Jc Qd 5s]
Seat 1: ct-650 (big blind) collected ($17.64)
Seat 2: melyh82 (button) (small blind) folded on the River


PokerStars Hand #148463040144:  Hold'em Limit ($3/$6 USD) - 2016/02/08 14:45:04 ET
Table 'Nonie' 2-max Seat #1 is the button
Seat 1: ct-650 ($132.18 in chips)
Seat 2: melyh82 ($41.98 in chips)
ct-650: posts small blind $1
melyh82: posts big blind $3
*** HOLE CARDS ***
ct-650: raises $3 to $6
melyh82: calls $3
*** FLOP *** [5s Kc As]
melyh82: checks
ct-650: bets $3
melyh82: calls $3
*** TURN *** [5s Kc As] [Tc]
melyh82: checks
ct-650: checks
*** RIVER *** [5s Kc As Tc] [7c]
melyh82: bets $6
ct-650: calls $6
*** SHOW DOWN ***
melyh82: shows [9c 6s] (high card Ace)
ct-650: shows [8c 7d] (a pair of Sevens)
ct-650 collected $29.50 from pot
*** SUMMARY ***
Total pot $30 | Rake $0.50
Board [5s Kc As Tc 7c]
Seat 1: ct-650 (button) (small blind) showed [8c 7d] and won ($29.50) with a pair of Sevens
Seat 2: melyh82 (big blind) showed [9c 6s] and lost with high card Ace


PokerStars Hand #148463030431:  Hold'em Limit ($3/$6 USD) - 2016/02/08 14:44:55 ET
Table 'Nonie' 2-max Seat #2 is the button
Seat 1: ct-650 ($123.54 in chips)
Seat 2: melyh82 ($50.98 in chips)
melyh82: posts small blind $1
ct-650: posts big blind $3
*** HOLE CARDS ***
melyh82: raises $3 to $6
ct-650: raises $3 to $9
melyh82: calls $3
*** FLOP *** [Kc 9c 7h]
ct-650: bets $3
melyh82: folds
Uncalled bet ($3) returned to ct-650
ct-650 collected $17.64 from pot
*** SUMMARY ***
Total pot $18 | Rake $0.36
Board [Kc 9c 7h]
Seat 1: ct-650 (big blind) collected ($17.64)
Seat 2: melyh82 (button) (small blind) folded on the Flop


PokerStars Hand #148463019775:  Hold'em Limit ($3/$6 USD) - 2016/02/08 14:44:45 ET
Table 'Nonie' 2-max Seat #1 is the button
Seat 1: ct-650 ($129.54 in chips)
Seat 2: melyh82 ($45.22 in chips)
ct-650: posts small blind $1
melyh82: posts big blind $3
*** HOLE CARDS ***
ct-650: raises $3 to $6
melyh82: calls $3
*** FLOP *** [Kd Kc Jc]
melyh82: checks
ct-650: checks
*** TURN *** [Kd Kc Jc] [4s]
melyh82: bets $6
ct-650: folds
Uncalled bet ($6) returned to melyh82
melyh82 collected $11.76 from pot
*** SUMMARY ***
Total pot $12 | Rake $0.24
Board [Kd Kc Jc 4s]
Seat 1: ct-650 (button) (small blind) folded on the Turn
Seat 2: melyh82 (big blind) collected ($11.76)


PokerStars Hand #148463011008:  Hold'em Limit ($3/$6 USD) - 2016/02/08 14:44:37 ET
Table 'Nonie' 2-max Seat #2 is the button
Seat 1: ct-650 ($135.54 in chips)
Seat 2: melyh82 ($39.46 in chips)
melyh82: posts small blind $1
ct-650: posts big blind $3
*** HOLE CARDS ***
melyh82: raises $3 to $6
ct-650: calls $3
*** FLOP *** [5s 5d 9s]
ct-650: checks
melyh82: bets $3
ct-650: folds
Uncalled bet ($3) returned to melyh82
melyh82 collected $11.76 from pot
*** SUMMARY ***
Total pot $12 | Rake $0.24
Board [5s 5d 9s]
Seat 1: ct-650 (big blind) folded on the Flop
Seat 2: melyh82 (button) (small blind) collected ($11.76)


PokerStars Hand #148463116899:  Hold'em Limit ($3/$6 USD) - 2016/02/08 14:46:14 ET
Table 'Nonie' 2-max Seat #2 is the button
Seat 1: ct-650 ($163.84 in chips)
Seat 2: melyh82 ($8.98 in chips)
melyh82: posts small blind $1
ct-650: posts big blind $3
*** HOLE CARDS ***
melyh82: raises $3 to $6
ct-650: raises $3 to $9
melyh82: calls $2.98 and is all-in
Uncalled bet ($0.02) returned to ct-650
*** FLOP *** [3s 5h Ts]
*** TURN *** [3s 5h Ts] [8d]
*** RIVER *** [3s 5h Ts 8d] [3d]
*** SHOW DOWN ***
ct-650: shows [Jc 3h] (three of a kind, Threes)
melyh82: shows [Qc As] (a pair of Threes)
ct-650 collected $17.60 from pot
melyh82 leaves the table
*** SUMMARY ***
Total pot $17.96 | Rake $0.36
Board [3s 5h Ts 8d 3d]
Seat 1: ct-650 (big blind) showed [Jc 3h] and won ($17.60) with three of a kind, Threes
Seat 2: melyh82 (button) (small blind) showed [Qc As] and lost with a pair of Threes


PokerStars Hand #148463108531:  Hold'em Limit ($3/$6 USD) - 2016/02/08 14:46:06 ET
Table 'Nonie' 2-max Seat #1 is the button
Seat 1: ct-650 ($158.08 in chips)
Seat 2: melyh82 ($14.98 in chips)
ct-650: posts small blind $1
melyh82: posts big blind $3
*** HOLE CARDS ***
ct-650: raises $3 to $6
melyh82: calls $3
*** FLOP *** [3s 3c 7d]
melyh82: checks
ct-650: bets $3
melyh82: folds
Uncalled bet ($3) returned to ct-650
ct-650 collected $11.76 from pot
*** SUMMARY ***
Total pot $12 | Rake $0.24
Board [3s 3c 7d]
Seat 1: ct-650 (button) (small blind) collected ($11.76)
Seat 2: melyh82 (big blind) folded on the Flop


PokerStars Hand #148463102740:  Hold'em Limit ($3/$6 USD) - 2016/02/08 14:46:01 ET
Table 'Nonie' 2-max Seat #2 is the button
Seat 1: ct-650 ($157.08 in chips)
Seat 2: melyh82 ($15.98 in chips)
melyh82: posts small blind $1
ct-650: posts big blind $3
*** HOLE CARDS ***
melyh82: folds
Uncalled bet ($2) returned to ct-650
ct-650 collected $2 from pot
*** SUMMARY ***
Total pot $2 | Rake $0
Seat 1: ct-650 (big blind) collected ($2)
Seat 2: melyh82 (button) (small blind) folded before Flop


PokerStars Hand #148463097953:  Hold'em Limit ($3/$6 USD) - 2016/02/08 14:45:57 ET
Table 'Nonie' 2-max Seat #1 is the button
Seat 1: ct-650 ($158.08 in chips)
Seat 2: melyh82 ($14.98 in chips)
ct-650: posts small blind $1
melyh82: posts big blind $3
*** HOLE CARDS ***
ct-650: folds
Uncalled bet ($2) returned to melyh82
melyh82 collected $2 from pot
*** SUMMARY ***
Total pot $2 | Rake $0
Seat 1: ct-650 (button) (small blind) folded before Flop
Seat 2: melyh82 (big blind) collected ($2)


PokerStars Hand #148463080599:  Hold'em Limit ($3/$6 USD) - 2016/02/08 14:45:41 ET
Table 'Nonie' 2-max Seat #1 is the button
Seat 1: ct-650 ($155.32 in chips)
Seat 2: melyh82 ($17.98 in chips)
ct-650: posts small blind $1
melyh82: posts big blind $3
*** HOLE CARDS ***
ct-650: raises $3 to $6
melyh82: calls $3
*** FLOP *** [7c 2d 6s]
melyh82: checks
ct-650: checks
*** TURN *** [7c 2d 6s] [Ac]
melyh82: checks
ct-650: bets $6
melyh82: folds
Uncalled bet ($6) returned to ct-650
ct-650 collected $11.76 from pot
*** SUMMARY ***
Total pot $12 | Rake $0.24
Board [7c 2d 6s Ac]
Seat 1: ct-650 (button) (small blind) collected ($11.76)
Seat 2: melyh82 (big blind) folded on the Turn


PokerStars Hand #148463075185:  Hold'em Limit ($3/$6 USD) - 2016/02/08 14:45:36 ET
Table 'Nonie' 2-max Seat #2 is the button
Seat 1: ct-650 ($154.32 in chips)
Seat 2: melyh82 ($18.98 in chips)
melyh82: posts small blind $1
ct-650: posts big blind $3
*** HOLE CARDS ***
melyh82: folds
Uncalled bet ($2) returned to ct-650
ct-650 collected $2 from pot
*** SUMMARY ***
Total pot $2 | Rake $0
Seat 1: ct-650 (big blind) collected ($2)
Seat 2: melyh82 (button) (small blind) folded before Flop


PokerStars Hand #148463070043:  Hold'em Limit ($3/$6 USD) - 2016/02/08 14:45:31 ET
Table 'Nonie' 2-max Seat #1 is the button
Seat 1: ct-650 ($155.32 in chips)
Seat 2: melyh82 ($17.98 in chips)
ct-650: posts small blind $1
melyh82: posts big blind $3
*** HOLE CARDS ***
ct-650: folds
Uncalled bet ($2) returned to melyh82
melyh82 collected $2 from pot
*** SUMMARY ***
Total pot $2 | Rake $0
Seat 1: ct-650 (button) (small blind) folded before Flop
Seat 2: melyh82 (big blind) collected ($2)


PokerStars Hand #148465984874:  Hold'em Limit ($3/$6 USD) - 2016/02/08 15:30:10 ET
Table 'Nonie' 2-max Seat #2 is the button
Seat 1: ct-650 ($189.96 in chips)
Seat 2: partyalex92 ($102 in chips)
partyalex92: posts small blind $1
ct-650: posts big blind $3
*** HOLE CARDS ***
partyalex92: calls $2
ct-650: checks
*** FLOP *** [3c 7d Qh]
ct-650: bets $3
partyalex92: calls $3
*** TURN *** [3c 7d Qh] [4c]
ct-650: checks
partyalex92: checks
*** RIVER *** [3c 7d Qh 4c] [8d]
ct-650: bets $6
partyalex92: calls $6
*** SHOW DOWN ***
ct-650: shows [8c 3h] (two pair, Eights and Threes)
partyalex92: mucks hand
ct-650 collected $23.52 from pot
*** SUMMARY ***
Total pot $24 | Rake $0.48
Board [3c 7d Qh 4c 8d]
Seat 1: ct-650 (big blind) showed [8c 3h] and won ($23.52) with two pair, Eights and Threes
Seat 2: partyalex92 (button) (small blind) mucked


PokerStars Hand #148466002523:  Hold'em Limit ($3/$6 USD) - 2016/02/08 15:30:27 ET
Table 'Nonie' 2-max Seat #1 is the button
Seat 1: ct-650 ($201.48 in chips)
Seat 2: partyalex92 ($90 in chips)
ct-650: posts small blind $1
partyalex92: posts big blind $3
*** HOLE CARDS ***
ct-650: raises $3 to $6
partyalex92: calls $3
*** FLOP *** [Ts 3s 2h]
partyalex92: bets $3
ct-650: calls $3
*** TURN *** [Ts 3s 2h] [2s]
partyalex92: bets $6
ct-650: calls $6
*** RIVER *** [Ts 3s 2h 2s] [As]
partyalex92: checks
ct-650: bets $6
partyalex92: calls $6
*** SHOW DOWN ***
ct-650: shows [9s 6h] (a flush, Ace high)
partyalex92: mucks hand
ct-650 collected $41.50 from pot
*** SUMMARY ***
Total pot $42 | Rake $0.50
Board [Ts 3s 2h 2s As]
Seat 1: ct-650 (button) (small blind) showed [9s 6h] and won ($41.50) with a flush, Ace high
Seat 2: partyalex92 (big blind) mucked


PokerStars Hand #148466030002:  Hold'em Limit ($3/$6 USD) - 2016/02/08 15:30:51 ET
Table 'Nonie' 2-max Seat #2 is the button
Seat 1: ct-650 ($221.98 in chips)
Seat 2: partyalex92 ($69 in chips)
partyalex92: posts small blind $1
ct-650: posts big blind $3
*** HOLE CARDS ***
partyalex92: calls $2
ct-650: checks
*** FLOP *** [4c Qc Ks]
ct-650: bets $3
partyalex92: folds
Uncalled bet ($3) returned to ct-650
ct-650 collected $5.88 from pot
*** SUMMARY ***
Total pot $6 | Rake $0.12
Board [4c Qc Ks]
Seat 1: ct-650 (big blind) collected ($5.88)
Seat 2: partyalex92 (button) (small blind) folded on the Flop


PokerStars Hand #148466042306:  Hold'em Limit ($3/$6 USD) - 2016/02/08 15:31:02 ET
Table 'Nonie' 2-max Seat #1 is the button
Seat 1: ct-650 ($224.86 in chips)
Seat 2: partyalex92 ($66 in chips)
ct-650: posts small blind $1
partyalex92: posts big blind $3
*** HOLE CARDS ***
ct-650: raises $3 to $6
partyalex92: raises $3 to $9
ct-650: calls $3
*** FLOP *** [Ts 7s Kh]
partyalex92: bets $3
ct-650: calls $3
*** TURN *** [Ts 7s Kh] [Ad]
partyalex92: checks
ct-650: bets $6
partyalex92: calls $6
*** RIVER *** [Ts 7s Kh Ad] [Qc]
partyalex92: checks
ct-650: bets $6
partyalex92: folds
Uncalled bet ($6) returned to ct-650
ct-650 collected $35.50 from pot
*** SUMMARY ***
Total pot $36 | Rake $0.50
Board [Ts 7s Kh Ad Qc]
Seat 1: ct-650 (button) (small blind) collected ($35.50)
Seat 2: partyalex92 (big blind) folded on the River


PokerStars Hand #148466079846:  Hold'em Limit ($3/$6 USD) - 2016/02/08 15:31:36 ET
Table 'Nonie' 2-max Seat #1 is the button
Seat 1: ct-650 ($253.88 in chips)
Seat 2: partyalex92 ($36 in chips)
ct-650: posts small blind $1
partyalex92: posts big blind $3
*** HOLE CARDS ***
ct-650: raises $3 to $6
partyalex92: calls $3
*** FLOP *** [4d 8d Ad]
partyalex92: bets $3
ct-650: folds
Uncalled bet ($3) returned to partyalex92
partyalex92 collected $11.76 from pot
*** SUMMARY ***
Total pot $12 | Rake $0.24
Board [4d 8d Ad]
Seat 1: ct-650 (button) (small blind) folded on the Flop
Seat 2: partyalex92 (big blind) collected ($11.76)


PokerStars Hand #148466067617:  Hold'em Limit ($3/$6 USD) - 2016/02/08 15:31:25 ET
Table 'Nonie' 2-max Seat #2 is the button
Seat 1: ct-650 ($242.36 in chips)
Seat 2: partyalex92 ($48 in chips)
partyalex92: posts small blind $1
ct-650: posts big blind $3
*** HOLE CARDS ***
partyalex92: raises $3 to $6
ct-650: raises $3 to $9
partyalex92: calls $3
*** FLOP *** [6s 3d Ah]
ct-650: bets $3
partyalex92: calls $3
*** TURN *** [6s 3d Ah] [2h]
ct-650: bets $6
partyalex92: folds
Uncalled bet ($6) returned to ct-650
ct-650 collected $23.52 from pot
*** SUMMARY ***
Total pot $24 | Rake $0.48
Board [6s 3d Ah 2h]
Seat 1: ct-650 (big blind) collected ($23.52)
Seat 2: partyalex92 (button) (small blind) folded on the Turn


PokerStars Hand #148466088611:  Hold'em Limit ($3/$6 USD) - 2016/02/08 15:31:44 ET
Table 'Nonie' 2-max Seat #2 is the button
Seat 1: ct-650 ($247.88 in chips)
Seat 2: partyalex92 ($41.76 in chips)
partyalex92: posts small blind $1
ct-650: posts big blind $3
*** HOLE CARDS ***
partyalex92: raises $3 to $6
ct-650: folds
Uncalled bet ($3) returned to partyalex92
partyalex92 collected $6 from pot
*** SUMMARY ***
Total pot $6 | Rake $0
Seat 1: ct-650 (big blind) folded before Flop
Seat 2: partyalex92 (button) (small blind) collected ($6)


PokerStars Hand #148466094463:  Hold'em Limit ($3/$6 USD) - 2016/02/08 15:31:50 ET
Table 'Nonie' 2-max Seat #1 is the button
Seat 1: ct-650 ($244.88 in chips)
Seat 2: partyalex92 ($44.76 in chips)
ct-650: posts small blind $1
partyalex92: posts big blind $3
*** HOLE CARDS ***
ct-650: raises $3 to $6
partyalex92: raises $3 to $9
ct-650: calls $3
*** FLOP *** [Kh 6c Ts]
partyalex92: bets $3
ct-650: calls $3
*** TURN *** [Kh 6c Ts] [5h]
partyalex92: bets $6
ct-650: calls $6
*** RIVER *** [Kh 6c Ts 5h] [Jd]
partyalex92: bets $6
ct-650: folds
Uncalled bet ($6) returned to partyalex92
partyalex92 collected $35.50 from pot
*** SUMMARY ***
Total pot $36 | Rake $0.50
Board [Kh 6c Ts 5h Jd]
Seat 1: ct-650 (button) (small blind) folded on the River
Seat 2: partyalex92 (big blind) collected ($35.50)


PokerStars Hand #148466121535:  Hold'em Limit ($3/$6 USD) - 2016/02/08 15:32:14 ET
Table 'Nonie' 2-max Seat #2 is the button
Seat 1: ct-650 ($226.88 in chips)
Seat 2: partyalex92 ($62.26 in chips)
partyalex92: posts small blind $1
ct-650: posts big blind $3
*** HOLE CARDS ***
partyalex92: raises $3 to $6
ct-650: calls $3
*** FLOP *** [Qd Ah 9c]
ct-650: checks
partyalex92: checks
*** TURN *** [Qd Ah 9c] [3c]
ct-650: checks
partyalex92: bets $6
ct-650: folds
Uncalled bet ($6) returned to partyalex92
partyalex92 collected $11.76 from pot
*** SUMMARY ***
Total pot $12 | Rake $0.24
Board [Qd Ah 9c 3c]
Seat 1: ct-650 (big blind) folded on the Turn
Seat 2: partyalex92 (button) (small blind) collected ($11.76)


PokerStars Hand #148466132213:  Hold'em Limit ($3/$6 USD) - 2016/02/08 15:32:24 ET
Table 'Nonie' 2-max Seat #1 is the button
Seat 1: ct-650 ($220.88 in chips)
Seat 2: partyalex92 ($68.02 in chips)
ct-650: posts small blind $1
partyalex92: posts big blind $3
*** HOLE CARDS ***
ct-650: folds
Uncalled bet ($2) returned to partyalex92
partyalex92 collected $2 from pot
*** SUMMARY ***
Total pot $2 | Rake $0
Seat 1: ct-650 (button) (small blind) folded before Flop
Seat 2: partyalex92 (big blind) collected ($2)


PokerStars Hand #148466136974:  Hold'em Limit ($3/$6 USD) - 2016/02/08 15:32:28 ET
Table 'Nonie' 2-max Seat #2 is the button
Seat 1: ct-650 ($219.88 in chips)
Seat 2: partyalex92 ($69.02 in chips)
partyalex92: posts small blind $1
ct-650: posts big blind $3
*** HOLE CARDS ***
partyalex92: raises $3 to $6
ct-650: calls $3
*** FLOP *** [7s 7d 4c]
ct-650: checks
partyalex92: checks
*** TURN *** [7s 7d 4c] [6s]
ct-650: checks
partyalex92: checks
*** RIVER *** [7s 7d 4c 6s] [8d]
ct-650: checks
partyalex92: checks
*** SHOW DOWN ***
ct-650: shows [Td Qs] (a pair of Sevens)
partyalex92: mucks hand
ct-650 collected $11.76 from pot
*** SUMMARY ***
Total pot $12 | Rake $0.24
Board [7s 7d 4c 6s 8d]
Seat 1: ct-650 (big blind) showed [Td Qs] and won ($11.76) with a pair of Sevens
Seat 2: partyalex92 (button) (small blind) mucked


PokerStars Hand #148466162645:  Hold'em Limit ($3/$6 USD) - 2016/02/08 15:32:51 ET
Table 'Nonie' 2-max Seat #2 is the button
Seat 1: ct-650 ($219.64 in chips)
Seat 2: partyalex92 ($68.78 in chips)
partyalex92: posts small blind $1
ct-650: posts big blind $3
*** HOLE CARDS ***
partyalex92: folds
Uncalled bet ($2) returned to ct-650
ct-650 collected $2 from pot
*** SUMMARY ***
Total pot $2 | Rake $0
Seat 1: ct-650 (big blind) collected ($2)
Seat 2: partyalex92 (button) (small blind) folded before Flop


PokerStars Hand #148466152302:  Hold'em Limit ($3/$6 USD) - 2016/02/08 15:32:42 ET
Table 'Nonie' 2-max Seat #1 is the button
Seat 1: ct-650 ($225.64 in chips)
Seat 2: partyalex92 ($63.02 in chips)
ct-650: posts small blind $1
partyalex92: posts big blind $3
*** HOLE CARDS ***
ct-650: raises $3 to $6
partyalex92: calls $3
*** FLOP *** [9c 8s 4s]
partyalex92: bets $3
ct-650: folds
Uncalled bet ($3) returned to partyalex92
partyalex92 collected $11.76 from pot
*** SUMMARY ***
Total pot $12 | Rake $0.24
Board [9c 8s 4s]
Seat 1: ct-650 (button) (small blind) folded on the Flop
Seat 2: partyalex92 (big blind) collected ($11.76)


PokerStars Hand #148466167681:  Hold'em Limit ($3/$6 USD) - 2016/02/08 15:32:56 ET
Table 'Nonie' 2-max Seat #1 is the button
Seat 1: ct-650 ($220.64 in chips)
Seat 2: partyalex92 ($67.78 in chips)
ct-650: posts small blind $1
partyalex92: posts big blind $3
*** HOLE CARDS ***
ct-650: raises $3 to $6
partyalex92: calls $3
*** FLOP *** [Jd Qd 8h]
partyalex92: bets $3
ct-650: raises $3 to $6
partyalex92: calls $3
*** TURN *** [Jd Qd 8h] [3s]
partyalex92: checks
ct-650: bets $6
partyalex92: calls $6
*** RIVER *** [Jd Qd 8h 3s] [Qh]
partyalex92: checks
ct-650: bets $6
partyalex92: calls $6
*** SHOW DOWN ***
ct-650: shows [Qs 8c] (a full house, Queens full of Eights)
partyalex92: mucks hand
ct-650 collected $47.50 from pot
*** SUMMARY ***
Total pot $48 | Rake $0.50
Board [Jd Qd 8h 3s Qh]
Seat 1: ct-650 (button) (small blind) showed [Qs 8c] and won ($47.50) with a full house, Queens full of Eights
Seat 2: partyalex92 (big blind) mucked


PokerStars Hand #148466186643:  Hold'em Limit ($3/$6 USD) - 2016/02/08 15:33:13 ET
Table 'Nonie' 2-max Seat #2 is the button
Seat 1: ct-650 ($244.14 in chips)
Seat 2: partyalex92 ($43.78 in chips)
partyalex92: posts small blind $1
ct-650: posts big blind $3
*** HOLE CARDS ***
partyalex92: folds
Uncalled bet ($2) returned to ct-650
ct-650 collected $2 from pot
*** SUMMARY ***
Total pot $2 | Rake $0
Seat 1: ct-650 (big blind) collected ($2)
Seat 2: partyalex92 (button) (small blind) folded before Flop


PokerStars Hand #148466191446:  Hold'em Limit ($3/$6 USD) - 2016/02/08 15:33:17 ET
Table 'Nonie' 2-max Seat #1 is the button
Seat 1: ct-650 ($245.14 in chips)
Seat 2: partyalex92 ($42.78 in chips)
ct-650: posts small blind $1
partyalex92: posts big blind $3
*** HOLE CARDS ***
ct-650: raises $3 to $6
partyalex92: calls $3
*** FLOP *** [Ks 4h 8h]
partyalex92: checks
ct-650: bets $3
partyalex92: calls $3
*** TURN *** [Ks 4h 8h] [7s]
partyalex92: checks
ct-650: bets $6
partyalex92: calls $6
*** RIVER *** [Ks 4h 8h 7s] [3c]
partyalex92: checks
ct-650: bets $6
partyalex92: calls $6
*** SHOW DOWN ***
ct-650: shows [Js 8d] (a pair of Eights)
partyalex92: mucks hand
ct-650 collected $41.50 from pot
*** SUMMARY ***
Total pot $42 | Rake $0.50
Board [Ks 4h 8h 7s 3c]
Seat 1: ct-650 (button) (small blind) showed [Js 8d] and won ($41.50) with a pair of Eights
Seat 2: partyalex92 (big blind) mucked


PokerStars Hand #148466212193:  Hold'em Limit ($3/$6 USD) - 2016/02/08 15:33:36 ET
Table 'Nonie' 2-max Seat #2 is the button
Seat 1: ct-650 ($265.64 in chips)
Seat 2: partyalex92 ($21.78 in chips)
partyalex92: posts small blind $1
ct-650: posts big blind $3
*** HOLE CARDS ***
partyalex92: calls $2
ct-650: checks
*** FLOP *** [8h Jh 8d]
ct-650: bets $3
partyalex92: folds
Uncalled bet ($3) returned to ct-650
ct-650 collected $5.88 from pot
*** SUMMARY ***
Total pot $6 | Rake $0.12
Board [8h Jh 8d]
Seat 1: ct-650 (big blind) collected ($5.88)
Seat 2: partyalex92 (button) (small blind) folded on the Flop


PokerStars Hand #148466223483:  Hold'em Limit ($3/$6 USD) - 2016/02/08 15:33:46 ET
Table 'Nonie' 2-max Seat #1 is the button
Seat 1: ct-650 ($268.52 in chips)
Seat 2: partyalex92 ($18.78 in chips)
ct-650: posts small blind $1
partyalex92: posts big blind $3
*** HOLE CARDS ***
ct-650: raises $3 to $6
partyalex92: calls $3
*** FLOP *** [Js 2c Ks]
partyalex92: checks
ct-650: checks
*** TURN *** [Js 2c Ks] [Ts]
partyalex92: bets $6
ct-650: calls $6
*** RIVER *** [Js 2c Ks Ts] [6c]
partyalex92: checks
ct-650: checks
*** SHOW DOWN ***
partyalex92: shows [Td 9h] (a pair of Tens)
ct-650: mucks hand
partyalex92 collected $23.52 from pot
*** SUMMARY ***
Total pot $24 | Rake $0.48
Board [Js 2c Ks Ts 6c]
Seat 1: ct-650 (button) (small blind) mucked
Seat 2: partyalex92 (big blind) showed [Td 9h] and won ($23.52) with a pair of Tens


PokerStars Hand #148466240452:  Hold'em Limit ($3/$6 USD) - 2016/02/08 15:34:01 ET
Table 'Nonie' 2-max Seat #2 is the button
Seat 1: ct-650 ($256.52 in chips)
Seat 2: partyalex92 ($30.30 in chips)
partyalex92: posts small blind $1
ct-650: posts big blind $3
*** HOLE CARDS ***
partyalex92: raises $3 to $6
ct-650: calls $3
*** FLOP *** [2h As 2s]
ct-650: checks
partyalex92: checks
*** TURN *** [2h As 2s] [7s]
ct-650: checks
partyalex92: checks
*** RIVER *** [2h As 2s 7s] [3h]
ct-650: checks
partyalex92: checks
*** SHOW DOWN ***
ct-650: shows [9c 5c] (a pair of Deuces)
partyalex92: shows [Jd Qd] (a pair of Deuces - Ace+Queen kicker)
partyalex92 collected $11.76 from pot
*** SUMMARY ***
Total pot $12 | Rake $0.24
Board [2h As 2s 7s 3h]
Seat 1: ct-650 (big blind) showed [9c 5c] and lost with a pair of Deuces
Seat 2: partyalex92 (button) (small blind) showed [Jd Qd] and won ($11.76) with a pair of Deuces


PokerStars Hand #148466270667:  Hold'em Limit ($3/$6 USD) - 2016/02/08 15:34:28 ET
Table 'Nonie' 2-max Seat #2 is the button
Seat 1: ct-650 ($259.16 in chips)
Seat 2: partyalex92 ($27.06 in chips)
partyalex92: posts small blind $1
ct-650: posts big blind $3
*** HOLE CARDS ***
partyalex92: folds
Uncalled bet ($2) returned to ct-650
ct-650 collected $2 from pot
*** SUMMARY ***
Total pot $2 | Rake $0
Seat 1: ct-650 (big blind) collected ($2)
Seat 2: partyalex92 (button) (small blind) folded before Flop


PokerStars Hand #148466254488:  Hold'em Limit ($3/$6 USD) - 2016/02/08 15:34:14 ET
Table 'Nonie' 2-max Seat #1 is the button
Seat 1: ct-650 ($250.52 in chips)
Seat 2: partyalex92 ($36.06 in chips)
ct-650: posts small blind $1
partyalex92: posts big blind $3
*** HOLE CARDS ***
ct-650: raises $3 to $6
partyalex92: calls $3
*** FLOP *** [As Td 7d]
partyalex92: bets $3
ct-650: calls $3
*** TURN *** [As Td 7d] [9c]
partyalex92: checks
ct-650: checks
*** RIVER *** [As Td 7d 9c] [3h]
partyalex92: checks
ct-650: checks
*** SHOW DOWN ***
partyalex92: shows [Qs 8h] (high card Ace)
ct-650: shows [Jh Kc] (high card Ace - King kicker)
ct-650 collected $17.64 from pot
*** SUMMARY ***
Total pot $18 | Rake $0.36
Board [As Td 7d 9c 3h]
Seat 1: ct-650 (button) (small blind) showed [Jh Kc] and won ($17.64) with high card Ace
Seat 2: partyalex92 (big blind) showed [Qs 8h] and lost with high card Ace


PokerStars Hand #148466276478:  Hold'em Limit ($3/$6 USD) - 2016/02/08 15:34:33 ET
Table 'Nonie' 2-max Seat #1 is the button
Seat 1: ct-650 ($260.16 in chips)
Seat 2: partyalex92 ($26.06 in chips)
ct-650: posts small blind $1
partyalex92: posts big blind $3
*** HOLE CARDS ***
ct-650: raises $3 to $6
partyalex92: calls $3
*** FLOP *** [7h 4s Kh]
partyalex92: checks
ct-650: bets $3
partyalex92: calls $3
*** TURN *** [7h 4s Kh] [Td]
partyalex92: checks
ct-650: bets $6
partyalex92: calls $6
*** RIVER *** [7h 4s Kh Td] [4h]
partyalex92: checks
ct-650: bets $6
partyalex92: calls $6
*** SHOW DOWN ***
ct-650: shows [Kc 4d] (a full house, Fours full of Kings)
partyalex92: mucks hand
ct-650 collected $41.50 from pot
*** SUMMARY ***
Total pot $42 | Rake $0.50
Board [7h 4s Kh Td 4h]
Seat 1: ct-650 (button) (small blind) showed [Kc 4d] and won ($41.50) with a full house, Fours full of Kings
Seat 2: partyalex92 (big blind) mucked


PokerStars Hand #148466328708:  Hold'em Limit ($3/$6 USD) - 2016/02/08 15:35:20 ET
Table 'Nonie' 2-max Seat #1 is the button
Seat 1: ct-650 ($263.68 in chips)
Seat 2: partyalex92 ($21.40 in chips)
ct-650: posts small blind $1
partyalex92: posts big blind $3
*** HOLE CARDS ***
ct-650: raises $3 to $6
partyalex92: calls $3
*** FLOP *** [Ah 5d 7d]
partyalex92: bets $3
ct-650: calls $3
*** TURN *** [Ah 5d 7d] [2h]
partyalex92: bets $6
ct-650: calls $6
*** RIVER *** [Ah 5d 7d 2h] [8s]
partyalex92: bets $6
ct-650: calls $6
*** SHOW DOWN ***
partyalex92: shows [4s 4c] (a pair of Fours)
ct-650: shows [7h Js] (a pair of Sevens)
ct-650 collected $41.50 from pot
*** SUMMARY ***
Total pot $42 | Rake $0.50
Board [Ah 5d 7d 2h 8s]
Seat 1: ct-650 (button) (small blind) showed [7h Js] and won ($41.50) with a pair of Sevens
Seat 2: partyalex92 (big blind) showed [4s 4c] and lost with a pair of Fours


PokerStars Hand #148466312455:  Hold'em Limit ($3/$6 USD) - 2016/02/08 15:35:06 ET
Table 'Nonie' 2-max Seat #2 is the button
Seat 1: ct-650 ($274.60 in chips)
Seat 2: partyalex92 ($10.92 in chips)
partyalex92: posts small blind $1
ct-650: posts big blind $3
*** HOLE CARDS ***
partyalex92: raises $3 to $6
ct-650: raises $3 to $9
partyalex92: raises $1.92 to $10.92 and is all-in
Betting is capped
ct-650: calls $1.92
*** FLOP *** [4h 6d 4d]
*** TURN *** [4h 6d 4d] [Kc]
*** RIVER *** [4h 6d 4d Kc] [4c]
*** SHOW DOWN ***
ct-650: shows [9d 8c] (three of a kind, Fours)
partyalex92: shows [Qd Tc] (three of a kind, Fours - King+Queen kicker)
partyalex92 collected $21.40 from pot
*** SUMMARY ***
Total pot $21.84 | Rake $0.44
Board [4h 6d 4d Kc 4c]
Seat 1: ct-650 (big blind) showed [9d 8c] and lost with three of a kind, Fours
Seat 2: partyalex92 (button) (small blind) showed [Qd Tc] and won ($21.40) with three of a kind, Fours


PokerStars Hand #148466307418:  Hold'em Limit ($3/$6 USD) - 2016/02/08 15:35:01 ET
Table 'Nonie' 2-max Seat #1 is the button
Seat 1: ct-650 ($275.60 in chips)
Seat 2: partyalex92 ($9.92 in chips)
ct-650: posts small blind $1
partyalex92: posts big blind $3
*** HOLE CARDS ***
ct-650: folds
Uncalled bet ($2) returned to partyalex92
partyalex92 collected $2 from pot
*** SUMMARY ***
Total pot $2 | Rake $0
Seat 1: ct-650 (button) (small blind) folded before Flop
Seat 2: partyalex92 (big blind) collected ($2)


PokerStars Hand #148466294167:  Hold'em Limit ($3/$6 USD) - 2016/02/08 15:34:49 ET
Table 'Nonie' 2-max Seat #2 is the button
Seat 1: ct-650 ($280.66 in chips)
Seat 2: partyalex92 ($5.06 in chips)
partyalex92: posts small blind $1
ct-650: posts big blind $3
*** HOLE CARDS ***
partyalex92: raises $2.06 to $5.06 and is all-in
ct-650: calls $2.06
*** FLOP *** [Tc 9c Ac]
*** TURN *** [Tc 9c Ac] [Qh]
*** RIVER *** [Tc 9c Ac Qh] [5c]
*** SHOW DOWN ***
ct-650: shows [Th 6h] (a pair of Tens)
partyalex92: shows [Kc Ks] (a flush, Ace high)
partyalex92 collected $9.92 from pot
*** SUMMARY ***
Total pot $10.12 | Rake $0.20
Board [Tc 9c Ac Qh 5c]
Seat 1: ct-650 (big blind) showed [Th 6h] and lost with a pair of Tens
Seat 2: partyalex92 (button) (small blind) showed [Kc Ks] and won ($9.92) with a flush, Ace high


