PokerStars Hand #175186136544:  Hold'em Limit ($3/$6 USD) - 2017/09/04 4:49:39 ET
Table 'Nonie' 6-max Seat #6 is the button
Seat 4: Rus29APX ($185.48 in chips)
Seat 6: NewRocker ($150.45 in chips)
NewRocker: posts small blind $1
tony@ng79: is sitting out
Rus29APX: posts big blind $3
*** HOLE CARDS ***
NewRocker: raises $3 to $6
Rus29APX: calls $3
*** FLOP *** [5h 7s 3c]
Rus29APX: checks
NewRocker: bets $3
Rus29APX: calls $3
*** TURN *** [5h 7s 3c] [7h]
Rus29APX: checks
NewRocker: bets $6
Rus29APX: calls $6
*** RIVER *** [5h 7s 3c 7h] [4h]
Rus29APX: bets $6
NewRocker: calls $6
*** SHOW DOWN ***
Rus29APX: shows [8h Kh] (a flush, King high)
NewRocker: mucks hand
Rus29APX collected $41.50 from pot
*** SUMMARY ***
Total pot $42 | Rake $0.50
Board [5h 7s 3c 7h 4h]
Seat 4: Rus29APX (big blind) showed [8h Kh] and won ($41.50) with a flush, King high
Seat 6: NewRocker (button) (small blind) mucked


PokerStars Hand #175186145707:  Hold'em Limit ($3/$6 USD) - 2017/09/04 4:50:10 ET
Table 'Nonie' 6-max Seat #4 is the button
Seat 4: Rus29APX ($205.98 in chips)
Seat 6: NewRocker ($129.45 in chips)
Rus29APX: posts small blind $1
NewRocker: posts big blind $3
*** HOLE CARDS ***
Rus29APX: raises $3 to $6
NewRocker said, "nice fishing"
NewRocker: calls $3
*** FLOP *** [9h Ts 2c]
NewRocker: checks
Rus29APX: bets $3
NewRocker: calls $3
*** TURN *** [9h Ts 2c] [Kc]
NewRocker: checks
Rus29APX: checks
*** RIVER *** [9h Ts 2c Kc] [4h]
NewRocker: bets $6
Rus29APX: calls $6
*** SHOW DOWN ***
NewRocker: shows [4d 9d] (two pair, Nines and Fours)
Rus29APX: mucks hand
NewRocker collected $29.50 from pot
*** SUMMARY ***
Total pot $30 | Rake $0.50
Board [9h Ts 2c Kc 4h]
Seat 4: Rus29APX (button) (small blind) mucked
Seat 6: NewRocker (big blind) showed [4d 9d] and won ($29.50) with two pair, Nines and Fours


PokerStars Hand #175186180380:  Hold'em Limit ($3/$6 USD) - 2017/09/04 4:52:09 ET
Table 'Nonie' 6-max Seat #4 is the button
Seat 4: Rus29APX ($199.62 in chips)
Seat 5: uglyghost101 ($111 in chips)
Rus29APX: posts small blind $1
uglyghost101: posts big blind $3
*** HOLE CARDS ***
Rus29APX: folds
Uncalled bet ($2) returned to uglyghost101
uglyghost101 collected $2 from pot
uglyghost101: doesn't show hand
*** SUMMARY ***
Total pot $2 | Rake $0
Seat 4: Rus29APX (button) (small blind) folded before Flop
Seat 5: uglyghost101 (big blind) collected ($2)


PokerStars Hand #175186162323:  Hold'em Limit ($3/$6 USD) - 2017/09/04 4:51:07 ET
Table 'Nonie' 6-max Seat #5 is the button
Seat 4: Rus29APX ($190.98 in chips)
Seat 5: uglyghost101 ($120 in chips)
uglyghost101: posts small blind $1
Rus29APX: posts big blind $3
*** HOLE CARDS ***
uglyghost101: raises $3 to $6
Rus29APX: raises $3 to $9
uglyghost101: calls $3
*** FLOP *** [6s 6h Kd]
Rus29APX: bets $3
uglyghost101: folds
Uncalled bet ($3) returned to Rus29APX
Rus29APX collected $17.64 from pot
Rus29APX: doesn't show hand
*** SUMMARY ***
Total pot $18 | Rake $0.36
Board [6s 6h Kd]
Seat 4: Rus29APX (big blind) collected ($17.64)
Seat 5: uglyghost101 (button) (small blind) folded on the Flop


PokerStars Hand #175186217773:  Hold'em Limit ($3/$6 USD) - 2017/09/04 4:54:14 ET
Table 'Nonie' 6-max Seat #6 is the button
Seat 4: Rus29APX ($213.12 in chips)
Seat 6: NewRocker ($104.59 in chips)
NewRocker: posts small blind $1
Rus29APX: posts big blind $3
*** HOLE CARDS ***
NewRocker said, "62"
NewRocker said, "really"
NewRocker said, "****ing cheat"
NewRocker: folds
Uncalled bet ($2) returned to Rus29APX
Rus29APX collected $2 from pot
Rus29APX: doesn't show hand
*** SUMMARY ***
Total pot $2 | Rake $0
Seat 4: Rus29APX (big blind) collected ($2)
Seat 6: NewRocker (button) (small blind) folded before Flop


PokerStars Hand #175186205350:  Hold'em Limit ($3/$6 USD) - 2017/09/04 4:53:32 ET
Table 'Nonie' 6-max Seat #4 is the button
Seat 4: Rus29APX ($192.62 in chips)
Seat 6: NewRocker ($125.59 in chips)
Rus29APX: posts small blind $1
uglyghost101: is sitting out
NewRocker: posts big blind $3
*** HOLE CARDS ***
Rus29APX: raises $3 to $6
NewRocker: calls $3
*** FLOP *** [Ts 5h 3h]
NewRocker: bets $3
Rus29APX: calls $3
*** TURN *** [Ts 5h 3h] [6h]
NewRocker: bets $6
uglyghost101 leaves the table
Rus29APX: calls $6
*** RIVER *** [Ts 5h 3h 6h] [4c]
NewRocker: checks
Rus29APX: bets $6
NewRocker: calls $6
*** SHOW DOWN ***
Rus29APX: shows [6d 2d] (a straight, Deuce to Six)
NewRocker: mucks hand
Rus29APX collected $41.50 from pot
*** SUMMARY ***
Total pot $42 | Rake $0.50
Board [Ts 5h 3h 6h 4c]
Seat 4: Rus29APX (button) (small blind) showed [6d 2d] and won ($41.50) with a straight, Deuce to Six
Seat 6: NewRocker (big blind) mucked


PokerStars Hand #175186221856:  Hold'em Limit ($3/$6 USD) - 2017/09/04 4:54:27 ET
Table 'Nonie' 6-max Seat #4 is the button
Seat 4: Rus29APX ($214.12 in chips)
Seat 6: NewRocker ($103.59 in chips)
Rus29APX: posts small blind $1
NewRocker: posts big blind $3
*** HOLE CARDS ***
Rus29APX: raises $3 to $6
NewRocker: calls $3
*** FLOP *** [4d 7h Ks]
NewRocker: checks
Rus29APX: bets $3
NewRocker: calls $3
*** TURN *** [4d 7h Ks] [9h]
NewRocker: checks
Rus29APX: checks
*** RIVER *** [4d 7h Ks 9h] [Qc]
NewRocker: checks
Rus29APX: checks
*** SHOW DOWN ***
NewRocker: shows [4h 3h] (a pair of Fours)
Rus29APX: mucks hand
NewRocker collected $17.64 from pot
*** SUMMARY ***
Total pot $18 | Rake $0.36
Board [4d 7h Ks 9h Qc]
Seat 4: Rus29APX (button) (small blind) mucked
Seat 6: NewRocker (big blind) showed [4h 3h] and won ($17.64) with a pair of Fours


PokerStars Hand #175186240296:  Hold'em Limit ($3/$6 USD) - 2017/09/04 4:55:31 ET
Table 'Nonie' 6-max Seat #1 is the button
Seat 1: hairy1961 ($50 in chips)
Seat 4: Rus29APX ($205.12 in chips)
hairy1961: posts small blind $1
Rus29APX: posts big blind $3
*** HOLE CARDS ***
hairy1961: folds
Uncalled bet ($2) returned to Rus29APX
Rus29APX collected $2 from pot
Rus29APX: doesn't show hand
*** SUMMARY ***
Total pot $2 | Rake $0
Seat 1: hairy1961 (button) (small blind) folded before Flop
Seat 4: Rus29APX (big blind) collected ($2)


PokerStars Hand #175186250673:  Hold'em Limit ($3/$6 USD) - 2017/09/04 4:56:10 ET
Table 'Nonie' 6-max Seat #1 is the button
Seat 1: hairy1961 ($57.64 in chips)
Seat 4: Rus29APX ($197.12 in chips)
hairy1961: posts small blind $1
Rus29APX: posts big blind $3
*** HOLE CARDS ***
hairy1961: folds
Uncalled bet ($2) returned to Rus29APX
Rus29APX collected $2 from pot
Rus29APX: doesn't show hand
*** SUMMARY ***
Total pot $2 | Rake $0
Seat 1: hairy1961 (button) (small blind) folded before Flop
Seat 4: Rus29APX (big blind) collected ($2)


PokerStars Hand #175186243566:  Hold'em Limit ($3/$6 USD) - 2017/09/04 4:55:44 ET
Table 'Nonie' 6-max Seat #4 is the button
Seat 1: hairy1961 ($49 in chips)
Seat 4: Rus29APX ($206.12 in chips)
Rus29APX: posts small blind $1
hairy1961: posts big blind $3
*** HOLE CARDS ***
Rus29APX: raises $3 to $6
hairy1961: raises $3 to $9
Rus29APX: calls $3
*** FLOP *** [Ah 3c Td]
NewRocker said, "he raises with everything"
hairy1961: bets $3
NewRocker said, "no logic"
Rus29APX: folds
Uncalled bet ($3) returned to hairy1961
hairy1961 collected $17.64 from pot
*** SUMMARY ***
Total pot $18 | Rake $0.36
Board [Ah 3c Td]
Seat 1: hairy1961 (big blind) collected ($17.64)
Seat 4: Rus29APX (button) (small blind) folded on the Flop


PokerStars Hand #175186252437:  Hold'em Limit ($3/$6 USD) - 2017/09/04 4:56:16 ET
Table 'Nonie' 6-max Seat #4 is the button
Seat 1: hairy1961 ($56.64 in chips)
Seat 4: Rus29APX ($198.12 in chips)
Rus29APX: posts small blind $1
hairy1961: posts big blind $3
*** HOLE CARDS ***
Rus29APX: raises $3 to $6
hairy1961: calls $3
*** FLOP *** [Kh 7d 7c]
hairy1961: checks
Rus29APX: bets $3
hairy1961: folds
Uncalled bet ($3) returned to Rus29APX
Rus29APX collected $11.76 from pot
Rus29APX: doesn't show hand
*** SUMMARY ***
Total pot $12 | Rake $0.24
Board [Kh 7d 7c]
Seat 1: hairy1961 (big blind) folded on the Flop
Seat 4: Rus29APX (button) (small blind) collected ($11.76)


PokerStars Hand #175186260020:  Hold'em Limit ($3/$6 USD) - 2017/09/04 4:56:45 ET
Table 'Nonie' 6-max Seat #1 is the button
Seat 1: hairy1961 ($50.64 in chips)
Seat 4: Rus29APX ($203.88 in chips)
hairy1961: posts small blind $1
Rus29APX: posts big blind $3
*** HOLE CARDS ***
hairy1961: raises $3 to $6
Rus29APX: calls $3
*** FLOP *** [3s 5s 2c]
Rus29APX: bets $3
hairy1961: calls $3
*** TURN *** [3s 5s 2c] [6d]
Rus29APX: bets $6
hairy1961: raises $6 to $12
Rus29APX: raises $6 to $18
hairy1961: calls $6
*** RIVER *** [3s 5s 2c 6d] [4h]
Rus29APX: checks
hairy1961: bets $6
Rus29APX: calls $6
*** SHOW DOWN ***
hairy1961: shows [7d Kc] (a straight, Three to Seven)
Rus29APX: mucks hand
hairy1961 collected $65.50 from pot
*** SUMMARY ***
Total pot $66 | Rake $0.50
Board [3s 5s 2c 6d 4h]
Seat 1: hairy1961 (button) (small blind) showed [7d Kc] and won ($65.50) with a straight, Three to Seven
Seat 4: Rus29APX (big blind) mucked


PokerStars Hand #175186431455:  Hold'em Limit ($3/$6 USD) - 2017/09/04 5:06:18 ET
Table 'Nonie' 6-max Seat #2 is the button
Seat 2: tony@ng79 ($45.33 in chips)
Seat 6: NewRocker ($168.67 in chips)
Rus29APX will be allowed to play after the button
tony@ng79: posts small blind $1
NewRocker: posts big blind $3
*** HOLE CARDS ***
tony@ng79: raises $3 to $6
NewRocker: calls $3
*** FLOP *** [Ah Ks 8h]
NewRocker: checks
tony@ng79: bets $3
NewRocker: raises $3 to $6
tony@ng79: folds
Uncalled bet ($3) returned to NewRocker
NewRocker collected $17.64 from pot
NewRocker: doesn't show hand
*** SUMMARY ***
Total pot $18 | Rake $0.36
Board [Ah Ks 8h]
Seat 2: tony@ng79 (button) (small blind) folded on the Flop
Seat 6: NewRocker (big blind) collected ($17.64)


PokerStars Hand #175186449153:  Hold'em Limit ($3/$6 USD) - 2017/09/04 5:07:14 ET
Table 'Nonie' 6-max Seat #1 is the button
Seat 1: Rus29APX ($103 in chips)
Seat 2: tony@ng79 ($52.83 in chips)
Rus29APX: posts small blind $1
tony@ng79: posts big blind $3
*** HOLE CARDS ***
Rus29APX: raises $3 to $6
tony@ng79: calls $3
*** FLOP *** [Jh 5s 3c]
tony@ng79: checks
Rus29APX: bets $3
tony@ng79: raises $3 to $6
Rus29APX: calls $3
*** TURN *** [Jh 5s 3c] [8s]
tony@ng79: bets $6
Rus29APX: folds
Uncalled bet ($6) returned to tony@ng79
tony@ng79 collected $23.52 from pot
tony@ng79: doesn't show hand
*** SUMMARY ***
Total pot $24 | Rake $0.48
Board [Jh 5s 3c 8s]
Seat 1: Rus29APX (button) (small blind) folded on the Turn
Seat 2: tony@ng79 (big blind) collected ($23.52)


PokerStars Hand #175186447431:  Hold'em Limit ($3/$6 USD) - 2017/09/04 5:07:08 ET
Table 'Nonie' 6-max Seat #2 is the button
Seat 1: Rus29APX ($102 in chips)
Seat 2: tony@ng79 ($53.83 in chips)
tony@ng79: posts small blind $1
Rus29APX: posts big blind $3
*** HOLE CARDS ***
tony@ng79: folds
Uncalled bet ($2) returned to Rus29APX
Rus29APX collected $2 from pot
Rus29APX: doesn't show hand
*** SUMMARY ***
Total pot $2 | Rake $0
Seat 1: Rus29APX (big blind) collected ($2)
Seat 2: tony@ng79 (button) (small blind) folded before Flop


PokerStars Hand #175186439070:  Hold'em Limit ($3/$6 USD) - 2017/09/04 5:06:42 ET
Table 'Nonie' 6-max Seat #1 is the button
Seat 1: Rus29APX ($120 in chips)
Seat 2: tony@ng79 ($36.33 in chips)
Rus29APX: posts small blind $1
tony@ng79: posts big blind $3
*** HOLE CARDS ***
Rus29APX: raises $3 to $6
tony@ng79: raises $3 to $9
Rus29APX: calls $3
*** FLOP *** [Ks 6d Qh]
tony@ng79: bets $3
Rus29APX: calls $3
*** TURN *** [Ks 6d Qh] [3d]
tony@ng79: bets $6
Rus29APX: calls $6
*** RIVER *** [Ks 6d Qh 3d] [Qd]
tony@ng79: bets $6
Rus29APX: folds
Uncalled bet ($6) returned to tony@ng79
tony@ng79 collected $35.50 from pot
tony@ng79: doesn't show hand
*** SUMMARY ***
Total pot $36 | Rake $0.50
Board [Ks 6d Qh 3d Qd]
Seat 1: Rus29APX (button) (small blind) folded on the River
Seat 2: tony@ng79 (big blind) collected ($35.50)


PokerStars Hand #175186458282:  Hold'em Limit ($3/$6 USD) - 2017/09/04 5:07:42 ET
Table 'Nonie' 6-max Seat #1 is the button
Seat 1: Rus29APX ($121 in chips)
Seat 2: tony@ng79 ($63.35 in chips)
Rus29APX: posts small blind $1
tony@ng79: posts big blind $3
*** HOLE CARDS ***
Rus29APX: raises $3 to $6
tony@ng79: calls $3
*** FLOP *** [Kc 2d 2s]
tony@ng79: checks
Rus29APX: bets $3
tony@ng79: raises $3 to $6
Rus29APX: calls $3
*** TURN *** [Kc 2d 2s] [5h]
tony@ng79: checks
Rus29APX: checks
*** RIVER *** [Kc 2d 2s 5h] [Ks]
tony@ng79: bets $6
Rus29APX: raises $6 to $12
tony@ng79: raises $6 to $18
Rus29APX: raises $6 to $24
Betting is capped
tony@ng79: calls $6
*** SHOW DOWN ***
Rus29APX: shows [Jh Kd] (a full house, Kings full of Deuces)
tony@ng79: shows [Ad Kh] (a full house, Kings full of Deuces)
tony@ng79 collected $35.75 from pot
Rus29APX collected $35.75 from pot
*** SUMMARY ***
Total pot $72 | Rake $0.50
Board [Kc 2d 2s 5h Ks]
Seat 1: Rus29APX (button) (small blind) showed [Jh Kd] and won ($35.75) with a full house, Kings full of Deuces
Seat 2: tony@ng79 (big blind) showed [Ad Kh] and won ($35.75) with a full house, Kings full of Deuces


PokerStars Hand #175186468005:  Hold'em Limit ($3/$6 USD) - 2017/09/04 5:08:13 ET
Table 'Nonie' 6-max Seat #2 is the button
Seat 1: Rus29APX ($120.75 in chips)
Seat 2: tony@ng79 ($63.10 in chips)
tony@ng79: posts small blind $1
Rus29APX: posts big blind $3
*** HOLE CARDS ***
tony@ng79: folds
Uncalled bet ($2) returned to Rus29APX
Rus29APX collected $2 from pot
Rus29APX: doesn't show hand
*** SUMMARY ***
Total pot $2 | Rake $0
Seat 1: Rus29APX (big blind) collected ($2)
Seat 2: tony@ng79 (button) (small blind) folded before Flop


PokerStars Hand #175186456479:  Hold'em Limit ($3/$6 USD) - 2017/09/04 5:07:37 ET
Table 'Nonie' 6-max Seat #2 is the button
Seat 1: Rus29APX ($120 in chips)
Seat 2: tony@ng79 ($64.35 in chips)
tony@ng79: posts small blind $1
Rus29APX: posts big blind $3
*** HOLE CARDS ***
tony@ng79: folds
Uncalled bet ($2) returned to Rus29APX
Rus29APX collected $2 from pot
Rus29APX: doesn't show hand
*** SUMMARY ***
Total pot $2 | Rake $0
Seat 1: Rus29APX (big blind) collected ($2)
Seat 2: tony@ng79 (button) (small blind) folded before Flop


PokerStars Hand #175186470088:  Hold'em Limit ($3/$6 USD) - 2017/09/04 5:08:19 ET
Table 'Nonie' 6-max Seat #1 is the button
Seat 1: Rus29APX ($121.75 in chips)
Seat 2: tony@ng79 ($62.10 in chips)
Rus29APX: posts small blind $1
tony@ng79: posts big blind $3
*** HOLE CARDS ***
Rus29APX: raises $3 to $6
tony@ng79: raises $3 to $9
Rus29APX: calls $3
*** FLOP *** [Ah 8s 9s]
tony@ng79: bets $3
Rus29APX: calls $3
*** TURN *** [Ah 8s 9s] [Jd]
tony@ng79: checks
Rus29APX: checks
*** RIVER *** [Ah 8s 9s Jd] [Js]
patrikskjold joins the table at seat #3
tony@ng79: checks
Rus29APX: checks
*** SHOW DOWN ***
tony@ng79: shows [2d 2s] (two pair, Jacks and Deuces)
Rus29APX: mucks hand
tony@ng79 collected $23.52 from pot
*** SUMMARY ***
Total pot $24 | Rake $0.48
Board [Ah 8s 9s Jd Js]
Seat 1: Rus29APX (button) (small blind) mucked
Seat 2: tony@ng79 (big blind) showed [2d 2s] and won ($23.52) with two pair, Jacks and Deuces


PokerStars Hand #175186486759:  Hold'em Limit ($3/$6 USD) - 2017/09/04 5:09:11 ET
Table 'Nonie' 6-max Seat #2 is the button
Seat 2: tony@ng79 ($84.14 in chips)
Seat 3: patrikskjold ($19 in chips)
tony@ng79: posts small blind $1
patrikskjold: posts big blind $3
*** HOLE CARDS ***
tony@ng79: folds
Uncalled bet ($2) returned to patrikskjold
patrikskjold collected $2 from pot
patrikskjold: doesn't show hand
*** SUMMARY ***
Total pot $2 | Rake $0
Seat 2: tony@ng79 (button) (small blind) folded before Flop
Seat 3: patrikskjold (big blind) collected ($2)


PokerStars Hand #175186481127:  Hold'em Limit ($3/$6 USD) - 2017/09/04 5:08:54 ET
Table 'Nonie' 6-max Seat #3 is the button
Seat 2: tony@ng79 ($72.62 in chips)
Seat 3: patrikskjold ($31 in chips)
patrikskjold: posts small blind $1
Rus29APX: is sitting out
tony@ng79: posts big blind $3
*** HOLE CARDS ***
patrikskjold: raises $3 to $6
tony@ng79: calls $3
*** FLOP *** [7c Ah 4h]
Rus29APX leaves the table
tony@ng79: checks
patrikskjold: bets $3
tony@ng79: raises $3 to $6
patrikskjold: calls $3
*** TURN *** [7c Ah 4h] [3s]
NewRocker joins the table at seat #4
tony@ng79: bets $6
patrikskjold: folds
Uncalled bet ($6) returned to tony@ng79
tony@ng79 collected $23.52 from pot
tony@ng79: doesn't show hand
*** SUMMARY ***
Total pot $24 | Rake $0.48
Board [7c Ah 4h 3s]
Seat 2: tony@ng79 (big blind) collected ($23.52)
Seat 3: patrikskjold (button) (small blind) folded on the Turn


PokerStars Hand #175186995694:  Hold'em Limit ($3/$6 USD) - 2017/09/04 5:34:39 ET
Table 'Nonie' 6-max Seat #5 is the button
Seat 3: ``MULAT``86 ($181.41 in chips)
Seat 5: Rus29APX ($120 in chips)
Rus29APX: posts small blind $1
skogsbarn: is sitting out
``MULAT``86: posts big blind $3
*** HOLE CARDS ***
skogsbarn leaves the table
Rus29APX: raises $3 to $6
``MULAT``86: folds
Uncalled bet ($3) returned to Rus29APX
Rus29APX collected $6 from pot
Rus29APX: doesn't show hand
*** SUMMARY ***
Total pot $6 | Rake $0
Seat 3: ``MULAT``86 (big blind) folded before Flop
Seat 5: Rus29APX (button) (small blind) collected ($6)


PokerStars Hand #175187003384:  Hold'em Limit ($3/$6 USD) - 2017/09/04 5:35:02 ET
Table 'Nonie' 6-max Seat #3 is the button
Seat 3: ``MULAT``86 ($178.41 in chips)
Seat 5: Rus29APX ($123 in chips)
``MULAT``86: posts small blind $1
Rus29APX: posts big blind $3
*** HOLE CARDS ***
``MULAT``86: raises $3 to $6
Rus29APX: raises $3 to $9
``MULAT``86: calls $3
*** FLOP *** [2c Tc Ks]
Rus29APX: bets $3
``MULAT``86: calls $3
*** TURN *** [2c Tc Ks] [9h]
Rus29APX: checks
``MULAT``86: bets $6
Rus29APX: calls $6
*** RIVER *** [2c Tc Ks 9h] [7c]
Rus29APX: checks
``MULAT``86: bets $6
Rus29APX: folds
Uncalled bet ($6) returned to ``MULAT``86
``MULAT``86 collected $35.50 from pot
``MULAT``86: doesn't show hand
*** SUMMARY ***
Total pot $36 | Rake $0.50
Board [2c Tc Ks 9h 7c]
Seat 3: ``MULAT``86 (button) (small blind) collected ($35.50)
Seat 5: Rus29APX (big blind) folded on the River


