PokerStars Hand #161749734496:  Hold'em Limit ($3/$6 USD) - 2016/11/21 13:31:04 ET
Table 'Nonie III' 6-max Seat #5 is the button
Seat 2: B_loJkl ($182.99 in chips)
Seat 5: ToDaFelt ($115.65 in chips)
ToDaFelt: posts small blind $1
B_loJkl: posts big blind $3
*** HOLE CARDS ***
ToDaFelt: raises $3 to $6
Agrotait leaves the table
B_loJkl: folds
Uncalled bet ($3) returned to ToDaFelt
ToDaFelt collected $6 from pot
ToDaFelt: doesn't show hand
*** SUMMARY ***
Total pot $6 | Rake $0
Seat 2: B_loJkl (big blind) folded before Flop
Seat 5: ToDaFelt (button) (small blind) collected ($6)


PokerStars Hand #161749727764:  Hold'em Limit ($3/$6 USD) - 2016/11/21 13:30:57 ET
Table 'Nonie III' 6-max Seat #2 is the button
Seat 2: B_loJkl ($183.99 in chips)
Seat 5: ToDaFelt ($114.65 in chips)
B_loJkl: posts small blind $1
Agrotait: is sitting out
ToDaFelt: posts big blind $3
*** HOLE CARDS ***
B_loJkl: folds
Uncalled bet ($2) returned to ToDaFelt
ToDaFelt collected $2 from pot
ToDaFelt: doesn't show hand
*** SUMMARY ***
Total pot $2 | Rake $0
Seat 2: B_loJkl (button) (small blind) folded before Flop
Seat 5: ToDaFelt (big blind) collected ($2)


