PokerStars Hand #147007874702:  Hold'em Limit ($3/$6 USD) - 2016/01/14 1:15:03 ET
Table 'Nonie' 2-max Seat #1 is the button
Seat 1: kaputnikoff ($267.01 in chips)
Seat 2: jl45259071 ($212.04 in chips)
kaputnikoff: posts small blind $1
jl45259071: posts big blind $3
*** HOLE CARDS ***
kaputnikoff: raises $3 to $6
jl45259071: calls $3
*** FLOP *** [Kh Qs 9d]
jl45259071: checks
kaputnikoff: bets $3
jl45259071: calls $3
*** TURN *** [Kh Qs 9d] [As]
jl45259071: checks
kaputnikoff: checks
*** RIVER *** [Kh Qs 9d As] [6h]
jl45259071: bets $6
kaputnikoff: folds
Uncalled bet ($6) returned to jl45259071
jl45259071 collected $17.64 from pot
jl45259071: doesn't show hand
*** SUMMARY ***
Total pot $18 | Rake $0.36
Board [Kh Qs 9d As 6h]
Seat 1: kaputnikoff (button) (small blind) folded on the River
Seat 2: jl45259071 (big blind) collected ($17.64)


PokerStars Hand #147007883041:  Hold'em Limit ($3/$6 USD) - 2016/01/14 1:15:32 ET
Table 'Nonie' 2-max Seat #2 is the button
Seat 1: kaputnikoff ($258.01 in chips)
Seat 2: jl45259071 ($220.68 in chips)
jl45259071: posts small blind $1
kaputnikoff: posts big blind $3
*** HOLE CARDS ***
jl45259071: calls $2
kaputnikoff: raises $3 to $6
jl45259071: calls $3
*** FLOP *** [6s 5h 4s]
kaputnikoff: bets $3
jl45259071: calls $3
*** TURN *** [6s 5h 4s] [Kc]
kaputnikoff: bets $6
jl45259071: calls $6
*** RIVER *** [6s 5h 4s Kc] [6c]
kaputnikoff: bets $6
jl45259071: folds
Uncalled bet ($6) returned to kaputnikoff
kaputnikoff collected $29.50 from pot
kaputnikoff: doesn't show hand
*** SUMMARY ***
Total pot $30 | Rake $0.50
Board [6s 5h 4s Kc 6c]
Seat 1: kaputnikoff (big blind) collected ($29.50)
Seat 2: jl45259071 (button) (small blind) folded on the River


PokerStars Hand #147007895570:  Hold'em Limit ($3/$6 USD) - 2016/01/14 1:16:16 ET
Table 'Nonie' 2-max Seat #2 is the button
Seat 1: kaputnikoff ($251.51 in chips)
Seat 2: jl45259071 ($226.18 in chips)
jl45259071: posts small blind $1
kaputnikoff: posts big blind $3
*** HOLE CARDS ***
jl45259071: calls $2
kaputnikoff: checks
*** FLOP *** [Jh 9s Kc]
kaputnikoff: checks
jl45259071: checks
*** TURN *** [Jh 9s Kc] [5s]
kaputnikoff: checks
jl45259071: bets $6
kaputnikoff: folds
Uncalled bet ($6) returned to jl45259071
jl45259071 collected $5.88 from pot
jl45259071: doesn't show hand
*** SUMMARY ***
Total pot $6 | Rake $0.12
Board [Jh 9s Kc 5s]
Seat 1: kaputnikoff (big blind) folded on the Turn
Seat 2: jl45259071 (button) (small blind) collected ($5.88)


PokerStars Hand #147007888272:  Hold'em Limit ($3/$6 USD) - 2016/01/14 1:15:50 ET
Table 'Nonie' 2-max Seat #1 is the button
Seat 1: kaputnikoff ($272.51 in chips)
Seat 2: jl45259071 ($205.68 in chips)
kaputnikoff: posts small blind $1
jl45259071: posts big blind $3
*** HOLE CARDS ***
kaputnikoff: raises $3 to $6
jl45259071: calls $3
*** FLOP *** [5s Jd Ts]
jl45259071: checks
kaputnikoff: bets $3
jl45259071: calls $3
*** TURN *** [5s Jd Ts] [As]
jl45259071: checks
kaputnikoff: bets $6
jl45259071: calls $6
*** RIVER *** [5s Jd Ts As] [3c]
jl45259071: checks
kaputnikoff: bets $6
jl45259071: calls $6
*** SHOW DOWN ***
kaputnikoff: shows [Js Qc] (a pair of Jacks)
jl45259071: shows [4c Ad] (a pair of Aces)
jl45259071 collected $41.50 from pot
*** SUMMARY ***
Total pot $42 | Rake $0.50
Board [5s Jd Ts As 3c]
Seat 1: kaputnikoff (button) (small blind) showed [Js Qc] and lost with a pair of Jacks
Seat 2: jl45259071 (big blind) showed [4c Ad] and won ($41.50) with a pair of Aces


PokerStars Hand #147007911100:  Hold'em Limit ($3/$6 USD) - 2016/01/14 1:17:11 ET
Table 'Nonie' 2-max Seat #1 is the button
Seat 1: kaputnikoff ($242.15 in chips)
Seat 2: jl45259071 ($234.56 in chips)
kaputnikoff: posts small blind $1
jl45259071: posts big blind $3
*** HOLE CARDS ***
kaputnikoff: folds
Uncalled bet ($2) returned to jl45259071
jl45259071 collected $2 from pot
jl45259071: doesn't show hand
*** SUMMARY ***
Total pot $2 | Rake $0
Seat 1: kaputnikoff (button) (small blind) folded before Flop
Seat 2: jl45259071 (big blind) collected ($2)


PokerStars Hand #147007906605:  Hold'em Limit ($3/$6 USD) - 2016/01/14 1:16:55 ET
Table 'Nonie' 2-max Seat #2 is the button
Seat 1: kaputnikoff ($233.51 in chips)
Seat 2: jl45259071 ($243.56 in chips)
jl45259071: posts small blind $1
kaputnikoff: posts big blind $3
*** HOLE CARDS ***
jl45259071: calls $2
kaputnikoff: raises $3 to $6
jl45259071: calls $3
*** FLOP *** [4c Tc 2c]
kaputnikoff: bets $3
jl45259071: calls $3
*** TURN *** [4c Tc 2c] [4d]
kaputnikoff: bets $6
jl45259071: folds
Uncalled bet ($6) returned to kaputnikoff
kaputnikoff collected $17.64 from pot
kaputnikoff: doesn't show hand
*** SUMMARY ***
Total pot $18 | Rake $0.36
Board [4c Tc 2c 4d]
Seat 1: kaputnikoff (big blind) collected ($17.64)
Seat 2: jl45259071 (button) (small blind) folded on the Turn


PokerStars Hand #147007899928:  Hold'em Limit ($3/$6 USD) - 2016/01/14 1:16:31 ET
Table 'Nonie' 2-max Seat #1 is the button
Seat 1: kaputnikoff ($248.51 in chips)
Seat 2: jl45259071 ($229.06 in chips)
kaputnikoff: posts small blind $1
jl45259071: posts big blind $3
*** HOLE CARDS ***
kaputnikoff: raises $3 to $6
jl45259071: calls $3
*** FLOP *** [9c Kh 9d]
jl45259071: checks
kaputnikoff: bets $3
jl45259071: calls $3
*** TURN *** [9c Kh 9d] [3h]
jl45259071: checks
kaputnikoff: bets $6
jl45259071: calls $6
*** RIVER *** [9c Kh 9d 3h] [Qs]
jl45259071: checks
kaputnikoff: checks
*** SHOW DOWN ***
jl45259071: shows [Ad 3c] (two pair, Nines and Threes)
kaputnikoff: mucks hand
jl45259071 collected $29.50 from pot
*** SUMMARY ***
Total pot $30 | Rake $0.50
Board [9c Kh 9d 3h Qs]
Seat 1: kaputnikoff (button) (small blind) mucked
Seat 2: jl45259071 (big blind) showed [Ad 3c] and won ($29.50) with two pair, Nines and Threes


PokerStars Hand #147007912961:  Hold'em Limit ($3/$6 USD) - 2016/01/14 1:17:17 ET
Table 'Nonie' 2-max Seat #2 is the button
Seat 1: kaputnikoff ($241.15 in chips)
Seat 2: jl45259071 ($235.56 in chips)
jl45259071: posts small blind $1
kaputnikoff: posts big blind $3
*** HOLE CARDS ***
jl45259071: calls $2
kaputnikoff: raises $3 to $6
jl45259071: calls $3
*** FLOP *** [9s 3s 3d]
kaputnikoff: bets $3
jl45259071: calls $3
*** TURN *** [9s 3s 3d] [4c]
kaputnikoff: checks
jl45259071: bets $6
kaputnikoff: calls $6
*** RIVER *** [9s 3s 3d 4c] [6h]
kaputnikoff: checks
jl45259071: checks
*** SHOW DOWN ***
kaputnikoff: shows [Ah Qh] (a pair of Threes)
jl45259071: mucks hand
kaputnikoff collected $29.50 from pot
*** SUMMARY ***
Total pot $30 | Rake $0.50
Board [9s 3s 3d 4c 6h]
Seat 1: kaputnikoff (big blind) showed [Ah Qh] and won ($29.50) with a pair of Threes
Seat 2: jl45259071 (button) (small blind) mucked


PokerStars Hand #147007919522:  Hold'em Limit ($3/$6 USD) - 2016/01/14 1:17:40 ET
Table 'Nonie' 2-max Seat #1 is the button
Seat 1: kaputnikoff ($255.65 in chips)
Seat 2: jl45259071 ($220.56 in chips)
kaputnikoff: posts small blind $1
jl45259071: posts big blind $3
*** HOLE CARDS ***
kaputnikoff: raises $3 to $6
jl45259071: raises $3 to $9
kaputnikoff: calls $3
*** FLOP *** [5h 9d Ts]
jl45259071: bets $3
kaputnikoff: raises $3 to $6
jl45259071: calls $3
*** TURN *** [5h 9d Ts] [7c]
jl45259071: checks
kaputnikoff: bets $6
jl45259071: calls $6
*** RIVER *** [5h 9d Ts 7c] [7d]
jl45259071: checks
kaputnikoff: bets $6
jl45259071: calls $6
*** SHOW DOWN ***
kaputnikoff: shows [Tc 9h] (two pair, Tens and Nines)
jl45259071: mucks hand
kaputnikoff collected $53.50 from pot
*** SUMMARY ***
Total pot $54 | Rake $0.50
Board [5h 9d Ts 7c 7d]
Seat 1: kaputnikoff (button) (small blind) showed [Tc 9h] and won ($53.50) with two pair, Tens and Nines
Seat 2: jl45259071 (big blind) mucked


PokerStars Hand #147007929940:  Hold'em Limit ($3/$6 USD) - 2016/01/14 1:18:17 ET
Table 'Nonie' 2-max Seat #1 is the button
Seat 1: kaputnikoff ($279.15 in chips)
Seat 2: jl45259071 ($196.44 in chips)
kaputnikoff: posts small blind $1
jl45259071: posts big blind $3
*** HOLE CARDS ***
kaputnikoff: raises $3 to $6
jl45259071: calls $3
*** FLOP *** [9s 2h Jd]
jl45259071: checks
kaputnikoff: checks
*** TURN *** [9s 2h Jd] [As]
jl45259071: bets $6
kaputnikoff: folds
Uncalled bet ($6) returned to jl45259071
jl45259071 collected $11.76 from pot
jl45259071: doesn't show hand
*** SUMMARY ***
Total pot $12 | Rake $0.24
Board [9s 2h Jd As]
Seat 1: kaputnikoff (button) (small blind) folded on the Turn
Seat 2: jl45259071 (big blind) collected ($11.76)


PokerStars Hand #147007926447:  Hold'em Limit ($3/$6 USD) - 2016/01/14 1:18:05 ET
Table 'Nonie' 2-max Seat #2 is the button
Seat 1: kaputnikoff ($282.15 in chips)
Seat 2: jl45259071 ($193.56 in chips)
jl45259071: posts small blind $1
kaputnikoff: posts big blind $3
*** HOLE CARDS ***
jl45259071: calls $2
kaputnikoff: checks
*** FLOP *** [6c 9h Kh]
kaputnikoff: checks
jl45259071: bets $3
kaputnikoff: folds
Uncalled bet ($3) returned to jl45259071
jl45259071 collected $5.88 from pot
jl45259071: doesn't show hand
*** SUMMARY ***
Total pot $6 | Rake $0.12
Board [6c 9h Kh]
Seat 1: kaputnikoff (big blind) folded on the Flop
Seat 2: jl45259071 (button) (small blind) collected ($5.88)


PokerStars Hand #147007938609:  Hold'em Limit ($3/$6 USD) - 2016/01/14 1:18:49 ET
Table 'Nonie' 2-max Seat #1 is the button
Seat 1: kaputnikoff ($287.65 in chips)
Seat 2: jl45259071 ($187.20 in chips)
kaputnikoff: posts small blind $1
jl45259071: posts big blind $3
*** HOLE CARDS ***
kaputnikoff: folds
Uncalled bet ($2) returned to jl45259071
jl45259071 collected $2 from pot
jl45259071: doesn't show hand
*** SUMMARY ***
Total pot $2 | Rake $0
Seat 1: kaputnikoff (button) (small blind) folded before Flop
Seat 2: jl45259071 (big blind) collected ($2)


PokerStars Hand #147007940246:  Hold'em Limit ($3/$6 USD) - 2016/01/14 1:18:54 ET
Table 'Nonie' 2-max Seat #2 is the button
Seat 1: kaputnikoff ($286.65 in chips)
Seat 2: jl45259071 ($188.20 in chips)
jl45259071: posts small blind $1
kaputnikoff: posts big blind $3
*** HOLE CARDS ***
jl45259071: calls $2
kaputnikoff: checks
*** FLOP *** [7d 8s 9d]
kaputnikoff: checks
jl45259071: checks
*** TURN *** [7d 8s 9d] [7h]
kaputnikoff: bets $6
jl45259071: folds
Uncalled bet ($6) returned to kaputnikoff
kaputnikoff collected $5.88 from pot
kaputnikoff: doesn't show hand
jl45259071 leaves the table
*** SUMMARY ***
Total pot $6 | Rake $0.12
Board [7d 8s 9d 7h]
Seat 1: kaputnikoff (big blind) collected ($5.88)
Seat 2: jl45259071 (button) (small blind) folded on the Turn


PokerStars Hand #147007933590:  Hold'em Limit ($3/$6 USD) - 2016/01/14 1:18:31 ET
Table 'Nonie' 2-max Seat #2 is the button
Seat 1: kaputnikoff ($273.15 in chips)
Seat 2: jl45259071 ($202.20 in chips)
jl45259071: posts small blind $1
kaputnikoff: posts big blind $3
*** HOLE CARDS ***
jl45259071: calls $2
kaputnikoff: checks
*** FLOP *** [5h 5c 6d]
kaputnikoff: checks
jl45259071: checks
*** TURN *** [5h 5c 6d] [3s]
kaputnikoff: bets $6
jl45259071: calls $6
*** RIVER *** [5h 5c 6d 3s] [7d]
kaputnikoff: bets $6
jl45259071: calls $6
*** SHOW DOWN ***
kaputnikoff: shows [5d Ts] (three of a kind, Fives)
jl45259071: mucks hand
kaputnikoff collected $29.50 from pot
*** SUMMARY ***
Total pot $30 | Rake $0.50
Board [5h 5c 6d 3s 7d]
Seat 1: kaputnikoff (big blind) showed [5d Ts] and won ($29.50) with three of a kind, Fives
Seat 2: jl45259071 (button) (small blind) mucked


PokerStars Hand #147011738752:  Hold'em Limit ($3/$6 USD) - 2016/01/14 4:39:20 ET
Table 'Nonie' 2-max Seat #2 is the button
Seat 1: kaputnikoff ($295.29 in chips)
Seat 2: dimon4ik2809 ($28.21 in chips)
dimon4ik2809: posts small blind $1
kaputnikoff: posts big blind $3
*** HOLE CARDS ***
dimon4ik2809: calls $2
kaputnikoff: checks
*** FLOP *** [Td 3h 9c]
kaputnikoff: checks
dimon4ik2809: bets $3
kaputnikoff: folds
Uncalled bet ($3) returned to dimon4ik2809
dimon4ik2809 collected $5.88 from pot
dimon4ik2809: doesn't show hand
*** SUMMARY ***
Total pot $6 | Rake $0.12
Board [Td 3h 9c]
Seat 1: kaputnikoff (big blind) folded on the Flop
Seat 2: dimon4ik2809 (button) (small blind) collected ($5.88)


PokerStars Hand #147011727357:  Hold'em Limit ($3/$6 USD) - 2016/01/14 4:38:51 ET
Table 'Nonie' 2-max Seat #1 is the button
Seat 1: kaputnikoff ($289.53 in chips)
Seat 2: dimon4ik2809 ($34.21 in chips)
kaputnikoff: posts small blind $1
dimon4ik2809: posts big blind $3
*** HOLE CARDS ***
kaputnikoff: raises $3 to $6
dimon4ik2809: calls $3
*** FLOP *** [Ts 2c Kh]
dimon4ik2809: checks
kaputnikoff: bets $3
dimon4ik2809: folds
Uncalled bet ($3) returned to kaputnikoff
kaputnikoff collected $11.76 from pot
kaputnikoff: doesn't show hand
*** SUMMARY ***
Total pot $12 | Rake $0.24
Board [Ts 2c Kh]
Seat 1: kaputnikoff (button) (small blind) collected ($11.76)
Seat 2: dimon4ik2809 (big blind) folded on the Flop


PokerStars Hand #147011755729:  Hold'em Limit ($3/$6 USD) - 2016/01/14 4:40:03 ET
Table 'Nonie' 2-max Seat #1 is the button
Seat 1: kaputnikoff ($296.17 in chips)
Seat 2: dimon4ik2809 ($27.09 in chips)
kaputnikoff: posts small blind $1
dimon4ik2809: posts big blind $3
*** HOLE CARDS ***
kaputnikoff: raises $3 to $6
dimon4ik2809: calls $3
*** FLOP *** [Qh 2c Td]
dimon4ik2809: bets $3
kaputnikoff: calls $3
*** TURN *** [Qh 2c Td] [Ts]
dimon4ik2809: checks
kaputnikoff: bets $6
dimon4ik2809: folds
Uncalled bet ($6) returned to kaputnikoff
kaputnikoff collected $17.64 from pot
kaputnikoff: doesn't show hand
*** SUMMARY ***
Total pot $18 | Rake $0.36
Board [Qh 2c Td Ts]
Seat 1: kaputnikoff (button) (small blind) collected ($17.64)
Seat 2: dimon4ik2809 (big blind) folded on the Turn


PokerStars Hand #147011750799:  Hold'em Limit ($3/$6 USD) - 2016/01/14 4:39:50 ET
Table 'Nonie' 2-max Seat #2 is the button
Seat 1: kaputnikoff ($295.17 in chips)
Seat 2: dimon4ik2809 ($28.09 in chips)
dimon4ik2809: posts small blind $1
kaputnikoff: posts big blind $3
*** HOLE CARDS ***
dimon4ik2809: folds
Uncalled bet ($2) returned to kaputnikoff
kaputnikoff collected $2 from pot
kaputnikoff: doesn't show hand
*** SUMMARY ***
Total pot $2 | Rake $0
Seat 1: kaputnikoff (big blind) collected ($2)
Seat 2: dimon4ik2809 (button) (small blind) folded before Flop


PokerStars Hand #147011744444:  Hold'em Limit ($3/$6 USD) - 2016/01/14 4:39:35 ET
Table 'Nonie' 2-max Seat #1 is the button
Seat 1: kaputnikoff ($292.29 in chips)
Seat 2: dimon4ik2809 ($31.09 in chips)
kaputnikoff: posts small blind $1
dimon4ik2809: posts big blind $3
*** HOLE CARDS ***
kaputnikoff: calls $2
dimon4ik2809: checks
*** FLOP *** [9c 6c Jc]
dimon4ik2809: checks
kaputnikoff: bets $3
dimon4ik2809: folds
Uncalled bet ($3) returned to kaputnikoff
kaputnikoff collected $5.88 from pot
kaputnikoff: doesn't show hand
*** SUMMARY ***
Total pot $6 | Rake $0.12
Board [9c 6c Jc]
Seat 1: kaputnikoff (button) (small blind) collected ($5.88)
Seat 2: dimon4ik2809 (big blind) folded on the Flop


PokerStars Hand #147011786691:  Hold'em Limit ($3/$6 USD) - 2016/01/14 4:41:21 ET
Table 'Nonie' 2-max Seat #1 is the button
Seat 1: kaputnikoff ($288.81 in chips)
Seat 2: dimon4ik2809 ($33.49 in chips)
kaputnikoff: posts small blind $1
dimon4ik2809: posts big blind $3
*** HOLE CARDS ***
kaputnikoff: raises $3 to $6
dimon4ik2809: folds
Uncalled bet ($3) returned to kaputnikoff
kaputnikoff collected $6 from pot
kaputnikoff: doesn't show hand
*** SUMMARY ***
Total pot $6 | Rake $0
Seat 1: kaputnikoff (button) (small blind) collected ($6)
Seat 2: dimon4ik2809 (big blind) folded before Flop


PokerStars Hand #147011777265:  Hold'em Limit ($3/$6 USD) - 2016/01/14 4:40:57 ET
Table 'Nonie' 2-max Seat #2 is the button
Seat 1: kaputnikoff ($294.81 in chips)
Seat 2: dimon4ik2809 ($27.73 in chips)
dimon4ik2809: posts small blind $1
kaputnikoff: posts big blind $3
*** HOLE CARDS ***
dimon4ik2809: raises $3 to $6
kaputnikoff: calls $3
*** FLOP *** [3c Td Ah]
kaputnikoff: checks
dimon4ik2809: bets $3
kaputnikoff: folds
Uncalled bet ($3) returned to dimon4ik2809
dimon4ik2809 collected $11.76 from pot
dimon4ik2809: doesn't show hand
*** SUMMARY ***
Total pot $12 | Rake $0.24
Board [3c Td Ah]
Seat 1: kaputnikoff (big blind) folded on the Flop
Seat 2: dimon4ik2809 (button) (small blind) collected ($11.76)


PokerStars Hand #147011774829:  Hold'em Limit ($3/$6 USD) - 2016/01/14 4:40:51 ET
Table 'Nonie' 2-max Seat #1 is the button
Seat 1: kaputnikoff ($295.81 in chips)
Seat 2: dimon4ik2809 ($26.73 in chips)
kaputnikoff: posts small blind $1
dimon4ik2809: posts big blind $3
*** HOLE CARDS ***
kaputnikoff: folds
Uncalled bet ($2) returned to dimon4ik2809
dimon4ik2809 collected $2 from pot
dimon4ik2809: doesn't show hand
*** SUMMARY ***
Total pot $2 | Rake $0
Seat 1: kaputnikoff (button) (small blind) folded before Flop
Seat 2: dimon4ik2809 (big blind) collected ($2)


PokerStars Hand #147011767499:  Hold'em Limit ($3/$6 USD) - 2016/01/14 4:40:33 ET
Table 'Nonie' 2-max Seat #2 is the button
Seat 1: kaputnikoff ($304.81 in chips)
Seat 2: dimon4ik2809 ($18.09 in chips)
dimon4ik2809: posts small blind $1
kaputnikoff: posts big blind $3
*** HOLE CARDS ***
dimon4ik2809: raises $3 to $6
kaputnikoff: calls $3
*** FLOP *** [Js 8s Qh]
kaputnikoff: checks
dimon4ik2809: bets $3
kaputnikoff: calls $3
*** TURN *** [Js 8s Qh] [Ad]
kaputnikoff: checks
dimon4ik2809: bets $6
kaputnikoff: folds
Uncalled bet ($6) returned to dimon4ik2809
dimon4ik2809 collected $17.64 from pot
dimon4ik2809: doesn't show hand
*** SUMMARY ***
Total pot $18 | Rake $0.36
Board [Js 8s Qh Ad]
Seat 1: kaputnikoff (big blind) folded on the Turn
Seat 2: dimon4ik2809 (button) (small blind) collected ($17.64)


PokerStars Hand #147011798922:  Hold'em Limit ($3/$6 USD) - 2016/01/14 4:41:51 ET
Table 'Nonie' 2-max Seat #2 is the button
Seat 1: kaputnikoff ($294.57 in chips)
Seat 2: dimon4ik2809 ($27.49 in chips)
dimon4ik2809: posts small blind $1
kaputnikoff: posts big blind $3
*** HOLE CARDS ***
dimon4ik2809: raises $3 to $6
kaputnikoff: calls $3
*** FLOP *** [3s 6c 9c]
kaputnikoff: checks
dimon4ik2809: bets $3
kaputnikoff: calls $3
*** TURN *** [3s 6c 9c] [4h]
kaputnikoff: checks
dimon4ik2809: bets $6
kaputnikoff: raises $6 to $12
dimon4ik2809: calls $6
*** RIVER *** [3s 6c 9c 4h] [5h]
kaputnikoff: bets $6
dimon4ik2809: calls $6
*** SHOW DOWN ***
kaputnikoff: shows [8d 7s] (a straight, Five to Nine)
dimon4ik2809: mucks hand
kaputnikoff collected $53.50 from pot
*** SUMMARY ***
Total pot $54 | Rake $0.50
Board [3s 6c 9c 4h 5h]
Seat 1: kaputnikoff (big blind) showed [8d 7s] and won ($53.50) with a straight, Five to Nine
Seat 2: dimon4ik2809 (button) (small blind) mucked


PokerStars Hand #147011793997:  Hold'em Limit ($3/$6 USD) - 2016/01/14 4:41:39 ET
Table 'Nonie' 2-max Seat #1 is the button
Seat 1: kaputnikoff ($288.81 in chips)
Seat 2: dimon4ik2809 ($33.49 in chips)
kaputnikoff: posts small blind $1
dimon4ik2809: posts big blind $3
*** HOLE CARDS ***
kaputnikoff: raises $3 to $6
dimon4ik2809: calls $3
*** FLOP *** [8s Qh 2d]
dimon4ik2809: checks
kaputnikoff: bets $3
dimon4ik2809: folds
Uncalled bet ($3) returned to kaputnikoff
kaputnikoff collected $11.76 from pot
kaputnikoff: doesn't show hand
*** SUMMARY ***
Total pot $12 | Rake $0.24
Board [8s Qh 2d]
Seat 1: kaputnikoff (button) (small blind) collected ($11.76)
Seat 2: dimon4ik2809 (big blind) folded on the Flop


PokerStars Hand #147011791371:  Hold'em Limit ($3/$6 USD) - 2016/01/14 4:41:33 ET
Table 'Nonie' 2-max Seat #2 is the button
Seat 1: kaputnikoff ($291.81 in chips)
Seat 2: dimon4ik2809 ($30.49 in chips)
dimon4ik2809: posts small blind $1
kaputnikoff: posts big blind $3
*** HOLE CARDS ***
dimon4ik2809: raises $3 to $6
kaputnikoff: folds
Uncalled bet ($3) returned to dimon4ik2809
dimon4ik2809 collected $6 from pot
dimon4ik2809: doesn't show hand
*** SUMMARY ***
Total pot $6 | Rake $0
Seat 1: kaputnikoff (big blind) folded before Flop
Seat 2: dimon4ik2809 (button) (small blind) collected ($6)


PokerStars Hand #147011842000:  Hold'em Limit ($3/$6 USD) - 2016/01/14 4:43:39 ET
Table 'Nonie' 2-max Seat #1 is the button
Seat 1: kaputnikoff ($321.07 in chips)
Seat 2: dimon4ik2809 ($30.90 in chips)
kaputnikoff: posts small blind $1
dimon4ik2809: posts big blind $3
*** HOLE CARDS ***
kaputnikoff has timed out
kaputnikoff: folds
Uncalled bet ($2) returned to dimon4ik2809
dimon4ik2809 collected $2 from pot
dimon4ik2809: doesn't show hand
*** SUMMARY ***
Total pot $2 | Rake $0
Seat 1: kaputnikoff (button) (small blind) folded before Flop
Seat 2: dimon4ik2809 (big blind) collected ($2)


