PokerStars Hand #149051547464:  Hold'em Limit ($3/$6 USD) - 2016/02/19 4:37:50 ET
Table 'Normannia' 6-max Seat #1 is the button
Seat 1: VolkovDmitri ($120 in chips)
Seat 2: megabaitt ($50.50 in chips)
VolkovDmitri: posts small blind $1
megabaitt: posts big blind $3
*** HOLE CARDS ***
VolkovDmitri: raises $3 to $6
megabaitt: calls $3
*** FLOP *** [7d Ks 8c]
megabaitt: checks
VolkovDmitri: bets $3
megabaitt: folds
Uncalled bet ($3) returned to VolkovDmitri
VolkovDmitri collected $11.76 from pot
VolkovDmitri: doesn't show hand
*** SUMMARY ***
Total pot $12 | Rake $0.24
Board [7d Ks 8c]
Seat 1: VolkovDmitri (button) (small blind) collected ($11.76)
Seat 2: megabaitt (big blind) folded on the Flop


PokerStars Hand #149051577902:  Hold'em Limit ($3/$6 USD) - 2016/02/19 4:39:02 ET
Table 'Normannia' 6-max Seat #1 is the button
Seat 1: VolkovDmitri ($120 in chips)
Seat 2: megabaitt ($50.26 in chips)
VolkovDmitri: posts small blind $1
megabaitt: posts big blind $3
*** HOLE CARDS ***
VolkovDmitri: raises $3 to $6
megabaitt: folds
Uncalled bet ($3) returned to VolkovDmitri
VolkovDmitri collected $6 from pot
VolkovDmitri: doesn't show hand
*** SUMMARY ***
Total pot $6 | Rake $0
Seat 1: VolkovDmitri (button) (small blind) collected ($6)
Seat 2: megabaitt (big blind) folded before Flop


PokerStars Hand #149051558724:  Hold'em Limit ($3/$6 USD) - 2016/02/19 4:38:16 ET
Table 'Normannia' 6-max Seat #2 is the button
Seat 1: VolkovDmitri ($125.76 in chips)
Seat 2: megabaitt ($44.50 in chips)
megabaitt: posts small blind $1
VolkovDmitri: posts big blind $3
*** HOLE CARDS ***
megabaitt: calls $2
VolkovDmitri: checks
*** FLOP *** [8d 3h 5h]
VolkovDmitri: bets $3
megabaitt: calls $3
*** TURN *** [8d 3h 5h] [8c]
VolkovDmitri: checks
megabaitt: bets $6
VolkovDmitri: folds
Uncalled bet ($6) returned to megabaitt
megabaitt collected $11.76 from pot
megabaitt: doesn't show hand
*** SUMMARY ***
Total pot $12 | Rake $0.24
Board [8d 3h 5h 8c]
Seat 1: VolkovDmitri (big blind) folded on the Turn
Seat 2: megabaitt (button) (small blind) collected ($11.76)


PokerStars Hand #149051598243:  Hold'em Limit ($3/$6 USD) - 2016/02/19 4:39:50 ET
Table 'Normannia' 6-max Seat #1 is the button
Seat 1: VolkovDmitri ($131.64 in chips)
Seat 2: megabaitt ($38.26 in chips)
VolkovDmitri: posts small blind $1
megabaitt: posts big blind $3
*** HOLE CARDS ***
VolkovDmitri: raises $3 to $6
megabaitt: calls $3
*** FLOP *** [Th 3d 9h]
megabaitt: checks
VolkovDmitri: bets $3
megabaitt: calls $3
*** TURN *** [Th 3d 9h] [5c]
megabaitt: checks
VolkovDmitri: bets $6
megabaitt: calls $6
*** RIVER *** [Th 3d 9h 5c] [Ks]
megabaitt: checks
VolkovDmitri: bets $6
megabaitt: calls $6
*** SHOW DOWN ***
VolkovDmitri: shows [3c 9c] (two pair, Nines and Threes)
megabaitt: mucks hand
VolkovDmitri collected $41.50 from pot
*** SUMMARY ***
Total pot $42 | Rake $0.50
Board [Th 3d 9h 5c Ks]
Seat 1: VolkovDmitri (button) (small blind) showed [3c 9c] and won ($41.50) with two pair, Nines and Threes
Seat 2: megabaitt (big blind) mucked


PokerStars Hand #149051583448:  Hold'em Limit ($3/$6 USD) - 2016/02/19 4:39:15 ET
Table 'Normannia' 6-max Seat #2 is the button
Seat 1: VolkovDmitri ($123 in chips)
Seat 2: megabaitt ($47.26 in chips)
megabaitt: posts small blind $1
VolkovDmitri: posts big blind $3
*** HOLE CARDS ***
megabaitt: calls $2
VolkovDmitri: raises $3 to $6
megabaitt: calls $3
*** FLOP *** [5s 4c 2s]
VolkovDmitri: bets $3
megabaitt: calls $3
*** TURN *** [5s 4c 2s] [Kd]
VolkovDmitri: bets $6
megabaitt: folds
Uncalled bet ($6) returned to VolkovDmitri
VolkovDmitri collected $17.64 from pot
VolkovDmitri: doesn't show hand
*** SUMMARY ***
Total pot $18 | Rake $0.36
Board [5s 4c 2s Kd]
Seat 1: VolkovDmitri (big blind) collected ($17.64)
Seat 2: megabaitt (button) (small blind) folded on the Turn


PokerStars Hand #149051638341:  Hold'em Limit ($3/$6 USD) - 2016/02/19 4:41:27 ET
Table 'Normannia' 6-max Seat #2 is the button
Seat 1: VolkovDmitri ($162.90 in chips)
Seat 2: megabaitt ($6.26 in chips)
megabaitt: posts small blind $1
VolkovDmitri: posts big blind $3
*** HOLE CARDS ***
megabaitt: folds
Uncalled bet ($2) returned to VolkovDmitri
VolkovDmitri collected $2 from pot
VolkovDmitri: doesn't show hand
*** SUMMARY ***
Total pot $2 | Rake $0
Seat 1: VolkovDmitri (big blind) collected ($2)
Seat 2: megabaitt (button) (small blind) folded before Flop


PokerStars Hand #149051625921:  Hold'em Limit ($3/$6 USD) - 2016/02/19 4:40:56 ET
Table 'Normannia' 6-max Seat #1 is the button
Seat 1: VolkovDmitri ($157.14 in chips)
Seat 2: megabaitt ($12.26 in chips)
VolkovDmitri: posts small blind $1
megabaitt: posts big blind $3
*** HOLE CARDS ***
VolkovDmitri: raises $3 to $6
megabaitt: calls $3
*** FLOP *** [Ah Kc Jc]
megabaitt: checks
VolkovDmitri: bets $3
megabaitt: folds
Uncalled bet ($3) returned to VolkovDmitri
VolkovDmitri collected $11.76 from pot
VolkovDmitri: doesn't show hand
*** SUMMARY ***
Total pot $12 | Rake $0.24
Board [Ah Kc Jc]
Seat 1: VolkovDmitri (button) (small blind) collected ($11.76)
Seat 2: megabaitt (big blind) folded on the Flop


PokerStars Hand #149051623180:  Hold'em Limit ($3/$6 USD) - 2016/02/19 4:40:50 ET
Table 'Normannia' 6-max Seat #2 is the button
Seat 1: VolkovDmitri ($156.14 in chips)
Seat 2: megabaitt ($13.26 in chips)
megabaitt: posts small blind $1
VolkovDmitri: posts big blind $3
*** HOLE CARDS ***
megabaitt: folds
Uncalled bet ($2) returned to VolkovDmitri
VolkovDmitri collected $2 from pot
VolkovDmitri: doesn't show hand
*** SUMMARY ***
Total pot $2 | Rake $0
Seat 1: VolkovDmitri (big blind) collected ($2)
Seat 2: megabaitt (button) (small blind) folded before Flop


PokerStars Hand #149051619957:  Hold'em Limit ($3/$6 USD) - 2016/02/19 4:40:42 ET
Table 'Normannia' 6-max Seat #1 is the button
Seat 1: VolkovDmitri ($153.14 in chips)
Seat 2: megabaitt ($16.26 in chips)
VolkovDmitri: posts small blind $1
megabaitt: posts big blind $3
*** HOLE CARDS ***
VolkovDmitri: raises $3 to $6
megabaitt: folds
Uncalled bet ($3) returned to VolkovDmitri
VolkovDmitri collected $6 from pot
VolkovDmitri: doesn't show hand
*** SUMMARY ***
Total pot $6 | Rake $0
Seat 1: VolkovDmitri (button) (small blind) collected ($6)
Seat 2: megabaitt (big blind) folded before Flop


PokerStars Hand #149051663054:  Hold'em Limit ($3/$6 USD) - 2016/02/19 4:42:25 ET
Table 'Normannia' 6-max Seat #2 is the button
Seat 1: VolkovDmitri ($150.33 in chips)
Seat 2: megabaitt ($18.25 in chips)
megabaitt: posts small blind $1
VolkovDmitri: posts big blind $3
*** HOLE CARDS ***
megabaitt: folds
Uncalled bet ($2) returned to VolkovDmitri
VolkovDmitri collected $2 from pot
VolkovDmitri: doesn't show hand
*** SUMMARY ***
Total pot $2 | Rake $0
Seat 1: VolkovDmitri (big blind) collected ($2)
Seat 2: megabaitt (button) (small blind) folded before Flop


PokerStars Hand #149051652209:  Hold'em Limit ($3/$6 USD) - 2016/02/19 4:42:00 ET
Table 'Normannia' 6-max Seat #1 is the button
Seat 1: VolkovDmitri ($159.64 in chips)
Seat 2: megabaitt ($9.31 in chips)
VolkovDmitri: posts small blind $1
megabaitt: posts big blind $3
*** HOLE CARDS ***
VolkovDmitri: raises $3 to $6
megabaitt: raises $3 to $9
VolkovDmitri: raises $3 to $12
Betting is capped
megabaitt: calls $0.31 and is all-in
Uncalled bet ($2.69) returned to VolkovDmitri
*** FLOP *** [Jc 7d Js]
*** TURN *** [Jc 7d Js] [Td]
*** RIVER *** [Jc 7d Js Td] [Ts]
*** SHOW DOWN ***
megabaitt: shows [6h 9h] (two pair, Jacks and Tens)
VolkovDmitri: shows [5d 5s] (two pair, Jacks and Tens - lower kicker)
megabaitt collected $18.25 from pot
*** SUMMARY ***
Total pot $18.62 | Rake $0.37
Board [Jc 7d Js Td Ts]
Seat 1: VolkovDmitri (button) (small blind) showed [5d 5s] and lost with two pair, Jacks and Tens
Seat 2: megabaitt (big blind) showed [6h 9h] and won ($18.25) with two pair, Jacks and Tens


PokerStars Hand #149051649724:  Hold'em Limit ($3/$6 USD) - 2016/02/19 4:41:54 ET
Table 'Normannia' 6-max Seat #2 is the button
Seat 1: VolkovDmitri ($158.64 in chips)
Seat 2: megabaitt ($10.31 in chips)
megabaitt: posts small blind $1
VolkovDmitri: posts big blind $3
*** HOLE CARDS ***
megabaitt: folds
Uncalled bet ($2) returned to VolkovDmitri
VolkovDmitri collected $2 from pot
VolkovDmitri: doesn't show hand
*** SUMMARY ***
Total pot $2 | Rake $0
Seat 1: VolkovDmitri (big blind) collected ($2)
Seat 2: megabaitt (button) (small blind) folded before Flop


PokerStars Hand #149051641347:  Hold'em Limit ($3/$6 USD) - 2016/02/19 4:41:34 ET
Table 'Normannia' 6-max Seat #1 is the button
Seat 1: VolkovDmitri ($163.90 in chips)
Seat 2: megabaitt ($5.26 in chips)
VolkovDmitri: posts small blind $1
megabaitt: posts big blind $3
*** HOLE CARDS ***
VolkovDmitri: raises $3 to $6
megabaitt: calls $2.26 and is all-in
Uncalled bet ($0.74) returned to VolkovDmitri
*** FLOP *** [5d Td Tc]
*** TURN *** [5d Td Tc] [9c]
*** RIVER *** [5d Td Tc 9c] [Kh]
*** SHOW DOWN ***
megabaitt: shows [Ah 9h] (two pair, Tens and Nines)
VolkovDmitri: shows [Jd 4c] (a pair of Tens)
megabaitt collected $10.31 from pot
*** SUMMARY ***
Total pot $10.52 | Rake $0.21
Board [5d Td Tc 9c Kh]
Seat 1: VolkovDmitri (button) (small blind) showed [Jd 4c] and lost with a pair of Tens
Seat 2: megabaitt (big blind) showed [Ah 9h] and won ($10.31) with two pair, Tens and Nines


PokerStars Hand #149051665396:  Hold'em Limit ($3/$6 USD) - 2016/02/19 4:42:31 ET
Table 'Normannia' 6-max Seat #1 is the button
Seat 1: VolkovDmitri ($151.33 in chips)
Seat 2: megabaitt ($17.25 in chips)
VolkovDmitri: posts small blind $1
megabaitt: posts big blind $3
*** HOLE CARDS ***
VolkovDmitri: raises $3 to $6
megabaitt: raises $3 to $9
VolkovDmitri: raises $3 to $12
Betting is capped
megabaitt: calls $3
*** FLOP *** [7h 6h 3c]
megabaitt: bets $3
VolkovDmitri: raises $3 to $6
megabaitt: calls $2.25 and is all-in
Uncalled bet ($0.75) returned to VolkovDmitri
*** TURN *** [7h 6h 3c] [5d]
*** RIVER *** [7h 6h 3c 5d] [6s]
*** SHOW DOWN ***
megabaitt: shows [Qs 9s] (a pair of Sixes)
VolkovDmitri: shows [4c Qc] (a straight, Three to Seven)
VolkovDmitri collected $34 from pot
*** SUMMARY ***
Total pot $34.50 | Rake $0.50
Board [7h 6h 3c 5d 6s]
Seat 1: VolkovDmitri (button) (small blind) showed [4c Qc] and won ($34) with a straight, Three to Seven
Seat 2: megabaitt (big blind) showed [Qs 9s] and lost with a pair of Sixes


