PokerStars Hand #170889680433:  Hold'em Limit ($3/$6 USD) - 2017/05/25 6:59:55 ET
Table 'Normannia' 6-max Seat #1 is the button
Seat 1: ZOGI ($118.08 in chips)
Seat 2: Ale4o ($103 in chips)
ZOGI: posts small blind $1
Ale4o: posts big blind $3
*** HOLE CARDS ***
ZOGI: folds
Uncalled bet ($2) returned to Ale4o
Ale4o collected $2 from pot
Ale4o: doesn't show hand
*** SUMMARY ***
Total pot $2 | Rake $0
Seat 1: ZOGI (button) (small blind) folded before Flop
Seat 2: Ale4o (big blind) collected ($2)


PokerStars Hand #170889673366:  Hold'em Limit ($3/$6 USD) - 2017/05/25 6:59:36 ET
Table 'Normannia' 6-max Seat #2 is the button
Seat 1: ZOGI ($109.44 in chips)
Seat 2: Ale4o ($112 in chips)
Ale4o: posts small blind $1
ZOGI: posts big blind $3
*** HOLE CARDS ***
Ale4o: raises $3 to $6
ZOGI: calls $3
*** FLOP *** [4h 8d 2s]
ZOGI: checks
Ale4o: bets $3
ZOGI: calls $3
*** TURN *** [4h 8d 2s] [4c]
ZOGI: bets $6
Ale4o: folds
Uncalled bet ($6) returned to ZOGI
ZOGI collected $17.64 from pot
*** SUMMARY ***
Total pot $18 | Rake $0.36
Board [4h 8d 2s 4c]
Seat 1: ZOGI (big blind) collected ($17.64)
Seat 2: Ale4o (button) (small blind) folded on the Turn


PokerStars Hand #170889671224:  Hold'em Limit ($3/$6 USD) - 2017/05/25 6:59:31 ET
Table 'Normannia' 6-max Seat #1 is the button
Seat 1: ZOGI ($110.44 in chips)
Seat 2: Ale4o ($111 in chips)
ZOGI: posts small blind $1
Ale4o: posts big blind $3
*** HOLE CARDS ***
ZOGI: folds
Uncalled bet ($2) returned to Ale4o
Ale4o collected $2 from pot
TbIP-TbIP 88 leaves the table
Ale4o: doesn't show hand
*** SUMMARY ***
Total pot $2 | Rake $0
Seat 1: ZOGI (button) (small blind) folded before Flop
Seat 2: Ale4o (big blind) collected ($2)


PokerStars Hand #170889657206:  Hold'em Limit ($3/$6 USD) - 2017/05/25 6:58:54 ET
Table 'Normannia' 6-max Seat #2 is the button
Seat 1: ZOGI ($101.80 in chips)
Seat 2: Ale4o ($120 in chips)
Ale4o: posts small blind $1
TbIP-TbIP 88 has timed out
TbIP-TbIP 88: is sitting out
ZOGI: posts big blind $3
*** HOLE CARDS ***
Ale4o: raises $3 to $6
ZOGI: calls $3
*** FLOP *** [9d Kc 8c]
ZOGI: checks
Ale4o: bets $3
ZOGI: calls $3
*** TURN *** [9d Kc 8c] [7c]
ZOGI: checks
Ale4o: checks
*** RIVER *** [9d Kc 8c 7c] [3d]
ZOGI: checks
Ale4o: checks
*** SHOW DOWN ***
ZOGI: shows [7d As] (a pair of Sevens)
Ale4o: mucks hand
ZOGI collected $17.64 from pot
*** SUMMARY ***
Total pot $18 | Rake $0.36
Board [9d Kc 8c 7c 3d]
Seat 1: ZOGI (big blind) showed [7d As] and won ($17.64) with a pair of Sevens
Seat 2: Ale4o (button) (small blind) mucked


PokerStars Hand #170889682988:  Hold'em Limit ($3/$6 USD) - 2017/05/25 7:00:01 ET
Table 'Normannia' 6-max Seat #2 is the button
Seat 1: ZOGI ($117.08 in chips)
Seat 2: Ale4o ($104 in chips)
Ale4o: posts small blind $1
ZOGI: posts big blind $3
*** HOLE CARDS ***
Ale4o: raises $3 to $6
ZOGI: calls $3
*** FLOP *** [8d Qh 7s]
ZOGI: checks
Ale4o: bets $3
ZOGI: calls $3
*** TURN *** [8d Qh 7s] [Ad]
ZOGI: checks
Ale4o: checks
*** RIVER *** [8d Qh 7s Ad] [Jh]
ZOGI: checks
Ale4o: bets $6
ZOGI: calls $6
*** SHOW DOWN ***
Ale4o: shows [Td Ks] (a straight, Ten to Ace)
ZOGI: mucks hand
Ale4o collected $29.50 from pot
*** SUMMARY ***
Total pot $30 | Rake $0.50
Board [8d Qh 7s Ad Jh]
Seat 1: ZOGI (big blind) mucked
Seat 2: Ale4o (button) (small blind) showed [Td Ks] and won ($29.50) with a straight, Ten to Ace


PokerStars Hand #170889709634:  Hold'em Limit ($3/$6 USD) - 2017/05/25 7:01:08 ET
Table 'Normannia' 6-max Seat #2 is the button
Seat 1: ZOGI ($98.84 in chips)
Seat 2: Ale4o ($121.26 in chips)
Ale4o: posts small blind $1
ZOGI: posts big blind $3
*** HOLE CARDS ***
Ale4o: raises $3 to $6
ZOGI: calls $3
*** FLOP *** [Jc Ts Th]
ZOGI: checks
Ale4o: bets $3
ZOGI: calls $3
*** TURN *** [Jc Ts Th] [Jd]
ZOGI: checks
Ale4o: bets $6
ZOGI: raises $6 to $12
Ale4o: folds
Uncalled bet ($6) returned to ZOGI
ZOGI collected $29.50 from pot
*** SUMMARY ***
Total pot $30 | Rake $0.50
Board [Jc Ts Th Jd]
Seat 1: ZOGI (big blind) collected ($29.50)
Seat 2: Ale4o (button) (small blind) folded on the Turn


PokerStars Hand #170889693933:  Hold'em Limit ($3/$6 USD) - 2017/05/25 7:00:29 ET
Table 'Normannia' 6-max Seat #2 is the button
Seat 1: ZOGI ($101.08 in chips)
Seat 2: Ale4o ($119.50 in chips)
Ale4o: posts small blind $1
ZOGI: posts big blind $3
*** HOLE CARDS ***
Ale4o: raises $3 to $6
ZOGI: calls $3
*** FLOP *** [9h Ad Kd]
ZOGI: bets $3
Ale4o: folds
Uncalled bet ($3) returned to ZOGI
ZOGI collected $11.76 from pot
*** SUMMARY ***
Total pot $12 | Rake $0.24
Board [9h Ad Kd]
Seat 1: ZOGI (big blind) collected ($11.76)
Seat 2: Ale4o (button) (small blind) folded on the Flop


PokerStars Hand #170889691757:  Hold'em Limit ($3/$6 USD) - 2017/05/25 7:00:24 ET
Table 'Normannia' 6-max Seat #1 is the button
Seat 1: ZOGI ($102.08 in chips)
Seat 2: Ale4o ($118.50 in chips)
ZOGI: posts small blind $1
Ale4o: posts big blind $3
*** HOLE CARDS ***
ZOGI: folds
Uncalled bet ($2) returned to Ale4o
Ale4o collected $2 from pot
Ale4o: doesn't show hand
*** SUMMARY ***
Total pot $2 | Rake $0
Seat 1: ZOGI (button) (small blind) folded before Flop
Seat 2: Ale4o (big blind) collected ($2)


PokerStars Hand #170889707529:  Hold'em Limit ($3/$6 USD) - 2017/05/25 7:01:03 ET
Table 'Normannia' 6-max Seat #1 is the button
Seat 1: ZOGI ($99.84 in chips)
Seat 2: Ale4o ($120.26 in chips)
ZOGI: posts small blind $1
Ale4o: posts big blind $3
*** HOLE CARDS ***
ZOGI: folds
Uncalled bet ($2) returned to Ale4o
Ale4o collected $2 from pot
Ale4o: doesn't show hand
*** SUMMARY ***
Total pot $2 | Rake $0
Seat 1: ZOGI (button) (small blind) folded before Flop
Seat 2: Ale4o (big blind) collected ($2)


PokerStars Hand #170889701928:  Hold'em Limit ($3/$6 USD) - 2017/05/25 7:00:49 ET
Table 'Normannia' 6-max Seat #2 is the button
Seat 1: ZOGI ($105.84 in chips)
Seat 2: Ale4o ($114.50 in chips)
Ale4o: posts small blind $1
ZOGI: posts big blind $3
*** HOLE CARDS ***
Ale4o: raises $3 to $6
ZOGI: calls $3
*** FLOP *** [3s Qs Jc]
ZOGI: checks
Ale4o: checks
*** TURN *** [3s Qs Jc] [Td]
ZOGI: checks
Ale4o: checks
*** RIVER *** [3s Qs Jc Td] [8h]
ZOGI: checks
Ale4o: checks
*** SHOW DOWN ***
ZOGI: shows [6s 5d] (high card Queen)
Ale4o: shows [Kh 6c] (high card King)
Ale4o collected $11.76 from pot
*** SUMMARY ***
Total pot $12 | Rake $0.24
Board [3s Qs Jc Td 8h]
Seat 1: ZOGI (big blind) showed [6s 5d] and lost with high card Queen
Seat 2: Ale4o (button) (small blind) showed [Kh 6c] and won ($11.76) with high card King


PokerStars Hand #170889699882:  Hold'em Limit ($3/$6 USD) - 2017/05/25 7:00:44 ET
Table 'Normannia' 6-max Seat #1 is the button
Seat 1: ZOGI ($106.84 in chips)
Seat 2: Ale4o ($113.50 in chips)
ZOGI: posts small blind $1
Ale4o: posts big blind $3
*** HOLE CARDS ***
ZOGI: folds
Uncalled bet ($2) returned to Ale4o
Ale4o collected $2 from pot
Ale4o: doesn't show hand
*** SUMMARY ***
Total pot $2 | Rake $0
Seat 1: ZOGI (button) (small blind) folded before Flop
Seat 2: Ale4o (big blind) collected ($2)


PokerStars Hand #170889716489:  Hold'em Limit ($3/$6 USD) - 2017/05/25 7:01:25 ET
Table 'Normannia' 6-max Seat #1 is the button
Seat 1: ZOGI ($113.34 in chips)
Seat 2: Ale4o ($106.26 in chips)
ZOGI: posts small blind $1
Ale4o: posts big blind $3
*** HOLE CARDS ***
ZOGI: calls $2
Ale4o: raises $3 to $6
ZOGI: calls $3
*** FLOP *** [2c Qs 6h]
Ale4o: bets $3
ZOGI: folds
Uncalled bet ($3) returned to Ale4o
Ale4o collected $11.76 from pot
Ale4o: doesn't show hand
*** SUMMARY ***
Total pot $12 | Rake $0.24
Board [2c Qs 6h]
Seat 1: ZOGI (button) (small blind) folded on the Flop
Seat 2: Ale4o (big blind) collected ($11.76)


PokerStars Hand #170889730251:  Hold'em Limit ($3/$6 USD) - 2017/05/25 7:01:59 ET
Table 'Normannia' 6-max Seat #1 is the button
Seat 1: ZOGI ($86.34 in chips)
Seat 2: Ale4o ($132.52 in chips)
ZOGI: posts small blind $1
Ale4o: posts big blind $3
*** HOLE CARDS ***
ZOGI: calls $2
Ale4o: checks
*** FLOP *** [3h 4h 3d]
Ale4o: checks
ZOGI: checks
*** TURN *** [3h 4h 3d] [5c]
Ale4o: bets $6
ZOGI: folds
Uncalled bet ($6) returned to Ale4o
Ale4o collected $5.88 from pot
Ale4o: doesn't show hand
*** SUMMARY ***
Total pot $6 | Rake $0.12
Board [3h 4h 3d 5c]
Seat 1: ZOGI (button) (small blind) folded on the Turn
Seat 2: Ale4o (big blind) collected ($5.88)


PokerStars Hand #170889720679:  Hold'em Limit ($3/$6 USD) - 2017/05/25 7:01:36 ET
Table 'Normannia' 6-max Seat #2 is the button
Seat 1: ZOGI ($107.34 in chips)
Seat 2: Ale4o ($112.02 in chips)
Ale4o: posts small blind $1
ZOGI: posts big blind $3
*** HOLE CARDS ***
Ale4o: raises $3 to $6
ZOGI: calls $3
*** FLOP *** [Ah Js 6d]
ZOGI: checks
Ale4o: bets $3
ZOGI: calls $3
*** TURN *** [Ah Js 6d] [4c]
ZOGI: checks
Ale4o: bets $6
ZOGI: calls $6
*** RIVER *** [Ah Js 6d 4c] [9c]
ZOGI: checks
Ale4o: bets $6
ZOGI: calls $6
*** SHOW DOWN ***
Ale4o: shows [6h 4d] (two pair, Sixes and Fours)
ZOGI: mucks hand
Ale4o collected $41.50 from pot
*** SUMMARY ***
Total pot $42 | Rake $0.50
Board [Ah Js 6d 4c 9c]
Seat 1: ZOGI (big blind) mucked
Seat 2: Ale4o (button) (small blind) showed [6h 4d] and won ($41.50) with two pair, Sixes and Fours


PokerStars Hand #170889761788:  Hold'em Limit ($3/$6 USD) - 2017/05/25 7:03:13 ET
Table 'Normannia' 6-max Seat #1 is the button
Seat 1: ZOGI ($106.34 in chips)
Seat 2: Ale4o ($111.16 in chips)
ZOGI: posts small blind $1
Ale4o: posts big blind $3
*** HOLE CARDS ***
ZOGI: calls $2
Ale4o: checks
*** FLOP *** [4c Td Qh]
Ale4o: bets $3
ZOGI: calls $3
*** TURN *** [4c Td Qh] [9c]
Ale4o: bets $6
ZOGI: raises $6 to $12
Ale4o: folds
Uncalled bet ($6) returned to ZOGI
ZOGI collected $23.52 from pot
*** SUMMARY ***
Total pot $24 | Rake $0.48
Board [4c Td Qh 9c]
Seat 1: ZOGI (button) (small blind) collected ($23.52)
Seat 2: Ale4o (big blind) folded on the Turn


PokerStars Hand #170889745759:  Hold'em Limit ($3/$6 USD) - 2017/05/25 7:02:36 ET
Table 'Normannia' 6-max Seat #1 is the button
Seat 1: ZOGI ($97.84 in chips)
Seat 2: Ale4o ($120.40 in chips)
ZOGI: posts small blind $1
Ale4o: posts big blind $3
*** HOLE CARDS ***
ZOGI: calls $2
Ale4o: checks
*** FLOP *** [4h 9d 4d]
Ale4o: bets $3
ZOGI: calls $3
*** TURN *** [4h 9d 4d] [Jc]
Ale4o: bets $6
ZOGI: folds
Uncalled bet ($6) returned to Ale4o
Ale4o collected $11.76 from pot
Ale4o: doesn't show hand
*** SUMMARY ***
Total pot $12 | Rake $0.24
Board [4h 9d 4d Jc]
Seat 1: ZOGI (button) (small blind) folded on the Turn
Seat 2: Ale4o (big blind) collected ($11.76)


PokerStars Hand #170889736642:  Hold'em Limit ($3/$6 USD) - 2017/05/25 7:02:14 ET
Table 'Normannia' 6-max Seat #2 is the button
Seat 1: ZOGI ($83.34 in chips)
Seat 2: Ale4o ($135.40 in chips)
Ale4o: posts small blind $1
ZOGI: posts big blind $3
*** HOLE CARDS ***
Ale4o: raises $3 to $6
ZOGI: calls $3
*** FLOP *** [3d Qh 4h]
ZOGI: checks
Ale4o: bets $3
ZOGI: calls $3
*** TURN *** [3d Qh 4h] [Qs]
ZOGI: checks
Ale4o: checks
*** RIVER *** [3d Qh 4h Qs] [Qc]
ZOGI: checks
Ale4o: bets $6
ZOGI: calls $6
*** SHOW DOWN ***
Ale4o: shows [5s 9h] (three of a kind, Queens)
ZOGI: shows [Kc Js] (three of a kind, Queens - King kicker)
ZOGI collected $29.50 from pot
*** SUMMARY ***
Total pot $30 | Rake $0.50
Board [3d Qh 4h Qs Qc]
Seat 1: ZOGI (big blind) showed [Kc Js] and won ($29.50) with three of a kind, Queens
Seat 2: Ale4o (button) (small blind) showed [5s 9h] and lost with three of a kind, Queens


PokerStars Hand #170889751024:  Hold'em Limit ($3/$6 USD) - 2017/05/25 7:02:48 ET
Table 'Normannia' 6-max Seat #2 is the button
Seat 1: ZOGI ($91.84 in chips)
Seat 2: Ale4o ($126.16 in chips)
Ale4o: posts small blind $1
ZOGI: posts big blind $3
*** HOLE CARDS ***
Ale4o: raises $3 to $6
ZOGI: calls $3
*** FLOP *** [8h 7h Ah]
ZOGI: checks
Ale4o: bets $3
ZOGI: calls $3
*** TURN *** [8h 7h Ah] [Ad]
ZOGI: checks
Ale4o: bets $6
ZOGI: calls $6
*** RIVER *** [8h 7h Ah Ad] [Qc]
ZOGI: checks
Ale4o: checks
*** SHOW DOWN ***
ZOGI: shows [Kc Qd] (two pair, Aces and Queens)
Ale4o: mucks hand
ZOGI collected $29.50 from pot
*** SUMMARY ***
Total pot $30 | Rake $0.50
Board [8h 7h Ah Ad Qc]
Seat 1: ZOGI (big blind) showed [Kc Qd] and won ($29.50) with two pair, Aces and Queens
Seat 2: Ale4o (button) (small blind) mucked


PokerStars Hand #170889781504:  Hold'em Limit ($3/$6 USD) - 2017/05/25 7:03:59 ET
Table 'Normannia' 6-max Seat #1 is the button
Seat 1: ZOGI ($103.86 in chips)
Seat 2: Ale4o ($112.56 in chips)
ZOGI: posts small blind $1
Ale4o: posts big blind $3
*** HOLE CARDS ***
ZOGI: calls $2
Ale4o: raises $3 to $6
ZOGI: calls $3
*** FLOP *** [7s Tc Qc]
Ale4o: checks
ZOGI: checks
*** TURN *** [7s Tc Qc] [Kd]
Ale4o: bets $6
ZOGI: calls $6
*** RIVER *** [7s Tc Qc Kd] [9c]
Ale4o: checks
ZOGI: bets $6
Ale4o: folds
Uncalled bet ($6) returned to ZOGI
ZOGI collected $23.52 from pot
*** SUMMARY ***
Total pot $24 | Rake $0.48
Board [7s Tc Qc Kd 9c]
Seat 1: ZOGI (button) (small blind) collected ($23.52)
Seat 2: Ale4o (big blind) folded on the River


PokerStars Hand #170889770089:  Hold'em Limit ($3/$6 USD) - 2017/05/25 7:03:32 ET
Table 'Normannia' 6-max Seat #1 is the button
Seat 1: ZOGI ($118.86 in chips)
Seat 2: Ale4o ($98.16 in chips)
ZOGI: posts small blind $1
Ale4o: posts big blind $3
*** HOLE CARDS ***
ZOGI: calls $2
Ale4o: raises $3 to $6
ZOGI: calls $3
*** FLOP *** [7s 8c Jh]
Ale4o: bets $3
ZOGI: folds
Uncalled bet ($3) returned to Ale4o
Ale4o collected $11.76 from pot
Ale4o: doesn't show hand
*** SUMMARY ***
Total pot $12 | Rake $0.24
Board [7s 8c Jh]
Seat 1: ZOGI (button) (small blind) folded on the Flop
Seat 2: Ale4o (big blind) collected ($11.76)


PokerStars Hand #170889767687:  Hold'em Limit ($3/$6 USD) - 2017/05/25 7:03:27 ET
Table 'Normannia' 6-max Seat #2 is the button
Seat 1: ZOGI ($117.86 in chips)
Seat 2: Ale4o ($99.16 in chips)
Ale4o: posts small blind $1
ZOGI: posts big blind $3
*** HOLE CARDS ***
Ale4o: folds
Uncalled bet ($2) returned to ZOGI
ZOGI collected $2 from pot
*** SUMMARY ***
Total pot $2 | Rake $0
Seat 1: ZOGI (big blind) collected ($2)
Seat 2: Ale4o (button) (small blind) folded before Flop


PokerStars Hand #170889775079:  Hold'em Limit ($3/$6 USD) - 2017/05/25 7:03:44 ET
Table 'Normannia' 6-max Seat #2 is the button
Seat 1: ZOGI ($112.86 in chips)
Seat 2: Ale4o ($103.92 in chips)
Ale4o: posts small blind $1
ZOGI: posts big blind $3
*** HOLE CARDS ***
Ale4o: raises $3 to $6
ZOGI: calls $3
*** FLOP *** [3h 2h 4c]
ZOGI: checks
Ale4o: bets $3
ZOGI: calls $3
*** TURN *** [3h 2h 4c] [3c]
ZOGI: checks
Ale4o: bets $6
ZOGI: folds
Uncalled bet ($6) returned to Ale4o
Ale4o collected $17.64 from pot
Ale4o: doesn't show hand
*** SUMMARY ***
Total pot $18 | Rake $0.36
Board [3h 2h 4c 3c]
Seat 1: ZOGI (big blind) folded on the Turn
Seat 2: Ale4o (button) (small blind) collected ($17.64)


PokerStars Hand #170889790744:  Hold'em Limit ($3/$6 USD) - 2017/05/25 7:04:21 ET
Table 'Normannia' 6-max Seat #2 is the button
Seat 1: ZOGI ($115.38 in chips)
Seat 2: Ale4o ($100.56 in chips)
Ale4o: posts small blind $1
ZOGI: posts big blind $3
*** HOLE CARDS ***
RockKillerTY joins the table at seat #3
Ale4o: raises $3 to $6
ZOGI: calls $3
*** FLOP *** [Tc Qs 8d]
ZOGI: checks
Ale4o: checks
*** TURN *** [Tc Qs 8d] [3h]
ZOGI: bets $6
Ale4o: folds
Uncalled bet ($6) returned to ZOGI
ZOGI collected $11.76 from pot
*** SUMMARY ***
Total pot $12 | Rake $0.24
Board [Tc Qs 8d 3h]
Seat 1: ZOGI (big blind) collected ($11.76)
Seat 2: Ale4o (button) (small blind) folded on the Turn


PokerStars Hand #170889796362:  Hold'em Limit ($3/$6 USD) - 2017/05/25 7:04:34 ET
Table 'Normannia' 6-max Seat #1 is the button
Seat 1: ZOGI ($121.14 in chips)
Seat 2: Ale4o ($94.56 in chips)
ZOGI: posts small blind $1
Ale4o: posts big blind $3
*** HOLE CARDS ***
ZOGI: folds
Uncalled bet ($2) returned to Ale4o
Ale4o collected $2 from pot
Ale4o: doesn't show hand
*** SUMMARY ***
Total pot $2 | Rake $0
Seat 1: ZOGI (button) (small blind) folded before Flop
Seat 2: Ale4o (big blind) collected ($2)


