PokerStars Hand #167323220402:  Hold'em Limit ($3/$6 USD) - 2017/03/09 0:29:48 ET
Table 'Norma' 6-max Seat #1 is the button
Seat 1: LifeisagameX ($84 in chips)
Seat 3: Deuce13-09 ($84 in chips)
LifeisagameX: posts small blind $1
Deuce13-09: posts big blind $3
*** HOLE CARDS ***
LifeisagameX: raises $3 to $6
Deuce13-09: calls $3
*** FLOP *** [6h 5c As]
Deuce13-09: checks
Chessnok joins the table at seat #4
LifeisagameX: bets $3
Deuce13-09: raises $3 to $6
LifeisagameX: calls $3
*** TURN *** [6h 5c As] [3d]
Deuce13-09: checks
LifeisagameX: checks
*** RIVER *** [6h 5c As 3d] [4h]
Deuce13-09: bets $6
LifeisagameX: raises $6 to $12
Deuce13-09: calls $6
*** SHOW DOWN ***
LifeisagameX: shows [Qd 7d] (a straight, Three to Seven)
Deuce13-09: mucks hand
LifeisagameX collected $47.50 from pot
*** SUMMARY ***
Total pot $48 | Rake $0.50
Board [6h 5c As 3d 4h]
Seat 1: LifeisagameX (button) (small blind) showed [Qd 7d] and won ($47.50) with a straight, Three to Seven
Seat 3: Deuce13-09 (big blind) mucked


PokerStars Hand #167323292792:  Hold'em Limit ($3/$6 USD) - 2017/03/09 0:34:36 ET
Table 'Norma' 6-max Seat #4 is the button
Seat 3: Deuce13-09 ($116.56 in chips)
Seat 4: Chessnok ($60 in chips)
Chessnok: posts small blind $1
Deuce13-09: posts big blind $3
*** HOLE CARDS ***
Chessnok: raises $3 to $6
Deuce13-09: folds
Uncalled bet ($3) returned to Chessnok
Chessnok collected $6 from pot
Chessnok: doesn't show hand
*** SUMMARY ***
Total pot $6 | Rake $0
Seat 3: Deuce13-09 (big blind) folded before Flop
Seat 4: Chessnok (button) (small blind) collected ($6)


PokerStars Hand #167323290651:  Hold'em Limit ($3/$6 USD) - 2017/03/09 0:34:27 ET
Table 'Norma' 6-max Seat #3 is the button
Seat 3: Deuce13-09 ($113.56 in chips)
Seat 4: Chessnok ($60 in chips)
Deuce13-09: posts small blind $1
Chessnok: posts big blind $3
*** HOLE CARDS ***
Deuce13-09: raises $3 to $6
Chessnok: folds
Uncalled bet ($3) returned to Deuce13-09
Deuce13-09 collected $6 from pot
*** SUMMARY ***
Total pot $6 | Rake $0
Seat 3: Deuce13-09 (button) (small blind) collected ($6)
Seat 4: Chessnok (big blind) folded before Flop


PokerStars Hand #167323303431:  Hold'em Limit ($3/$6 USD) - 2017/03/09 0:35:18 ET
Table 'Norma' 6-max Seat #3 is the button
Seat 3: Deuce13-09 ($157.56 in chips)
Seat 4: Chessnok ($60 in chips)
Deuce13-09: posts small blind $1
Chessnok: posts big blind $3
*** HOLE CARDS ***
Deuce13-09: raises $3 to $6
Chessnok: calls $3
*** FLOP *** [Kd 3h 9c]
Chessnok: checks
Deuce13-09: checks
*** TURN *** [Kd 3h 9c] [Kc]
Chessnok: bets $6
Deuce13-09: calls $6
*** RIVER *** [Kd 3h 9c Kc] [9s]
Chessnok: bets $6
Deuce13-09: calls $6
*** SHOW DOWN ***
Chessnok: shows [3s 5s] (two pair, Kings and Nines)
Deuce13-09: shows [7c Jc] (two pair, Kings and Nines - Jack kicker)
Deuce13-09 collected $35.50 from pot
*** SUMMARY ***
Total pot $36 | Rake $0.50
Board [Kd 3h 9c Kc 9s]
Seat 3: Deuce13-09 (button) (small blind) showed [7c Jc] and won ($35.50) with two pair, Kings and Nines
Seat 4: Chessnok (big blind) showed [3s 5s] and lost with two pair, Kings and Nines


PokerStars Hand #167323307592:  Hold'em Limit ($3/$6 USD) - 2017/03/09 0:35:34 ET
Table 'Norma' 6-max Seat #4 is the button
Seat 3: Deuce13-09 ($175.06 in chips)
Seat 4: Chessnok ($60 in chips)
Chessnok: posts small blind $1
Deuce13-09: posts big blind $3
*** HOLE CARDS ***
Chessnok: raises $3 to $6
Deuce13-09: calls $3
*** FLOP *** [Js Jc Ad]
Deuce13-09: checks
Chessnok: bets $3
Deuce13-09: calls $3
*** TURN *** [Js Jc Ad] [7s]
Deuce13-09: checks
Chessnok: checks
*** RIVER *** [Js Jc Ad 7s] [Jh]
Deuce13-09: checks
Chessnok: checks
*** SHOW DOWN ***
Deuce13-09: shows [4h Ah] (a full house, Jacks full of Aces)
Chessnok: mucks hand
Deuce13-09 collected $17.64 from pot
*** SUMMARY ***
Total pot $18 | Rake $0.36
Board [Js Jc Ad 7s Jh]
Seat 3: Deuce13-09 (big blind) showed [4h Ah] and won ($17.64) with a full house, Jacks full of Aces
Seat 4: Chessnok (button) (small blind) mucked


PokerStars Hand #167323294236:  Hold'em Limit ($3/$6 USD) - 2017/03/09 0:34:41 ET
Table 'Norma' 6-max Seat #3 is the button
Seat 3: Deuce13-09 ($113.56 in chips)
Seat 4: Chessnok ($63 in chips)
Deuce13-09: posts small blind $1
Chessnok: posts big blind $3
*** HOLE CARDS ***
Deuce13-09: raises $3 to $6
Chessnok: calls $3
*** FLOP *** [3c Kc Ts]
Chessnok: checks
Deuce13-09: bets $3
Chessnok: raises $3 to $6
Deuce13-09: calls $3
*** TURN *** [3c Kc Ts] [Kh]
Chessnok: bets $6
Deuce13-09: calls $6
*** RIVER *** [3c Kc Ts Kh] [Th]
Chessnok: bets $6
Deuce13-09: raises $6 to $12
Chessnok: calls $6
*** SHOW DOWN ***
Deuce13-09: shows [Ks Qs] (a full house, Kings full of Tens)
Chessnok: mucks hand
Deuce13-09 collected $59.50 from pot
*** SUMMARY ***
Total pot $60 | Rake $0.50
Board [3c Kc Ts Kh Th]
Seat 3: Deuce13-09 (button) (small blind) showed [Ks Qs] and won ($59.50) with a full house, Kings full of Tens
Seat 4: Chessnok (big blind) mucked


PokerStars Hand #167323299639:  Hold'em Limit ($3/$6 USD) - 2017/03/09 0:35:03 ET
Table 'Norma' 6-max Seat #4 is the button
Seat 3: Deuce13-09 ($143.06 in chips)
Seat 4: Chessnok ($60 in chips)
Chessnok: posts small blind $1
Deuce13-09: posts big blind $3
*** HOLE CARDS ***
Chessnok: raises $3 to $6
Deuce13-09: calls $3
*** FLOP *** [Th 4s 2s]
Deuce13-09: checks
Chessnok: bets $3
Deuce13-09: calls $3
*** TURN *** [Th 4s 2s] [9h]
Deuce13-09: checks
Chessnok: bets $6
Deuce13-09: calls $6
*** RIVER *** [Th 4s 2s 9h] [4d]
Deuce13-09: checks
Chessnok: checks
*** SHOW DOWN ***
Deuce13-09: shows [As 2d] (two pair, Fours and Deuces)
Chessnok: mucks hand
Deuce13-09 collected $29.50 from pot
*** SUMMARY ***
Total pot $30 | Rake $0.50
Board [Th 4s 2s 9h 4d]
Seat 3: Deuce13-09 (big blind) showed [As 2d] and won ($29.50) with two pair, Fours and Deuces
Seat 4: Chessnok (button) (small blind) mucked


PokerStars Hand #167323315757:  Hold'em Limit ($3/$6 USD) - 2017/03/09 0:36:07 ET
Table 'Norma' 6-max Seat #3 is the button
Seat 3: Deuce13-09 ($178.70 in chips)
Seat 4: Chessnok ($64.76 in chips)
Deuce13-09: posts small blind $1
Chessnok: posts big blind $3
*** HOLE CARDS ***
Deuce13-09: folds
Uncalled bet ($2) returned to Chessnok
Chessnok collected $2 from pot
Chessnok: doesn't show hand
*** SUMMARY ***
Total pot $2 | Rake $0
Seat 3: Deuce13-09 (button) (small blind) folded before Flop
Seat 4: Chessnok (big blind) collected ($2)


PokerStars Hand #167323314383:  Hold'em Limit ($3/$6 USD) - 2017/03/09 0:36:02 ET
Table 'Norma' 6-max Seat #4 is the button
Seat 3: Deuce13-09 ($177.70 in chips)
Seat 4: Chessnok ($65.76 in chips)
Chessnok: posts small blind $1
Deuce13-09: posts big blind $3
*** HOLE CARDS ***
Chessnok: folds
Uncalled bet ($2) returned to Deuce13-09
Deuce13-09 collected $2 from pot
Deuce13-09: doesn't show hand
*** SUMMARY ***
Total pot $2 | Rake $0
Seat 3: Deuce13-09 (big blind) collected ($2)
Seat 4: Chessnok (button) (small blind) folded before Flop


PokerStars Hand #167323311409:  Hold'em Limit ($3/$6 USD) - 2017/03/09 0:35:49 ET
Table 'Norma' 6-max Seat #3 is the button
Seat 3: Deuce13-09 ($183.70 in chips)
Seat 4: Chessnok ($60 in chips)
Deuce13-09: posts small blind $1
Chessnok: posts big blind $3
*** HOLE CARDS ***
Deuce13-09: raises $3 to $6
Chessnok: calls $3
*** FLOP *** [9d 2d 4s]
Chessnok: checks
Deuce13-09: checks
*** TURN *** [9d 2d 4s] [2h]
Chessnok: bets $6
Deuce13-09: folds
Uncalled bet ($6) returned to Chessnok
Chessnok collected $11.76 from pot
Chessnok: doesn't show hand
*** SUMMARY ***
Total pot $12 | Rake $0.24
Board [9d 2d 4s 2h]
Seat 3: Deuce13-09 (button) (small blind) folded on the Turn
Seat 4: Chessnok (big blind) collected ($11.76)


PokerStars Hand #167323321239:  Hold'em Limit ($3/$6 USD) - 2017/03/09 0:36:29 ET
Table 'Norma' 6-max Seat #3 is the button
Seat 3: Deuce13-09 ($162.70 in chips)
Seat 4: Chessnok ($80.26 in chips)
Deuce13-09: posts small blind $1
Chessnok: posts big blind $3
*** HOLE CARDS ***
Deuce13-09: raises $3 to $6
Chessnok: calls $3
*** FLOP *** [6d 5s 6c]
Chessnok: checks
Deuce13-09: bets $3
Chessnok: calls $3
*** TURN *** [6d 5s 6c] [2d]
Chessnok: checks
Deuce13-09: checks
*** RIVER *** [6d 5s 6c 2d] [4c]
Chessnok: bets $6
Deuce13-09: calls $6
*** SHOW DOWN ***
Chessnok: shows [Ah 3s] (a straight, Deuce to Six)
Deuce13-09: mucks hand
Chessnok collected $29.50 from pot
*** SUMMARY ***
Total pot $30 | Rake $0.50
Board [6d 5s 6c 2d 4c]
Seat 3: Deuce13-09 (button) (small blind) mucked
Seat 4: Chessnok (big blind) showed [Ah 3s] and won ($29.50) with a straight, Deuce to Six


PokerStars Hand #167323317034:  Hold'em Limit ($3/$6 USD) - 2017/03/09 0:36:12 ET
Table 'Norma' 6-max Seat #4 is the button
Seat 3: Deuce13-09 ($177.70 in chips)
Seat 4: Chessnok ($65.76 in chips)
Chessnok: posts small blind $1
Deuce13-09: posts big blind $3
*** HOLE CARDS ***
Chessnok: raises $3 to $6
Deuce13-09: calls $3
*** FLOP *** [6h Jd 9d]
Deuce13-09: checks
Chessnok: bets $3
Deuce13-09: calls $3
*** TURN *** [6h Jd 9d] [3h]
Deuce13-09: checks
Chessnok: bets $6
Deuce13-09: calls $6
*** RIVER *** [6h Jd 9d 3h] [Kd]
Deuce13-09: checks
Chessnok: bets $6
Deuce13-09: folds
Uncalled bet ($6) returned to Chessnok
Chessnok collected $29.50 from pot
Chessnok: doesn't show hand
*** SUMMARY ***
Total pot $30 | Rake $0.50
Board [6h Jd 9d 3h Kd]
Seat 3: Deuce13-09 (big blind) folded on the River
Seat 4: Chessnok (button) (small blind) collected ($29.50)


PokerStars Hand #167323339949:  Hold'em Limit ($3/$6 USD) - 2017/03/09 0:37:44 ET
Table 'Norma' 6-max Seat #4 is the button
Seat 3: Deuce13-09 ($164.74 in chips)
Seat 4: Chessnok ($76.52 in chips)
Chessnok: posts small blind $1
Deuce13-09: posts big blind $3
*** HOLE CARDS ***
Chessnok: folds
Uncalled bet ($2) returned to Deuce13-09
Deuce13-09 collected $2 from pot
Deuce13-09: doesn't show hand
*** SUMMARY ***
Total pot $2 | Rake $0
Seat 3: Deuce13-09 (big blind) collected ($2)
Seat 4: Chessnok (button) (small blind) folded before Flop


PokerStars Hand #167323337125:  Hold'em Limit ($3/$6 USD) - 2017/03/09 0:37:33 ET
Table 'Norma' 6-max Seat #3 is the button
Seat 3: Deuce13-09 ($170.74 in chips)
Seat 4: Chessnok ($70.76 in chips)
Deuce13-09: posts small blind $1
Chessnok: posts big blind $3
*** HOLE CARDS ***
Deuce13-09: raises $3 to $6
Chessnok: calls $3
*** FLOP *** [Jd Ts 9d]
Chessnok: checks
Deuce13-09: checks
*** TURN *** [Jd Ts 9d] [Th]
Chessnok: bets $6
Deuce13-09: folds
Uncalled bet ($6) returned to Chessnok
Chessnok collected $11.76 from pot
Chessnok: doesn't show hand
*** SUMMARY ***
Total pot $12 | Rake $0.24
Board [Jd Ts 9d Th]
Seat 3: Deuce13-09 (button) (small blind) folded on the Turn
Seat 4: Chessnok (big blind) collected ($11.76)


PokerStars Hand #167323329480:  Hold'em Limit ($3/$6 USD) - 2017/03/09 0:37:02 ET
Table 'Norma' 6-max Seat #3 is the button
Seat 3: Deuce13-09 ($156.34 in chips)
Seat 4: Chessnok ($85.76 in chips)
Deuce13-09: posts small blind $1
Chessnok: posts big blind $3
*** HOLE CARDS ***
Deuce13-09: raises $3 to $6
Chessnok: calls $3
*** FLOP *** [As 9h 8d]
Chessnok: checks
Deuce13-09: bets $3
Chessnok: folds
Uncalled bet ($3) returned to Deuce13-09
Deuce13-09 collected $11.76 from pot
*** SUMMARY ***
Total pot $12 | Rake $0.24
Board [As 9h 8d]
Seat 3: Deuce13-09 (button) (small blind) collected ($11.76)
Seat 4: Chessnok (big blind) folded on the Flop


PokerStars Hand #167323324830:  Hold'em Limit ($3/$6 USD) - 2017/03/09 0:36:44 ET
Table 'Norma' 6-max Seat #4 is the button
Seat 3: Deuce13-09 ($147.70 in chips)
Seat 4: Chessnok ($94.76 in chips)
Chessnok: posts small blind $1
Deuce13-09: posts big blind $3
*** HOLE CARDS ***
Chessnok: raises $3 to $6
Deuce13-09: calls $3
*** FLOP *** [8d Td Qh]
Deuce13-09: checks
Chessnok: bets $3
Deuce13-09: calls $3
*** TURN *** [8d Td Qh] [Ah]
Deuce13-09: checks
Chessnok: checks
*** RIVER *** [8d Td Qh Ah] [3s]
Deuce13-09: bets $6
Chessnok: folds
Uncalled bet ($6) returned to Deuce13-09
Deuce13-09 collected $17.64 from pot
*** SUMMARY ***
Total pot $18 | Rake $0.36
Board [8d Td Qh Ah 3s]
Seat 3: Deuce13-09 (big blind) collected ($17.64)
Seat 4: Chessnok (button) (small blind) folded on the River


PokerStars Hand #167323332424:  Hold'em Limit ($3/$6 USD) - 2017/03/09 0:37:14 ET
Table 'Norma' 6-max Seat #4 is the button
Seat 3: Deuce13-09 ($162.10 in chips)
Seat 4: Chessnok ($79.76 in chips)
Chessnok: posts small blind $1
Deuce13-09: posts big blind $3
*** HOLE CARDS ***
Chessnok: raises $3 to $6
Deuce13-09: calls $3
*** FLOP *** [3s Kc 8d]
Deuce13-09: checks
Chessnok: bets $3
Deuce13-09: calls $3
*** TURN *** [3s Kc 8d] [Ts]
Deuce13-09: checks
Chessnok: checks
*** RIVER *** [3s Kc 8d Ts] [7c]
Deuce13-09: bets $6
Chessnok: folds
Uncalled bet ($6) returned to Deuce13-09
Deuce13-09 collected $17.64 from pot
*** SUMMARY ***
Total pot $18 | Rake $0.36
Board [3s Kc 8d Ts 7c]
Seat 3: Deuce13-09 (big blind) collected ($17.64)
Seat 4: Chessnok (button) (small blind) folded on the River


PokerStars Hand #167323340965:  Hold'em Limit ($3/$6 USD) - 2017/03/09 0:37:48 ET
Table 'Norma' 6-max Seat #3 is the button
Seat 3: Deuce13-09 ($165.74 in chips)
Seat 4: Chessnok ($75.52 in chips)
Deuce13-09: posts small blind $1
Chessnok: posts big blind $3
*** HOLE CARDS ***
Deuce13-09: raises $3 to $6
Chessnok: calls $3
*** FLOP *** [2s Kc Td]
Chessnok: checks
Deuce13-09: checks
*** TURN *** [2s Kc Td] [2d]
Chessnok: checks
Deuce13-09: bets $6
Chessnok: folds
Uncalled bet ($6) returned to Deuce13-09
Deuce13-09 collected $11.76 from pot
Deuce13-09: doesn't show hand
*** SUMMARY ***
Total pot $12 | Rake $0.24
Board [2s Kc Td 2d]
Seat 3: Deuce13-09 (button) (small blind) collected ($11.76)
Seat 4: Chessnok (big blind) folded on the Turn


PokerStars Hand #167323353078:  Hold'em Limit ($3/$6 USD) - 2017/03/09 0:38:02 ET
Table 'Norma' 6-max Seat #4 is the button
Seat 3: Deuce13-09 ($171.50 in chips)
Seat 4: Chessnok ($69.52 in chips)
Chessnok: posts small blind $1
Deuce13-09: posts big blind $3
*** HOLE CARDS ***
Chessnok: raises $3 to $6
Deuce13-09: calls $3
*** FLOP *** [Qh 3h Ah]
Deuce13-09: checks
Chessnok: bets $3
Deuce13-09: raises $3 to $6
Chessnok: calls $3
*** TURN *** [Qh 3h Ah] [As]
Deuce13-09: bets $6
Chessnok: calls $6
*** RIVER *** [Qh 3h Ah As] [4c]
Deuce13-09: bets $6
Chessnok: calls $6
*** SHOW DOWN ***
Deuce13-09: shows [3s Ac] (a full house, Aces full of Threes)
Chessnok: mucks hand
Deuce13-09 collected $47.50 from pot
*** SUMMARY ***
Total pot $48 | Rake $0.50
Board [Qh 3h Ah As 4c]
Seat 3: Deuce13-09 (big blind) showed [3s Ac] and won ($47.50) with a full house, Aces full of Threes
Seat 4: Chessnok (button) (small blind) mucked


PokerStars Hand #167323361962:  Hold'em Limit ($3/$6 USD) - 2017/03/09 0:38:38 ET
Table 'Norma' 6-max Seat #3 is the button
Seat 3: Deuce13-09 ($201.76 in chips)
Seat 4: Chessnok ($60 in chips)
Deuce13-09: posts small blind $1
Chessnok: posts big blind $3
*** HOLE CARDS ***
Deuce13-09: raises $3 to $6
Chessnok: folds
Uncalled bet ($3) returned to Deuce13-09
Deuce13-09 collected $6 from pot
Deuce13-09: doesn't show hand
*** SUMMARY ***
Total pot $6 | Rake $0
Seat 3: Deuce13-09 (button) (small blind) collected ($6)
Seat 4: Chessnok (big blind) folded before Flop


PokerStars Hand #167323360557:  Hold'em Limit ($3/$6 USD) - 2017/03/09 0:38:32 ET
Table 'Norma' 6-max Seat #4 is the button
Seat 3: Deuce13-09 ($200.76 in chips)
Seat 4: Chessnok ($60 in chips)
Chessnok: posts small blind $1
Deuce13-09: posts big blind $3
*** HOLE CARDS ***
Chessnok: folds
Uncalled bet ($2) returned to Deuce13-09
Deuce13-09 collected $2 from pot
Deuce13-09: doesn't show hand
*** SUMMARY ***
Total pot $2 | Rake $0
Seat 3: Deuce13-09 (big blind) collected ($2)
Seat 4: Chessnok (button) (small blind) folded before Flop


PokerStars Hand #167323357428:  Hold'em Limit ($3/$6 USD) - 2017/03/09 0:38:20 ET
Table 'Norma' 6-max Seat #3 is the button
Seat 3: Deuce13-09 ($195 in chips)
Seat 4: Chessnok ($60 in chips)
Deuce13-09: posts small blind $1
Chessnok: posts big blind $3
*** HOLE CARDS ***
Deuce13-09: raises $3 to $6
Chessnok: calls $3
*** FLOP *** [3s Qc 3c]
Chessnok: checks
Deuce13-09: checks
*** TURN *** [3s Qc 3c] [Qh]
Chessnok: checks
Deuce13-09: checks
*** RIVER *** [3s Qc 3c Qh] [9c]
Chessnok: checks
Deuce13-09: checks
*** SHOW DOWN ***
Chessnok: shows [5c 4h] (two pair, Queens and Threes)
Deuce13-09: shows [Js Ad] (two pair, Queens and Threes - Ace kicker)
Deuce13-09 collected $11.76 from pot
*** SUMMARY ***
Total pot $12 | Rake $0.24
Board [3s Qc 3c Qh 9c]
Seat 3: Deuce13-09 (button) (small blind) showed [Js Ad] and won ($11.76) with two pair, Queens and Threes
Seat 4: Chessnok (big blind) showed [5c 4h] and lost with two pair, Queens and Threes


PokerStars Hand #167323368831:  Hold'em Limit ($3/$6 USD) - 2017/03/09 0:39:05 ET
Table 'Norma' 6-max Seat #3 is the button
Seat 3: Deuce13-09 ($222.26 in chips)
Seat 4: Chessnok ($60 in chips)
Deuce13-09: posts small blind $1
Chessnok: posts big blind $3
*** HOLE CARDS ***
Deuce13-09: raises $3 to $6
Chessnok: raises $3 to $9
Deuce13-09: raises $3 to $12
Betting is capped
Chessnok: calls $3
*** FLOP *** [As Kc 4c]
Chessnok: bets $3
Deuce13-09: raises $3 to $6
Chessnok: calls $3
*** TURN *** [As Kc 4c] [9d]
Chessnok: checks
Deuce13-09: bets $6
Chessnok: calls $6
*** RIVER *** [As Kc 4c 9d] [Qd]
Chessnok: checks
Deuce13-09: bets $6
Chessnok: calls $6
*** SHOW DOWN ***
Deuce13-09: shows [Ks Ad] (two pair, Aces and Kings)
Chessnok: mucks hand
Deuce13-09 collected $59.50 from pot
*** SUMMARY ***
Total pot $60 | Rake $0.50
Board [As Kc 4c 9d Qd]
Seat 3: Deuce13-09 (button) (small blind) showed [Ks Ad] and won ($59.50) with two pair, Aces and Kings
Seat 4: Chessnok (big blind) mucked


PokerStars Hand #167323374899:  Hold'em Limit ($3/$6 USD) - 2017/03/09 0:39:29 ET
Table 'Norma' 6-max Seat #4 is the button
Seat 3: Deuce13-09 ($251.76 in chips)
Seat 4: Chessnok ($60 in chips)
Chessnok: posts small blind $1
Deuce13-09: posts big blind $3
*** HOLE CARDS ***
Chessnok: raises $3 to $6
Deuce13-09: calls $3
*** FLOP *** [8c Qs Tc]
Deuce13-09: checks
Chessnok: checks
*** TURN *** [8c Qs Tc] [Kh]
Deuce13-09: bets $6
Chessnok: calls $6
*** RIVER *** [8c Qs Tc Kh] [4d]
Deuce13-09: bets $6
Chessnok: folds
Uncalled bet ($6) returned to Deuce13-09
Deuce13-09 collected $23.52 from pot
*** SUMMARY ***
Total pot $24 | Rake $0.48
Board [8c Qs Tc Kh 4d]
Seat 3: Deuce13-09 (big blind) collected ($23.52)
Seat 4: Chessnok (button) (small blind) folded on the River


PokerStars Hand #167323363826:  Hold'em Limit ($3/$6 USD) - 2017/03/09 0:38:45 ET
Table 'Norma' 6-max Seat #4 is the button
Seat 3: Deuce13-09 ($204.76 in chips)
Seat 4: Chessnok ($60 in chips)
Chessnok: posts small blind $1
Deuce13-09: posts big blind $3
*** HOLE CARDS ***
Chessnok: raises $3 to $6
Deuce13-09: calls $3
*** FLOP *** [Jc 7d 3d]
Deuce13-09: checks
Chessnok: bets $3
Deuce13-09: raises $3 to $6
Chessnok: calls $3
*** TURN *** [Jc 7d 3d] [5h]
Deuce13-09: checks
Chessnok: checks
*** RIVER *** [Jc 7d 3d 5h] [Kh]
Deuce13-09: bets $6
Chessnok: calls $6
*** SHOW DOWN ***
Deuce13-09: shows [Th Ks] (a pair of Kings)
Chessnok: mucks hand
Deuce13-09 collected $35.50 from pot
*** SUMMARY ***
Total pot $36 | Rake $0.50
Board [Jc 7d 3d 5h Kh]
Seat 3: Deuce13-09 (big blind) showed [Th Ks] and won ($35.50) with a pair of Kings
Seat 4: Chessnok (button) (small blind) mucked


PokerStars Hand #167323390264:  Hold'em Limit ($3/$6 USD) - 2017/03/09 0:40:32 ET
Table 'Norma' 6-max Seat #3 is the button
Seat 3: Deuce13-09 ($242.04 in chips)
Seat 4: Chessnok ($83.26 in chips)
Deuce13-09: posts small blind $1
Chessnok: posts big blind $3
*** HOLE CARDS ***
Deuce13-09: raises $3 to $6
Chessnok: raises $3 to $9
Deuce13-09: calls $3
*** FLOP *** [9s 5c Ah]
Chessnok: bets $3
Deuce13-09: folds
Uncalled bet ($3) returned to Chessnok
Chessnok collected $17.64 from pot
Chessnok: doesn't show hand
*** SUMMARY ***
Total pot $18 | Rake $0.36
Board [9s 5c Ah]
Seat 3: Deuce13-09 (button) (small blind) folded on the Flop
Seat 4: Chessnok (big blind) collected ($17.64)


PokerStars Hand #167323388114:  Hold'em Limit ($3/$6 USD) - 2017/03/09 0:40:23 ET
Table 'Norma' 6-max Seat #4 is the button
Seat 3: Deuce13-09 ($248.04 in chips)
Seat 4: Chessnok ($77.50 in chips)
Chessnok: posts small blind $1
Deuce13-09: posts big blind $3
*** HOLE CARDS ***
Chessnok: raises $3 to $6
Deuce13-09: calls $3
*** FLOP *** [Qh Th 7h]
Deuce13-09: checks
Chessnok: bets $3
Deuce13-09: folds
Uncalled bet ($3) returned to Chessnok
Chessnok collected $11.76 from pot
Chessnok: doesn't show hand
*** SUMMARY ***
Total pot $12 | Rake $0.24
Board [Qh Th 7h]
Seat 3: Deuce13-09 (big blind) folded on the Flop
Seat 4: Chessnok (button) (small blind) collected ($11.76)


PokerStars Hand #167323385667:  Hold'em Limit ($3/$6 USD) - 2017/03/09 0:40:13 ET
Table 'Norma' 6-max Seat #3 is the button
Seat 3: Deuce13-09 ($242.28 in chips)
Seat 4: Chessnok ($83.50 in chips)
Deuce13-09: posts small blind $1
Chessnok: posts big blind $3
*** HOLE CARDS ***
Deuce13-09: raises $3 to $6
Chessnok: calls $3
*** FLOP *** [6d 5d Kc]
Chessnok: checks
Deuce13-09: bets $3
Chessnok: folds
Uncalled bet ($3) returned to Deuce13-09
Deuce13-09 collected $11.76 from pot
Deuce13-09: doesn't show hand
*** SUMMARY ***
Total pot $12 | Rake $0.24
Board [6d 5d Kc]
Seat 3: Deuce13-09 (button) (small blind) collected ($11.76)
Seat 4: Chessnok (big blind) folded on the Flop


PokerStars Hand #167323380499:  Hold'em Limit ($3/$6 USD) - 2017/03/09 0:39:52 ET
Table 'Norma' 6-max Seat #4 is the button
Seat 3: Deuce13-09 ($266.28 in chips)
Seat 4: Chessnok ($60 in chips)
Chessnok: posts small blind $1
Deuce13-09: posts big blind $3
*** HOLE CARDS ***
Chessnok: raises $3 to $6
Deuce13-09: raises $3 to $9
Chessnok: calls $3
*** FLOP *** [7c Js Ah]
Deuce13-09: checks
Chessnok: bets $3
Deuce13-09: calls $3
*** TURN *** [7c Js Ah] [6c]
Deuce13-09: checks
Chessnok: bets $6
Deuce13-09: calls $6
*** RIVER *** [7c Js Ah 6c] [9s]
Deuce13-09: checks
Chessnok: bets $6
Deuce13-09: calls $6
*** SHOW DOWN ***
Chessnok: shows [Jh 5s] (a pair of Jacks)
Deuce13-09: mucks hand
Chessnok collected $47.50 from pot
*** SUMMARY ***
Total pot $48 | Rake $0.50
Board [7c Js Ah 6c 9s]
Seat 3: Deuce13-09 (big blind) mucked
Seat 4: Chessnok (button) (small blind) showed [Jh 5s] and won ($47.50) with a pair of Jacks


PokerStars Hand #167323379056:  Hold'em Limit ($3/$6 USD) - 2017/03/09 0:39:46 ET
Table 'Norma' 6-max Seat #3 is the button
Seat 3: Deuce13-09 ($263.28 in chips)
Seat 4: Chessnok ($60 in chips)
Deuce13-09: posts small blind $1
Chessnok: posts big blind $3
*** HOLE CARDS ***
Deuce13-09: raises $3 to $6
Chessnok: folds
Uncalled bet ($3) returned to Deuce13-09
Deuce13-09 collected $6 from pot
Deuce13-09: doesn't show hand
*** SUMMARY ***
Total pot $6 | Rake $0
Seat 3: Deuce13-09 (button) (small blind) collected ($6)
Seat 4: Chessnok (big blind) folded before Flop


PokerStars Hand #167323406530:  Hold'em Limit ($3/$6 USD) - 2017/03/09 0:41:37 ET
Table 'Norma' 6-max Seat #4 is the button
Seat 3: Deuce13-09 ($196.80 in chips)
Seat 4: Chessnok ($126.90 in chips)
Chessnok: posts small blind $1
Deuce13-09: posts big blind $3
*** HOLE CARDS ***
Chessnok: raises $3 to $6
Deuce13-09: calls $3
*** FLOP *** [Js 4s 8c]
Deuce13-09: checks
Chessnok: bets $3
Deuce13-09: calls $3
*** TURN *** [Js 4s 8c] [Qh]
Deuce13-09: checks
Chessnok: bets $6
Deuce13-09: folds
Uncalled bet ($6) returned to Chessnok
Chessnok collected $17.64 from pot
Chessnok: doesn't show hand
*** SUMMARY ***
Total pot $18 | Rake $0.36
Board [Js 4s 8c Qh]
Seat 3: Deuce13-09 (big blind) folded on the Turn
Seat 4: Chessnok (button) (small blind) collected ($17.64)


PokerStars Hand #167323404417:  Hold'em Limit ($3/$6 USD) - 2017/03/09 0:41:28 ET
Table 'Norma' 6-max Seat #3 is the button
Seat 3: Deuce13-09 ($191.04 in chips)
Seat 4: Chessnok ($132.90 in chips)
Deuce13-09: posts small blind $1
Chessnok: posts big blind $3
*** HOLE CARDS ***
Deuce13-09: raises $3 to $6
Chessnok: calls $3
*** FLOP *** [4c 6d Ac]
Chessnok: checks
Deuce13-09: bets $3
Chessnok: folds
Uncalled bet ($3) returned to Deuce13-09
Deuce13-09 collected $11.76 from pot
*** SUMMARY ***
Total pot $12 | Rake $0.24
Board [4c 6d Ac]
Seat 3: Deuce13-09 (button) (small blind) collected ($11.76)
Seat 4: Chessnok (big blind) folded on the Flop


PokerStars Hand #167323403191:  Hold'em Limit ($3/$6 USD) - 2017/03/09 0:41:23 ET
Table 'Norma' 6-max Seat #4 is the button
Seat 3: Deuce13-09 ($194.04 in chips)
Seat 4: Chessnok ($129.90 in chips)
Chessnok: posts small blind $1
Deuce13-09: posts big blind $3
*** HOLE CARDS ***
Chessnok: raises $3 to $6
Deuce13-09: folds
Uncalled bet ($3) returned to Chessnok
Chessnok collected $6 from pot
Chessnok: doesn't show hand
*** SUMMARY ***
Total pot $6 | Rake $0
Seat 3: Deuce13-09 (big blind) folded before Flop
Seat 4: Chessnok (button) (small blind) collected ($6)


PokerStars Hand #167323397720:  Hold'em Limit ($3/$6 USD) - 2017/03/09 0:41:02 ET
Table 'Norma' 6-max Seat #3 is the button
Seat 3: Deuce13-09 ($218.04 in chips)
Seat 4: Chessnok ($106.40 in chips)
Deuce13-09: posts small blind $1
Chessnok: posts big blind $3
*** HOLE CARDS ***
Deuce13-09: raises $3 to $6
Chessnok: raises $3 to $9
Deuce13-09: calls $3
*** FLOP *** [6d 5h 3s]
Chessnok: bets $3
Deuce13-09: calls $3
*** TURN *** [6d 5h 3s] [3d]
Chessnok: bets $6
Deuce13-09: calls $6
*** RIVER *** [6d 5h 3s 3d] [9c]
Chessnok: bets $6
Deuce13-09: calls $6
*** SHOW DOWN ***
Chessnok: shows [Ad Ah] (two pair, Aces and Threes)
Deuce13-09: mucks hand
Chessnok collected $47.50 from pot
*** SUMMARY ***
Total pot $48 | Rake $0.50
Board [6d 5h 3s 3d 9c]
Seat 3: Deuce13-09 (button) (small blind) mucked
Seat 4: Chessnok (big blind) showed [Ad Ah] and won ($47.50) with two pair, Aces and Threes


PokerStars Hand #167323393014:  Hold'em Limit ($3/$6 USD) - 2017/03/09 0:40:43 ET
Table 'Norma' 6-max Seat #4 is the button
Seat 3: Deuce13-09 ($233.04 in chips)
Seat 4: Chessnok ($91.90 in chips)
Chessnok: posts small blind $1
Deuce13-09: posts big blind $3
*** HOLE CARDS ***
Chessnok: raises $3 to $6
Deuce13-09: calls $3
*** FLOP *** [7h 8d 8c]
Deuce13-09: checks
Chessnok: bets $3
Deuce13-09: calls $3
*** TURN *** [7h 8d 8c] [9h]
Deuce13-09: checks
Chessnok: checks
*** RIVER *** [7h 8d 8c 9h] [Qs]
Deuce13-09: bets $6
Chessnok: raises $6 to $12
Deuce13-09: folds
Uncalled bet ($6) returned to Chessnok
Chessnok collected $29.50 from pot
Chessnok: doesn't show hand
*** SUMMARY ***
Total pot $30 | Rake $0.50
Board [7h 8d 8c 9h Qs]
Seat 3: Deuce13-09 (big blind) folded on the River
Seat 4: Chessnok (button) (small blind) collected ($29.50)


PokerStars Hand #167323411600:  Hold'em Limit ($3/$6 USD) - 2017/03/09 0:41:57 ET
Table 'Norma' 6-max Seat #4 is the button
Seat 3: Deuce13-09 ($186.80 in chips)
Seat 4: Chessnok ($136.54 in chips)
Chessnok: posts small blind $1
Deuce13-09: posts big blind $3
*** HOLE CARDS ***
Chessnok: raises $3 to $6
Deuce13-09: raises $3 to $9
Chessnok: calls $3
*** FLOP *** [8h 2h 5d]
Deuce13-09: bets $3
Chessnok: calls $3
*** TURN *** [8h 2h 5d] [9h]
Deuce13-09: checks
Chessnok: bets $6
Deuce13-09: raises $6 to $12
Chessnok: raises $6 to $18
Deuce13-09: calls $6
*** RIVER *** [8h 2h 5d 9h] [Qc]
Deuce13-09: checks
Chessnok: bets $6
Deuce13-09: calls $6
*** SHOW DOWN ***
Chessnok: shows [9d Ah] (a pair of Nines)
Deuce13-09: shows [Jh Jd] (a pair of Jacks)
Deuce13-09 collected $71.50 from pot
*** SUMMARY ***
Total pot $72 | Rake $0.50
Board [8h 2h 5d 9h Qc]
Seat 3: Deuce13-09 (big blind) showed [Jh Jd] and won ($71.50) with a pair of Jacks
Seat 4: Chessnok (button) (small blind) showed [9d Ah] and lost with a pair of Nines


PokerStars Hand #167323410362:  Hold'em Limit ($3/$6 USD) - 2017/03/09 0:41:52 ET
Table 'Norma' 6-max Seat #3 is the button
Seat 3: Deuce13-09 ($187.80 in chips)
Seat 4: Chessnok ($135.54 in chips)
Deuce13-09: posts small blind $1
Chessnok: posts big blind $3
*** HOLE CARDS ***
Deuce13-09: folds
Uncalled bet ($2) returned to Chessnok
Chessnok collected $2 from pot
Chessnok: doesn't show hand
*** SUMMARY ***
Total pot $2 | Rake $0
Seat 3: Deuce13-09 (button) (small blind) folded before Flop
Seat 4: Chessnok (big blind) collected ($2)


PokerStars Hand #167323422574:  Hold'em Limit ($3/$6 USD) - 2017/03/09 0:42:41 ET
Table 'Norma' 6-max Seat #4 is the button
Seat 3: Deuce13-09 ($239.80 in chips)
Seat 4: Chessnok ($82.54 in chips)
Chessnok: posts small blind $1
Deuce13-09: posts big blind $3
*** HOLE CARDS ***
Chessnok: folds
Uncalled bet ($2) returned to Deuce13-09
Deuce13-09 collected $2 from pot
*** SUMMARY ***
Total pot $2 | Rake $0
Seat 3: Deuce13-09 (big blind) collected ($2)
Seat 4: Chessnok (button) (small blind) folded before Flop


PokerStars Hand #167323429638:  Hold'em Limit ($3/$6 USD) - 2017/03/09 0:43:10 ET
Table 'Norma' 6-max Seat #4 is the button
Seat 3: Deuce13-09 ($222.80 in chips)
Seat 4: Chessnok ($99.04 in chips)
Chessnok: posts small blind $1
Deuce13-09: posts big blind $3
*** HOLE CARDS ***
Chessnok: folds
Uncalled bet ($2) returned to Deuce13-09
Deuce13-09 collected $2 from pot
*** SUMMARY ***
Total pot $2 | Rake $0
Seat 3: Deuce13-09 (big blind) collected ($2)
Seat 4: Chessnok (button) (small blind) folded before Flop


PokerStars Hand #167323423629:  Hold'em Limit ($3/$6 USD) - 2017/03/09 0:42:46 ET
Table 'Norma' 6-max Seat #3 is the button
Seat 3: Deuce13-09 ($240.80 in chips)
Seat 4: Chessnok ($81.54 in chips)
Deuce13-09: posts small blind $1
Chessnok: posts big blind $3
*** HOLE CARDS ***
Deuce13-09: raises $3 to $6
Chessnok: raises $3 to $9
Deuce13-09: calls $3
*** FLOP *** [Jd 4s Qh]
Chessnok: bets $3
Deuce13-09: calls $3
*** TURN *** [Jd 4s Qh] [4h]
Chessnok: checks
Deuce13-09: checks
*** RIVER *** [Jd 4s Qh 4h] [5c]
Chessnok: bets $6
Deuce13-09: calls $6
*** SHOW DOWN ***
Chessnok: shows [9d 9c] (two pair, Nines and Fours)
Deuce13-09: mucks hand
Chessnok collected $35.50 from pot
*** SUMMARY ***
Total pot $36 | Rake $0.50
Board [Jd 4s Qh 4h 5c]
Seat 3: Deuce13-09 (button) (small blind) mucked
Seat 4: Chessnok (big blind) showed [9d 9c] and won ($35.50) with two pair, Nines and Fours


PokerStars Hand #167323430935:  Hold'em Limit ($3/$6 USD) - 2017/03/09 0:43:15 ET
Table 'Norma' 6-max Seat #3 is the button
Seat 3: Deuce13-09 ($223.80 in chips)
Seat 4: Chessnok ($98.04 in chips)
Deuce13-09: posts small blind $1
Chessnok: posts big blind $3
*** HOLE CARDS ***
Deuce13-09: raises $3 to $6
Chessnok: raises $3 to $9
Deuce13-09: calls $3
*** FLOP *** [6d Jc 9s]
Chessnok: bets $3
Deuce13-09: calls $3
*** TURN *** [6d Jc 9s] [9c]
Chessnok: bets $6
Deuce13-09: raises $6 to $12
Chessnok: calls $6
*** RIVER *** [6d Jc 9s 9c] [3s]
Chessnok: checks
Deuce13-09: bets $6
Chessnok: folds
Uncalled bet ($6) returned to Deuce13-09
Deuce13-09 collected $47.50 from pot
Deuce13-09: doesn't show hand
*** SUMMARY ***
Total pot $48 | Rake $0.50
Board [6d Jc 9s 9c 3s]
Seat 3: Deuce13-09 (button) (small blind) collected ($47.50)
Seat 4: Chessnok (big blind) folded on the River


PokerStars Hand #167323444607:  Hold'em Limit ($3/$6 USD) - 2017/03/09 0:44:11 ET
Table 'Norma' 6-max Seat #4 is the button
Seat 3: Deuce13-09 ($260.80 in chips)
Seat 4: Chessnok ($61 in chips)
Chessnok: posts small blind $1
Deuce13-09: posts big blind $3
*** HOLE CARDS ***
Chessnok: raises $3 to $6
Deuce13-09: raises $3 to $9
Chessnok: calls $3
*** FLOP *** [Ks 3s 4s]
Deuce13-09: bets $3
Chessnok: folds
Uncalled bet ($3) returned to Deuce13-09
Deuce13-09 collected $17.64 from pot
Deuce13-09: doesn't show hand
*** SUMMARY ***
Total pot $18 | Rake $0.36
Board [Ks 3s 4s]
Seat 3: Deuce13-09 (big blind) collected ($17.64)
Seat 4: Chessnok (button) (small blind) folded on the Flop


PokerStars Hand #167323442796:  Hold'em Limit ($3/$6 USD) - 2017/03/09 0:44:03 ET
Table 'Norma' 6-max Seat #3 is the button
Seat 3: Deuce13-09 ($257.80 in chips)
Seat 4: Chessnok ($64 in chips)
Deuce13-09: posts small blind $1
Chessnok: posts big blind $3
*** HOLE CARDS ***
Deuce13-09: raises $3 to $6
Chessnok: folds
Uncalled bet ($3) returned to Deuce13-09
Deuce13-09 collected $6 from pot
Deuce13-09: doesn't show hand
*** SUMMARY ***
Total pot $6 | Rake $0
Seat 3: Deuce13-09 (button) (small blind) collected ($6)
Seat 4: Chessnok (big blind) folded before Flop


PokerStars Hand #167323441460:  Hold'em Limit ($3/$6 USD) - 2017/03/09 0:43:58 ET
Table 'Norma' 6-max Seat #4 is the button
Seat 3: Deuce13-09 ($260.80 in chips)
Seat 4: Chessnok ($61 in chips)
Chessnok: posts small blind $1
Deuce13-09: posts big blind $3
*** HOLE CARDS ***
Chessnok: raises $3 to $6
Deuce13-09: folds
Uncalled bet ($3) returned to Chessnok
Chessnok collected $6 from pot
Chessnok: doesn't show hand
*** SUMMARY ***
Total pot $6 | Rake $0
Seat 3: Deuce13-09 (big blind) folded before Flop
Seat 4: Chessnok (button) (small blind) collected ($6)


PokerStars Hand #167323449276:  Hold'em Limit ($3/$6 USD) - 2017/03/09 0:44:29 ET
Table 'Norma' 6-max Seat #3 is the button
Seat 3: Deuce13-09 ($265.44 in chips)
Seat 4: Chessnok ($64 in chips)
Deuce13-09: posts small blind $1
Chessnok: posts big blind $3
*** HOLE CARDS ***
Deuce13-09: folds
Uncalled bet ($2) returned to Chessnok
Chessnok collected $2 from pot
Chessnok: doesn't show hand
*** SUMMARY ***
Total pot $2 | Rake $0
Seat 3: Deuce13-09 (button) (small blind) folded before Flop
Seat 4: Chessnok (big blind) collected ($2)


PokerStars Hand #167323440333:  Hold'em Limit ($3/$6 USD) - 2017/03/09 0:43:53 ET
Table 'Norma' 6-max Seat #3 is the button
Seat 3: Deuce13-09 ($261.80 in chips)
Seat 4: Chessnok ($60 in chips)
Deuce13-09: posts small blind $1
Chessnok: posts big blind $3
*** HOLE CARDS ***
Deuce13-09: folds
Uncalled bet ($2) returned to Chessnok
Chessnok collected $2 from pot
Chessnok: doesn't show hand
*** SUMMARY ***
Total pot $2 | Rake $0
Seat 3: Deuce13-09 (button) (small blind) folded before Flop
Seat 4: Chessnok (big blind) collected ($2)


PokerStars Hand #167323435524:  Hold'em Limit ($3/$6 USD) - 2017/03/09 0:43:34 ET
Table 'Norma' 6-max Seat #4 is the button
Seat 3: Deuce13-09 ($247.30 in chips)
Seat 4: Chessnok ($74.04 in chips)
Chessnok: posts small blind $1
Deuce13-09: posts big blind $3
*** HOLE CARDS ***
Chessnok: raises $3 to $6
Deuce13-09: calls $3
*** FLOP *** [Ts 4c 5c]
Deuce13-09: checks
Chessnok: bets $3
Deuce13-09: calls $3
*** TURN *** [Ts 4c 5c] [9h]
Deuce13-09: checks
Chessnok: bets $6
Deuce13-09: calls $6
*** RIVER *** [Ts 4c 5c 9h] [8h]
Deuce13-09: checks
Chessnok: checks
*** SHOW DOWN ***
Deuce13-09: shows [6d 5d] (a pair of Fives)
Chessnok: mucks hand
Deuce13-09 collected $29.50 from pot
*** SUMMARY ***
Total pot $30 | Rake $0.50
Board [Ts 4c 5c 9h 8h]
Seat 3: Deuce13-09 (big blind) showed [6d 5d] and won ($29.50) with a pair of Fives
Seat 4: Chessnok (button) (small blind) mucked


PokerStars Hand #167323450411:  Hold'em Limit ($3/$6 USD) - 2017/03/09 0:44:34 ET
Table 'Norma' 6-max Seat #4 is the button
Seat 3: Deuce13-09 ($264.44 in chips)
Seat 4: Chessnok ($65 in chips)
Chessnok: posts small blind $1
Deuce13-09: posts big blind $3
*** HOLE CARDS ***
Chessnok: raises $3 to $6
Deuce13-09: calls $3
*** FLOP *** [9h Ac Qh]
Deuce13-09: checks
Chessnok: bets $3
Deuce13-09: calls $3
*** TURN *** [9h Ac Qh] [6s]
Deuce13-09: checks
Chessnok: checks
*** RIVER *** [9h Ac Qh 6s] [5d]
Deuce13-09: bets $6
Chessnok: calls $6
*** SHOW DOWN ***
Deuce13-09: shows [6h 5h] (two pair, Sixes and Fives)
Chessnok: mucks hand
Deuce13-09 collected $29.50 from pot
*** SUMMARY ***
Total pot $30 | Rake $0.50
Board [9h Ac Qh 6s 5d]
Seat 3: Deuce13-09 (big blind) showed [6h 5h] and won ($29.50) with two pair, Sixes and Fives
Seat 4: Chessnok (button) (small blind) mucked


PokerStars Hand #167323448118:  Hold'em Limit ($3/$6 USD) - 2017/03/09 0:44:25 ET
Table 'Norma' 6-max Seat #4 is the button
Seat 3: Deuce13-09 ($268.44 in chips)
Seat 4: Chessnok ($61 in chips)
Chessnok: posts small blind $1
Deuce13-09: posts big blind $3
*** HOLE CARDS ***
Chessnok: raises $3 to $6
Deuce13-09: folds
Uncalled bet ($3) returned to Chessnok
Chessnok collected $6 from pot
Chessnok: doesn't show hand
*** SUMMARY ***
Total pot $6 | Rake $0
Seat 3: Deuce13-09 (big blind) folded before Flop
Seat 4: Chessnok (button) (small blind) collected ($6)


PokerStars Hand #167323446996:  Hold'em Limit ($3/$6 USD) - 2017/03/09 0:44:20 ET
Table 'Norma' 6-max Seat #3 is the button
Seat 3: Deuce13-09 ($269.44 in chips)
Seat 4: Chessnok ($60 in chips)
Deuce13-09: posts small blind $1
Chessnok: posts big blind $3
*** HOLE CARDS ***
Deuce13-09: folds
Uncalled bet ($2) returned to Chessnok
Chessnok collected $2 from pot
Chessnok: doesn't show hand
*** SUMMARY ***
Total pot $2 | Rake $0
Seat 3: Deuce13-09 (button) (small blind) folded before Flop
Seat 4: Chessnok (big blind) collected ($2)


PokerStars Hand #167323454797:  Hold'em Limit ($3/$6 USD) - 2017/03/09 0:44:52 ET
Table 'Norma' 6-max Seat #3 is the button
Seat 3: Deuce13-09 ($278.94 in chips)
Seat 4: Chessnok ($60 in chips)
Deuce13-09: posts small blind $1
Chessnok: posts big blind $3
*** HOLE CARDS ***
Deuce13-09: raises $3 to $6
Chessnok: calls $3
*** FLOP *** [2c Qs Ah]
Chessnok: checks
Deuce13-09: bets $3
Chessnok: folds
Uncalled bet ($3) returned to Deuce13-09
Deuce13-09 collected $11.76 from pot
*** SUMMARY ***
Total pot $12 | Rake $0.24
Board [2c Qs Ah]
Seat 3: Deuce13-09 (button) (small blind) collected ($11.76)
Seat 4: Chessnok (big blind) folded on the Flop


PokerStars Hand #167323457264:  Hold'em Limit ($3/$6 USD) - 2017/03/09 0:45:02 ET
Table 'Norma' 6-max Seat #4 is the button
Seat 3: Deuce13-09 ($284.70 in chips)
Seat 4: Chessnok ($60 in chips)
Chessnok: posts small blind $1
Deuce13-09: posts big blind $3
*** HOLE CARDS ***
Chessnok: raises $3 to $6
Deuce13-09: folds
Uncalled bet ($3) returned to Chessnok
Chessnok collected $6 from pot
Chessnok: doesn't show hand
*** SUMMARY ***
Total pot $6 | Rake $0
Seat 3: Deuce13-09 (big blind) folded before Flop
Seat 4: Chessnok (button) (small blind) collected ($6)


PokerStars Hand #167323460842:  Hold'em Limit ($3/$6 USD) - 2017/03/09 0:45:17 ET
Table 'Norma' 6-max Seat #4 is the button
Seat 3: Deuce13-09 ($272.70 in chips)
Seat 4: Chessnok ($71.64 in chips)
Chessnok: posts small blind $1
Deuce13-09: posts big blind $3
*** HOLE CARDS ***
Chessnok: raises $3 to $6
Deuce13-09: calls $3
*** FLOP *** [8d As Jd]
Deuce13-09: checks
Chessnok: bets $3
Deuce13-09: folds
Uncalled bet ($3) returned to Chessnok
Chessnok collected $11.76 from pot
Chessnok: doesn't show hand
*** SUMMARY ***
Total pot $12 | Rake $0.24
Board [8d As Jd]
Seat 3: Deuce13-09 (big blind) folded on the Flop
Seat 4: Chessnok (button) (small blind) collected ($11.76)


PokerStars Hand #167323463274:  Hold'em Limit ($3/$6 USD) - 2017/03/09 0:45:27 ET
Table 'Norma' 6-max Seat #3 is the button
Seat 3: Deuce13-09 ($266.70 in chips)
Seat 4: Chessnok ($77.40 in chips)
Deuce13-09: posts small blind $1
Chessnok: posts big blind $3
*** HOLE CARDS ***
Deuce13-09: raises $3 to $6
Chessnok: calls $3
*** FLOP *** [Jh 9s 2c]
Chessnok: checks
Deuce13-09: bets $3
Chessnok: calls $3
*** TURN *** [Jh 9s 2c] [3h]
Chessnok: checks
Deuce13-09: bets $6
Chessnok: calls $6
*** RIVER *** [Jh 9s 2c 3h] [8h]
Chessnok: checks
Deuce13-09: checks
*** SHOW DOWN ***
Chessnok: shows [5s Kh] (high card King)
Deuce13-09: shows [9h Ad] (a pair of Nines)
Deuce13-09 collected $29.50 from pot
*** SUMMARY ***
Total pot $30 | Rake $0.50
Board [Jh 9s 2c 3h 8h]
Seat 3: Deuce13-09 (button) (small blind) showed [9h Ad] and won ($29.50) with a pair of Nines
Seat 4: Chessnok (big blind) showed [5s Kh] and lost with high card King


PokerStars Hand #167323467671:  Hold'em Limit ($3/$6 USD) - 2017/03/09 0:45:45 ET
Table 'Norma' 6-max Seat #4 is the button
Seat 3: Deuce13-09 ($281.20 in chips)
Seat 4: Chessnok ($62.40 in chips)
Chessnok: posts small blind $1
Deuce13-09: posts big blind $3
*** HOLE CARDS ***
Chessnok: raises $3 to $6
Deuce13-09: raises $3 to $9
Chessnok: calls $3
*** FLOP *** [4h Ks 3c]
Deuce13-09: checks
Chessnok: bets $3
Deuce13-09: calls $3
*** TURN *** [4h Ks 3c] [Jc]
Deuce13-09: checks
Chessnok: bets $6
Deuce13-09: calls $6
*** RIVER *** [4h Ks 3c Jc] [6c]
Deuce13-09: checks
Chessnok: bets $6
Deuce13-09: raises $6 to $12
Chessnok: raises $6 to $18
Deuce13-09: raises $6 to $24
Betting is capped
Chessnok: calls $6
*** SHOW DOWN ***
Deuce13-09: shows [Tc Ac] (a flush, Ace high)
Chessnok: mucks hand
Deuce13-09 collected $83.50 from pot
*** SUMMARY ***
Total pot $84 | Rake $0.50
Board [4h Ks 3c Jc 6c]
Seat 3: Deuce13-09 (big blind) showed [Tc Ac] and won ($83.50) with a flush, Ace high
Seat 4: Chessnok (button) (small blind) mucked


PokerStars Hand #167323477914:  Hold'em Limit ($3/$6 USD) - 2017/03/09 0:46:26 ET
Table 'Norma' 6-max Seat #4 is the button
Seat 3: Deuce13-09 ($321.70 in chips)
Seat 4: Chessnok ($61 in chips)
Chessnok: posts small blind $1
Deuce13-09: posts big blind $3
*** HOLE CARDS ***
Chessnok: raises $3 to $6
Deuce13-09: folds
Uncalled bet ($3) returned to Chessnok
Chessnok collected $6 from pot
Chessnok: doesn't show hand
*** SUMMARY ***
Total pot $6 | Rake $0
Seat 3: Deuce13-09 (big blind) folded before Flop
Seat 4: Chessnok (button) (small blind) collected ($6)


PokerStars Hand #167323476596:  Hold'em Limit ($3/$6 USD) - 2017/03/09 0:46:21 ET
Table 'Norma' 6-max Seat #3 is the button
Seat 3: Deuce13-09 ($322.70 in chips)
Seat 4: Chessnok ($60 in chips)
Deuce13-09: posts small blind $1
Chessnok: posts big blind $3
*** HOLE CARDS ***
Deuce13-09: folds
Uncalled bet ($2) returned to Chessnok
Chessnok collected $2 from pot
Chessnok: doesn't show hand
*** SUMMARY ***
Total pot $2 | Rake $0
Seat 3: Deuce13-09 (button) (small blind) folded before Flop
Seat 4: Chessnok (big blind) collected ($2)


PokerStars Hand #167323493318:  Hold'em Limit ($3/$6 USD) - 2017/03/09 0:47:30 ET
Table 'Norma' 6-max Seat #6 is the button
Seat 4: Chessnok ($132 in chips)
Seat 6: radnesh007 ($72.22 in chips)
radnesh007: posts small blind $1
Chessnok: posts big blind $3
*** HOLE CARDS ***
radnesh007: raises $3 to $6
Chessnok: calls $3
*** FLOP *** [2s Th 5c]
Chessnok: checks
radnesh007: bets $3
Chessnok: calls $3
*** TURN *** [2s Th 5c] [4s]
Chessnok: checks
radnesh007: checks
*** RIVER *** [2s Th 5c 4s] [Kc]
Chessnok: bets $6
radnesh007: folds
Uncalled bet ($6) returned to Chessnok
Chessnok collected $17.64 from pot
Chessnok: doesn't show hand
*** SUMMARY ***
Total pot $18 | Rake $0.36
Board [2s Th 5c 4s Kc]
Seat 4: Chessnok (big blind) collected ($17.64)
Seat 6: radnesh007 (button) (small blind) folded on the River


PokerStars Hand #167323486542:  Hold'em Limit ($3/$6 USD) - 2017/03/09 0:47:02 ET
Table 'Norma' 6-max Seat #4 is the button
Seat 3: Deuce13-09 ($264.70 in chips)
Seat 4: Chessnok ($117.50 in chips)
Chessnok: posts small blind $1
Deuce13-09: posts big blind $3
*** HOLE CARDS ***
Chessnok: raises $3 to $6
Deuce13-09: calls $3
*** FLOP *** [7c Qs Jh]
Deuce13-09: checks
Chessnok: bets $3
Deuce13-09: calls $3
*** TURN *** [7c Qs Jh] [3d]
Deuce13-09: checks
Chessnok: bets $6
Deuce13-09: calls $6
*** RIVER *** [7c Qs Jh 3d] [As]
Deuce13-09: checks
Chessnok: bets $6
Deuce13-09: folds
Uncalled bet ($6) returned to Chessnok
radnesh007 joins the table at seat #6
Chessnok collected $29.50 from pot
Chessnok: doesn't show hand
*** SUMMARY ***
Total pot $30 | Rake $0.50
Board [7c Qs Jh 3d As]
Seat 3: Deuce13-09 (big blind) folded on the River
Seat 4: Chessnok (button) (small blind) collected ($29.50)


PokerStars Hand #167323479127:  Hold'em Limit ($3/$6 USD) - 2017/03/09 0:46:31 ET
Table 'Norma' 6-max Seat #3 is the button
Seat 3: Deuce13-09 ($318.70 in chips)
Seat 4: Chessnok ($64 in chips)
Deuce13-09: posts small blind $1
Chessnok: posts big blind $3
*** HOLE CARDS ***
Deuce13-09: raises $3 to $6
Chessnok: calls $3
*** FLOP *** [4d Kh 8s]
Chessnok: checks
Deuce13-09: bets $3
Chessnok: raises $3 to $6
Deuce13-09: raises $3 to $9
Chessnok: raises $3 to $12
Betting is capped
Deuce13-09: calls $3
*** TURN *** [4d Kh 8s] [2d]
Chessnok: bets $6
Deuce13-09: raises $6 to $12
Chessnok: calls $6
*** RIVER *** [4d Kh 8s 2d] [Jd]
Chessnok: checks
Deuce13-09: bets $6
Chessnok: raises $6 to $12
Deuce13-09: raises $6 to $18
Chessnok: raises $6 to $24
Betting is capped
Deuce13-09: calls $6
*** SHOW DOWN ***
Chessnok: shows [6d 9d] (a flush, Jack high)
Deuce13-09: mucks hand
Chessnok collected $107.50 from pot
*** SUMMARY ***
Total pot $108 | Rake $0.50
Board [4d Kh 8s 2d Jd]
Seat 3: Deuce13-09 (button) (small blind) mucked
Seat 4: Chessnok (big blind) showed [6d 9d] and won ($107.50) with a flush, Jack high


PokerStars Hand #167323509124:  Hold'em Limit ($3/$6 USD) - 2017/03/09 0:48:34 ET
Table 'Norma' 6-max Seat #4 is the button
Seat 4: Chessnok ($128.16 in chips)
Seat 6: radnesh007 ($74.72 in chips)
Chessnok: posts small blind $1
radnesh007: posts big blind $3
*** HOLE CARDS ***
Chessnok: raises $3 to $6
radnesh007: calls $3
*** FLOP *** [8c 9d Ac]
radnesh007: checks
Chessnok: bets $3
radnesh007: calls $3
*** TURN *** [8c 9d Ac] [Td]
radnesh007: checks
Chessnok: bets $6
radnesh007: calls $6
*** RIVER *** [8c 9d Ac Td] [Ts]
radnesh007: checks
Chessnok: checks
*** SHOW DOWN ***
radnesh007: shows [2c 8s] (two pair, Tens and Eights)
Chessnok: mucks hand
radnesh007 collected $29.50 from pot
*** SUMMARY ***
Total pot $30 | Rake $0.50
Board [8c 9d Ac Td Ts]
Seat 4: Chessnok (button) (small blind) mucked
Seat 6: radnesh007 (big blind) showed [2c 8s] and won ($29.50) with two pair, Tens and Eights


PokerStars Hand #167323497973:  Hold'em Limit ($3/$6 USD) - 2017/03/09 0:47:48 ET
Table 'Norma' 6-max Seat #4 is the button
Seat 4: Chessnok ($140.64 in chips)
Seat 6: radnesh007 ($63.22 in chips)
Chessnok: posts small blind $1
radnesh007: posts big blind $3
*** HOLE CARDS ***
Chessnok: raises $3 to $6
radnesh007: calls $3
*** FLOP *** [2d 9s 7s]
radnesh007: checks
Chessnok: bets $3
radnesh007: raises $3 to $6
Chessnok: calls $3
*** TURN *** [2d 9s 7s] [4d]
radnesh007: bets $6
Chessnok: calls $6
*** RIVER *** [2d 9s 7s 4d] [Td]
radnesh007: bets $6
Chessnok: calls $6
*** SHOW DOWN ***
radnesh007: shows [Qs 9d] (a pair of Nines)
Chessnok: mucks hand
radnesh007 collected $47.50 from pot
*** SUMMARY ***
Total pot $48 | Rake $0.50
Board [2d 9s 7s 4d Td]
Seat 4: Chessnok (button) (small blind) mucked
Seat 6: radnesh007 (big blind) showed [Qs 9d] and won ($47.50) with a pair of Nines


PokerStars Hand #167323502944:  Hold'em Limit ($3/$6 USD) - 2017/03/09 0:48:08 ET
Table 'Norma' 6-max Seat #6 is the button
Seat 4: Chessnok ($116.64 in chips)
Seat 6: radnesh007 ($86.72 in chips)
radnesh007: posts small blind $1
Chessnok: posts big blind $3
*** HOLE CARDS ***
radnesh007: raises $3 to $6
Chessnok: raises $3 to $9
radnesh007: calls $3
*** FLOP *** [7h 3h 7s]
Chessnok: bets $3
radnesh007: calls $3
*** TURN *** [7h 3h 7s] [Ad]
Chessnok: bets $6
radnesh007: folds
Uncalled bet ($6) returned to Chessnok
Chessnok collected $23.52 from pot
Chessnok: doesn't show hand
*** SUMMARY ***
Total pot $24 | Rake $0.48
Board [7h 3h 7s Ad]
Seat 4: Chessnok (big blind) collected ($23.52)
Seat 6: radnesh007 (button) (small blind) folded on the Turn


PokerStars Hand #167323513772:  Hold'em Limit ($3/$6 USD) - 2017/03/09 0:48:53 ET
Table 'Norma' 6-max Seat #6 is the button
Seat 4: Chessnok ($113.16 in chips)
Seat 6: radnesh007 ($89.22 in chips)
radnesh007: posts small blind $1
Chessnok: posts big blind $3
*** HOLE CARDS ***
radnesh007: folds
Uncalled bet ($2) returned to Chessnok
Chessnok collected $2 from pot
Chessnok: doesn't show hand
*** SUMMARY ***
Total pot $2 | Rake $0
Seat 4: Chessnok (big blind) collected ($2)
Seat 6: radnesh007 (button) (small blind) folded before Flop


