PokerStars Hand #144808874105:  Hold'em Limit ($3/$6 USD) - 2015/12/04 10:37:30 ET
Table 'Norma' 2-max Seat #1 is the button
Seat 1: melyh82 ($75.12 in chips)
Seat 2: punkrott ($85.98 in chips)
melyh82: posts small blind $1
punkrott: posts big blind $3
*** HOLE CARDS ***
melyh82: folds
Uncalled bet ($2) returned to punkrott
punkrott collected $2 from pot
punkrott: doesn't show hand
*** SUMMARY ***
Total pot $2 | Rake $0
Seat 1: melyh82 (button) (small blind) folded before Flop
Seat 2: punkrott (big blind) collected ($2)


PokerStars Hand #144808863975:  Hold'em Limit ($3/$6 USD) - 2015/12/04 10:37:17 ET
Table 'Norma' 2-max Seat #2 is the button
Seat 1: melyh82 ($48.62 in chips)
Seat 2: punkrott ($112.98 in chips)
punkrott: posts small blind $1
melyh82: posts big blind $3
*** HOLE CARDS ***
punkrott: raises $3 to $6
melyh82: calls $3
*** FLOP *** [5h 7s 6h]
melyh82: checks
punkrott: bets $3
melyh82: calls $3
*** TURN *** [5h 7s 6h] [5s]
melyh82: checks
punkrott: bets $6
melyh82: raises $6 to $12
punkrott: calls $6
*** RIVER *** [5h 7s 6h 5s] [3d]
melyh82: bets $6
punkrott: calls $6
*** SHOW DOWN ***
melyh82: shows [Jh 5d] (three of a kind, Fives)
punkrott: mucks hand
melyh82 collected $53.50 from pot
*** SUMMARY ***
Total pot $54 | Rake $0.50
Board [5h 7s 6h 5s 3d]
Seat 1: melyh82 (big blind) showed [Jh 5d] and won ($53.50) with three of a kind, Fives
Seat 2: punkrott (button) (small blind) mucked


PokerStars Hand #144808877618:  Hold'em Limit ($3/$6 USD) - 2015/12/04 10:37:35 ET
Table 'Norma' 2-max Seat #2 is the button
Seat 1: melyh82 ($74.12 in chips)
Seat 2: punkrott ($86.98 in chips)
punkrott: posts small blind $1
melyh82: posts big blind $3
*** HOLE CARDS ***
punkrott: raises $3 to $6
melyh82: raises $3 to $9
punkrott: calls $3
*** FLOP *** [4c 8s 8c]
melyh82: bets $3
punkrott: calls $3
*** TURN *** [4c 8s 8c] [Qd]
melyh82: bets $6
punkrott: calls $6
*** RIVER *** [4c 8s 8c Qd] [Td]
melyh82: bets $6
punkrott: calls $6
*** SHOW DOWN ***
melyh82: shows [9d 9c] (two pair, Nines and Eights)
punkrott: mucks hand
melyh82 collected $47.50 from pot
*** SUMMARY ***
Total pot $48 | Rake $0.50
Board [4c 8s 8c Qd Td]
Seat 1: melyh82 (big blind) showed [9d 9c] and won ($47.50) with two pair, Nines and Eights
Seat 2: punkrott (button) (small blind) mucked


PokerStars Hand #144808886654:  Hold'em Limit ($3/$6 USD) - 2015/12/04 10:37:47 ET
Table 'Norma' 2-max Seat #1 is the button
Seat 1: melyh82 ($97.62 in chips)
Seat 2: punkrott ($62.98 in chips)
melyh82: posts small blind $1
punkrott: posts big blind $3
*** HOLE CARDS ***
melyh82: raises $3 to $6
punkrott: calls $3
*** FLOP *** [2s 4c 2c]
punkrott: checks
melyh82: bets $3
punkrott: folds
Uncalled bet ($3) returned to melyh82
melyh82 collected $11.76 from pot
melyh82: doesn't show hand
*** SUMMARY ***
Total pot $12 | Rake $0.24
Board [2s 4c 2c]
Seat 1: melyh82 (button) (small blind) collected ($11.76)
Seat 2: punkrott (big blind) folded on the Flop


PokerStars Hand #144808893334:  Hold'em Limit ($3/$6 USD) - 2015/12/04 10:37:56 ET
Table 'Norma' 2-max Seat #2 is the button
Seat 1: melyh82 ($103.38 in chips)
Seat 2: punkrott ($56.98 in chips)
punkrott: posts small blind $1
melyh82: posts big blind $3
*** HOLE CARDS ***
punkrott: raises $3 to $6
melyh82: calls $3
*** FLOP *** [3c 7c Qh]
melyh82: checks
punkrott: checks
*** TURN *** [3c 7c Qh] [Ts]
melyh82: checks
punkrott: bets $6
melyh82: folds
Uncalled bet ($6) returned to punkrott
punkrott collected $11.76 from pot
punkrott: doesn't show hand
*** SUMMARY ***
Total pot $12 | Rake $0.24
Board [3c 7c Qh Ts]
Seat 1: melyh82 (big blind) folded on the Turn
Seat 2: punkrott (button) (small blind) collected ($11.76)


PokerStars Hand #144808903040:  Hold'em Limit ($3/$6 USD) - 2015/12/04 10:38:09 ET
Table 'Norma' 2-max Seat #1 is the button
Seat 1: melyh82 ($97.38 in chips)
Seat 2: punkrott ($62.74 in chips)
melyh82: posts small blind $1
punkrott: posts big blind $3
*** HOLE CARDS ***
melyh82: folds
Uncalled bet ($2) returned to punkrott
punkrott collected $2 from pot
punkrott: doesn't show hand
*** SUMMARY ***
Total pot $2 | Rake $0
Seat 1: melyh82 (button) (small blind) folded before Flop
Seat 2: punkrott (big blind) collected ($2)


PokerStars Hand #144808907598:  Hold'em Limit ($3/$6 USD) - 2015/12/04 10:38:15 ET
Table 'Norma' 2-max Seat #2 is the button
Seat 1: melyh82 ($96.38 in chips)
Seat 2: punkrott ($63.74 in chips)
punkrott: posts small blind $1
melyh82: posts big blind $3
*** HOLE CARDS ***
punkrott: raises $3 to $6
melyh82: calls $3
*** FLOP *** [Qs 5c 6h]
melyh82: checks
punkrott: checks
*** TURN *** [Qs 5c 6h] [6s]
melyh82: bets $6
punkrott: raises $6 to $12
melyh82: folds
Uncalled bet ($6) returned to punkrott
punkrott collected $23.52 from pot
punkrott: doesn't show hand
*** SUMMARY ***
Total pot $24 | Rake $0.48
Board [Qs 5c 6h 6s]
Seat 1: melyh82 (big blind) folded on the Turn
Seat 2: punkrott (button) (small blind) collected ($23.52)


PokerStars Hand #144808914324:  Hold'em Limit ($3/$6 USD) - 2015/12/04 10:38:24 ET
Table 'Norma' 2-max Seat #1 is the button
Seat 1: melyh82 ($84.38 in chips)
Seat 2: punkrott ($75.26 in chips)
melyh82: posts small blind $1
punkrott: posts big blind $3
*** HOLE CARDS ***
melyh82: raises $3 to $6
punkrott: raises $3 to $9
melyh82: calls $3
*** FLOP *** [Qs Td 2d]
punkrott: bets $3
melyh82: calls $3
*** TURN *** [Qs Td 2d] [2s]
punkrott: bets $6
melyh82: calls $6
*** RIVER *** [Qs Td 2d 2s] [5s]
punkrott: bets $6
melyh82: calls $6
*** SHOW DOWN ***
punkrott: shows [Qh 9c] (two pair, Queens and Deuces)
melyh82: mucks hand
punkrott collected $47.50 from pot
*** SUMMARY ***
Total pot $48 | Rake $0.50
Board [Qs Td 2d 2s 5s]
Seat 1: melyh82 (button) (small blind) mucked
Seat 2: punkrott (big blind) showed [Qh 9c] and won ($47.50) with two pair, Queens and Deuces


PokerStars Hand #144808923024:  Hold'em Limit ($3/$6 USD) - 2015/12/04 10:38:36 ET
Table 'Norma' 2-max Seat #2 is the button
Seat 1: melyh82 ($60.38 in chips)
Seat 2: punkrott ($98.76 in chips)
punkrott: posts small blind $1
melyh82: posts big blind $3
*** HOLE CARDS ***
punkrott: raises $3 to $6
melyh82: calls $3
*** FLOP *** [3h 4s Ks]
melyh82: checks
punkrott: checks
*** TURN *** [3h 4s Ks] [3d]
melyh82: checks
punkrott: checks
*** RIVER *** [3h 4s Ks 3d] [Td]
melyh82: checks
punkrott: checks
*** SHOW DOWN ***
melyh82: shows [9s 5c] (a pair of Threes)
punkrott: shows [Jc 5d] (a pair of Threes - King+Jack kicker)
punkrott collected $11.76 from pot
*** SUMMARY ***
Total pot $12 | Rake $0.24
Board [3h 4s Ks 3d Td]
Seat 1: melyh82 (big blind) showed [9s 5c] and lost with a pair of Threes
Seat 2: punkrott (button) (small blind) showed [Jc 5d] and won ($11.76) with a pair of Threes


PokerStars Hand #144808930352:  Hold'em Limit ($3/$6 USD) - 2015/12/04 10:38:45 ET
Table 'Norma' 2-max Seat #1 is the button
Seat 1: melyh82 ($54.38 in chips)
Seat 2: punkrott ($104.52 in chips)
melyh82: posts small blind $1
punkrott: posts big blind $3
*** HOLE CARDS ***
melyh82: raises $3 to $6
punkrott: calls $3
*** FLOP *** [9d 8d 7c]
punkrott: checks
melyh82: bets $3
punkrott: calls $3
*** TURN *** [9d 8d 7c] [Td]
punkrott: checks
melyh82: checks
*** RIVER *** [9d 8d 7c Td] [4c]
punkrott: checks
melyh82: bets $6
punkrott: folds
Uncalled bet ($6) returned to melyh82
melyh82 collected $17.64 from pot
melyh82: doesn't show hand
*** SUMMARY ***
Total pot $18 | Rake $0.36
Board [9d 8d 7c Td 4c]
Seat 1: melyh82 (button) (small blind) collected ($17.64)
Seat 2: punkrott (big blind) folded on the River


PokerStars Hand #144808939089:  Hold'em Limit ($3/$6 USD) - 2015/12/04 10:38:57 ET
Table 'Norma' 2-max Seat #2 is the button
Seat 1: melyh82 ($63.02 in chips)
Seat 2: punkrott ($95.52 in chips)
punkrott: posts small blind $1
melyh82: posts big blind $3
*** HOLE CARDS ***
punkrott: raises $3 to $6
melyh82: folds
Uncalled bet ($3) returned to punkrott
punkrott collected $6 from pot
punkrott: doesn't show hand
*** SUMMARY ***
Total pot $6 | Rake $0
Seat 1: melyh82 (big blind) folded before Flop
Seat 2: punkrott (button) (small blind) collected ($6)


PokerStars Hand #144808987737:  Hold'em Limit ($3/$6 USD) - 2015/12/04 10:40:03 ET
Table 'Norma' 2-max Seat #2 is the button
Seat 1: melyh82 ($25.54 in chips)
Seat 2: punkrott ($131.26 in chips)
punkrott: posts small blind $1
melyh82: posts big blind $3
*** HOLE CARDS ***
punkrott: raises $3 to $6
melyh82: calls $3
*** FLOP *** [Ac Kc 3c]
melyh82: checks
punkrott: bets $3
melyh82: folds
Uncalled bet ($3) returned to punkrott
punkrott collected $11.76 from pot
punkrott: doesn't show hand
*** SUMMARY ***
Total pot $12 | Rake $0.24
Board [Ac Kc 3c]
Seat 1: melyh82 (big blind) folded on the Flop
Seat 2: punkrott (button) (small blind) collected ($11.76)


PokerStars Hand #144808977888:  Hold'em Limit ($3/$6 USD) - 2015/12/04 10:39:49 ET
Table 'Norma' 2-max Seat #1 is the button
Seat 1: melyh82 ($13.02 in chips)
Seat 2: punkrott ($144.28 in chips)
melyh82: posts small blind $1
punkrott: posts big blind $3
*** HOLE CARDS ***
melyh82: raises $3 to $6
punkrott: raises $3 to $9
melyh82: calls $3
*** FLOP *** [3h 4s Qs]
punkrott: bets $3
melyh82: raises $1.02 to $4.02 and is all-in
punkrott: calls $1.02
*** TURN *** [3h 4s Qs] [8d]
*** RIVER *** [3h 4s Qs 8d] [Jc]
*** SHOW DOWN ***
punkrott: shows [Ah Jd] (a pair of Jacks)
melyh82: shows [2d Qd] (a pair of Queens)
melyh82 collected $25.54 from pot
*** SUMMARY ***
Total pot $26.04 | Rake $0.50
Board [3h 4s Qs 8d Jc]
Seat 1: melyh82 (button) (small blind) showed [2d Qd] and won ($25.54) with a pair of Queens
Seat 2: punkrott (big blind) showed [Ah Jd] and lost with a pair of Jacks


PokerStars Hand #144808942615:  Hold'em Limit ($3/$6 USD) - 2015/12/04 10:39:02 ET
Table 'Norma' 2-max Seat #1 is the button
Seat 1: melyh82 ($60.02 in chips)
Seat 2: punkrott ($98.52 in chips)
melyh82: posts small blind $1
punkrott: posts big blind $3
*** HOLE CARDS ***
melyh82: raises $3 to $6
punkrott: calls $3
*** FLOP *** [8d Js 2h]
punkrott: checks
melyh82: bets $3
punkrott: calls $3
*** TURN *** [8d Js 2h] [7d]
punkrott: checks
melyh82: bets $6
punkrott: raises $6 to $12
melyh82: calls $6
*** RIVER *** [8d Js 2h 7d] [Td]
punkrott: bets $6
melyh82: calls $6
*** SHOW DOWN ***
punkrott: shows [9h Ts] (a straight, Seven to Jack)
melyh82: mucks hand
punkrott collected $53.50 from pot
*** SUMMARY ***
Total pot $54 | Rake $0.50
Board [8d Js 2h 7d Td]
Seat 1: melyh82 (button) (small blind) mucked
Seat 2: punkrott (big blind) showed [9h Ts] and won ($53.50) with a straight, Seven to Jack


PokerStars Hand #144808959384:  Hold'em Limit ($3/$6 USD) - 2015/12/04 10:39:25 ET
Table 'Norma' 2-max Seat #1 is the button
Seat 1: melyh82 ($27.02 in chips)
Seat 2: punkrott ($130.78 in chips)
melyh82: posts small blind $1
punkrott: posts big blind $3
*** HOLE CARDS ***
melyh82: folds
Uncalled bet ($2) returned to punkrott
punkrott collected $2 from pot
punkrott: doesn't show hand
*** SUMMARY ***
Total pot $2 | Rake $0
Seat 1: melyh82 (button) (small blind) folded before Flop
Seat 2: punkrott (big blind) collected ($2)


PokerStars Hand #144808953803:  Hold'em Limit ($3/$6 USD) - 2015/12/04 10:39:17 ET
Table 'Norma' 2-max Seat #2 is the button
Seat 1: melyh82 ($33.02 in chips)
Seat 2: punkrott ($125.02 in chips)
punkrott: posts small blind $1
melyh82: posts big blind $3
*** HOLE CARDS ***
punkrott: raises $3 to $6
melyh82: calls $3
*** FLOP *** [Js Kd Td]
melyh82: checks
punkrott: bets $3
melyh82: folds
Uncalled bet ($3) returned to punkrott
punkrott collected $11.76 from pot
punkrott: doesn't show hand
*** SUMMARY ***
Total pot $12 | Rake $0.24
Board [Js Kd Td]
Seat 1: melyh82 (big blind) folded on the Flop
Seat 2: punkrott (button) (small blind) collected ($11.76)


PokerStars Hand #144808962783:  Hold'em Limit ($3/$6 USD) - 2015/12/04 10:39:29 ET
Table 'Norma' 2-max Seat #2 is the button
Seat 1: melyh82 ($26.02 in chips)
Seat 2: punkrott ($131.78 in chips)
punkrott: posts small blind $1
melyh82: posts big blind $3
*** HOLE CARDS ***
punkrott: folds
Uncalled bet ($2) returned to melyh82
melyh82 collected $2 from pot
melyh82: doesn't show hand
*** SUMMARY ***
Total pot $2 | Rake $0
Seat 1: melyh82 (big blind) collected ($2)
Seat 2: punkrott (button) (small blind) folded before Flop


PokerStars Hand #144808974680:  Hold'em Limit ($3/$6 USD) - 2015/12/04 10:39:45 ET
Table 'Norma' 2-max Seat #2 is the button
Seat 1: melyh82 ($12.02 in chips)
Seat 2: punkrott ($145.28 in chips)
punkrott: posts small blind $1
melyh82: posts big blind $3
*** HOLE CARDS ***
punkrott: folds
Uncalled bet ($2) returned to melyh82
melyh82 collected $2 from pot
melyh82: doesn't show hand
*** SUMMARY ***
Total pot $2 | Rake $0
Seat 1: melyh82 (big blind) collected ($2)
Seat 2: punkrott (button) (small blind) folded before Flop


PokerStars Hand #144808965585:  Hold'em Limit ($3/$6 USD) - 2015/12/04 10:39:33 ET
Table 'Norma' 2-max Seat #1 is the button
Seat 1: melyh82 ($27.02 in chips)
Seat 2: punkrott ($130.78 in chips)
melyh82: posts small blind $1
punkrott: posts big blind $3
*** HOLE CARDS ***
melyh82: raises $3 to $6
punkrott: calls $3
*** FLOP *** [5s 6c As]
punkrott: checks
melyh82: bets $3
punkrott: raises $3 to $6
melyh82: raises $3 to $9
punkrott: calls $3
*** TURN *** [5s 6c As] [Ah]
punkrott: bets $6
melyh82: folds
Uncalled bet ($6) returned to punkrott
punkrott collected $29.50 from pot
punkrott: doesn't show hand
*** SUMMARY ***
Total pot $30 | Rake $0.50
Board [5s 6c As Ah]
Seat 1: melyh82 (button) (small blind) folded on the Turn
Seat 2: punkrott (big blind) collected ($29.50)


PokerStars Hand #144808993353:  Hold'em Limit ($3/$6 USD) - 2015/12/04 10:40:11 ET
Table 'Norma' 2-max Seat #1 is the button
Seat 1: melyh82 ($19.54 in chips)
Seat 2: punkrott ($137.02 in chips)
melyh82: posts small blind $1
punkrott: posts big blind $3
*** HOLE CARDS ***
melyh82: raises $3 to $6
punkrott: raises $3 to $9
melyh82: raises $3 to $12
Betting is capped
punkrott: calls $3
*** FLOP *** [7c 5d 7s]
punkrott: checks
melyh82: bets $3
punkrott: raises $3 to $6
melyh82: raises $1.54 to $7.54 and is all-in
punkrott: calls $1.54
*** TURN *** [7c 5d 7s] [Qs]
*** RIVER *** [7c 5d 7s Qs] [Ks]
*** SHOW DOWN ***
punkrott: shows [Jd As] (a pair of Sevens)
melyh82: shows [3h 5h] (two pair, Sevens and Fives)
melyh82 collected $38.58 from pot
*** SUMMARY ***
Total pot $39.08 | Rake $0.50
Board [7c 5d 7s Qs Ks]
Seat 1: melyh82 (button) (small blind) showed [3h 5h] and won ($38.58) with two pair, Sevens and Fives
Seat 2: punkrott (big blind) showed [Jd As] and lost with a pair of Sevens


PokerStars Hand #144809005035:  Hold'em Limit ($3/$6 USD) - 2015/12/04 10:40:27 ET
Table 'Norma' 2-max Seat #2 is the button
Seat 1: melyh82 ($38.58 in chips)
Seat 2: punkrott ($117.48 in chips)
punkrott: posts small blind $1
melyh82: posts big blind $3
*** HOLE CARDS ***
punkrott: raises $3 to $6
melyh82: calls $3
*** FLOP *** [4h Jh 8s]
melyh82: checks
punkrott: checks
*** TURN *** [4h Jh 8s] [Th]
melyh82: bets $6
punkrott: calls $6
*** RIVER *** [4h Jh 8s Th] [Ah]
melyh82: checks
punkrott: checks
*** SHOW DOWN ***
melyh82: shows [Js 3c] (a pair of Jacks)
punkrott: mucks hand
melyh82 collected $23.52 from pot
*** SUMMARY ***
Total pot $24 | Rake $0.48
Board [4h Jh 8s Th Ah]
Seat 1: melyh82 (big blind) showed [Js 3c] and won ($23.52) with a pair of Jacks
Seat 2: punkrott (button) (small blind) mucked


PokerStars Hand #144809023868:  Hold'em Limit ($3/$6 USD) - 2015/12/04 10:40:52 ET
Table 'Norma' 2-max Seat #2 is the button
Seat 1: melyh82 ($32.10 in chips)
Seat 2: punkrott ($122.98 in chips)
punkrott: posts small blind $1
melyh82: posts big blind $3
*** HOLE CARDS ***
punkrott: raises $3 to $6
melyh82: folds
Uncalled bet ($3) returned to punkrott
punkrott collected $6 from pot
punkrott: doesn't show hand
*** SUMMARY ***
Total pot $6 | Rake $0
Seat 1: melyh82 (big blind) folded before Flop
Seat 2: punkrott (button) (small blind) collected ($6)


PokerStars Hand #144809013860:  Hold'em Limit ($3/$6 USD) - 2015/12/04 10:40:39 ET
Table 'Norma' 2-max Seat #1 is the button
Seat 1: melyh82 ($50.10 in chips)
Seat 2: punkrott ($105.48 in chips)
melyh82: posts small blind $1
punkrott: posts big blind $3
*** HOLE CARDS ***
melyh82: raises $3 to $6
punkrott: calls $3
*** FLOP *** [7s Th Ad]
punkrott: checks
melyh82: checks
*** TURN *** [7s Th Ad] [Ks]
punkrott: bets $6
melyh82: calls $6
*** RIVER *** [7s Th Ad Ks] [8d]
punkrott: bets $6
melyh82: calls $6
*** SHOW DOWN ***
punkrott: shows [Tc Qd] (a pair of Tens)
melyh82: mucks hand
punkrott collected $35.50 from pot
*** SUMMARY ***
Total pot $36 | Rake $0.50
Board [7s Th Ad Ks 8d]
Seat 1: melyh82 (button) (small blind) mucked
Seat 2: punkrott (big blind) showed [Tc Qd] and won ($35.50) with a pair of Tens


PokerStars Hand #144809027337:  Hold'em Limit ($3/$6 USD) - 2015/12/04 10:40:57 ET
Table 'Norma' 2-max Seat #1 is the button
Seat 1: melyh82 ($29.10 in chips)
Seat 2: punkrott ($125.98 in chips)
melyh82: posts small blind $1
punkrott: posts big blind $3
*** HOLE CARDS ***
melyh82: folds
Uncalled bet ($2) returned to punkrott
punkrott collected $2 from pot
punkrott: doesn't show hand
*** SUMMARY ***
Total pot $2 | Rake $0
Seat 1: melyh82 (button) (small blind) folded before Flop
Seat 2: punkrott (big blind) collected ($2)


PokerStars Hand #144809034590:  Hold'em Limit ($3/$6 USD) - 2015/12/04 10:41:07 ET
Table 'Norma' 2-max Seat #2 is the button
Seat 1: melyh82 ($28.10 in chips)
Seat 2: punkrott ($126.98 in chips)
punkrott: posts small blind $1
melyh82: posts big blind $3
*** HOLE CARDS ***
punkrott: raises $3 to $6
melyh82: calls $3
*** FLOP *** [Th 7d 8s]
melyh82: checks
punkrott: bets $3
melyh82: folds
Uncalled bet ($3) returned to punkrott
punkrott collected $11.76 from pot
punkrott: doesn't show hand
*** SUMMARY ***
Total pot $12 | Rake $0.24
Board [Th 7d 8s]
Seat 1: melyh82 (big blind) folded on the Flop
Seat 2: punkrott (button) (small blind) collected ($11.76)


PokerStars Hand #144809040203:  Hold'em Limit ($3/$6 USD) - 2015/12/04 10:41:14 ET
Table 'Norma' 2-max Seat #1 is the button
Seat 1: melyh82 ($22.10 in chips)
Seat 2: punkrott ($132.74 in chips)
melyh82: posts small blind $1
punkrott: posts big blind $3
*** HOLE CARDS ***
melyh82: raises $3 to $6
punkrott: raises $3 to $9
melyh82: calls $3
*** FLOP *** [5c Td 9d]
punkrott: bets $3
melyh82: raises $3 to $6
punkrott: calls $3
*** TURN *** [5c Td 9d] [3d]
punkrott: checks
melyh82: bets $6
punkrott: folds
Uncalled bet ($6) returned to melyh82
melyh82 collected $29.50 from pot
melyh82: doesn't show hand
*** SUMMARY ***
Total pot $30 | Rake $0.50
Board [5c Td 9d 3d]
Seat 1: melyh82 (button) (small blind) collected ($29.50)
Seat 2: punkrott (big blind) folded on the Turn


PokerStars Hand #144809048821:  Hold'em Limit ($3/$6 USD) - 2015/12/04 10:41:26 ET
Table 'Norma' 2-max Seat #2 is the button
Seat 1: melyh82 ($36.60 in chips)
Seat 2: punkrott ($117.74 in chips)
punkrott: posts small blind $1
melyh82: posts big blind $3
*** HOLE CARDS ***
punkrott: raises $3 to $6
melyh82: raises $3 to $9
punkrott: calls $3
*** FLOP *** [5c 6s Ts]
melyh82: bets $3
punkrott: calls $3
*** TURN *** [5c 6s Ts] [5s]
melyh82: bets $6
punkrott: raises $6 to $12
melyh82: raises $6 to $18
punkrott: raises $6 to $24
Betting is capped
melyh82: calls $6
*** RIVER *** [5c 6s Ts 5s] [Ad]
melyh82: bets $0.60 and is all-in
punkrott: calls $0.60
*** SHOW DOWN ***
melyh82: shows [Jc Jh] (two pair, Jacks and Fives)
punkrott: shows [6d 6h] (a full house, Sixes full of Fives)
punkrott collected $72.70 from pot
*** SUMMARY ***
Total pot $73.20 | Rake $0.50
Board [5c 6s Ts 5s Ad]
Seat 1: melyh82 (big blind) showed [Jc Jh] and lost with two pair, Jacks and Fives
Seat 2: punkrott (button) (small blind) showed [6d 6h] and won ($72.70) with a full house, Sixes full of Fives


