PokerStars Hand #151566406023:  Hold'em Limit ($3/$6 USD) - 2016/04/07 11:26:20 ET
Table 'Nortia' 6-max Seat #1 is the button
Seat 1: rebasto70 ($84 in chips)
Seat 3: quicklime191 ($40.70 in chips)
rebasto70: posts small blind $1
quicklime191: posts big blind $3
*** HOLE CARDS ***
rebasto70: raises $3 to $6
quicklime191: raises $3 to $9
Fess7791 joins the table at seat #4
rebasto70: raises $3 to $12
Betting is capped
quicklime191: calls $3
*** FLOP *** [6h Ac Qc]
quicklime191: bets $3
rebasto70: raises $3 to $6
quicklime191: raises $3 to $9
rebasto70: raises $3 to $12
Betting is capped
quicklime191: calls $3
*** TURN *** [6h Ac Qc] [Td]
quicklime191: bets $6
rebasto70: raises $6 to $12
quicklime191: calls $6
*** RIVER *** [6h Ac Qc Td] [7c]
quicklime191: bets $4.70 and is all-in
rebasto70: folds
Uncalled bet ($4.70) returned to quicklime191
quicklime191 collected $71.50 from pot
quicklime191: doesn't show hand
*** SUMMARY ***
Total pot $72 | Rake $0.50
Board [6h Ac Qc Td 7c]
Seat 1: rebasto70 (button) (small blind) folded on the River
Seat 3: quicklime191 (big blind) collected ($71.50)


PokerStars Hand #151566444714:  Hold'em Limit ($3/$6 USD) - 2016/04/07 11:27:14 ET
Table 'Nortia' 6-max Seat #3 is the button
Seat 1: rebasto70 ($48 in chips)
Seat 3: quicklime191 ($76.20 in chips)
quicklime191: posts small blind $1
rebasto70: posts big blind $3
*** HOLE CARDS ***
quicklime191: raises $3 to $6
rebasto70: raises $3 to $9
quicklime191: raises $3 to $12
Betting is capped
rebasto70: calls $3
*** FLOP *** [4h Tc Jc]
rebasto70: bets $3
quicklime191: raises $3 to $6
rebasto70: raises $3 to $9
quicklime191: raises $3 to $12
Betting is capped
rebasto70: calls $3
*** TURN *** [4h Tc Jc] [6s]
rebasto70: bets $6
quicklime191: raises $6 to $12
rebasto70: raises $6 to $18
quicklime191: calls $6
*** RIVER *** [4h Tc Jc 6s] [4s]
rebasto70: checks
quicklime191: bets $6
rebasto70: folds
Uncalled bet ($6) returned to quicklime191
Pelurile joins the table at seat #5
quicklime191 collected $83.50 from pot
quicklime191: doesn't show hand
*** SUMMARY ***
Total pot $84 | Rake $0.50
Board [4h Tc Jc 6s 4s]
Seat 1: rebasto70 (big blind) folded on the River
Seat 3: quicklime191 (button) (small blind) collected ($83.50)


PokerStars Hand #151570500252:  Hold'em Limit ($3/$6 USD) - 2016/04/07 12:57:27 ET
Table 'Nortia' 6-max Seat #2 is the button
Seat 2: Zubasa07 ($502.50 in chips)
Seat 3: rebasto70 ($66.53 in chips)
Zubasa07: posts small blind $1
rebasto70: posts big blind $3
*** HOLE CARDS ***
Zubasa07: raises $3 to $6
rebasto70: raises $3 to $9
Zubasa07: calls $3
*** FLOP *** [4h 3d Qh]
rebasto70: bets $3
Zubasa07: calls $3
*** TURN *** [4h 3d Qh] [Jh]
rebasto70: bets $6
Zubasa07: calls $6
*** RIVER *** [4h 3d Qh Jh] [7s]
rebasto70: bets $6
Zubasa07: calls $6
*** SHOW DOWN ***
rebasto70: shows [Qs Ad] (a pair of Queens)
Zubasa07: mucks hand
rebasto70 collected $47.50 from pot
*** SUMMARY ***
Total pot $48 | Rake $0.50
Board [4h 3d Qh Jh 7s]
Seat 2: Zubasa07 (button) (small blind) mucked
Seat 3: rebasto70 (big blind) showed [Qs Ad] and won ($47.50) with a pair of Queens


PokerStars Hand #151570453170:  Hold'em Limit ($3/$6 USD) - 2016/04/07 12:56:15 ET
Table 'Nortia' 6-max Seat #3 is the button
Seat 2: Zubasa07 ($523.50 in chips)
Seat 3: rebasto70 ($46.03 in chips)
rebasto70: posts small blind $1
Zubasa07: posts big blind $3
*** HOLE CARDS ***
rebasto70: raises $3 to $6
Zubasa07: raises $3 to $9
rebasto70: calls $3
*** FLOP *** [4c 8s 7h]
Zubasa07: bets $3
rebasto70: raises $3 to $6
Zubasa07: calls $3
*** TURN *** [4c 8s 7h] [Ah]
Zubasa07: checks
rebasto70: bets $6
Zubasa07: calls $6
*** RIVER *** [4c 8s 7h Ah] [Qd]
Zubasa07: checks
rebasto70: checks
*** SHOW DOWN ***
Zubasa07: shows [Td Kh] (high card Ace)
rebasto70: shows [Jd 7c] (a pair of Sevens)
rebasto70 collected $41.50 from pot
*** SUMMARY ***
Total pot $42 | Rake $0.50
Board [4c 8s 7h Ah Qd]
Seat 2: Zubasa07 (big blind) showed [Td Kh] and lost with high card Ace
Seat 3: rebasto70 (button) (small blind) showed [Jd 7c] and won ($41.50) with a pair of Sevens


PokerStars Hand #151570545973:  Hold'em Limit ($3/$6 USD) - 2016/04/07 12:58:36 ET
Table 'Nortia' 6-max Seat #2 is the button
Seat 2: Zubasa07 ($481.50 in chips)
Seat 3: rebasto70 ($87.03 in chips)
Zubasa07: posts small blind $1
rebasto70: posts big blind $3
*** HOLE CARDS ***
Zubasa07: raises $3 to $6
rebasto70: folds
Uncalled bet ($3) returned to Zubasa07
Zubasa07 collected $6 from pot
Zubasa07: doesn't show hand
*** SUMMARY ***
Total pot $6 | Rake $0
Seat 2: Zubasa07 (button) (small blind) collected ($6)
Seat 3: rebasto70 (big blind) folded before Flop


PokerStars Hand #151570532462:  Hold'em Limit ($3/$6 USD) - 2016/04/07 12:58:16 ET
Table 'Nortia' 6-max Seat #3 is the button
Seat 2: Zubasa07 ($478.50 in chips)
Seat 3: rebasto70 ($90.03 in chips)
rebasto70: posts small blind $1
Zubasa07: posts big blind $3
*** HOLE CARDS ***
rebasto70: calls $2
Zubasa07: raises $3 to $6
rebasto70: folds
Uncalled bet ($3) returned to Zubasa07
Zubasa07 collected $6 from pot
Zubasa07: doesn't show hand
*** SUMMARY ***
Total pot $6 | Rake $0
Seat 2: Zubasa07 (big blind) collected ($6)
Seat 3: rebasto70 (button) (small blind) folded before Flop


PokerStars Hand #151570552176:  Hold'em Limit ($3/$6 USD) - 2016/04/07 12:58:46 ET
Table 'Nortia' 6-max Seat #3 is the button
Seat 2: Zubasa07 ($484.50 in chips)
Seat 3: rebasto70 ($84.03 in chips)
rebasto70: posts small blind $1
Zubasa07: posts big blind $3
*** HOLE CARDS ***
rebasto70: raises $3 to $6
Zubasa07: calls $3
*** FLOP *** [9d 8s 5c]
Zubasa07: checks
diRon1980 joins the table at seat #4
rebasto70: bets $3
Zubasa07: raises $3 to $6
rebasto70: calls $3
*** TURN *** [9d 8s 5c] [7c]
Zubasa07: bets $6
rebasto70: folds
Uncalled bet ($6) returned to Zubasa07
Zubasa07 collected $23.52 from pot
Zubasa07: doesn't show hand
*** SUMMARY ***
Total pot $24 | Rake $0.48
Board [9d 8s 5c 7c]
Seat 2: Zubasa07 (big blind) collected ($23.52)
Seat 3: rebasto70 (button) (small blind) folded on the Turn


PokerStars Hand #151572062102:  Hold'em Limit ($3/$6 USD) - 2016/04/07 13:28:34 ET
Table 'Nortia' 6-max Seat #3 is the button
Seat 3: Chessnok ($127.82 in chips)
Seat 6: erlinho89 ($27.70 in chips)
Chessnok: posts small blind $1
erlinho89: posts big blind $3
*** HOLE CARDS ***
Chessnok: raises $3 to $6
erlinho89: calls $3
*** FLOP *** [5s Js 6d]
erlinho89: checks
Chessnok: bets $3
erlinho89: raises $3 to $6
Chessnok: calls $3
*** TURN *** [5s Js 6d] [3h]
erlinho89: bets $6
Chessnok: folds
Uncalled bet ($6) returned to erlinho89
erlinho89 collected $23.52 from pot
erlinho89: doesn't show hand
*** SUMMARY ***
Total pot $24 | Rake $0.48
Board [5s Js 6d 3h]
Seat 3: Chessnok (button) (small blind) folded on the Turn
Seat 6: erlinho89 (big blind) collected ($23.52)


PokerStars Hand #151579695831:  Hold'em Limit ($3/$6 USD) - 2016/04/07 15:48:55 ET
Table 'Nortia' 6-max Seat #3 is the button
Seat 3: baur017017 ($31.11 in chips)
Seat 4: Necromadx ($167.85 in chips)
baur017017: posts small blind $1
Necromadx: posts big blind $3
*** HOLE CARDS ***
baur017017: folds
Uncalled bet ($2) returned to Necromadx
Necromadx collected $2 from pot
Necromadx: doesn't show hand
*** SUMMARY ***
Total pot $2 | Rake $0
Seat 3: baur017017 (button) (small blind) folded before Flop
Seat 4: Necromadx (big blind) collected ($2)


PokerStars Hand #151579685893:  Hold'em Limit ($3/$6 USD) - 2016/04/07 15:48:45 ET
Table 'Nortia' 6-max Seat #4 is the button
Seat 3: baur017017 ($34.11 in chips)
Seat 4: Necromadx ($164.85 in chips)
Necromadx: posts small blind $1
bugsbubble: is sitting out
baur017017: posts big blind $3
*** HOLE CARDS ***
Necromadx: raises $3 to $6
baur017017: folds
Uncalled bet ($3) returned to Necromadx
Necromadx collected $6 from pot
Necromadx: doesn't show hand
*** SUMMARY ***
Total pot $6 | Rake $0
Seat 3: baur017017 (big blind) folded before Flop
Seat 4: Necromadx (button) (small blind) collected ($6)


PokerStars Hand #151579740856:  Hold'em Limit ($3/$6 USD) - 2016/04/07 15:49:42 ET
Table 'Nortia' 6-max Seat #4 is the button
Seat 3: baur017017 ($52.61 in chips)
Seat 4: Necromadx ($145.85 in chips)
Necromadx: posts small blind $1
baur017017: posts big blind $3
*** HOLE CARDS ***
Necromadx: raises $3 to $6
baur017017: folds
Uncalled bet ($3) returned to Necromadx
Necromadx collected $6 from pot
Necromadx: doesn't show hand
*** SUMMARY ***
Total pot $6 | Rake $0
Seat 3: baur017017 (big blind) folded before Flop
Seat 4: Necromadx (button) (small blind) collected ($6)


PokerStars Hand #151579730577:  Hold'em Limit ($3/$6 USD) - 2016/04/07 15:49:31 ET
Table 'Nortia' 6-max Seat #3 is the button
Seat 3: baur017017 ($53.61 in chips)
Seat 4: Necromadx ($144.85 in chips)
baur017017: posts small blind $1
Necromadx: posts big blind $3
*** HOLE CARDS ***
baur017017: folds
Uncalled bet ($2) returned to Necromadx
Necromadx collected $2 from pot
Necromadx: doesn't show hand
*** SUMMARY ***
Total pot $2 | Rake $0
Seat 3: baur017017 (button) (small blind) folded before Flop
Seat 4: Necromadx (big blind) collected ($2)


PokerStars Hand #151579702595:  Hold'em Limit ($3/$6 USD) - 2016/04/07 15:49:02 ET
Table 'Nortia' 6-max Seat #4 is the button
Seat 3: baur017017 ($30.11 in chips)
Seat 4: Necromadx ($168.85 in chips)
Necromadx: posts small blind $1
baur017017: posts big blind $3
*** HOLE CARDS ***
Necromadx: raises $3 to $6
bugsbubble leaves the table
baur017017: raises $3 to $9
Necromadx: calls $3
*** FLOP *** [6d Kd Qc]
baur017017: bets $3
Necromadx: calls $3
*** TURN *** [6d Kd Qc] [6c]
baur017017: bets $6
Necromadx: raises $6 to $12
baur017017: calls $6
*** RIVER *** [6d Kd Qc 6c] [Ad]
baur017017: checks
Necromadx: checks
*** SHOW DOWN ***
baur017017: shows [Ac 4c] (two pair, Aces and Sixes)
Necromadx: mucks hand
baur017017 collected $47.50 from pot
*** SUMMARY ***
Total pot $48 | Rake $0.50
Board [6d Kd Qc 6c Ad]
Seat 3: baur017017 (big blind) showed [Ac 4c] and won ($47.50) with two pair, Aces and Sixes
Seat 4: Necromadx (button) (small blind) mucked


PokerStars Hand #151579763406:  Hold'em Limit ($3/$6 USD) - 2016/04/07 15:50:05 ET
Table 'Nortia' 6-max Seat #3 is the button
Seat 3: baur017017 ($56.37 in chips)
Seat 4: Necromadx ($141.85 in chips)
baur017017: posts small blind $1
Necromadx: posts big blind $3
*** HOLE CARDS ***
baur017017: folds
Uncalled bet ($2) returned to Necromadx
Necromadx collected $2 from pot
Necromadx: doesn't show hand
*** SUMMARY ***
Total pot $2 | Rake $0
Seat 3: baur017017 (button) (small blind) folded before Flop
Seat 4: Necromadx (big blind) collected ($2)


PokerStars Hand #151579757704:  Hold'em Limit ($3/$6 USD) - 2016/04/07 15:49:59 ET
Table 'Nortia' 6-max Seat #4 is the button
Seat 3: baur017017 ($55.37 in chips)
Seat 4: Necromadx ($142.85 in chips)
Necromadx: posts small blind $1
baur017017: posts big blind $3
*** HOLE CARDS ***
Necromadx: folds
Uncalled bet ($2) returned to baur017017
baur017017 collected $2 from pot
*** SUMMARY ***
Total pot $2 | Rake $0
Seat 3: baur017017 (big blind) collected ($2)
Seat 4: Necromadx (button) (small blind) folded before Flop


PokerStars Hand #151579748436:  Hold'em Limit ($3/$6 USD) - 2016/04/07 15:49:50 ET
Table 'Nortia' 6-max Seat #3 is the button
Seat 3: baur017017 ($49.61 in chips)
Seat 4: Necromadx ($148.85 in chips)
baur017017: posts small blind $1
Necromadx: posts big blind $3
*** HOLE CARDS ***
baur017017: raises $3 to $6
Necromadx: calls $3
*** FLOP *** [Jh 2h 9c]
Necromadx: checks
baur017017: bets $3
Necromadx: folds
Uncalled bet ($3) returned to baur017017
baur017017 collected $11.76 from pot
*** SUMMARY ***
Total pot $12 | Rake $0.24
Board [Jh 2h 9c]
Seat 3: baur017017 (button) (small blind) collected ($11.76)
Seat 4: Necromadx (big blind) folded on the Flop


PokerStars Hand #151579808433:  Hold'em Limit ($3/$6 USD) - 2016/04/07 15:50:52 ET
Table 'Nortia' 6-max Seat #3 is the button
Seat 3: baur017017 ($48.37 in chips)
Seat 4: Necromadx ($149.85 in chips)
baur017017: posts small blind $1
Necromadx: posts big blind $3
*** HOLE CARDS ***
baur017017: folds
Uncalled bet ($2) returned to Necromadx
Necromadx collected $2 from pot
Necromadx: doesn't show hand
*** SUMMARY ***
Total pot $2 | Rake $0
Seat 3: baur017017 (button) (small blind) folded before Flop
Seat 4: Necromadx (big blind) collected ($2)


PokerStars Hand #151579800320:  Hold'em Limit ($3/$6 USD) - 2016/04/07 15:50:44 ET
Table 'Nortia' 6-max Seat #4 is the button
Seat 3: baur017017 ($51.37 in chips)
Seat 4: Necromadx ($146.85 in chips)
Necromadx: posts small blind $1
baur017017: posts big blind $3
*** HOLE CARDS ***
Necromadx: raises $3 to $6
baur017017: folds
Uncalled bet ($3) returned to Necromadx
Necromadx collected $6 from pot
Necromadx: doesn't show hand
*** SUMMARY ***
Total pot $6 | Rake $0
Seat 3: baur017017 (big blind) folded before Flop
Seat 4: Necromadx (button) (small blind) collected ($6)


PokerStars Hand #151579782543:  Hold'em Limit ($3/$6 USD) - 2016/04/07 15:50:26 ET
Table 'Nortia' 6-max Seat #3 is the button
Seat 3: baur017017 ($52.37 in chips)
Seat 4: Necromadx ($145.85 in chips)
baur017017: posts small blind $1
Necromadx: posts big blind $3
*** HOLE CARDS ***
baur017017: folds
Uncalled bet ($2) returned to Necromadx
Necromadx collected $2 from pot
Necromadx: doesn't show hand
*** SUMMARY ***
Total pot $2 | Rake $0
Seat 3: baur017017 (button) (small blind) folded before Flop
Seat 4: Necromadx (big blind) collected ($2)


PokerStars Hand #151579775046:  Hold'em Limit ($3/$6 USD) - 2016/04/07 15:50:18 ET
Table 'Nortia' 6-max Seat #4 is the button
Seat 3: baur017017 ($55.37 in chips)
Seat 4: Necromadx ($142.85 in chips)
Necromadx: posts small blind $1
baur017017: posts big blind $3
*** HOLE CARDS ***
Necromadx: raises $3 to $6
baur017017: folds
Uncalled bet ($3) returned to Necromadx
Necromadx collected $6 from pot
Necromadx: doesn't show hand
*** SUMMARY ***
Total pot $6 | Rake $0
Seat 3: baur017017 (big blind) folded before Flop
Seat 4: Necromadx (button) (small blind) collected ($6)


PokerStars Hand #151579824903:  Hold'em Limit ($3/$6 USD) - 2016/04/07 15:51:09 ET
Table 'Nortia' 6-max Seat #3 is the button
Seat 3: baur017017 ($44.37 in chips)
Seat 4: Necromadx ($153.85 in chips)
baur017017: posts small blind $1
Necromadx: posts big blind $3
*** HOLE CARDS ***
baur017017: folds
Uncalled bet ($2) returned to Necromadx
Necromadx collected $2 from pot
Necromadx: doesn't show hand
*** SUMMARY ***
Total pot $2 | Rake $0
Seat 3: baur017017 (button) (small blind) folded before Flop
Seat 4: Necromadx (big blind) collected ($2)


PokerStars Hand #151579813771:  Hold'em Limit ($3/$6 USD) - 2016/04/07 15:50:58 ET
Table 'Nortia' 6-max Seat #4 is the button
Seat 3: baur017017 ($47.37 in chips)
Seat 4: Necromadx ($150.85 in chips)
Necromadx: posts small blind $1
baur017017: posts big blind $3
*** HOLE CARDS ***
Necromadx: raises $3 to $6
baur017017: folds
Uncalled bet ($3) returned to Necromadx
Necromadx collected $6 from pot
Necromadx: doesn't show hand
*** SUMMARY ***
Total pot $6 | Rake $0
Seat 3: baur017017 (big blind) folded before Flop
Seat 4: Necromadx (button) (small blind) collected ($6)


PokerStars Hand #151579833943:  Hold'em Limit ($3/$6 USD) - 2016/04/07 15:51:19 ET
Table 'Nortia' 6-max Seat #4 is the button
Seat 3: baur017017 ($43.37 in chips)
Seat 4: Necromadx ($154.85 in chips)
Necromadx: posts small blind $1
baur017017: posts big blind $3
*** HOLE CARDS ***
Necromadx: raises $3 to $6
baur017017: raises $3 to $9
Necromadx: calls $3
*** FLOP *** [Kc 3d 8s]
baur017017: bets $3
Necromadx: calls $3
*** TURN *** [Kc 3d 8s] [Ah]
baur017017: bets $6
Necromadx: calls $6
*** RIVER *** [Kc 3d 8s Ah] [9d]
baur017017: checks
Necromadx: bets $6
baur017017: folds
Uncalled bet ($6) returned to Necromadx
Necromadx collected $35.50 from pot
Necromadx: doesn't show hand
*** SUMMARY ***
Total pot $36 | Rake $0.50
Board [Kc 3d 8s Ah 9d]
Seat 3: baur017017 (big blind) folded on the River
Seat 4: Necromadx (button) (small blind) collected ($35.50)


PokerStars Hand #151579874761:  Hold'em Limit ($3/$6 USD) - 2016/04/07 15:52:01 ET
Table 'Nortia' 6-max Seat #3 is the button
Seat 3: baur017017 ($25.37 in chips)
Seat 4: Necromadx ($172.35 in chips)
baur017017: posts small blind $1
Necromadx: posts big blind $3
*** HOLE CARDS ***
baur017017: raises $3 to $6
Necromadx: calls $3
*** FLOP *** [Jh 5c 2c]
Necromadx: checks
baur017017: checks
*** TURN *** [Jh 5c 2c] [Td]
Necromadx: checks
baur017017: bets $6
Necromadx: folds
Uncalled bet ($6) returned to baur017017
baur017017 collected $11.76 from pot
*** SUMMARY ***
Total pot $12 | Rake $0.24
Board [Jh 5c 2c Td]
Seat 3: baur017017 (button) (small blind) collected ($11.76)
Seat 4: Necromadx (big blind) folded on the Turn


PokerStars Hand #151579927637:  Hold'em Limit ($3/$6 USD) - 2016/04/07 15:52:56 ET
Table 'Nortia' 6-max Seat #4 is the button
Seat 3: baur017017 ($19.13 in chips)
Seat 4: Necromadx ($177.85 in chips)
Necromadx: posts small blind $1
baur017017: posts big blind $3
*** HOLE CARDS ***
Necromadx: raises $3 to $6
baur017017: folds
Uncalled bet ($3) returned to Necromadx
Necromadx collected $6 from pot
Necromadx: doesn't show hand
*** SUMMARY ***
Total pot $6 | Rake $0
Seat 3: baur017017 (big blind) folded before Flop
Seat 4: Necromadx (button) (small blind) collected ($6)


PokerStars Hand #151579919694:  Hold'em Limit ($3/$6 USD) - 2016/04/07 15:52:47 ET
Table 'Nortia' 6-max Seat #3 is the button
Seat 3: baur017017 ($16.13 in chips)
Seat 4: Necromadx ($180.85 in chips)
baur017017: posts small blind $1
Necromadx: posts big blind $3
*** HOLE CARDS ***
baur017017: raises $3 to $6
Necromadx: folds
Uncalled bet ($3) returned to baur017017
baur017017 collected $6 from pot
*** SUMMARY ***
Total pot $6 | Rake $0
Seat 3: baur017017 (button) (small blind) collected ($6)
Seat 4: Necromadx (big blind) folded before Flop


PokerStars Hand #151579893425:  Hold'em Limit ($3/$6 USD) - 2016/04/07 15:52:20 ET
Table 'Nortia' 6-max Seat #4 is the button
Seat 3: baur017017 ($31.13 in chips)
Seat 4: Necromadx ($166.35 in chips)
Necromadx: posts small blind $1
baur017017: posts big blind $3
*** HOLE CARDS ***
Necromadx: raises $3 to $6
baur017017: calls $3
*** FLOP *** [6c 5d 8d]
baur017017: checks
Necromadx: bets $3
baur017017: calls $3
*** TURN *** [6c 5d 8d] [8h]
baur017017: checks
Necromadx: bets $6
baur017017: calls $6
*** RIVER *** [6c 5d 8d 8h] [8c]
baur017017: checks
Necromadx: bets $6
baur017017: folds
Uncalled bet ($6) returned to Necromadx
Necromadx collected $29.50 from pot
Necromadx: doesn't show hand
*** SUMMARY ***
Total pot $30 | Rake $0.50
Board [6c 5d 8d 8h 8c]
Seat 3: baur017017 (big blind) folded on the River
Seat 4: Necromadx (button) (small blind) collected ($29.50)


PokerStars Hand #151579941096:  Hold'em Limit ($3/$6 USD) - 2016/04/07 15:53:10 ET
Table 'Nortia' 6-max Seat #3 is the button
Seat 3: baur017017 ($16.13 in chips)
Seat 4: Necromadx ($180.85 in chips)
baur017017: posts small blind $1
Necromadx: posts big blind $3
*** HOLE CARDS ***
baur017017: raises $3 to $6
Necromadx: calls $3
*** FLOP *** [Js Qs Qc]
Necromadx: checks
baur017017: bets $3
Necromadx: calls $3
*** TURN *** [Js Qs Qc] [7s]
Necromadx: checks
baur017017: bets $6
Necromadx: raises $6 to $12
baur017017: calls $1.13 and is all-in
Uncalled bet ($4.87) returned to Necromadx
*** RIVER *** [Js Qs Qc 7s] [2h]
*** SHOW DOWN ***
Necromadx: shows [2s Ts] (a flush, Queen high)
baur017017: shows [6c Ac] (a pair of Queens)
Necromadx collected $31.76 from pot
*** SUMMARY ***
Total pot $32.26 | Rake $0.50
Board [Js Qs Qc 7s 2h]
Seat 3: baur017017 (button) (small blind) showed [6c Ac] and lost with a pair of Queens
Seat 4: Necromadx (big blind) showed [2s Ts] and won ($31.76) with a flush, Queen high


