PokerStars Hand #157576806996:  Hold'em Limit ($3/$6 USD) - 2016/08/21 19:18:51 ET
Table 'Notburga' 6-max Seat #1 is the button
Seat 1: _stel_23_ ($54.08 in chips)
Seat 3: simper11 ($120 in chips)
_stel_23_: posts small blind $1
simper11: posts big blind $3
*** HOLE CARDS ***
_stel_23_: folds
Uncalled bet ($2) returned to simper11
simper11 collected $2 from pot
simper11: doesn't show hand
*** SUMMARY ***
Total pot $2 | Rake $0
Seat 1: _stel_23_ (button) (small blind) folded before Flop
Seat 3: simper11 (big blind) collected ($2)


PokerStars Hand #157576841750:  Hold'em Limit ($3/$6 USD) - 2016/08/21 19:19:46 ET
Table 'Notburga' 6-max Seat #3 is the button
Seat 1: _stel_23_ ($58.58 in chips)
Seat 3: simper11 ($114.64 in chips)
simper11: posts small blind $1
_stel_23_: posts big blind $3
*** HOLE CARDS ***
simper11: raises $3 to $6
_stel_23_: calls $3
*** FLOP *** [2s 4s Td]
_stel_23_: checks
simper11: bets $3
_stel_23_: calls $3
*** TURN *** [2s 4s Td] [3c]
_stel_23_: checks
simper11: bets $6
_stel_23_: folds
Uncalled bet ($6) returned to simper11
simper11 collected $17.64 from pot
simper11: doesn't show hand
*** SUMMARY ***
Total pot $18 | Rake $0.36
Board [2s 4s Td 3c]
Seat 1: _stel_23_ (big blind) folded on the Turn
Seat 3: simper11 (button) (small blind) collected ($17.64)


PokerStars Hand #157576834924:  Hold'em Limit ($3/$6 USD) - 2016/08/21 19:19:42 ET
Table 'Notburga' 6-max Seat #1 is the button
Seat 1: _stel_23_ ($59.58 in chips)
Seat 3: simper11 ($113.64 in chips)
_stel_23_: posts small blind $1
simper11: posts big blind $3
*** HOLE CARDS ***
_stel_23_: folds
Uncalled bet ($2) returned to simper11
simper11 collected $2 from pot
simper11: doesn't show hand
*** SUMMARY ***
Total pot $2 | Rake $0
Seat 1: _stel_23_ (button) (small blind) folded before Flop
Seat 3: simper11 (big blind) collected ($2)


PokerStars Hand #157576832259:  Hold'em Limit ($3/$6 USD) - 2016/08/21 19:19:37 ET
Table 'Notburga' 6-max Seat #3 is the button
Seat 1: _stel_23_ ($58.58 in chips)
Seat 3: simper11 ($114.64 in chips)
simper11: posts small blind $1
_stel_23_: posts big blind $3
*** HOLE CARDS ***
simper11: folds
Uncalled bet ($2) returned to _stel_23_
_stel_23_ collected $2 from pot
_stel_23_: doesn't show hand
*** SUMMARY ***
Total pot $2 | Rake $0
Seat 1: _stel_23_ (big blind) collected ($2)
Seat 3: simper11 (button) (small blind) folded before Flop


PokerStars Hand #157576822792:  Hold'em Limit ($3/$6 USD) - 2016/08/21 19:19:20 ET
Table 'Notburga' 6-max Seat #1 is the button
Seat 1: _stel_23_ ($44.08 in chips)
Seat 3: simper11 ($129.64 in chips)
_stel_23_: posts small blind $1
simper11: posts big blind $3
*** HOLE CARDS ***
_stel_23_: raises $3 to $6
simper11: calls $3
*** FLOP *** [6c Ks Jc]
simper11: checks
_stel_23_: bets $3
simper11: calls $3
*** TURN *** [6c Ks Jc] [5h]
simper11: checks
_stel_23_: bets $6
simper11: calls $6
*** RIVER *** [6c Ks Jc 5h] [Ac]
simper11: checks
_stel_23_: bets $6
simper11: folds
Uncalled bet ($6) returned to _stel_23_
_stel_23_ collected $29.50 from pot
_stel_23_: doesn't show hand
*** SUMMARY ***
Total pot $30 | Rake $0.50
Board [6c Ks Jc 5h Ac]
Seat 1: _stel_23_ (button) (small blind) collected ($29.50)
Seat 3: simper11 (big blind) folded on the River


PokerStars Hand #157576814331:  Hold'em Limit ($3/$6 USD) - 2016/08/21 19:19:05 ET
Table 'Notburga' 6-max Seat #3 is the button
Seat 1: _stel_23_ ($53.08 in chips)
Seat 3: simper11 ($121 in chips)
simper11: posts small blind $1
_stel_23_: posts big blind $3
*** HOLE CARDS ***
simper11: raises $3 to $6
_stel_23_: calls $3
*** FLOP *** [As 5d Ac]
_stel_23_: checks
simper11: bets $3
_stel_23_: calls $3
*** TURN *** [As 5d Ac] [7c]
_stel_23_: checks
simper11: bets $6
_stel_23_: folds
Uncalled bet ($6) returned to simper11
simper11 collected $17.64 from pot
simper11: doesn't show hand
*** SUMMARY ***
Total pot $18 | Rake $0.36
Board [As 5d Ac 7c]
Seat 1: _stel_23_ (big blind) folded on the Turn
Seat 3: simper11 (button) (small blind) collected ($17.64)


PokerStars Hand #157576864204:  Hold'em Limit ($3/$6 USD) - 2016/08/21 19:20:27 ET
Table 'Notburga' 6-max Seat #1 is the button
Seat 1: _stel_23_ ($67.08 in chips)
Seat 3: simper11 ($105.28 in chips)
_stel_23_: posts small blind $1
simper11: posts big blind $3
*** HOLE CARDS ***
_stel_23_: raises $3 to $6
simper11: calls $3
*** FLOP *** [3h 2h 5h]
simper11: checks
_stel_23_: bets $3
simper11: raises $3 to $6
_stel_23_: raises $3 to $9
simper11: calls $3
*** TURN *** [3h 2h 5h] [4c]
simper11: checks
_stel_23_: checks
*** RIVER *** [3h 2h 5h 4c] [Tc]
simper11: bets $6
_stel_23_: calls $6
*** SHOW DOWN ***
simper11: shows [5c 4d] (two pair, Fives and Fours)
_stel_23_: mucks hand
simper11 collected $41.50 from pot
*** SUMMARY ***
Total pot $42 | Rake $0.50
Board [3h 2h 5h 4c Tc]
Seat 1: _stel_23_ (button) (small blind) mucked
Seat 3: simper11 (big blind) showed [5c 4d] and won ($41.50) with two pair, Fives and Fours


PokerStars Hand #157576904206:  Hold'em Limit ($3/$6 USD) - 2016/08/21 19:21:40 ET
Table 'Notburga' 6-max Seat #1 is the button
Seat 1: _stel_23_ ($43.58 in chips)
Seat 3: simper11 ($127.28 in chips)
_stel_23_: posts small blind $1
simper11: posts big blind $3
*** HOLE CARDS ***
_stel_23_: folds
Uncalled bet ($2) returned to simper11
simper11 collected $2 from pot
simper11: doesn't show hand
*** SUMMARY ***
Total pot $2 | Rake $0
Seat 1: _stel_23_ (button) (small blind) folded before Flop
Seat 3: simper11 (big blind) collected ($2)


PokerStars Hand #157576901200:  Hold'em Limit ($3/$6 USD) - 2016/08/21 19:21:34 ET
Table 'Notburga' 6-max Seat #3 is the button
Seat 1: _stel_23_ ($46.58 in chips)
Seat 3: simper11 ($124.28 in chips)
simper11: posts small blind $1
_stel_23_: posts big blind $3
*** HOLE CARDS ***
simper11: raises $3 to $6
_stel_23_: folds
Uncalled bet ($3) returned to simper11
simper11 collected $6 from pot
simper11: doesn't show hand
*** SUMMARY ***
Total pot $6 | Rake $0
Seat 1: _stel_23_ (big blind) folded before Flop
Seat 3: simper11 (button) (small blind) collected ($6)


PokerStars Hand #157576895604:  Hold'em Limit ($3/$6 USD) - 2016/08/21 19:21:24 ET
Table 'Notburga' 6-max Seat #1 is the button
Seat 1: _stel_23_ ($47.58 in chips)
Seat 3: simper11 ($123.28 in chips)
_stel_23_: posts small blind $1
simper11: posts big blind $3
*** HOLE CARDS ***
_stel_23_: folds
Uncalled bet ($2) returned to simper11
simper11 collected $2 from pot
simper11: doesn't show hand
*** SUMMARY ***
Total pot $2 | Rake $0
Seat 1: _stel_23_ (button) (small blind) folded before Flop
Seat 3: simper11 (big blind) collected ($2)


PokerStars Hand #157576885636:  Hold'em Limit ($3/$6 USD) - 2016/08/21 19:21:06 ET
Table 'Notburga' 6-max Seat #3 is the button
Seat 1: _stel_23_ ($68.58 in chips)
Seat 3: simper11 ($102.78 in chips)
simper11: posts small blind $1
_stel_23_: posts big blind $3
*** HOLE CARDS ***
simper11: raises $3 to $6
_stel_23_: calls $3
*** FLOP *** [Qh 4h 7c]
_stel_23_: bets $3
simper11: calls $3
*** TURN *** [Qh 4h 7c] [3d]
_stel_23_: bets $6
simper11: calls $6
*** RIVER *** [Qh 4h 7c 3d] [Ad]
_stel_23_: bets $6
simper11: raises $6 to $12
_stel_23_: folds
Uncalled bet ($6) returned to simper11
simper11 collected $41.50 from pot
simper11: doesn't show hand
*** SUMMARY ***
Total pot $42 | Rake $0.50
Board [Qh 4h 7c 3d Ad]
Seat 1: _stel_23_ (big blind) folded on the River
Seat 3: simper11 (button) (small blind) collected ($41.50)


PokerStars Hand #157576882232:  Hold'em Limit ($3/$6 USD) - 2016/08/21 19:21:00 ET
Table 'Notburga' 6-max Seat #1 is the button
Seat 1: _stel_23_ ($69.58 in chips)
Seat 3: simper11 ($101.78 in chips)
_stel_23_: posts small blind $1
simper11: posts big blind $3
*** HOLE CARDS ***
_stel_23_: folds
Uncalled bet ($2) returned to simper11
simper11 collected $2 from pot
simper11: doesn't show hand
*** SUMMARY ***
Total pot $2 | Rake $0
Seat 1: _stel_23_ (button) (small blind) folded before Flop
Seat 3: simper11 (big blind) collected ($2)


PokerStars Hand #157576871854:  Hold'em Limit ($3/$6 USD) - 2016/08/21 19:20:41 ET
Table 'Notburga' 6-max Seat #3 is the button
Seat 1: _stel_23_ ($46.08 in chips)
Seat 3: simper11 ($125.78 in chips)
simper11: posts small blind $1
_stel_23_: posts big blind $3
*** HOLE CARDS ***
simper11: raises $3 to $6
_stel_23_: calls $3
*** FLOP *** [7c Ah 3d]
_stel_23_: checks
simper11: bets $3
_stel_23_: raises $3 to $6
simper11: calls $3
*** TURN *** [7c Ah 3d] [9h]
_stel_23_: bets $6
simper11: calls $6
*** RIVER *** [7c Ah 3d 9h] [5s]
_stel_23_: bets $6
simper11: calls $6
*** SHOW DOWN ***
_stel_23_: shows [Ac 4h] (a pair of Aces)
simper11: mucks hand
_stel_23_ collected $47.50 from pot
*** SUMMARY ***
Total pot $48 | Rake $0.50
Board [7c Ah 3d 9h 5s]
Seat 1: _stel_23_ (big blind) showed [Ac 4h] and won ($47.50) with a pair of Aces
Seat 3: simper11 (button) (small blind) mucked


PokerStars Hand #157576848800:  Hold'em Limit ($3/$6 USD) - 2016/08/21 19:19:59 ET
Table 'Notburga' 6-max Seat #1 is the button
Seat 1: _stel_23_ ($49.58 in chips)
Seat 3: simper11 ($123.28 in chips)
_stel_23_: posts small blind $1
simper11: posts big blind $3
*** HOLE CARDS ***
_stel_23_: raises $3 to $6
simper11: calls $3
*** FLOP *** [4c Ts Jd]
simper11: checks
_stel_23_: bets $3
simper11: calls $3
*** TURN *** [4c Ts Jd] [3s]
simper11: checks
_stel_23_: bets $6
simper11: calls $6
*** RIVER *** [4c Ts Jd 3s] [4d]
simper11: checks
_stel_23_: bets $6
simper11: calls $6
*** SHOW DOWN ***
_stel_23_: shows [Ah 4h] (three of a kind, Fours)
simper11: mucks hand
_stel_23_ collected $41.50 from pot
*** SUMMARY ***
Total pot $42 | Rake $0.50
Board [4c Ts Jd 3s 4d]
Seat 1: _stel_23_ (button) (small blind) showed [Ah 4h] and won ($41.50) with three of a kind, Fours
Seat 3: simper11 (big blind) mucked


PokerStars Hand #157576938089:  Hold'em Limit ($3/$6 USD) - 2016/08/21 19:22:42 ET
Table 'Notburga' 6-max Seat #1 is the button
Seat 1: _stel_23_ ($58.72 in chips)
Seat 3: simper11 ($110.68 in chips)
_stel_23_: posts small blind $1
simper11: posts big blind $3
*** HOLE CARDS ***
_stel_23_: folds
Uncalled bet ($2) returned to simper11
simper11 collected $2 from pot
simper11: doesn't show hand
*** SUMMARY ***
Total pot $2 | Rake $0
Seat 1: _stel_23_ (button) (small blind) folded before Flop
Seat 3: simper11 (big blind) collected ($2)


PokerStars Hand #157576929827:  Hold'em Limit ($3/$6 USD) - 2016/08/21 19:22:27 ET
Table 'Notburga' 6-max Seat #3 is the button
Seat 1: _stel_23_ ($67.72 in chips)
Seat 3: simper11 ($102.04 in chips)
simper11: posts small blind $1
_stel_23_: posts big blind $3
*** HOLE CARDS ***
simper11: raises $3 to $6
_stel_23_: calls $3
*** FLOP *** [6h 4c 5h]
_stel_23_: checks
simper11: bets $3
_stel_23_: calls $3
*** TURN *** [6h 4c 5h] [Qd]
_stel_23_: checks
simper11: bets $6
_stel_23_: folds
Uncalled bet ($6) returned to simper11
simper11 collected $17.64 from pot
simper11: doesn't show hand
*** SUMMARY ***
Total pot $18 | Rake $0.36
Board [6h 4c 5h Qd]
Seat 1: _stel_23_ (big blind) folded on the Turn
Seat 3: simper11 (button) (small blind) collected ($17.64)


PokerStars Hand #157576923699:  Hold'em Limit ($3/$6 USD) - 2016/08/21 19:22:16 ET
Table 'Notburga' 6-max Seat #1 is the button
Seat 1: _stel_23_ ($59.08 in chips)
Seat 3: simper11 ($111.04 in chips)
_stel_23_: posts small blind $1
simper11: posts big blind $3
*** HOLE CARDS ***
_stel_23_: raises $3 to $6
simper11: calls $3
*** FLOP *** [8h Th 9s]
simper11: checks
_stel_23_: bets $3
simper11: calls $3
*** TURN *** [8h Th 9s] [Ks]
simper11: checks
_stel_23_: bets $6
simper11: folds
Uncalled bet ($6) returned to _stel_23_
_stel_23_ collected $17.64 from pot
_stel_23_: doesn't show hand
*** SUMMARY ***
Total pot $18 | Rake $0.36
Board [8h Th 9s Ks]
Seat 1: _stel_23_ (button) (small blind) collected ($17.64)
Seat 3: simper11 (big blind) folded on the Turn


PokerStars Hand #157576918103:  Hold'em Limit ($3/$6 USD) - 2016/08/21 19:22:06 ET
Table 'Notburga' 6-max Seat #3 is the button
Seat 1: _stel_23_ ($65.08 in chips)
Seat 3: simper11 ($105.28 in chips)
simper11: posts small blind $1
_stel_23_: posts big blind $3
*** HOLE CARDS ***
simper11: raises $3 to $6
_stel_23_: calls $3
*** FLOP *** [9c Ts 6c]
_stel_23_: checks
simper11: bets $3
_stel_23_: folds
Uncalled bet ($3) returned to simper11
simper11 collected $11.76 from pot
simper11: doesn't show hand
*** SUMMARY ***
Total pot $12 | Rake $0.24
Board [9c Ts 6c]
Seat 1: _stel_23_ (big blind) folded on the Flop
Seat 3: simper11 (button) (small blind) collected ($11.76)


PokerStars Hand #157576915513:  Hold'em Limit ($3/$6 USD) - 2016/08/21 19:22:01 ET
Table 'Notburga' 6-max Seat #1 is the button
Seat 1: _stel_23_ ($66.08 in chips)
Seat 3: simper11 ($104.28 in chips)
_stel_23_: posts small blind $1
simper11: posts big blind $3
*** HOLE CARDS ***
_stel_23_: folds
Uncalled bet ($2) returned to simper11
simper11 collected $2 from pot
simper11: doesn't show hand
*** SUMMARY ***
Total pot $2 | Rake $0
Seat 1: _stel_23_ (button) (small blind) folded before Flop
Seat 3: simper11 (big blind) collected ($2)


PokerStars Hand #157576907042:  Hold'em Limit ($3/$6 USD) - 2016/08/21 19:21:45 ET
Table 'Notburga' 6-max Seat #3 is the button
Seat 1: _stel_23_ ($42.58 in chips)
Seat 3: simper11 ($128.28 in chips)
simper11: posts small blind $1
_stel_23_: posts big blind $3
*** HOLE CARDS ***
simper11: raises $3 to $6
_stel_23_: calls $3
*** FLOP *** [Jh Qh 6d]
_stel_23_: checks
simper11: bets $3
_stel_23_: raises $3 to $6
simper11: calls $3
*** TURN *** [Jh Qh 6d] [2h]
_stel_23_: bets $6
simper11: calls $6
*** RIVER *** [Jh Qh 6d 2h] [7h]
_stel_23_: bets $6
simper11: calls $6
*** SHOW DOWN ***
_stel_23_: shows [Th 9d] (a flush, Queen high)
simper11: mucks hand
_stel_23_ collected $47.50 from pot
*** SUMMARY ***
Total pot $48 | Rake $0.50
Board [Jh Qh 6d 2h 7h]
Seat 1: _stel_23_ (big blind) showed [Th 9d] and won ($47.50) with a flush, Queen high
Seat 3: simper11 (button) (small blind) mucked


PokerStars Hand #157576954531:  Hold'em Limit ($3/$6 USD) - 2016/08/21 19:23:12 ET
Table 'Notburga' 6-max Seat #3 is the button
Seat 1: _stel_23_ ($14.72 in chips)
Seat 3: simper11 ($154.18 in chips)
simper11: posts small blind $1
_stel_23_: posts big blind $3
*** HOLE CARDS ***
simper11: raises $3 to $6
_stel_23_: calls $3
*** FLOP *** [Kc Qh 8d]
_stel_23_: checks
simper11: bets $3
_stel_23_: folds
Uncalled bet ($3) returned to simper11
simper11 collected $11.76 from pot
simper11: doesn't show hand
*** SUMMARY ***
Total pot $12 | Rake $0.24
Board [Kc Qh 8d]
Seat 1: _stel_23_ (big blind) folded on the Flop
Seat 3: simper11 (button) (small blind) collected ($11.76)


PokerStars Hand #157576952025:  Hold'em Limit ($3/$6 USD) - 2016/08/21 19:23:08 ET
Table 'Notburga' 6-max Seat #1 is the button
Seat 1: _stel_23_ ($15.72 in chips)
Seat 3: simper11 ($153.18 in chips)
_stel_23_: posts small blind $1
simper11: posts big blind $3
*** HOLE CARDS ***
_stel_23_: folds
Uncalled bet ($2) returned to simper11
simper11 collected $2 from pot
simper11: doesn't show hand
*** SUMMARY ***
Total pot $2 | Rake $0
Seat 1: _stel_23_ (button) (small blind) folded before Flop
Seat 3: simper11 (big blind) collected ($2)


PokerStars Hand #157576940645:  Hold'em Limit ($3/$6 USD) - 2016/08/21 19:22:47 ET
Table 'Notburga' 6-max Seat #3 is the button
Seat 1: _stel_23_ ($57.72 in chips)
Seat 3: simper11 ($111.68 in chips)
simper11: posts small blind $1
_stel_23_: posts big blind $3
*** HOLE CARDS ***
simper11: raises $3 to $6
_stel_23_: raises $3 to $9
simper11: calls $3
*** FLOP *** [5s 6h 7c]
_stel_23_: bets $3
simper11: raises $3 to $6
_stel_23_: raises $3 to $9
simper11: calls $3
*** TURN *** [5s 6h 7c] [9s]
_stel_23_: bets $6
simper11: raises $6 to $12
_stel_23_: calls $6
*** RIVER *** [5s 6h 7c 9s] [7h]
_stel_23_: bets $6
simper11: raises $6 to $12
_stel_23_: calls $6
*** SHOW DOWN ***
simper11: shows [9h 9c] (a full house, Nines full of Sevens)
_stel_23_: mucks hand
simper11 collected $83.50 from pot
*** SUMMARY ***
Total pot $84 | Rake $0.50
Board [5s 6h 7c 9s 7h]
Seat 1: _stel_23_ (big blind) mucked
Seat 3: simper11 (button) (small blind) showed [9h 9c] and won ($83.50) with a full house, Nines full of Sevens


PokerStars Hand #157577019928:  Hold'em Limit ($3/$6 USD) - 2016/08/21 19:25:13 ET
Table 'Notburga' 6-max Seat #3 is the button
Seat 3: simper11 ($160.94 in chips)
Seat 4: Goldvrn ($91.65 in chips)
simper11: posts small blind $1
Goldvrn: posts big blind $3
*** HOLE CARDS ***
simper11: raises $3 to $6
Goldvrn: calls $3
*** FLOP *** [Qd Qs 3c]
Goldvrn: checks
simper11: checks
*** TURN *** [Qd Qs 3c] [Tc]
Goldvrn: checks
simper11: bets $6
Goldvrn: folds
Uncalled bet ($6) returned to simper11
simper11 collected $11.76 from pot
simper11: doesn't show hand
Goldvrn leaves the table
*** SUMMARY ***
Total pot $12 | Rake $0.24
Board [Qd Qs 3c Tc]
Seat 3: simper11 (button) (small blind) collected ($11.76)
Seat 4: Goldvrn (big blind) folded on the Turn


PokerStars Hand #157577014749:  Hold'em Limit ($3/$6 USD) - 2016/08/21 19:25:03 ET
Table 'Notburga' 6-max Seat #4 is the button
Seat 3: simper11 ($159.94 in chips)
Seat 4: Goldvrn ($92.65 in chips)
Goldvrn: posts small blind $1
simper11: posts big blind $3
*** HOLE CARDS ***
Goldvrn: folds
Uncalled bet ($2) returned to simper11
simper11 collected $2 from pot
simper11: doesn't show hand
*** SUMMARY ***
Total pot $2 | Rake $0
Seat 3: simper11 (big blind) collected ($2)
Seat 4: Goldvrn (button) (small blind) folded before Flop


PokerStars Hand #157577190043:  Hold'em Limit ($3/$6 USD) - 2016/08/21 19:30:26 ET
Table 'Notburga' 6-max Seat #6 is the button
Seat 3: simper11 ($166.70 in chips)
Seat 6: mylifeluvsol ($30 in chips)
mylifeluvsol: posts small blind $1
simper11: posts big blind $3
*** HOLE CARDS ***
mylifeluvsol: folds
Uncalled bet ($2) returned to simper11
simper11 collected $2 from pot
*** SUMMARY ***
Total pot $2 | Rake $0
Seat 3: simper11 (big blind) collected ($2)
Seat 6: mylifeluvsol (button) (small blind) folded before Flop


PokerStars Hand #157577195382:  Hold'em Limit ($3/$6 USD) - 2016/08/21 19:30:36 ET
Table 'Notburga' 6-max Seat #3 is the button
Seat 3: simper11 ($167.70 in chips)
Seat 6: mylifeluvsol ($29 in chips)
simper11: posts small blind $1
mylifeluvsol: posts big blind $3
*** HOLE CARDS ***
simper11: raises $3 to $6
mylifeluvsol: calls $3
*** FLOP *** [2d 8h 3d]
mylifeluvsol: checks
simper11: bets $3
mylifeluvsol: folds
Uncalled bet ($3) returned to simper11
simper11 collected $11.76 from pot
simper11: doesn't show hand
*** SUMMARY ***
Total pot $12 | Rake $0.24
Board [2d 8h 3d]
Seat 3: simper11 (button) (small blind) collected ($11.76)
Seat 6: mylifeluvsol (big blind) folded on the Flop


PokerStars Hand #157577202021:  Hold'em Limit ($3/$6 USD) - 2016/08/21 19:30:48 ET
Table 'Notburga' 6-max Seat #6 is the button
Seat 3: simper11 ($173.46 in chips)
Seat 6: mylifeluvsol ($23 in chips)
mylifeluvsol: posts small blind $1
simper11: posts big blind $3
*** HOLE CARDS ***
mylifeluvsol: raises $3 to $6
simper11: calls $3
*** FLOP *** [6d 2d Tc]
simper11: checks
mylifeluvsol: checks
*** TURN *** [6d 2d Tc] [3d]
simper11: checks
mylifeluvsol: bets $6
simper11: calls $6
*** RIVER *** [6d 2d Tc 3d] [9c]
simper11: checks
mylifeluvsol: bets $6
simper11: raises $6 to $12
mylifeluvsol: folds
Uncalled bet ($6) returned to simper11
simper11 collected $35.50 from pot
simper11: doesn't show hand
*** SUMMARY ***
Total pot $36 | Rake $0.50
Board [6d 2d Tc 3d 9c]
Seat 3: simper11 (big blind) collected ($35.50)
Seat 6: mylifeluvsol (button) (small blind) folded on the River


PokerStars Hand #157577212927:  Hold'em Limit ($3/$6 USD) - 2016/08/21 19:31:09 ET
Table 'Notburga' 6-max Seat #3 is the button
Seat 3: simper11 ($190.96 in chips)
Seat 6: mylifeluvsol ($5 in chips)
simper11: posts small blind $1
mylifeluvsol: posts big blind $3
*** HOLE CARDS ***
simper11: raises $3 to $6
mylifeluvsol: calls $2 and is all-in
Uncalled bet ($1) returned to simper11
*** FLOP *** [3h Jh 2h]
*** TURN *** [3h Jh 2h] [Kd]
*** RIVER *** [3h Jh 2h Kd] [Qh]
*** SHOW DOWN ***
mylifeluvsol: shows [2c 7c] (a pair of Deuces)
simper11: shows [9d Ad] (high card Ace)
mylifeluvsol collected $9.80 from pot
*** SUMMARY ***
Total pot $10 | Rake $0.20
Board [3h Jh 2h Kd Qh]
Seat 3: simper11 (button) (small blind) showed [9d Ad] and lost with high card Ace
Seat 6: mylifeluvsol (big blind) showed [2c 7c] and won ($9.80) with a pair of Deuces


PokerStars Hand #157577219578:  Hold'em Limit ($3/$6 USD) - 2016/08/21 19:31:21 ET
Table 'Notburga' 6-max Seat #6 is the button
Seat 3: simper11 ($185.96 in chips)
Seat 6: mylifeluvsol ($9.80 in chips)
mylifeluvsol: posts small blind $1
simper11: posts big blind $3
*** HOLE CARDS ***
mylifeluvsol: raises $3 to $6
simper11: calls $3
*** FLOP *** [9h 2d 7s]
simper11: checks
mylifeluvsol: bets $3
simper11: raises $3 to $6
mylifeluvsol: calls $0.80 and is all-in
Uncalled bet ($2.20) returned to simper11
*** TURN *** [9h 2d 7s] [8s]
*** RIVER *** [9h 2d 7s 8s] [9d]
*** SHOW DOWN ***
simper11: shows [8d 5s] (two pair, Nines and Eights)
mylifeluvsol: shows [Jh Qh] (a pair of Nines)
simper11 collected $19.21 from pot
*** SUMMARY ***
Total pot $19.60 | Rake $0.39
Board [9h 2d 7s 8s 9d]
Seat 3: simper11 (big blind) showed [8d 5s] and won ($19.21) with two pair, Nines and Eights
Seat 6: mylifeluvsol (button) (small blind) showed [Jh Qh] and lost with a pair of Nines


