PokerStars Hand #169204919436:  Hold'em Limit ($3/$6 USD) - 2017/04/18 5:11:06 ET
Table 'Notburga' 6-max Seat #4 is the button
Seat 3: BugerDV ($60 in chips)
Seat 4: habari786 ($71.52 in chips)
habari786: posts small blind $1
BugerDV: posts big blind $3
*** HOLE CARDS ***
habari786: raises $3 to $6
BugerDV: folds
Uncalled bet ($3) returned to habari786
habari786 collected $6 from pot
habari786: doesn't show hand
*** SUMMARY ***
Total pot $6 | Rake $0
Seat 3: BugerDV (big blind) folded before Flop
Seat 4: habari786 (button) (small blind) collected ($6)


PokerStars Hand #169204925024:  Hold'em Limit ($3/$6 USD) - 2017/04/18 5:11:21 ET
Table 'Notburga' 6-max Seat #4 is the button
Seat 3: BugerDV ($56 in chips)
Seat 4: habari786 ($75.52 in chips)
habari786: posts small blind $1
BugerDV: posts big blind $3
*** HOLE CARDS ***
habari786: raises $3 to $6
BugerDV: calls $3
*** FLOP *** [Ac 7d 3d]
BugerDV: checks
habari786: bets $3
BugerDV: raises $3 to $6
habari786: calls $3
*** TURN *** [Ac 7d 3d] [3s]
BugerDV: bets $6
habari786: folds
Uncalled bet ($6) returned to BugerDV
BugerDV collected $23.52 from pot
BugerDV: doesn't show hand
*** SUMMARY ***
Total pot $24 | Rake $0.48
Board [Ac 7d 3d 3s]
Seat 3: BugerDV (big blind) collected ($23.52)
Seat 4: habari786 (button) (small blind) folded on the Turn


PokerStars Hand #169204906144:  Hold'em Limit ($3/$6 USD) - 2017/04/18 5:10:31 ET
Table 'Notburga' 6-max Seat #3 is the button
Seat 3: BugerDV ($72 in chips)
Seat 4: habari786 ($60 in chips)
BugerDV: posts small blind $1
habari786: posts big blind $3
*** HOLE CARDS ***
BugerDV: raises $3 to $6
habari786: calls $3
*** FLOP *** [9c 3h 2d]
habari786: checks
BugerDV: bets $3
habari786: raises $3 to $6
BugerDV: calls $3
*** TURN *** [9c 3h 2d] [9s]
habari786: bets $6
BugerDV: folds
Uncalled bet ($6) returned to habari786
habari786 collected $23.52 from pot
habari786: doesn't show hand
*** SUMMARY ***
Total pot $24 | Rake $0.48
Board [9c 3h 2d 9s]
Seat 3: BugerDV (button) (small blind) folded on the Turn
Seat 4: habari786 (big blind) collected ($23.52)


PokerStars Hand #169204922774:  Hold'em Limit ($3/$6 USD) - 2017/04/18 5:11:15 ET
Table 'Notburga' 6-max Seat #3 is the button
Seat 3: BugerDV ($57 in chips)
Seat 4: habari786 ($74.52 in chips)
BugerDV: posts small blind $1
habari786: posts big blind $3
*** HOLE CARDS ***
BugerDV: folds
Uncalled bet ($2) returned to habari786
habari786 collected $2 from pot
habari786: doesn't show hand
*** SUMMARY ***
Total pot $2 | Rake $0
Seat 3: BugerDV (button) (small blind) folded before Flop
Seat 4: habari786 (big blind) collected ($2)


PokerStars Hand #169204943662:  Hold'em Limit ($3/$6 USD) - 2017/04/18 5:12:10 ET
Table 'Notburga' 6-max Seat #4 is the button
Seat 3: BugerDV ($88.02 in chips)
Seat 4: habari786 ($42.52 in chips)
habari786: posts small blind $1
BugerDV: posts big blind $3
*** HOLE CARDS ***
habari786: folds
Uncalled bet ($2) returned to BugerDV
BugerDV collected $2 from pot
BugerDV: doesn't show hand
*** SUMMARY ***
Total pot $2 | Rake $0
Seat 3: BugerDV (big blind) collected ($2)
Seat 4: habari786 (button) (small blind) folded before Flop


PokerStars Hand #169204933504:  Hold'em Limit ($3/$6 USD) - 2017/04/18 5:11:43 ET
Table 'Notburga' 6-max Seat #3 is the button
Seat 3: BugerDV ($67.52 in chips)
Seat 4: habari786 ($63.52 in chips)
BugerDV: posts small blind $1
habari786: posts big blind $3
*** HOLE CARDS ***
BugerDV: raises $3 to $6
habari786: calls $3
*** FLOP *** [5d 3h 2c]
habari786: checks
BugerDV: bets $3
habari786: calls $3
*** TURN *** [5d 3h 2c] [Qh]
habari786: checks
BugerDV: bets $6
habari786: calls $6
*** RIVER *** [5d 3h 2c Qh] [3c]
habari786: bets $6
BugerDV: calls $6
*** SHOW DOWN ***
habari786: shows [7d Ah] (a pair of Threes)
BugerDV: shows [6h 6d] (two pair, Sixes and Threes)
BugerDV collected $41.50 from pot
*** SUMMARY ***
Total pot $42 | Rake $0.50
Board [5d 3h 2c Qh 3c]
Seat 3: BugerDV (button) (small blind) showed [6h 6d] and won ($41.50) with two pair, Sixes and Threes
Seat 4: habari786 (big blind) showed [7d Ah] and lost with a pair of Threes


PokerStars Hand #169204945813:  Hold'em Limit ($3/$6 USD) - 2017/04/18 5:12:15 ET
Table 'Notburga' 6-max Seat #3 is the button
Seat 3: BugerDV ($89.02 in chips)
Seat 4: habari786 ($41.52 in chips)
BugerDV: posts small blind $1
habari786: posts big blind $3
*** HOLE CARDS ***
BugerDV: folds
Uncalled bet ($2) returned to habari786
habari786 collected $2 from pot
habari786: doesn't show hand
*** SUMMARY ***
Total pot $2 | Rake $0
Seat 3: BugerDV (button) (small blind) folded before Flop
Seat 4: habari786 (big blind) collected ($2)


PokerStars Hand #169204948378:  Hold'em Limit ($3/$6 USD) - 2017/04/18 5:12:22 ET
Table 'Notburga' 6-max Seat #4 is the button
Seat 3: BugerDV ($88.02 in chips)
Seat 4: habari786 ($42.52 in chips)
habari786: posts small blind $1
BugerDV: posts big blind $3
*** HOLE CARDS ***
habari786: raises $3 to $6
BugerDV: calls $3
*** FLOP *** [Qs 3s 4s]
BugerDV: checks
habari786: bets $3
BugerDV: folds
Uncalled bet ($3) returned to habari786
habari786 collected $11.76 from pot
habari786: doesn't show hand
*** SUMMARY ***
Total pot $12 | Rake $0.24
Board [Qs 3s 4s]
Seat 3: BugerDV (big blind) folded on the Flop
Seat 4: habari786 (button) (small blind) collected ($11.76)


PokerStars Hand #169204965538:  Hold'em Limit ($3/$6 USD) - 2017/04/18 5:13:07 ET
Table 'Notburga' 6-max Seat #3 is the button
Seat 3: BugerDV ($75.02 in chips)
Seat 4: habari786 ($55.04 in chips)
BugerDV: posts small blind $1
habari786: posts big blind $3
*** HOLE CARDS ***
BugerDV: folds
Uncalled bet ($2) returned to habari786
habari786 collected $2 from pot
habari786: doesn't show hand
*** SUMMARY ***
Total pot $2 | Rake $0
Seat 3: BugerDV (button) (small blind) folded before Flop
Seat 4: habari786 (big blind) collected ($2)


PokerStars Hand #169204974320:  Hold'em Limit ($3/$6 USD) - 2017/04/18 5:13:31 ET
Table 'Notburga' 6-max Seat #3 is the button
Seat 3: BugerDV ($71.02 in chips)
Seat 4: habari786 ($59.04 in chips)
BugerDV: posts small blind $1
habari786: posts big blind $3
*** HOLE CARDS ***
BugerDV: raises $3 to $6
habari786: folds
Uncalled bet ($3) returned to BugerDV
BugerDV collected $6 from pot
BugerDV: doesn't show hand
*** SUMMARY ***
Total pot $6 | Rake $0
Seat 3: BugerDV (button) (small blind) collected ($6)
Seat 4: habari786 (big blind) folded before Flop


PokerStars Hand #169204967706:  Hold'em Limit ($3/$6 USD) - 2017/04/18 5:13:13 ET
Table 'Notburga' 6-max Seat #4 is the button
Seat 3: BugerDV ($74.02 in chips)
Seat 4: habari786 ($56.04 in chips)
habari786: posts small blind $1
BugerDV: posts big blind $3
*** HOLE CARDS ***
habari786: raises $3 to $6
BugerDV: folds
Uncalled bet ($3) returned to habari786
habari786 collected $6 from pot
habari786: doesn't show hand
*** SUMMARY ***
Total pot $6 | Rake $0
Seat 3: BugerDV (big blind) folded before Flop
Seat 4: habari786 (button) (small blind) collected ($6)


PokerStars Hand #169204959478:  Hold'em Limit ($3/$6 USD) - 2017/04/18 5:12:51 ET
Table 'Notburga' 6-max Seat #4 is the button
Seat 3: BugerDV ($81.02 in chips)
Seat 4: habari786 ($49.28 in chips)
habari786: posts small blind $1
BugerDV: posts big blind $3
*** HOLE CARDS ***
habari786: raises $3 to $6
BugerDV: calls $3
*** FLOP *** [Ad 8d Ks]
BugerDV: checks
habari786: bets $3
BugerDV: folds
Uncalled bet ($3) returned to habari786
habari786 collected $11.76 from pot
habari786: doesn't show hand
*** SUMMARY ***
Total pot $12 | Rake $0.24
Board [Ad 8d Ks]
Seat 3: BugerDV (big blind) folded on the Flop
Seat 4: habari786 (button) (small blind) collected ($11.76)


PokerStars Hand #169204957404:  Hold'em Limit ($3/$6 USD) - 2017/04/18 5:12:46 ET
Table 'Notburga' 6-max Seat #3 is the button
Seat 3: BugerDV ($82.02 in chips)
Seat 4: habari786 ($48.28 in chips)
BugerDV: posts small blind $1
habari786: posts big blind $3
*** HOLE CARDS ***
BugerDV: folds
Uncalled bet ($2) returned to habari786
habari786 collected $2 from pot
habari786: doesn't show hand
*** SUMMARY ***
Total pot $2 | Rake $0
Seat 3: BugerDV (button) (small blind) folded before Flop
Seat 4: habari786 (big blind) collected ($2)


PokerStars Hand #169204976693:  Hold'em Limit ($3/$6 USD) - 2017/04/18 5:13:37 ET
Table 'Notburga' 6-max Seat #4 is the button
Seat 3: BugerDV ($74.02 in chips)
Seat 4: habari786 ($56.04 in chips)
habari786: posts small blind $1
BugerDV: posts big blind $3
*** HOLE CARDS ***
habari786: raises $3 to $6
BugerDV: calls $3
*** FLOP *** [Qc 9h Js]
BugerDV: checks
habari786: bets $3
BugerDV: calls $3
*** TURN *** [Qc 9h Js] [Ac]
BugerDV: checks
habari786: bets $6
BugerDV: calls $6
*** RIVER *** [Qc 9h Js Ac] [8c]
BugerDV: checks
habari786: bets $6
BugerDV: raises $6 to $12
habari786: raises $6 to $18
BugerDV: calls $6
*** SHOW DOWN ***
habari786: shows [Tc Qs] (a straight, Eight to Queen)
BugerDV: shows [Td 6s] (a straight, Eight to Queen)
BugerDV collected $32.75 from pot
habari786 collected $32.75 from pot
*** SUMMARY ***
Total pot $66 | Rake $0.50
Board [Qc 9h Js Ac 8c]
Seat 3: BugerDV (big blind) showed [Td 6s] and won ($32.75) with a straight, Eight to Queen
Seat 4: habari786 (button) (small blind) showed [Tc Qs] and won ($32.75) with a straight, Eight to Queen


PokerStars Hand #169204990377:  Hold'em Limit ($3/$6 USD) - 2017/04/18 5:14:13 ET
Table 'Notburga' 6-max Seat #3 is the button
Seat 3: BugerDV ($73.77 in chips)
Seat 4: habari786 ($55.79 in chips)
BugerDV: posts small blind $1
habari786: posts big blind $3
*** HOLE CARDS ***
BugerDV: raises $3 to $6
habari786: calls $3
*** FLOP *** [4d Ac Ks]
habari786: bets $3
BugerDV: folds
Uncalled bet ($3) returned to habari786
habari786 collected $11.76 from pot
habari786: doesn't show hand
*** SUMMARY ***
Total pot $12 | Rake $0.24
Board [4d Ac Ks]
Seat 3: BugerDV (button) (small blind) folded on the Flop
Seat 4: habari786 (big blind) collected ($11.76)


PokerStars Hand #169205007873:  Hold'em Limit ($3/$6 USD) - 2017/04/18 5:14:59 ET
Table 'Notburga' 6-max Seat #3 is the button
Seat 3: BugerDV ($67.52 in chips)
Seat 4: habari786 ($61.30 in chips)
BugerDV: posts small blind $1
habari786: posts big blind $3
*** HOLE CARDS ***
BugerDV: raises $3 to $6
habari786: folds
Uncalled bet ($3) returned to BugerDV
BugerDV collected $6 from pot
BugerDV: doesn't show hand
*** SUMMARY ***
Total pot $6 | Rake $0
Seat 3: BugerDV (button) (small blind) collected ($6)
Seat 4: habari786 (big blind) folded before Flop


PokerStars Hand #169204998050:  Hold'em Limit ($3/$6 USD) - 2017/04/18 5:14:33 ET
Table 'Notburga' 6-max Seat #4 is the button
Seat 3: BugerDV ($67.77 in chips)
Seat 4: habari786 ($61.55 in chips)
habari786: posts small blind $1
BugerDV: posts big blind $3
*** HOLE CARDS ***
habari786: raises $3 to $6
BugerDV: calls $3
*** FLOP *** [As Js 6d]
BugerDV: checks
habari786: bets $3
BugerDV: calls $3
*** TURN *** [As Js 6d] [Jc]
BugerDV: checks
habari786: checks
*** RIVER *** [As Js 6d Jc] [3d]
BugerDV: bets $6
habari786: calls $6
*** SHOW DOWN ***
BugerDV: shows [Qd 6h] (two pair, Jacks and Sixes)
habari786: shows [6c 8d] (two pair, Jacks and Sixes)
BugerDV collected $14.75 from pot
habari786 collected $14.75 from pot
*** SUMMARY ***
Total pot $30 | Rake $0.50
Board [As Js 6d Jc 3d]
Seat 3: BugerDV (big blind) showed [Qd 6h] and won ($14.75) with two pair, Jacks and Sixes
Seat 4: habari786 (button) (small blind) showed [6c 8d] and won ($14.75) with two pair, Jacks and Sixes


PokerStars Hand #169205013053:  Hold'em Limit ($3/$6 USD) - 2017/04/18 5:15:12 ET
Table 'Notburga' 6-max Seat #3 is the button
Seat 3: BugerDV ($67.52 in chips)
Seat 4: habari786 ($61.30 in chips)
BugerDV: posts small blind $1
habari786: posts big blind $3
*** HOLE CARDS ***
BugerDV: raises $3 to $6
habari786: raises $3 to $9
BugerDV: calls $3
*** FLOP *** [Js 8h 4d]
habari786: bets $3
BugerDV: calls $3
*** TURN *** [Js 8h 4d] [Ac]
habari786: bets $6
BugerDV: raises $6 to $12
habari786: raises $6 to $18
BugerDV: folds
Uncalled bet ($6) returned to habari786
habari786 collected $47.50 from pot
habari786: doesn't show hand
*** SUMMARY ***
Total pot $48 | Rake $0.50
Board [Js 8h 4d Ac]
Seat 3: BugerDV (button) (small blind) folded on the Turn
Seat 4: habari786 (big blind) collected ($47.50)


PokerStars Hand #169205010586:  Hold'em Limit ($3/$6 USD) - 2017/04/18 5:15:06 ET
Table 'Notburga' 6-max Seat #4 is the button
Seat 3: BugerDV ($70.52 in chips)
Seat 4: habari786 ($58.30 in chips)
habari786: posts small blind $1
BugerDV: posts big blind $3
*** HOLE CARDS ***
habari786: raises $3 to $6
BugerDV: folds
Uncalled bet ($3) returned to habari786
habari786 collected $6 from pot
habari786: doesn't show hand
*** SUMMARY ***
Total pot $6 | Rake $0
Seat 3: BugerDV (big blind) folded before Flop
Seat 4: habari786 (button) (small blind) collected ($6)


PokerStars Hand #169205041014:  Hold'em Limit ($3/$6 USD) - 2017/04/18 5:16:26 ET
Table 'Notburga' 6-max Seat #4 is the button
Seat 3: BugerDV ($37.28 in chips)
Seat 4: habari786 ($90.32 in chips)
habari786: posts small blind $1
BugerDV: posts big blind $3
*** HOLE CARDS ***
habari786: folds
Uncalled bet ($2) returned to BugerDV
BugerDV collected $2 from pot
BugerDV: doesn't show hand
*** SUMMARY ***
Total pot $2 | Rake $0
Seat 3: BugerDV (big blind) collected ($2)
Seat 4: habari786 (button) (small blind) folded before Flop


PokerStars Hand #169205023043:  Hold'em Limit ($3/$6 USD) - 2017/04/18 5:15:39 ET
Table 'Notburga' 6-max Seat #4 is the button
Seat 3: BugerDV ($43.52 in chips)
Seat 4: habari786 ($84.80 in chips)
habari786: posts small blind $1
BugerDV: posts big blind $3
*** HOLE CARDS ***
habari786: raises $3 to $6
BugerDV: calls $3
*** FLOP *** [Ac 2s Jd]
BugerDV: checks
habari786: checks
*** TURN *** [Ac 2s Jd] [3c]
BugerDV: checks
habari786: checks
*** RIVER *** [Ac 2s Jd 3c] [5d]
BugerDV: bets $6
habari786: folds
Uncalled bet ($6) returned to BugerDV
BugerDV collected $11.76 from pot
BugerDV: doesn't show hand
*** SUMMARY ***
Total pot $12 | Rake $0.24
Board [Ac 2s Jd 3c 5d]
Seat 3: BugerDV (big blind) collected ($11.76)
Seat 4: habari786 (button) (small blind) folded on the River


PokerStars Hand #169205032430:  Hold'em Limit ($3/$6 USD) - 2017/04/18 5:16:04 ET
Table 'Notburga' 6-max Seat #3 is the button
Seat 3: BugerDV ($49.28 in chips)
Seat 4: habari786 ($78.80 in chips)
BugerDV: posts small blind $1
habari786: posts big blind $3
*** HOLE CARDS ***
BugerDV: raises $3 to $6
habari786: raises $3 to $9
BugerDV: calls $3
*** FLOP *** [2c 6s 2h]
habari786: bets $3
BugerDV: calls $3
*** TURN *** [2c 6s 2h] [5d]
habari786: bets $6
BugerDV: folds
Uncalled bet ($6) returned to habari786
habari786 collected $23.52 from pot
habari786: doesn't show hand
*** SUMMARY ***
Total pot $24 | Rake $0.48
Board [2c 6s 2h 5d]
Seat 3: BugerDV (button) (small blind) folded on the Turn
Seat 4: habari786 (big blind) collected ($23.52)


PokerStars Hand #169205043015:  Hold'em Limit ($3/$6 USD) - 2017/04/18 5:16:31 ET
Table 'Notburga' 6-max Seat #3 is the button
Seat 3: BugerDV ($38.28 in chips)
Seat 4: habari786 ($89.32 in chips)
BugerDV: posts small blind $1
habari786: posts big blind $3
*** HOLE CARDS ***
BugerDV: raises $3 to $6
habari786: calls $3
*** FLOP *** [3h Kh 4c]
habari786: checks
BugerDV: bets $3
habari786: raises $3 to $6
BugerDV: calls $3
*** TURN *** [3h Kh 4c] [2h]
habari786: bets $6
BugerDV: folds
Uncalled bet ($6) returned to habari786
habari786 collected $23.52 from pot
habari786: doesn't show hand
*** SUMMARY ***
Total pot $24 | Rake $0.48
Board [3h Kh 4c 2h]
Seat 3: BugerDV (button) (small blind) folded on the Turn
Seat 4: habari786 (big blind) collected ($23.52)


PokerStars Hand #169205053148:  Hold'em Limit ($3/$6 USD) - 2017/04/18 5:16:57 ET
Table 'Notburga' 6-max Seat #4 is the button
Seat 3: BugerDV ($86.28 in chips)
Seat 4: habari786 ($100.84 in chips)
habari786: posts small blind $1
BugerDV: posts big blind $3
*** HOLE CARDS ***
habari786: folds
Uncalled bet ($2) returned to BugerDV
BugerDV collected $2 from pot
BugerDV: doesn't show hand
*** SUMMARY ***
Total pot $2 | Rake $0
Seat 3: BugerDV (big blind) collected ($2)
Seat 4: habari786 (button) (small blind) folded before Flop


PokerStars Hand #169205065556:  Hold'em Limit ($3/$6 USD) - 2017/04/18 5:17:30 ET
Table 'Notburga' 6-max Seat #4 is the button
Seat 3: BugerDV ($94.28 in chips)
Seat 4: habari786 ($92.84 in chips)
habari786: posts small blind $1
BugerDV: posts big blind $3
*** HOLE CARDS ***
habari786: folds
Uncalled bet ($2) returned to BugerDV
BugerDV collected $2 from pot
BugerDV: doesn't show hand
*** SUMMARY ***
Total pot $2 | Rake $0
Seat 3: BugerDV (big blind) collected ($2)
Seat 4: habari786 (button) (small blind) folded before Flop


PokerStars Hand #169205061309:  Hold'em Limit ($3/$6 USD) - 2017/04/18 5:17:19 ET
Table 'Notburga' 6-max Seat #3 is the button
Seat 3: BugerDV ($91.28 in chips)
Seat 4: habari786 ($95.84 in chips)
BugerDV: posts small blind $1
habari786: posts big blind $3
*** HOLE CARDS ***
BugerDV: raises $3 to $6
habari786: folds
Uncalled bet ($3) returned to BugerDV
BugerDV collected $6 from pot
BugerDV: doesn't show hand
*** SUMMARY ***
Total pot $6 | Rake $0
Seat 3: BugerDV (button) (small blind) collected ($6)
Seat 4: habari786 (big blind) folded before Flop


PokerStars Hand #169205059279:  Hold'em Limit ($3/$6 USD) - 2017/04/18 5:17:13 ET
Table 'Notburga' 6-max Seat #4 is the button
Seat 3: BugerDV ($90.28 in chips)
Seat 4: habari786 ($96.84 in chips)
habari786: posts small blind $1
BugerDV: posts big blind $3
*** HOLE CARDS ***
habari786: folds
Uncalled bet ($2) returned to BugerDV
BugerDV collected $2 from pot
BugerDV: doesn't show hand
*** SUMMARY ***
Total pot $2 | Rake $0
Seat 3: BugerDV (big blind) collected ($2)
Seat 4: habari786 (button) (small blind) folded before Flop


PokerStars Hand #169205057086:  Hold'em Limit ($3/$6 USD) - 2017/04/18 5:17:08 ET
Table 'Notburga' 6-max Seat #3 is the button
Seat 3: BugerDV ($87.28 in chips)
Seat 4: habari786 ($99.84 in chips)
BugerDV: posts small blind $1
habari786: posts big blind $3
*** HOLE CARDS ***
BugerDV: raises $3 to $6
habari786: folds
Uncalled bet ($3) returned to BugerDV
BugerDV collected $6 from pot
BugerDV: doesn't show hand
*** SUMMARY ***
Total pot $6 | Rake $0
Seat 3: BugerDV (button) (small blind) collected ($6)
Seat 4: habari786 (big blind) folded before Flop


PokerStars Hand #169205075095:  Hold'em Limit ($3/$6 USD) - 2017/04/18 5:17:54 ET
Table 'Notburga' 6-max Seat #4 is the button
Seat 3: BugerDV ($101.04 in chips)
Seat 4: habari786 ($85.84 in chips)
habari786: posts small blind $1
BugerDV: posts big blind $3
*** HOLE CARDS ***
habari786: folds
Uncalled bet ($2) returned to BugerDV
BugerDV collected $2 from pot
BugerDV: doesn't show hand
*** SUMMARY ***
Total pot $2 | Rake $0
Seat 3: BugerDV (big blind) collected ($2)
Seat 4: habari786 (button) (small blind) folded before Flop


PokerStars Hand #169205067874:  Hold'em Limit ($3/$6 USD) - 2017/04/18 5:17:36 ET
Table 'Notburga' 6-max Seat #3 is the button
Seat 3: BugerDV ($95.28 in chips)
Seat 4: habari786 ($91.84 in chips)
BugerDV: posts small blind $1
habari786: posts big blind $3
*** HOLE CARDS ***
BugerDV: raises $3 to $6
habari786: calls $3
*** FLOP *** [Js Qd Td]
habari786: checks
BugerDV: bets $3
habari786: folds
Uncalled bet ($3) returned to BugerDV
BugerDV collected $11.76 from pot
BugerDV: doesn't show hand
*** SUMMARY ***
Total pot $12 | Rake $0.24
Board [Js Qd Td]
Seat 3: BugerDV (button) (small blind) collected ($11.76)
Seat 4: habari786 (big blind) folded on the Flop


PokerStars Hand #169205086173:  Hold'em Limit ($3/$6 USD) - 2017/04/18 5:18:23 ET
Table 'Notburga' 6-max Seat #3 is the button
Seat 3: BugerDV ($94.04 in chips)
Seat 4: habari786 ($92.48 in chips)
BugerDV: posts small blind $1
habari786: posts big blind $3
*** HOLE CARDS ***
BugerDV: folds
Uncalled bet ($2) returned to habari786
habari786 collected $2 from pot
habari786: doesn't show hand
*** SUMMARY ***
Total pot $2 | Rake $0
Seat 3: BugerDV (button) (small blind) folded before Flop
Seat 4: habari786 (big blind) collected ($2)


PokerStars Hand #169205084183:  Hold'em Limit ($3/$6 USD) - 2017/04/18 5:18:18 ET
Table 'Notburga' 6-max Seat #4 is the button
Seat 3: BugerDV ($93.04 in chips)
Seat 4: habari786 ($93.48 in chips)
habari786: posts small blind $1
BugerDV: posts big blind $3
*** HOLE CARDS ***
habari786: folds
Uncalled bet ($2) returned to BugerDV
BugerDV collected $2 from pot
BugerDV: doesn't show hand
*** SUMMARY ***
Total pot $2 | Rake $0
Seat 3: BugerDV (big blind) collected ($2)
Seat 4: habari786 (button) (small blind) folded before Flop


PokerStars Hand #169205077833:  Hold'em Limit ($3/$6 USD) - 2017/04/18 5:18:02 ET
Table 'Notburga' 6-max Seat #3 is the button
Seat 3: BugerDV ($102.04 in chips)
Seat 4: habari786 ($84.84 in chips)
BugerDV: posts small blind $1
habari786: posts big blind $3
*** HOLE CARDS ***
BugerDV: raises $3 to $6
habari786: raises $3 to $9
BugerDV: calls $3
*** FLOP *** [4h Ad 9d]
habari786: bets $3
BugerDV: folds
Uncalled bet ($3) returned to habari786
habari786 collected $17.64 from pot
habari786: doesn't show hand
*** SUMMARY ***
Total pot $18 | Rake $0.36
Board [4h Ad 9d]
Seat 3: BugerDV (button) (small blind) folded on the Flop
Seat 4: habari786 (big blind) collected ($17.64)


PokerStars Hand #169205100647:  Hold'em Limit ($3/$6 USD) - 2017/04/18 5:19:01 ET
Table 'Notburga' 6-max Seat #3 is the button
Seat 3: BugerDV ($113.54 in chips)
Seat 4: habari786 ($72.48 in chips)
BugerDV: posts small blind $1
habari786: posts big blind $3
*** HOLE CARDS ***
BugerDV: folds
Uncalled bet ($2) returned to habari786
habari786 collected $2 from pot
habari786: doesn't show hand
*** SUMMARY ***
Total pot $2 | Rake $0
Seat 3: BugerDV (button) (small blind) folded before Flop
Seat 4: habari786 (big blind) collected ($2)


PokerStars Hand #169205089861:  Hold'em Limit ($3/$6 USD) - 2017/04/18 5:18:33 ET
Table 'Notburga' 6-max Seat #4 is the button
Seat 3: BugerDV ($93.04 in chips)
Seat 4: habari786 ($93.48 in chips)
habari786: posts small blind $1
BugerDV: posts big blind $3
*** HOLE CARDS ***
habari786: raises $3 to $6
BugerDV: raises $3 to $9
habari786: raises $3 to $12
Betting is capped
BugerDV: calls $3
*** FLOP *** [Qs Qd 9h]
BugerDV: bets $3
habari786: calls $3
*** TURN *** [Qs Qd 9h] [3d]
BugerDV: bets $6
habari786: calls $6
*** RIVER *** [Qs Qd 9h 3d] [Jh]
BugerDV: bets $6
habari786: folds
Uncalled bet ($6) returned to BugerDV
BugerDV collected $41.50 from pot
BugerDV: doesn't show hand
*** SUMMARY ***
Total pot $42 | Rake $0.50
Board [Qs Qd 9h 3d Jh]
Seat 3: BugerDV (big blind) collected ($41.50)
Seat 4: habari786 (button) (small blind) folded on the River


PokerStars Hand #169205103776:  Hold'em Limit ($3/$6 USD) - 2017/04/18 5:19:09 ET
Table 'Notburga' 6-max Seat #4 is the button
Seat 3: BugerDV ($112.54 in chips)
Seat 4: habari786 ($73.48 in chips)
habari786: posts small blind $1
BugerDV: posts big blind $3
*** HOLE CARDS ***
habari786: raises $3 to $6
BugerDV: calls $3
*** FLOP *** [6d 7c Ah]
BugerDV: checks
habari786: bets $3
BugerDV: raises $3 to $6
habari786: raises $3 to $9
BugerDV: raises $3 to $12
Betting is capped
habari786: calls $3
*** TURN *** [6d 7c Ah] [Qd]
BugerDV: bets $6
habari786: folds
Uncalled bet ($6) returned to BugerDV
BugerDV collected $35.50 from pot
BugerDV: doesn't show hand
*** SUMMARY ***
Total pot $36 | Rake $0.50
Board [6d 7c Ah Qd]
Seat 3: BugerDV (big blind) collected ($35.50)
Seat 4: habari786 (button) (small blind) folded on the Turn


PokerStars Hand #169205127478:  Hold'em Limit ($3/$6 USD) - 2017/04/18 5:20:11 ET
Table 'Notburga' 6-max Seat #4 is the button
Seat 3: BugerDV ($121.04 in chips)
Seat 4: habari786 ($64.12 in chips)
habari786: posts small blind $1
BugerDV: posts big blind $3
*** HOLE CARDS ***
habari786: raises $3 to $6
BugerDV: calls $3
*** FLOP *** [5h 9c 4c]
BugerDV: bets $3
habari786: calls $3
*** TURN *** [5h 9c 4c] [5d]
BugerDV: bets $6
habari786: calls $6
*** RIVER *** [5h 9c 4c 5d] [8d]
BugerDV: bets $6
habari786: calls $6
*** SHOW DOWN ***
BugerDV: shows [Kd 5s] (three of a kind, Fives)
habari786: mucks hand
BugerDV collected $41.50 from pot
*** SUMMARY ***
Total pot $42 | Rake $0.50
Board [5h 9c 4c 5d 8d]
Seat 3: BugerDV (big blind) showed [Kd 5s] and won ($41.50) with three of a kind, Fives
Seat 4: habari786 (button) (small blind) mucked


PokerStars Hand #169205116224:  Hold'em Limit ($3/$6 USD) - 2017/04/18 5:19:42 ET
Table 'Notburga' 6-max Seat #3 is the button
Seat 3: BugerDV ($130.04 in chips)
Seat 4: habari786 ($55.48 in chips)
BugerDV: posts small blind $1
habari786: posts big blind $3
*** HOLE CARDS ***
BugerDV: raises $3 to $6
habari786: raises $3 to $9
BugerDV: calls $3
*** FLOP *** [Jh 6s Tc]
habari786: checks
BugerDV: checks
*** TURN *** [Jh 6s Tc] [4c]
habari786: checks
BugerDV: checks
*** RIVER *** [Jh 6s Tc 4c] [Kh]
habari786: bets $6
BugerDV: folds
Uncalled bet ($6) returned to habari786
habari786 collected $17.64 from pot
habari786: doesn't show hand
*** SUMMARY ***
Total pot $18 | Rake $0.36
Board [Jh 6s Tc 4c Kh]
Seat 3: BugerDV (button) (small blind) folded on the River
Seat 4: habari786 (big blind) collected ($17.64)


PokerStars Hand #169205151471:  Hold'em Limit ($3/$6 USD) - 2017/04/18 5:21:13 ET
Table 'Notburga' 6-max Seat #4 is the button
Seat 3: BugerDV ($123.54 in chips)
Seat 4: habari786 ($60.62 in chips)
habari786: posts small blind $1
BugerDV: posts big blind $3
*** HOLE CARDS ***
habari786: raises $3 to $6
BugerDV: calls $3
*** FLOP *** [Kh 3c 2d]
BugerDV: checks
habari786: bets $3
BugerDV: folds
Uncalled bet ($3) returned to habari786
habari786 collected $11.76 from pot
habari786: doesn't show hand
*** SUMMARY ***
Total pot $12 | Rake $0.24
Board [Kh 3c 2d]
Seat 3: BugerDV (big blind) folded on the Flop
Seat 4: habari786 (button) (small blind) collected ($11.76)


PokerStars Hand #169205158874:  Hold'em Limit ($3/$6 USD) - 2017/04/18 5:21:32 ET
Table 'Notburga' 6-max Seat #3 is the button
Seat 3: BugerDV ($117.54 in chips)
Seat 4: habari786 ($66.38 in chips)
BugerDV: posts small blind $1
habari786: posts big blind $3
*** HOLE CARDS ***
BugerDV: raises $3 to $6
habari786: raises $3 to $9
BugerDV: calls $3
*** FLOP *** [Js 5h 4s]
habari786: bets $3
BugerDV: calls $3
*** TURN *** [Js 5h 4s] [Tc]
habari786: bets $6
BugerDV: calls $6
*** RIVER *** [Js 5h 4s Tc] [Jd]
habari786: bets $6
BugerDV: calls $6
*** SHOW DOWN ***
habari786: shows [Kh Td] (two pair, Jacks and Tens)
BugerDV: mucks hand
habari786 collected $47.50 from pot
*** SUMMARY ***
Total pot $48 | Rake $0.50
Board [Js 5h 4s Tc Jd]
Seat 3: BugerDV (button) (small blind) mucked
Seat 4: habari786 (big blind) showed [Kh Td] and won ($47.50) with two pair, Jacks and Tens


PokerStars Hand #169205174791:  Hold'em Limit ($3/$6 USD) - 2017/04/18 5:22:13 ET
Table 'Notburga' 6-max Seat #3 is the button
Seat 3: BugerDV ($102.18 in chips)
Seat 4: habari786 ($80.88 in chips)
BugerDV: posts small blind $1
habari786: posts big blind $3
*** HOLE CARDS ***
BugerDV: raises $3 to $6
habari786: folds
Uncalled bet ($3) returned to BugerDV
BugerDV collected $6 from pot
BugerDV: doesn't show hand
*** SUMMARY ***
Total pot $6 | Rake $0
Seat 3: BugerDV (button) (small blind) collected ($6)
Seat 4: habari786 (big blind) folded before Flop


PokerStars Hand #169205168490:  Hold'em Limit ($3/$6 USD) - 2017/04/18 5:21:56 ET
Table 'Notburga' 6-max Seat #4 is the button
Seat 3: BugerDV ($93.54 in chips)
Seat 4: habari786 ($89.88 in chips)
habari786: posts small blind $1
BugerDV: posts big blind $3
*** HOLE CARDS ***
habari786: raises $3 to $6
BugerDV: calls $3
*** FLOP *** [Kh 7c 8s]
BugerDV: checks
habari786: bets $3
BugerDV: calls $3
*** TURN *** [Kh 7c 8s] [9h]
BugerDV: bets $6
habari786: folds
Uncalled bet ($6) returned to BugerDV
BugerDV collected $17.64 from pot
BugerDV: doesn't show hand
*** SUMMARY ***
Total pot $18 | Rake $0.36
Board [Kh 7c 8s 9h]
Seat 3: BugerDV (big blind) collected ($17.64)
Seat 4: habari786 (button) (small blind) folded on the Turn


PokerStars Hand #169205210046:  Hold'em Limit ($3/$6 USD) - 2017/04/18 5:23:43 ET
Table 'Notburga' 6-max Seat #3 is the button
Seat 3: BugerDV ($89.18 in chips)
Seat 4: habari786 ($93.38 in chips)
BugerDV: posts small blind $1
habari786: posts big blind $3
*** HOLE CARDS ***
BugerDV: folds
Uncalled bet ($2) returned to habari786
habari786 collected $2 from pot
habari786: doesn't show hand
*** SUMMARY ***
Total pot $2 | Rake $0
Seat 3: BugerDV (button) (small blind) folded before Flop
Seat 4: habari786 (big blind) collected ($2)


PokerStars Hand #169205207672:  Hold'em Limit ($3/$6 USD) - 2017/04/18 5:23:37 ET
Table 'Notburga' 6-max Seat #4 is the button
Seat 3: BugerDV ($88.18 in chips)
Seat 4: habari786 ($94.38 in chips)
habari786: posts small blind $1
BugerDV: posts big blind $3
*** HOLE CARDS ***
habari786: folds
Uncalled bet ($2) returned to BugerDV
BugerDV collected $2 from pot
BugerDV: doesn't show hand
*** SUMMARY ***
Total pot $2 | Rake $0
Seat 3: BugerDV (big blind) collected ($2)
Seat 4: habari786 (button) (small blind) folded before Flop


PokerStars Hand #169205203119:  Hold'em Limit ($3/$6 USD) - 2017/04/18 5:23:26 ET
Table 'Notburga' 6-max Seat #3 is the button
Seat 3: BugerDV ($85.18 in chips)
Seat 4: habari786 ($97.38 in chips)
BugerDV: posts small blind $1
habari786: posts big blind $3
*** HOLE CARDS ***
BugerDV: raises $3 to $6
habari786: folds
Uncalled bet ($3) returned to BugerDV
BugerDV collected $6 from pot
BugerDV: doesn't show hand
*** SUMMARY ***
Total pot $6 | Rake $0
Seat 3: BugerDV (button) (small blind) collected ($6)
Seat 4: habari786 (big blind) folded before Flop


PokerStars Hand #169205201143:  Hold'em Limit ($3/$6 USD) - 2017/04/18 5:23:20 ET
Table 'Notburga' 6-max Seat #4 is the button
Seat 3: BugerDV ($84.18 in chips)
Seat 4: habari786 ($98.38 in chips)
habari786: posts small blind $1
BugerDV: posts big blind $3
*** HOLE CARDS ***
habari786: folds
Uncalled bet ($2) returned to BugerDV
BugerDV collected $2 from pot
BugerDV: doesn't show hand
*** SUMMARY ***
Total pot $2 | Rake $0
Seat 3: BugerDV (big blind) collected ($2)
Seat 4: habari786 (button) (small blind) folded before Flop


PokerStars Hand #169205198307:  Hold'em Limit ($3/$6 USD) - 2017/04/18 5:23:13 ET
Table 'Notburga' 6-max Seat #3 is the button
Seat 3: BugerDV ($81.18 in chips)
Seat 4: habari786 ($101.38 in chips)
BugerDV: posts small blind $1
habari786: posts big blind $3
*** HOLE CARDS ***
BugerDV: raises $3 to $6
habari786: folds
Uncalled bet ($3) returned to BugerDV
BugerDV collected $6 from pot
BugerDV: doesn't show hand
*** SUMMARY ***
Total pot $6 | Rake $0
Seat 3: BugerDV (button) (small blind) collected ($6)
Seat 4: habari786 (big blind) folded before Flop


PokerStars Hand #169205178429:  Hold'em Limit ($3/$6 USD) - 2017/04/18 5:22:22 ET
Table 'Notburga' 6-max Seat #4 is the button
Seat 3: BugerDV ($105.18 in chips)
Seat 4: habari786 ($77.88 in chips)
habari786: posts small blind $1
BugerDV: posts big blind $3
*** HOLE CARDS ***
habari786: raises $3 to $6
BugerDV: calls $3
*** FLOP *** [6c Qh 9s]
BugerDV: checks
habari786: checks
*** TURN *** [6c Qh 9s] [5h]
BugerDV: bets $6
habari786: raises $6 to $12
BugerDV: calls $6
*** RIVER *** [6c Qh 9s 5h] [7s]
BugerDV: checks
habari786: bets $6
BugerDV: calls $6
*** SHOW DOWN ***
habari786: shows [8h Jd] (a straight, Five to Nine)
BugerDV: mucks hand
habari786 collected $47.50 from pot
*** SUMMARY ***
Total pot $48 | Rake $0.50
Board [6c Qh 9s 5h 7s]
Seat 3: BugerDV (big blind) mucked
Seat 4: habari786 (button) (small blind) showed [8h Jd] and won ($47.50) with a straight, Five to Nine


PokerStars Hand #169205212399:  Hold'em Limit ($3/$6 USD) - 2017/04/18 5:23:50 ET
Table 'Notburga' 6-max Seat #4 is the button
Seat 3: BugerDV ($88.18 in chips)
Seat 4: habari786 ($94.38 in chips)
habari786: posts small blind $1
BugerDV: posts big blind $3
*** HOLE CARDS ***
habari786: raises $3 to $6
BugerDV: calls $3
*** FLOP *** [6h Qd 5c]
BugerDV: bets $3
habari786: calls $3
*** TURN *** [6h Qd 5c] [Ks]
BugerDV: bets $6
habari786: calls $6
*** RIVER *** [6h Qd 5c Ks] [3s]
BugerDV: bets $6
habari786: calls $6
*** SHOW DOWN ***
BugerDV: shows [9c 7h] (high card King)
habari786: shows [4s 4d] (a pair of Fours)
habari786 collected $41.50 from pot
*** SUMMARY ***
Total pot $42 | Rake $0.50
Board [6h Qd 5c Ks 3s]
Seat 3: BugerDV (big blind) showed [9c 7h] and lost with high card King
Seat 4: habari786 (button) (small blind) showed [4s 4d] and won ($41.50) with a pair of Fours


PokerStars Hand #169205221924:  Hold'em Limit ($3/$6 USD) - 2017/04/18 5:24:14 ET
Table 'Notburga' 6-max Seat #3 is the button
Seat 3: BugerDV ($67.18 in chips)
Seat 4: habari786 ($114.88 in chips)
BugerDV: posts small blind $1
habari786: posts big blind $3
*** HOLE CARDS ***
BugerDV: raises $3 to $6
habari786: raises $3 to $9
BugerDV: calls $3
*** FLOP *** [2d Qd 3s]
habari786: bets $3
BugerDV: calls $3
*** TURN *** [2d Qd 3s] [9c]
habari786: checks
BugerDV: bets $6
habari786: folds
Uncalled bet ($6) returned to BugerDV
BugerDV collected $23.52 from pot
BugerDV: doesn't show hand
*** SUMMARY ***
Total pot $24 | Rake $0.48
Board [2d Qd 3s 9c]
Seat 3: BugerDV (button) (small blind) collected ($23.52)
Seat 4: habari786 (big blind) folded on the Turn


PokerStars Hand #169205231580:  Hold'em Limit ($3/$6 USD) - 2017/04/18 5:24:39 ET
Table 'Notburga' 6-max Seat #4 is the button
Seat 3: BugerDV ($78.70 in chips)
Seat 4: habari786 ($102.88 in chips)
habari786: posts small blind $1
BugerDV: posts big blind $3
*** HOLE CARDS ***
habari786: raises $3 to $6
BugerDV: calls $3
*** FLOP *** [9s Ac Js]
BugerDV: checks
habari786: bets $3
BugerDV: calls $3
*** TURN *** [9s Ac Js] [Jc]
BugerDV: checks
habari786: checks
*** RIVER *** [9s Ac Js Jc] [7h]
BugerDV: bets $6
habari786: calls $6
*** SHOW DOWN ***
BugerDV: shows [Qc 7c] (two pair, Jacks and Sevens)
habari786: shows [Kc Kd] (two pair, Kings and Jacks)
habari786 collected $29.50 from pot
*** SUMMARY ***
Total pot $30 | Rake $0.50
Board [9s Ac Js Jc 7h]
Seat 3: BugerDV (big blind) showed [Qc 7c] and lost with two pair, Jacks and Sevens
Seat 4: habari786 (button) (small blind) showed [Kc Kd] and won ($29.50) with two pair, Kings and Jacks


PokerStars Hand #169205244805:  Hold'em Limit ($3/$6 USD) - 2017/04/18 5:25:13 ET
Table 'Notburga' 6-max Seat #3 is the button
Seat 3: BugerDV ($63.70 in chips)
Seat 4: habari786 ($117.38 in chips)
BugerDV: posts small blind $1
habari786: posts big blind $3
*** HOLE CARDS ***
BugerDV: raises $3 to $6
habari786: calls $3
*** FLOP *** [2c Ac Td]
habari786: checks
BugerDV: bets $3
habari786: calls $3
*** TURN *** [2c Ac Td] [Ah]
habari786: checks
BugerDV: bets $6
habari786: raises $6 to $12
BugerDV: raises $6 to $18
habari786: calls $6
*** RIVER *** [2c Ac Td Ah] [Ad]
habari786: checks
BugerDV: bets $6
habari786: folds
Uncalled bet ($6) returned to BugerDV
BugerDV collected $53.50 from pot
BugerDV: doesn't show hand
*** SUMMARY ***
Total pot $54 | Rake $0.50
Board [2c Ac Td Ah Ad]
Seat 3: BugerDV (button) (small blind) collected ($53.50)
Seat 4: habari786 (big blind) folded on the River


PokerStars Hand #169205262812:  Hold'em Limit ($3/$6 USD) - 2017/04/18 5:25:59 ET
Table 'Notburga' 6-max Seat #4 is the button
Seat 3: BugerDV ($90.20 in chips)
Seat 4: habari786 ($90.38 in chips)
habari786: posts small blind $1
BugerDV: posts big blind $3
*** HOLE CARDS ***
habari786: folds
Uncalled bet ($2) returned to BugerDV
BugerDV collected $2 from pot
BugerDV: doesn't show hand
*** SUMMARY ***
Total pot $2 | Rake $0
Seat 3: BugerDV (big blind) collected ($2)
Seat 4: habari786 (button) (small blind) folded before Flop


PokerStars Hand #169205278607:  Hold'em Limit ($3/$6 USD) - 2017/04/18 5:26:39 ET
Table 'Notburga' 6-max Seat #3 is the button
Seat 3: BugerDV ($91.20 in chips)
Seat 4: habari786 ($89.38 in chips)
BugerDV: posts small blind $1
habari786: posts big blind $3
*** HOLE CARDS ***
BugerDV: raises $3 to $6
habari786: raises $3 to $9
BugerDV: calls $3
*** FLOP *** [Qc Qs Qh]
habari786: bets $3
BugerDV: calls $3
*** TURN *** [Qc Qs Qh] [6c]
habari786: checks
BugerDV: bets $6
habari786: calls $6
*** RIVER *** [Qc Qs Qh 6c] [Jd]
habari786: checks
BugerDV: bets $6
habari786: calls $6
*** SHOW DOWN ***
BugerDV: shows [8c 8d] (a full house, Queens full of Eights)
habari786: mucks hand
BugerDV collected $47.50 from pot
*** SUMMARY ***
Total pot $48 | Rake $0.50
Board [Qc Qs Qh 6c Jd]
Seat 3: BugerDV (button) (small blind) showed [8c 8d] and won ($47.50) with a full house, Queens full of Eights
Seat 4: habari786 (big blind) mucked


PokerStars Hand #169205300521:  Hold'em Limit ($3/$6 USD) - 2017/04/18 5:27:35 ET
Table 'Notburga' 6-max Seat #4 is the button
Seat 3: BugerDV ($114.70 in chips)
Seat 4: habari786 ($65.38 in chips)
habari786: posts small blind $1
BugerDV: posts big blind $3
*** HOLE CARDS ***
habari786: raises $3 to $6
BugerDV: folds
Uncalled bet ($3) returned to habari786
habari786 collected $6 from pot
habari786: doesn't show hand
*** SUMMARY ***
Total pot $6 | Rake $0
Seat 3: BugerDV (big blind) folded before Flop
Seat 4: habari786 (button) (small blind) collected ($6)


PokerStars Hand #169205303938:  Hold'em Limit ($3/$6 USD) - 2017/04/18 5:27:43 ET
Table 'Notburga' 6-max Seat #3 is the button
Seat 3: BugerDV ($111.70 in chips)
Seat 4: habari786 ($68.38 in chips)
BugerDV: posts small blind $1
habari786: posts big blind $3
*** HOLE CARDS ***
BugerDV: raises $3 to $6
habari786: calls $3
*** FLOP *** [7d 6h Kc]
habari786: bets $3
BugerDV: raises $3 to $6
habari786: calls $3
*** TURN *** [7d 6h Kc] [6s]
ABATAPP joins the table at seat #5
habari786: checks
BugerDV: checks
*** RIVER *** [7d 6h Kc 6s] [7h]
habari786: checks
BugerDV: checks
*** SHOW DOWN ***
habari786: shows [Tc 8h] (two pair, Sevens and Sixes)
BugerDV: shows [Qs 8c] (two pair, Sevens and Sixes)
habari786 collected $11.76 from pot
BugerDV collected $11.76 from pot
*** SUMMARY ***
Total pot $24 | Rake $0.48
Board [7d 6h Kc 6s 7h]
Seat 3: BugerDV (button) (small blind) showed [Qs 8c] and won ($11.76) with two pair, Sevens and Sixes
Seat 4: habari786 (big blind) showed [Tc 8h] and won ($11.76) with two pair, Sevens and Sixes


PokerStars Hand #169205415365:  Hold'em Limit ($3/$6 USD) - 2017/04/18 5:32:24 ET
Table 'Notburga' 6-max Seat #3 is the button
Seat 3: BugerDV ($41.53 in chips)
Seat 5: ABATAPP ($157 in chips)
BugerDV: posts small blind $1
habari786: is sitting out
ABATAPP: posts big blind $3
*** HOLE CARDS ***
BugerDV: raises $3 to $6
ABATAPP: calls $3
*** FLOP *** [Jc Qs 5c]
ABATAPP: checks
BugerDV: bets $3
ABATAPP: folds
Uncalled bet ($3) returned to BugerDV
BugerDV collected $11.76 from pot
BugerDV: doesn't show hand
*** SUMMARY ***
Total pot $12 | Rake $0.24
Board [Jc Qs 5c]
Seat 3: BugerDV (button) (small blind) collected ($11.76)
Seat 5: ABATAPP (big blind) folded on the Flop


PokerStars Hand #169205440106:  Hold'em Limit ($3/$6 USD) - 2017/04/18 5:33:08 ET
Table 'Notburga' 6-max Seat #5 is the button
Seat 3: BugerDV ($58.93 in chips)
Seat 5: ABATAPP ($139 in chips)
ABATAPP: posts small blind $1
BugerDV: posts big blind $3
*** HOLE CARDS ***
ABATAPP: folds
Uncalled bet ($2) returned to BugerDV
BugerDV collected $2 from pot
BugerDV: doesn't show hand
*** SUMMARY ***
Total pot $2 | Rake $0
Seat 3: BugerDV (big blind) collected ($2)
Seat 5: ABATAPP (button) (small blind) folded before Flop


PokerStars Hand #169205429142:  Hold'em Limit ($3/$6 USD) - 2017/04/18 5:33:00 ET
Table 'Notburga' 6-max Seat #3 is the button
Seat 3: BugerDV ($55.93 in chips)
Seat 5: ABATAPP ($142 in chips)
BugerDV: posts small blind $1
ABATAPP: posts big blind $3
*** HOLE CARDS ***
BugerDV: raises $3 to $6
ABATAPP: folds
Uncalled bet ($3) returned to BugerDV
BugerDV collected $6 from pot
BugerDV: doesn't show hand
*** SUMMARY ***
Total pot $6 | Rake $0
Seat 3: BugerDV (button) (small blind) collected ($6)
Seat 5: ABATAPP (big blind) folded before Flop


PokerStars Hand #169205422104:  Hold'em Limit ($3/$6 USD) - 2017/04/18 5:32:41 ET
Table 'Notburga' 6-max Seat #5 is the button
Seat 3: BugerDV ($47.29 in chips)
Seat 5: ABATAPP ($151 in chips)
ABATAPP: posts small blind $1
BugerDV: posts big blind $3
*** HOLE CARDS ***
ABATAPP: raises $3 to $6
BugerDV: raises $3 to $9
ABATAPP: calls $3
*** FLOP *** [5c 8s Jd]
BugerDV: bets $3
ABATAPP: folds
Uncalled bet ($3) returned to BugerDV
BugerDV collected $17.64 from pot
BugerDV: doesn't show hand
*** SUMMARY ***
Total pot $18 | Rake $0.36
Board [5c 8s Jd]
Seat 3: BugerDV (big blind) collected ($17.64)
Seat 5: ABATAPP (button) (small blind) folded on the Flop


PokerStars Hand #169205441958:  Hold'em Limit ($3/$6 USD) - 2017/04/18 5:33:13 ET
Table 'Notburga' 6-max Seat #3 is the button
Seat 3: BugerDV ($59.93 in chips)
Seat 5: ABATAPP ($138 in chips)
BugerDV: posts small blind $1
ABATAPP: posts big blind $3
*** HOLE CARDS ***
BugerDV: raises $3 to $6
ABATAPP: calls $3
*** FLOP *** [4d 2h 5d]
ABATAPP: checks
BugerDV: bets $3
ABATAPP: calls $3
*** TURN *** [4d 2h 5d] [9h]
ABATAPP: checks
BugerDV: bets $6
ABATAPP: raises $6 to $12
BugerDV: calls $6
*** RIVER *** [4d 2h 5d 9h] [2c]
ABATAPP: bets $6
BugerDV: calls $6
*** SHOW DOWN ***
ABATAPP: shows [9s 9c] (a full house, Nines full of Deuces)
BugerDV: mucks hand
ABATAPP collected $53.50 from pot
*** SUMMARY ***
Total pot $54 | Rake $0.50
Board [4d 2h 5d 9h 2c]
Seat 3: BugerDV (button) (small blind) mucked
Seat 5: ABATAPP (big blind) showed [9s 9c] and won ($53.50) with a full house, Nines full of Deuces


PokerStars Hand #169205466261:  Hold'em Limit ($3/$6 USD) - 2017/04/18 5:34:15 ET
Table 'Notburga' 6-max Seat #3 is the button
Seat 3: BugerDV ($41.57 in chips)
Seat 5: ABATAPP ($155.50 in chips)
BugerDV: posts small blind $1
ABATAPP: posts big blind $3
*** HOLE CARDS ***
BugerDV: raises $3 to $6
ABATAPP: folds
Uncalled bet ($3) returned to BugerDV
BugerDV collected $6 from pot
BugerDV: doesn't show hand
*** SUMMARY ***
Total pot $6 | Rake $0
Seat 3: BugerDV (button) (small blind) collected ($6)
Seat 5: ABATAPP (big blind) folded before Flop


PokerStars Hand #169205459831:  Hold'em Limit ($3/$6 USD) - 2017/04/18 5:33:59 ET
Table 'Notburga' 6-max Seat #5 is the button
Seat 3: BugerDV ($32.93 in chips)
Seat 5: ABATAPP ($164.50 in chips)
ABATAPP: posts small blind $1
BugerDV: posts big blind $3
*** HOLE CARDS ***
ABATAPP: raises $3 to $6
BugerDV: raises $3 to $9
ABATAPP: calls $3
*** FLOP *** [2c Qh 2h]
BugerDV: bets $3
ABATAPP: folds
Uncalled bet ($3) returned to BugerDV
BugerDV collected $17.64 from pot
BugerDV: doesn't show hand
*** SUMMARY ***
Total pot $18 | Rake $0.36
Board [2c Qh 2h]
Seat 3: BugerDV (big blind) collected ($17.64)
Seat 5: ABATAPP (button) (small blind) folded on the Flop


PokerStars Hand #169205469049:  Hold'em Limit ($3/$6 USD) - 2017/04/18 5:34:22 ET
Table 'Notburga' 6-max Seat #5 is the button
Seat 3: BugerDV ($44.57 in chips)
Seat 5: ABATAPP ($152.50 in chips)
ABATAPP: posts small blind $1
BugerDV: posts big blind $3
*** HOLE CARDS ***
ABATAPP: raises $3 to $6
BugerDV: calls $3
*** FLOP *** [Th 9h 4c]
BugerDV: checks
ABATAPP: checks
*** TURN *** [Th 9h 4c] [3c]
BugerDV: bets $6
ABATAPP: raises $6 to $12
BugerDV: calls $6
*** RIVER *** [Th 9h 4c 3c] [Qd]
BugerDV: checks
ABATAPP: checks
*** SHOW DOWN ***
BugerDV: shows [Kh 8d] (high card King)
ABATAPP: shows [As 8s] (high card Ace)
ABATAPP collected $35.50 from pot
*** SUMMARY ***
Total pot $36 | Rake $0.50
Board [Th 9h 4c 3c Qd]
Seat 3: BugerDV (big blind) showed [Kh 8d] and lost with high card King
Seat 5: ABATAPP (button) (small blind) showed [As 8s] and won ($35.50) with high card Ace


PokerStars Hand #169205485869:  Hold'em Limit ($3/$6 USD) - 2017/04/18 5:35:05 ET
Table 'Notburga' 6-max Seat #3 is the button
Seat 3: BugerDV ($26.57 in chips)
Seat 5: ABATAPP ($170 in chips)
BugerDV: posts small blind $1
ABATAPP: posts big blind $3
*** HOLE CARDS ***
BugerDV: raises $3 to $6
ABATAPP: raises $3 to $9
BugerDV: calls $3
*** FLOP *** [Qc 2h 8d]
ABATAPP: checks
ermolov1 joins the table at seat #6
BugerDV: checks
*** TURN *** [Qc 2h 8d] [4d]
ABATAPP: bets $6
BugerDV: folds
Uncalled bet ($6) returned to ABATAPP
ABATAPP collected $17.64 from pot
ABATAPP: doesn't show hand
*** SUMMARY ***
Total pot $18 | Rake $0.36
Board [Qc 2h 8d 4d]
Seat 3: BugerDV (button) (small blind) folded on the Turn
Seat 5: ABATAPP (big blind) collected ($17.64)


PokerStars Hand #169205546035:  Hold'em Limit ($3/$6 USD) - 2017/04/18 5:37:37 ET
Table 'Notburga' 6-max Seat #5 is the button
Seat 5: ABATAPP ($182.28 in chips)
Seat 6: ermolov1 ($256.43 in chips)
ABATAPP: posts small blind $1
ermolov1: posts big blind $3
*** HOLE CARDS ***
ABATAPP: folds
Uncalled bet ($2) returned to ermolov1
ermolov1 collected $2 from pot
*** SUMMARY ***
Total pot $2 | Rake $0
Seat 5: ABATAPP (button) (small blind) folded before Flop
Seat 6: ermolov1 (big blind) collected ($2)


PokerStars Hand #169205536599:  Hold'em Limit ($3/$6 USD) - 2017/04/18 5:37:13 ET
Table 'Notburga' 6-max Seat #6 is the button
Seat 5: ABATAPP ($173.64 in chips)
Seat 6: ermolov1 ($265.43 in chips)
ermolov1: posts small blind $1
BugerDV: is sitting out
ABATAPP: posts big blind $3
*** HOLE CARDS ***
ermolov1: raises $3 to $6
ABATAPP: calls $3
*** FLOP *** [Kh Kd 7c]
ABATAPP: checks
ermolov1: bets $3
ABATAPP: calls $3
*** TURN *** [Kh Kd 7c] [3c]
ABATAPP: checks
ermolov1: checks
*** RIVER *** [Kh Kd 7c 3c] [2h]
ABATAPP: bets $6
ermolov1: folds
Uncalled bet ($6) returned to ABATAPP
ABATAPP collected $17.64 from pot
ABATAPP: doesn't show hand
*** SUMMARY ***
Total pot $18 | Rake $0.36
Board [Kh Kd 7c 3c 2h]
Seat 5: ABATAPP (big blind) collected ($17.64)
Seat 6: ermolov1 (button) (small blind) folded on the River


PokerStars Hand #169205548117:  Hold'em Limit ($3/$6 USD) - 2017/04/18 5:37:42 ET
Table 'Notburga' 6-max Seat #6 is the button
Seat 5: ABATAPP ($181.28 in chips)
Seat 6: ermolov1 ($257.43 in chips)
ermolov1: posts small blind $1
ABATAPP: posts big blind $3
*** HOLE CARDS ***
ermolov1: raises $3 to $6
ABATAPP: calls $3
*** FLOP *** [Th 4d 2c]
ABATAPP: checks
ermolov1: checks
*** TURN *** [Th 4d 2c] [Kh]
ABATAPP: bets $6
ermolov1: raises $6 to $12
ABATAPP: raises $6 to $18
ermolov1: calls $6
*** RIVER *** [Th 4d 2c Kh] [Td]
ABATAPP: bets $6
ermolov1: calls $6
*** SHOW DOWN ***
ABATAPP: shows [Kc Tc] (a full house, Tens full of Kings)
ermolov1: mucks hand
ABATAPP collected $59.50 from pot
*** SUMMARY ***
Total pot $60 | Rake $0.50
Board [Th 4d 2c Kh Td]
Seat 5: ABATAPP (big blind) showed [Kc Tc] and won ($59.50) with a full house, Tens full of Kings
Seat 6: ermolov1 (button) (small blind) mucked


PokerStars Hand #169205558814:  Hold'em Limit ($3/$6 USD) - 2017/04/18 5:38:08 ET
Table 'Notburga' 6-max Seat #5 is the button
Seat 5: ABATAPP ($210.78 in chips)
Seat 6: ermolov1 ($227.43 in chips)
ABATAPP: posts small blind $1
ermolov1: posts big blind $3
*** HOLE CARDS ***
ABATAPP: raises $3 to $6
ermolov1: raises $3 to $9
ABATAPP: calls $3
*** FLOP *** [9h 8s 7c]
ermolov1: bets $3
ABATAPP: calls $3
*** TURN *** [9h 8s 7c] [5d]
ermolov1: bets $6
ABATAPP: raises $6 to $12
ermolov1: calls $6
*** RIVER *** [9h 8s 7c 5d] [2d]
ermolov1: checks
ABATAPP: checks
*** SHOW DOWN ***
ermolov1: shows [Kd Jh] (high card King)
ABATAPP: shows [3s 3h] (a pair of Threes)
ABATAPP collected $47.50 from pot
*** SUMMARY ***
Total pot $48 | Rake $0.50
Board [9h 8s 7c 5d 2d]
Seat 5: ABATAPP (button) (small blind) showed [3s 3h] and won ($47.50) with a pair of Threes
Seat 6: ermolov1 (big blind) showed [Kd Jh] and lost with high card King


PokerStars Hand #169205573303:  Hold'em Limit ($3/$6 USD) - 2017/04/18 5:38:45 ET
Table 'Notburga' 6-max Seat #6 is the button
Seat 3: BugerDV ($94 in chips)
Seat 6: ermolov1 ($263.43 in chips)
ermolov1: posts small blind $1
BugerDV: posts big blind $3
*** HOLE CARDS ***
ermolov1: raises $3 to $6
BugerDV: calls $3
*** FLOP *** [Td Js 5d]
karambakilla joins the table at seat #1
BugerDV: checks
ermolov1: bets $3
BugerDV: calls $3
*** TURN *** [Td Js 5d] [Tc]
BugerDV: checks
ermolov1: bets $6
BugerDV: calls $6
*** RIVER *** [Td Js 5d Tc] [2c]
BugerDV: checks
ermolov1: bets $6
BugerDV: calls $6
*** SHOW DOWN ***
ermolov1: shows [Ad Th] (three of a kind, Tens)
BugerDV: mucks hand
ermolov1 collected $41.50 from pot
*** SUMMARY ***
Total pot $42 | Rake $0.50
Board [Td Js 5d Tc 2c]
Seat 3: BugerDV (big blind) mucked
Seat 6: ermolov1 (button) (small blind) showed [Ad Th] and won ($41.50) with three of a kind, Tens


PokerStars Hand #169205589506:  Hold'em Limit ($3/$6 USD) - 2017/04/18 5:39:26 ET
Table 'Notburga' 6-max Seat #3 is the button
Seat 3: BugerDV ($73 in chips)
Seat 6: ermolov1 ($283.93 in chips)
BugerDV: posts small blind $1
ermolov1: posts big blind $3
*** HOLE CARDS ***
BugerDV: raises $3 to $6
ermolov1: calls $3
*** FLOP *** [Jh 2c 4c]
ermolov1: checks
BugerDV: checks
*** TURN *** [Jh 2c 4c] [Jd]
ermolov1: checks
BugerDV: bets $6
ermolov1: folds
Uncalled bet ($6) returned to BugerDV
BugerDV collected $11.76 from pot
BugerDV: doesn't show hand
*** SUMMARY ***
Total pot $12 | Rake $0.24
Board [Jh 2c 4c Jd]
Seat 3: BugerDV (button) (small blind) collected ($11.76)
Seat 6: ermolov1 (big blind) folded on the Turn


PokerStars Hand #169207549353:  Hold'em Limit ($3/$6 USD) - 2017/04/18 6:57:39 ET
Table 'Notburga' 6-max Seat #1 is the button
Seat 1: karambakilla ($306.22 in chips)
Seat 4: Qvidde ($119.86 in chips)
karambakilla: posts small blind $1
Sirocko: is sitting out
Qvidde: posts big blind $3
*** HOLE CARDS ***
Sirocko leaves the table
karambakilla: folds
Uncalled bet ($2) returned to Qvidde
Qvidde collected $2 from pot
Qvidde: doesn't show hand
*** SUMMARY ***
Total pot $2 | Rake $0
Seat 1: karambakilla (button) (small blind) folded before Flop
Seat 4: Qvidde (big blind) collected ($2)


