PokerStars Hand #169626864572:  Hold'em Limit ($3/$6 USD) - 2017/04/27 10:33:52 ET
Table 'Notburga' 6-max Seat #6 is the button
Seat 2: nicmct ($166.97 in chips)
Seat 6: B_loJkl ($77.12 in chips)
B_loJkl: posts small blind $1
nicmct: posts big blind $3
*** HOLE CARDS ***
krossguard leaves the table
B_loJkl: folds
Uncalled bet ($2) returned to nicmct
nicmct collected $2 from pot
*** SUMMARY ***
Total pot $2 | Rake $0
Seat 2: nicmct (big blind) collected ($2)
Seat 6: B_loJkl (button) (small blind) folded before Flop


PokerStars Hand #169626861203:  Hold'em Limit ($3/$6 USD) - 2017/04/27 10:33:46 ET
Table 'Notburga' 6-max Seat #2 is the button
Seat 2: nicmct ($167.97 in chips)
Seat 6: B_loJkl ($76.12 in chips)
nicmct: posts small blind $1
Kasperla: is sitting out
B_loJkl: posts big blind $3
*** HOLE CARDS ***
nicmct: folds
Uncalled bet ($2) returned to B_loJkl
B_loJkl collected $2 from pot
B_loJkl: doesn't show hand
*** SUMMARY ***
Total pot $2 | Rake $0
Seat 2: nicmct (button) (small blind) folded before Flop
Seat 6: B_loJkl (big blind) collected ($2)


PokerStars Hand #169626870667:  Hold'em Limit ($3/$6 USD) - 2017/04/27 10:34:02 ET
Table 'Notburga' 6-max Seat #2 is the button
Seat 2: nicmct ($167.97 in chips)
Seat 6: B_loJkl ($76.12 in chips)
nicmct: posts small blind $1
B_loJkl: posts big blind $3
*** HOLE CARDS ***
nicmct: raises $3 to $6
B_loJkl: calls $3
*** FLOP *** [4h 4c 2s]
B_loJkl: checks
nicmct: bets $3
B_loJkl: calls $3
*** TURN *** [4h 4c 2s] [2c]
B_loJkl: checks
nicmct: bets $6
B_loJkl: folds
Uncalled bet ($6) returned to nicmct
nicmct collected $17.64 from pot
*** SUMMARY ***
Total pot $18 | Rake $0.36
Board [4h 4c 2s 2c]
Seat 2: nicmct (button) (small blind) collected ($17.64)
Seat 6: B_loJkl (big blind) folded on the Turn


PokerStars Hand #169626898458:  Hold'em Limit ($3/$6 USD) - 2017/04/27 10:34:50 ET
Table 'Notburga' 6-max Seat #6 is the button
Seat 2: nicmct ($176.61 in chips)
Seat 6: B_loJkl ($67.12 in chips)
B_loJkl: posts small blind $1
nicmct: posts big blind $3
*** HOLE CARDS ***
B_loJkl: raises $3 to $6
nicmct: raises $3 to $9
B_loJkl: calls $3
*** FLOP *** [Kc Ac 5c]
nicmct: bets $3
B_loJkl: folds
Uncalled bet ($3) returned to nicmct
nicmct collected $17.64 from pot
*** SUMMARY ***
Total pot $18 | Rake $0.36
Board [Kc Ac 5c]
Seat 2: nicmct (big blind) collected ($17.64)
Seat 6: B_loJkl (button) (small blind) folded on the Flop


PokerStars Hand #169626927451:  Hold'em Limit ($3/$6 USD) - 2017/04/27 10:35:39 ET
Table 'Notburga' 6-max Seat #6 is the button
Seat 2: nicmct ($184.25 in chips)
Seat 6: B_loJkl ($59.12 in chips)
B_loJkl: posts small blind $1
nicmct: posts big blind $3
*** HOLE CARDS ***
B_loJkl: folds
Uncalled bet ($2) returned to nicmct
nicmct collected $2 from pot
*** SUMMARY ***
Total pot $2 | Rake $0
Seat 2: nicmct (big blind) collected ($2)
Seat 6: B_loJkl (button) (small blind) folded before Flop


PokerStars Hand #169626933104:  Hold'em Limit ($3/$6 USD) - 2017/04/27 10:35:48 ET
Table 'Notburga' 6-max Seat #2 is the button
Seat 2: nicmct ($185.25 in chips)
Seat 6: B_loJkl ($58.12 in chips)
nicmct: posts small blind $1
B_loJkl: posts big blind $3
*** HOLE CARDS ***
nicmct: raises $3 to $6
B_loJkl: calls $3
*** FLOP *** [Ks Ad 6s]
B_loJkl: checks
nicmct: bets $3
B_loJkl: folds
Uncalled bet ($3) returned to nicmct
nicmct collected $11.76 from pot
*** SUMMARY ***
Total pot $12 | Rake $0.24
Board [Ks Ad 6s]
Seat 2: nicmct (button) (small blind) collected ($11.76)
Seat 6: B_loJkl (big blind) folded on the Flop


PokerStars Hand #169626924107:  Hold'em Limit ($3/$6 USD) - 2017/04/27 10:35:33 ET
Table 'Notburga' 6-max Seat #2 is the button
Seat 2: nicmct ($185.25 in chips)
Seat 6: B_loJkl ($58.12 in chips)
nicmct: posts small blind $1
B_loJkl: posts big blind $3
*** HOLE CARDS ***
nicmct: folds
Uncalled bet ($2) returned to B_loJkl
B_loJkl collected $2 from pot
B_loJkl: doesn't show hand
*** SUMMARY ***
Total pot $2 | Rake $0
Seat 2: nicmct (button) (small blind) folded before Flop
Seat 6: B_loJkl (big blind) collected ($2)


PokerStars Hand #169626951055:  Hold'em Limit ($3/$6 USD) - 2017/04/27 10:36:19 ET
Table 'Notburga' 6-max Seat #6 is the button
Seat 2: nicmct ($191.01 in chips)
Seat 6: B_loJkl ($52.12 in chips)
B_loJkl: posts small blind $1
nicmct: posts big blind $3
*** HOLE CARDS ***
B_loJkl: raises $3 to $6
nicmct: calls $3
*** FLOP *** [4c Kd 8s]
nicmct: checks
B_loJkl: checks
*** TURN *** [4c Kd 8s] [5h]
nicmct: checks
B_loJkl: checks
*** RIVER *** [4c Kd 8s 5h] [8h]
nicmct: bets $6
B_loJkl: folds
Uncalled bet ($6) returned to nicmct
nicmct collected $11.76 from pot
*** SUMMARY ***
Total pot $12 | Rake $0.24
Board [4c Kd 8s 5h 8h]
Seat 2: nicmct (big blind) collected ($11.76)
Seat 6: B_loJkl (button) (small blind) folded on the River


PokerStars Hand #169626992732:  Hold'em Limit ($3/$6 USD) - 2017/04/27 10:37:30 ET
Table 'Notburga' 6-max Seat #6 is the button
Seat 2: nicmct ($195.77 in chips)
Seat 6: B_loJkl ($47.12 in chips)
B_loJkl: posts small blind $1
nicmct: posts big blind $3
*** HOLE CARDS ***
B_loJkl: folds
Uncalled bet ($2) returned to nicmct
nicmct collected $2 from pot
*** SUMMARY ***
Total pot $2 | Rake $0
Seat 2: nicmct (big blind) collected ($2)
Seat 6: B_loJkl (button) (small blind) folded before Flop


PokerStars Hand #169626989307:  Hold'em Limit ($3/$6 USD) - 2017/04/27 10:37:24 ET
Table 'Notburga' 6-max Seat #2 is the button
Seat 2: nicmct ($196.77 in chips)
Seat 6: B_loJkl ($46.12 in chips)
nicmct: posts small blind $1
B_loJkl: posts big blind $3
*** HOLE CARDS ***
nicmct: folds
Uncalled bet ($2) returned to B_loJkl
B_loJkl collected $2 from pot
B_loJkl: doesn't show hand
*** SUMMARY ***
Total pot $2 | Rake $0
Seat 2: nicmct (button) (small blind) folded before Flop
Seat 6: B_loJkl (big blind) collected ($2)


PokerStars Hand #169626995906:  Hold'em Limit ($3/$6 USD) - 2017/04/27 10:37:35 ET
Table 'Notburga' 6-max Seat #2 is the button
Seat 2: nicmct ($196.77 in chips)
Seat 6: B_loJkl ($46.12 in chips)
nicmct: posts small blind $1
B_loJkl: posts big blind $3
*** HOLE CARDS ***
nicmct: raises $3 to $6
B_loJkl: calls $3
*** FLOP *** [Kc Qc 8d]
B_loJkl: checks
nicmct: bets $3
B_loJkl: raises $3 to $6
nicmct: calls $3
*** TURN *** [Kc Qc 8d] [Qd]
B_loJkl: bets $6
nicmct: calls $6
*** RIVER *** [Kc Qc 8d Qd] [Ad]
B_loJkl: checks
nicmct: bets $6
B_loJkl: calls $6
*** SHOW DOWN ***
nicmct: shows [8c Ac] (two pair, Aces and Queens)
B_loJkl: mucks hand
nicmct collected $47.50 from pot
*** SUMMARY ***
Total pot $48 | Rake $0.50
Board [Kc Qc 8d Qd Ad]
Seat 2: nicmct (button) (small blind) showed [8c Ac] and won ($47.50) with two pair, Aces and Queens
Seat 6: B_loJkl (big blind) mucked


PokerStars Hand #169627024764:  Hold'em Limit ($3/$6 USD) - 2017/04/27 10:38:25 ET
Table 'Notburga' 6-max Seat #6 is the button
Seat 2: nicmct ($220.27 in chips)
Seat 6: B_loJkl ($22.12 in chips)
B_loJkl: posts small blind $1
nicmct: posts big blind $3
*** HOLE CARDS ***
B_loJkl: raises $3 to $6
nicmct: calls $3
*** FLOP *** [6c 7c 5h]
nicmct: checks
B_loJkl: bets $3
nicmct: calls $3
*** TURN *** [6c 7c 5h] [Kd]
nicmct: checks
B_loJkl: bets $6
nicmct: raises $6 to $12
B_loJkl: raises $1.12 to $13.12 and is all-in
nicmct: calls $1.12
*** RIVER *** [6c 7c 5h Kd] [5d]
*** SHOW DOWN ***
nicmct: shows [4s Kc] (two pair, Kings and Fives)
B_loJkl: shows [6s As] (two pair, Sixes and Fives)
nicmct collected $43.74 from pot
*** SUMMARY ***
Total pot $44.24 | Rake $0.50
Board [6c 7c 5h Kd 5d]
Seat 2: nicmct (big blind) showed [4s Kc] and won ($43.74) with two pair, Kings and Fives
Seat 6: B_loJkl (button) (small blind) showed [6s As] and lost with two pair, Sixes and Fives


PokerStars Hand #169627043666:  Hold'em Limit ($3/$6 USD) - 2017/04/27 10:38:57 ET
Table 'Notburga' 6-max Seat #2 is the button
Seat 2: nicmct ($241.89 in chips)
Seat 6: B_loJkl ($60 in chips)
nicmct: posts small blind $1
B_loJkl: posts big blind $3
*** HOLE CARDS ***
nicmct: raises $3 to $6
B_loJkl: calls $3
*** FLOP *** [5c 8h 3h]
B_loJkl: checks
nicmct: bets $3
B_loJkl: folds
Uncalled bet ($3) returned to nicmct
nicmct collected $11.76 from pot
*** SUMMARY ***
Total pot $12 | Rake $0.24
Board [5c 8h 3h]
Seat 2: nicmct (button) (small blind) collected ($11.76)
Seat 6: B_loJkl (big blind) folded on the Flop


PokerStars Hand #169627078665:  Hold'em Limit ($3/$6 USD) - 2017/04/27 10:39:56 ET
Table 'Notburga' 6-max Seat #6 is the button
Seat 2: nicmct ($247.65 in chips)
Seat 6: B_loJkl ($54 in chips)
B_loJkl: posts small blind $1
nicmct: posts big blind $3
*** HOLE CARDS ***
B_loJkl: raises $3 to $6
HAOYUN88888 joins the table at seat #3
nicmct: raises $3 to $9
B_loJkl: calls $3
*** FLOP *** [7c Jc 5h]
nicmct: bets $3
B_loJkl: folds
Uncalled bet ($3) returned to nicmct
nicmct collected $17.64 from pot
*** SUMMARY ***
Total pot $18 | Rake $0.36
Board [7c Jc 5h]
Seat 2: nicmct (big blind) collected ($17.64)
Seat 6: B_loJkl (button) (small blind) folded on the Flop


PokerStars Hand #169627263726:  Hold'em Limit ($3/$6 USD) - 2017/04/27 10:45:13 ET
Table 'Notburga' 6-max Seat #2 is the button
Seat 2: nicmct ($254.43 in chips)
Seat 6: B_loJkl ($88.17 in chips)
nicmct: posts small blind $1
B_loJkl: posts big blind $3
*** HOLE CARDS ***
nicmct: raises $3 to $6
B_loJkl: calls $3
*** FLOP *** [Ac 5c Ah]
B_loJkl: checks
nicmct: bets $3
B_loJkl: folds
Uncalled bet ($3) returned to nicmct
nicmct collected $11.76 from pot
*** SUMMARY ***
Total pot $12 | Rake $0.24
Board [Ac 5c Ah]
Seat 2: nicmct (button) (small blind) collected ($11.76)
Seat 6: B_loJkl (big blind) folded on the Flop


PokerStars Hand #169627293694:  Hold'em Limit ($3/$6 USD) - 2017/04/27 10:46:04 ET
Table 'Notburga' 6-max Seat #2 is the button
Seat 2: nicmct ($245.19 in chips)
Seat 6: B_loJkl ($96.67 in chips)
nicmct: posts small blind $1
B_loJkl: posts big blind $3
*** HOLE CARDS ***
nicmct: raises $3 to $6
B_loJkl: folds
Uncalled bet ($3) returned to nicmct
nicmct collected $6 from pot
*** SUMMARY ***
Total pot $6 | Rake $0
Seat 2: nicmct (button) (small blind) collected ($6)
Seat 6: B_loJkl (big blind) folded before Flop


PokerStars Hand #169627277624:  Hold'em Limit ($3/$6 USD) - 2017/04/27 10:45:36 ET
Table 'Notburga' 6-max Seat #6 is the button
Seat 2: nicmct ($260.19 in chips)
Seat 6: B_loJkl ($82.17 in chips)
B_loJkl: posts small blind $1
nicmct: posts big blind $3
*** HOLE CARDS ***
B_loJkl: raises $3 to $6
nicmct: calls $3
*** FLOP *** [Ad 8s 7d]
nicmct: checks
B_loJkl: bets $3
nicmct: calls $3
*** TURN *** [Ad 8s 7d] [6s]
nicmct: checks
B_loJkl: bets $6
nicmct: calls $6
*** RIVER *** [Ad 8s 7d 6s] [2h]
nicmct: checks
B_loJkl: checks
*** SHOW DOWN ***
nicmct: shows [9c Jh] (high card Ace)
B_loJkl: shows [Th 6d] (a pair of Sixes)
B_loJkl collected $29.50 from pot
*** SUMMARY ***
Total pot $30 | Rake $0.50
Board [Ad 8s 7d 6s 2h]
Seat 2: nicmct (big blind) showed [9c Jh] and lost with high card Ace
Seat 6: B_loJkl (button) (small blind) showed [Th 6d] and won ($29.50) with a pair of Sixes


PokerStars Hand #169627298580:  Hold'em Limit ($3/$6 USD) - 2017/04/27 10:46:12 ET
Table 'Notburga' 6-max Seat #6 is the button
Seat 2: nicmct ($248.19 in chips)
Seat 6: B_loJkl ($93.67 in chips)
B_loJkl: posts small blind $1
nicmct: posts big blind $3
*** HOLE CARDS ***
B_loJkl: raises $3 to $6
nicmct: raises $3 to $9
B_loJkl: calls $3
*** FLOP *** [Qh Kh 7h]
nicmct: bets $3
B_loJkl: calls $3
*** TURN *** [Qh Kh 7h] [Kd]
nicmct: bets $6
B_loJkl: calls $6
*** RIVER *** [Qh Kh 7h Kd] [6d]
nicmct: bets $6
B_loJkl: calls $6
*** SHOW DOWN ***
nicmct: shows [4c 4d] (two pair, Kings and Fours)
B_loJkl: shows [7d 6h] (two pair, Kings and Sevens)
B_loJkl collected $47.50 from pot
*** SUMMARY ***
Total pot $48 | Rake $0.50
Board [Qh Kh 7h Kd 6d]
Seat 2: nicmct (big blind) showed [4c 4d] and lost with two pair, Kings and Fours
Seat 6: B_loJkl (button) (small blind) showed [7d 6h] and won ($47.50) with two pair, Kings and Sevens


PokerStars Hand #169628311811:  Hold'em Limit ($3/$6 USD) - 2017/04/27 11:15:37 ET
Table 'Notburga' 6-max Seat #6 is the button
Seat 1: fluit83 ($95.34 in chips)
Seat 6: B_loJkl ($138.21 in chips)
B_loJkl: posts small blind $1
fluit83: posts big blind $3
*** HOLE CARDS ***
janfff joins the table at seat #3
B_loJkl: folds
Uncalled bet ($2) returned to fluit83
fluit83 collected $2 from pot
fluit83: doesn't show hand
*** SUMMARY ***
Total pot $2 | Rake $0
Seat 1: fluit83 (big blind) collected ($2)
Seat 6: B_loJkl (button) (small blind) folded before Flop


PokerStars Hand #169628290392:  Hold'em Limit ($3/$6 USD) - 2017/04/27 11:15:02 ET
Table 'Notburga' 6-max Seat #4 is the button
Seat 4: tttzzz ($69 in chips)
Seat 6: B_loJkl ($137.21 in chips)
tttzzz: posts small blind $1
Kasperla: is sitting out
B_loJkl: posts big blind $3
*** HOLE CARDS ***
tttzzz: folds
Uncalled bet ($2) returned to B_loJkl
B_loJkl collected $2 from pot
B_loJkl: doesn't show hand
*** SUMMARY ***
Total pot $2 | Rake $0
Seat 4: tttzzz (button) (small blind) folded before Flop
Seat 6: B_loJkl (big blind) collected ($2)


PokerStars Hand #169629089875:  Hold'em Limit ($3/$6 USD) - 2017/04/27 11:36:10 ET
Table 'Notburga' 6-max Seat #4 is the button
Seat 2: Fabulous108 ($100 in chips)
Seat 4: B_loJkl ($151 in chips)
B_loJkl: posts small blind $1
krossguard: is sitting out
Fabulous108: posts big blind $3
*** HOLE CARDS ***
krossguard leaves the table
B_loJkl: raises $3 to $6
Fabulous108: calls $3
*** FLOP *** [4c 5d Td]
Fabulous108: checks
B_loJkl: bets $3
Fabulous108: raises $3 to $6
zagainovv joins the table at seat #6
B_loJkl: calls $3
*** TURN *** [4c 5d Td] [Jd]
Fabulous108: bets $6
vestimokrec joins the table at seat #1
B_loJkl: calls $6
*** RIVER *** [4c 5d Td Jd] [6h]
Fabulous108: bets $6
B_loJkl: folds
Uncalled bet ($6) returned to Fabulous108
Fabulous108 collected $35.50 from pot
Fabulous108: doesn't show hand
*** SUMMARY ***
Total pot $36 | Rake $0.50
Board [4c 5d Td Jd 6h]
Seat 2: Fabulous108 (big blind) collected ($35.50)
Seat 4: B_loJkl (button) (small blind) folded on the River


PokerStars Hand #169629120133:  Hold'em Limit ($3/$6 USD) - 2017/04/27 11:36:57 ET
Table 'Notburga' 6-max Seat #2 is the button
Seat 2: Fabulous108 ($117.50 in chips)
Seat 4: B_loJkl ($133 in chips)
Fabulous108: posts small blind $1
B_loJkl: posts big blind $3
*** HOLE CARDS ***
Fabulous108: folds
Uncalled bet ($2) returned to B_loJkl
B_loJkl collected $2 from pot
B_loJkl: doesn't show hand
*** SUMMARY ***
Total pot $2 | Rake $0
Seat 2: Fabulous108 (button) (small blind) folded before Flop
Seat 4: B_loJkl (big blind) collected ($2)


