PokerStars Hand #170771171856:  Hold'em Limit ($3/$6 USD) - 2017/05/22 13:15:14 ET
Table 'Noviomagum' 6-max Seat #1 is the button
Seat 1: TinaTurner72 ($120 in chips)
Seat 3: MadFox666 ($120 in chips)
TinaTurner72: posts small blind $1
MadFox666: posts big blind $3
*** HOLE CARDS ***
TinaTurner72: raises $3 to $6
MadFox666: folds
Uncalled bet ($3) returned to TinaTurner72
TinaTurner72 collected $6 from pot
TinaTurner72: doesn't show hand
*** SUMMARY ***
Total pot $6 | Rake $0
Seat 1: TinaTurner72 (button) (small blind) collected ($6)
Seat 3: MadFox666 (big blind) folded before Flop


PokerStars Hand #170771175831:  Hold'em Limit ($3/$6 USD) - 2017/05/22 13:15:19 ET
Table 'Noviomagum' 6-max Seat #3 is the button
Seat 1: TinaTurner72 ($123 in chips)
Seat 3: MadFox666 ($117 in chips)
MadFox666: posts small blind $1
TinaTurner72: posts big blind $3
*** HOLE CARDS ***
MadFox666: raises $3 to $6
TinaTurner72: raises $3 to $9
MadFox666: calls $3
*** FLOP *** [5h Ts Kh]
TinaTurner72: bets $3
MadFox666: calls $3
*** TURN *** [5h Ts Kh] [5c]
TinaTurner72: bets $6
MadFox666: raises $6 to $12
KristinaMH joins the table at seat #2
TinaTurner72: calls $6
*** RIVER *** [5h Ts Kh 5c] [Ah]
TinaTurner72: checks
MadFox666: checks
*** SHOW DOWN ***
TinaTurner72: shows [Ks Qc] (two pair, Kings and Fives)
MadFox666: shows [4h Kd] (two pair, Kings and Fives)
TinaTurner72 collected $23.75 from pot
MadFox666 collected $23.75 from pot
*** SUMMARY ***
Total pot $48 | Rake $0.50
Board [5h Ts Kh 5c Ah]
Seat 1: TinaTurner72 (big blind) showed [Ks Qc] and won ($23.75) with two pair, Kings and Fives
Seat 3: MadFox666 (button) (small blind) showed [4h Kd] and won ($23.75) with two pair, Kings and Fives


