PokerStars Hand #144999199703:  Hold'em Limit ($3/$6 USD) - 2015/12/07 19:59:23 ET
Table 'Noviomagum' 2-max Seat #2 is the button
Seat 1: PbIbak ($86.64 in chips)
Seat 2: knysi ($63.94 in chips)
knysi: posts small blind $1
PbIbak: posts big blind $3
*** HOLE CARDS ***
knysi: raises $3 to $6
PbIbak: folds
Uncalled bet ($3) returned to knysi
knysi collected $6 from pot
knysi: doesn't show hand
*** SUMMARY ***
Total pot $6 | Rake $0
Seat 1: PbIbak (big blind) folded before Flop
Seat 2: knysi (button) (small blind) collected ($6)


PokerStars Hand #144999194352:  Hold'em Limit ($3/$6 USD) - 2015/12/07 19:59:12 ET
Table 'Noviomagum' 2-max Seat #1 is the button
Seat 1: PbIbak ($78 in chips)
Seat 2: knysi ($72.94 in chips)
PbIbak: posts small blind $1
knysi: posts big blind $3
*** HOLE CARDS ***
PbIbak: raises $3 to $6
knysi: calls $3
*** FLOP *** [Qs 3c Ad]
knysi: checks
PbIbak: bets $3
knysi: calls $3
*** TURN *** [Qs 3c Ad] [7d]
knysi: checks
PbIbak: bets $6
knysi: folds
Uncalled bet ($6) returned to PbIbak
PbIbak collected $17.64 from pot
PbIbak: doesn't show hand
*** SUMMARY ***
Total pot $18 | Rake $0.36
Board [Qs 3c Ad 7d]
Seat 1: PbIbak (button) (small blind) collected ($17.64)
Seat 2: knysi (big blind) folded on the Turn


PokerStars Hand #144999191898:  Hold'em Limit ($3/$6 USD) - 2015/12/07 19:59:07 ET
Table 'Noviomagum' 2-max Seat #2 is the button
Seat 1: PbIbak ($81 in chips)
Seat 2: knysi ($69.94 in chips)
knysi: posts small blind $1
PbIbak: posts big blind $3
*** HOLE CARDS ***
knysi: raises $3 to $6
PbIbak: folds
Uncalled bet ($3) returned to knysi
knysi collected $6 from pot
knysi: doesn't show hand
*** SUMMARY ***
Total pot $6 | Rake $0
Seat 1: PbIbak (big blind) folded before Flop
Seat 2: knysi (button) (small blind) collected ($6)


PokerStars Hand #144999185999:  Hold'em Limit ($3/$6 USD) - 2015/12/07 19:58:56 ET
Table 'Noviomagum' 2-max Seat #1 is the button
Seat 1: PbIbak ($90 in chips)
Seat 2: knysi ($61.30 in chips)
PbIbak: posts small blind $1
knysi: posts big blind $3
*** HOLE CARDS ***
PbIbak: raises $3 to $6
knysi: calls $3
*** FLOP *** [Kc 8s 5s]
knysi: checks
PbIbak: bets $3
knysi: calls $3
*** TURN *** [Kc 8s 5s] [7c]
knysi: checks
PbIbak: checks
*** RIVER *** [Kc 8s 5s 7c] [3s]
knysi: bets $6
PbIbak: folds
Uncalled bet ($6) returned to knysi
knysi collected $17.64 from pot
knysi: doesn't show hand
*** SUMMARY ***
Total pot $18 | Rake $0.36
Board [Kc 8s 5s 7c 3s]
Seat 1: PbIbak (button) (small blind) folded on the River
Seat 2: knysi (big blind) collected ($17.64)


PokerStars Hand #144999179978:  Hold'em Limit ($3/$6 USD) - 2015/12/07 19:58:44 ET
Table 'Noviomagum' 2-max Seat #2 is the button
Seat 1: PbIbak ($102 in chips)
Seat 2: knysi ($49.78 in chips)
knysi: posts small blind $1
PbIbak: posts big blind $3
*** HOLE CARDS ***
knysi: raises $3 to $6
PbIbak: calls $3
*** FLOP *** [9h 4d 9c]
PbIbak: checks
knysi: checks
*** TURN *** [9h 4d 9c] [Ts]
PbIbak: bets $6
knysi: calls $6
*** RIVER *** [9h 4d 9c Ts] [Jd]
PbIbak: checks
knysi: checks
*** SHOW DOWN ***
PbIbak: shows [4h 8s] (two pair, Nines and Fours)
knysi: shows [Ad 4c] (two pair, Nines and Fours - Ace kicker)
knysi collected $23.52 from pot
*** SUMMARY ***
Total pot $24 | Rake $0.48
Board [9h 4d 9c Ts Jd]
Seat 1: PbIbak (big blind) showed [4h 8s] and lost with two pair, Nines and Fours
Seat 2: knysi (button) (small blind) showed [Ad 4c] and won ($23.52) with two pair, Nines and Fours


PokerStars Hand #144999172100:  Hold'em Limit ($3/$6 USD) - 2015/12/07 19:58:29 ET
Table 'Noviomagum' 2-max Seat #1 is the button
Seat 1: PbIbak ($114 in chips)
Seat 2: knysi ($38.26 in chips)
PbIbak: posts small blind $1
knysi: posts big blind $3
*** HOLE CARDS ***
PbIbak: raises $3 to $6
knysi: calls $3
*** FLOP *** [Th 5s 6h]
knysi: checks
PbIbak: checks
*** TURN *** [Th 5s 6h] [Jd]
knysi: checks
PbIbak: bets $6
knysi: calls $6
*** RIVER *** [Th 5s 6h Jd] [Jc]
knysi: checks
PbIbak: checks
*** SHOW DOWN ***
knysi: shows [Ah 7s] (a pair of Jacks)
PbIbak: mucks hand
knysi collected $23.52 from pot
*** SUMMARY ***
Total pot $24 | Rake $0.48
Board [Th 5s 6h Jd Jc]
Seat 1: PbIbak (button) (small blind) mucked
Seat 2: knysi (big blind) showed [Ah 7s] and won ($23.52) with a pair of Jacks


PokerStars Hand #144999226650:  Hold'em Limit ($3/$6 USD) - 2015/12/07 20:00:14 ET
Table 'Noviomagum' 2-max Seat #1 is the button
Seat 1: PbIbak ($97.90 in chips)
Seat 2: knysi ($51.58 in chips)
PbIbak: posts small blind $1
knysi: posts big blind $3
*** HOLE CARDS ***
PbIbak: raises $3 to $6
knysi: calls $3
*** FLOP *** [Jd 4d 4c]
knysi: checks
PbIbak: bets $3
knysi: calls $3
*** TURN *** [Jd 4d 4c] [Tc]
knysi: checks
PbIbak: bets $6
knysi: calls $6
*** RIVER *** [Jd 4d 4c Tc] [2c]
knysi: checks
PbIbak: bets $6
knysi: calls $6
*** SHOW DOWN ***
PbIbak: shows [8s 3d] (a pair of Fours)
knysi: shows [6c Js] (two pair, Jacks and Fours)
knysi collected $41.50 from pot
*** SUMMARY ***
Total pot $42 | Rake $0.50
Board [Jd 4d 4c Tc 2c]
Seat 1: PbIbak (button) (small blind) showed [8s 3d] and lost with a pair of Fours
Seat 2: knysi (big blind) showed [6c Js] and won ($41.50) with two pair, Jacks and Fours


PokerStars Hand #144999219290:  Hold'em Limit ($3/$6 USD) - 2015/12/07 20:00:00 ET
Table 'Noviomagum' 2-max Seat #2 is the button
Seat 1: PbIbak ($83.40 in chips)
Seat 2: knysi ($66.58 in chips)
knysi: posts small blind $1
PbIbak: posts big blind $3
*** HOLE CARDS ***
knysi: raises $3 to $6
PbIbak: calls $3
*** FLOP *** [Jh Ah As]
PbIbak: bets $3
knysi: calls $3
*** TURN *** [Jh Ah As] [Ts]
PbIbak: bets $6
knysi: calls $6
*** RIVER *** [Jh Ah As Ts] [8d]
PbIbak: bets $6
knysi: folds
Uncalled bet ($6) returned to PbIbak
PbIbak collected $29.50 from pot
PbIbak: doesn't show hand
*** SUMMARY ***
Total pot $30 | Rake $0.50
Board [Jh Ah As Ts 8d]
Seat 1: PbIbak (big blind) collected ($29.50)
Seat 2: knysi (button) (small blind) folded on the River


PokerStars Hand #144999202452:  Hold'em Limit ($3/$6 USD) - 2015/12/07 19:59:28 ET
Table 'Noviomagum' 2-max Seat #1 is the button
Seat 1: PbIbak ($83.64 in chips)
Seat 2: knysi ($66.94 in chips)
PbIbak: posts small blind $1
knysi: posts big blind $3
*** HOLE CARDS ***
PbIbak: raises $3 to $6
knysi: calls $3
*** FLOP *** [9s Qh 7s]
knysi: checks
PbIbak: bets $3
knysi: calls $3
*** TURN *** [9s Qh 7s] [Qc]
knysi: checks
PbIbak: checks
*** RIVER *** [9s Qh 7s Qc] [2d]
knysi: bets $6
PbIbak: folds
Uncalled bet ($6) returned to knysi
knysi collected $17.64 from pot
knysi: doesn't show hand
*** SUMMARY ***
Total pot $18 | Rake $0.36
Board [9s Qh 7s Qc 2d]
Seat 1: PbIbak (button) (small blind) folded on the River
Seat 2: knysi (big blind) collected ($17.64)


PokerStars Hand #144999210473:  Hold'em Limit ($3/$6 USD) - 2015/12/07 19:59:44 ET
Table 'Noviomagum' 2-max Seat #2 is the button
Seat 1: PbIbak ($74.64 in chips)
Seat 2: knysi ($75.58 in chips)
knysi: posts small blind $1
PbIbak: posts big blind $3
*** HOLE CARDS ***
knysi: raises $3 to $6
PbIbak: calls $3
*** FLOP *** [8h 6c Td]
PbIbak: checks
knysi: checks
*** TURN *** [8h 6c Td] [7s]
PbIbak: checks
knysi: checks
*** RIVER *** [8h 6c Td 7s] [Ad]
PbIbak: bets $6
knysi: folds
Uncalled bet ($6) returned to PbIbak
PbIbak collected $11.76 from pot
PbIbak: doesn't show hand
*** SUMMARY ***
Total pot $12 | Rake $0.24
Board [8h 6c Td 7s Ad]
Seat 1: PbIbak (big blind) collected ($11.76)
Seat 2: knysi (button) (small blind) folded on the River


PokerStars Hand #144999217093:  Hold'em Limit ($3/$6 USD) - 2015/12/07 19:59:56 ET
Table 'Noviomagum' 2-max Seat #1 is the button
Seat 1: PbIbak ($80.40 in chips)
Seat 2: knysi ($69.58 in chips)
PbIbak: posts small blind $1
knysi: posts big blind $3
*** HOLE CARDS ***
PbIbak: raises $3 to $6
knysi: folds
Uncalled bet ($3) returned to PbIbak
PbIbak collected $6 from pot
PbIbak: doesn't show hand
*** SUMMARY ***
Total pot $6 | Rake $0
Seat 1: PbIbak (button) (small blind) collected ($6)
Seat 2: knysi (big blind) folded before Flop


PokerStars Hand #144999239690:  Hold'em Limit ($3/$6 USD) - 2015/12/07 20:00:38 ET
Table 'Noviomagum' 2-max Seat #1 is the button
Seat 1: PbIbak ($85.54 in chips)
Seat 2: knysi ($63.08 in chips)
PbIbak: posts small blind $1
knysi: posts big blind $3
*** HOLE CARDS ***
PbIbak: raises $3 to $6
knysi: calls $3
*** FLOP *** [Kc Th 4s]
knysi: checks
PbIbak: bets $3
knysi: folds
Uncalled bet ($3) returned to PbIbak
PbIbak collected $11.76 from pot
PbIbak: doesn't show hand
*** SUMMARY ***
Total pot $12 | Rake $0.24
Board [Kc Th 4s]
Seat 1: PbIbak (button) (small blind) collected ($11.76)
Seat 2: knysi (big blind) folded on the Flop


PokerStars Hand #144999234440:  Hold'em Limit ($3/$6 USD) - 2015/12/07 20:00:29 ET
Table 'Noviomagum' 2-max Seat #2 is the button
Seat 1: PbIbak ($76.90 in chips)
Seat 2: knysi ($72.08 in chips)
knysi: posts small blind $1
PbIbak: posts big blind $3
*** HOLE CARDS ***
knysi: raises $3 to $6
PbIbak: calls $3
*** FLOP *** [9s 6h 5c]
PbIbak: bets $3
knysi: calls $3
*** TURN *** [9s 6h 5c] [2h]
PbIbak: bets $6
knysi: folds
Uncalled bet ($6) returned to PbIbak
PbIbak collected $17.64 from pot
PbIbak: doesn't show hand
*** SUMMARY ***
Total pot $18 | Rake $0.36
Board [9s 6h 5c 2h]
Seat 1: PbIbak (big blind) collected ($17.64)
Seat 2: knysi (button) (small blind) folded on the Turn


PokerStars Hand #144999244139:  Hold'em Limit ($3/$6 USD) - 2015/12/07 20:00:47 ET
Table 'Noviomagum' 2-max Seat #2 is the button
Seat 1: PbIbak ($91.30 in chips)
Seat 2: knysi ($57.08 in chips)
knysi: posts small blind $1
PbIbak: posts big blind $3
*** HOLE CARDS ***
knysi: folds
Uncalled bet ($2) returned to PbIbak
PbIbak collected $2 from pot
PbIbak: doesn't show hand
*** SUMMARY ***
Total pot $2 | Rake $0
Seat 1: PbIbak (big blind) collected ($2)
Seat 2: knysi (button) (small blind) folded before Flop


PokerStars Hand #144999246424:  Hold'em Limit ($3/$6 USD) - 2015/12/07 20:00:51 ET
Table 'Noviomagum' 2-max Seat #1 is the button
Seat 1: PbIbak ($92.30 in chips)
Seat 2: knysi ($56.08 in chips)
PbIbak: posts small blind $1
knysi: posts big blind $3
*** HOLE CARDS ***
PbIbak: raises $3 to $6
knysi: calls $3
*** FLOP *** [7d Kd 4h]
knysi: checks
PbIbak: bets $3
knysi: calls $3
*** TURN *** [7d Kd 4h] [Qc]
knysi: checks
PbIbak: bets $6
knysi: calls $6
*** RIVER *** [7d Kd 4h Qc] [2c]
knysi: checks
PbIbak: bets $6
knysi: calls $6
*** SHOW DOWN ***
PbIbak: shows [2h Kh] (two pair, Kings and Deuces)
knysi: mucks hand
PbIbak collected $41.50 from pot
*** SUMMARY ***
Total pot $42 | Rake $0.50
Board [7d Kd 4h Qc 2c]
Seat 1: PbIbak (button) (small blind) showed [2h Kh] and won ($41.50) with two pair, Kings and Deuces
Seat 2: knysi (big blind) mucked


PokerStars Hand #144999258471:  Hold'em Limit ($3/$6 USD) - 2015/12/07 20:01:12 ET
Table 'Noviomagum' 2-max Seat #1 is the button
Seat 1: PbIbak ($106.80 in chips)
Seat 2: knysi ($40.84 in chips)
PbIbak: posts small blind $1
knysi: posts big blind $3
*** HOLE CARDS ***
PbIbak: raises $3 to $6
knysi: folds
Uncalled bet ($3) returned to PbIbak
PbIbak collected $6 from pot
PbIbak: doesn't show hand
*** SUMMARY ***
Total pot $6 | Rake $0
Seat 1: PbIbak (button) (small blind) collected ($6)
Seat 2: knysi (big blind) folded before Flop


PokerStars Hand #144999253357:  Hold'em Limit ($3/$6 USD) - 2015/12/07 20:01:03 ET
Table 'Noviomagum' 2-max Seat #2 is the button
Seat 1: PbIbak ($112.80 in chips)
Seat 2: knysi ($35.08 in chips)
knysi: posts small blind $1
PbIbak: posts big blind $3
*** HOLE CARDS ***
knysi: raises $3 to $6
PbIbak: calls $3
*** FLOP *** [3c 5s 9h]
PbIbak: checks
knysi: bets $3
PbIbak: folds
Uncalled bet ($3) returned to knysi
knysi collected $11.76 from pot
knysi: doesn't show hand
*** SUMMARY ***
Total pot $12 | Rake $0.24
Board [3c 5s 9h]
Seat 1: PbIbak (big blind) folded on the Flop
Seat 2: knysi (button) (small blind) collected ($11.76)


PokerStars Hand #144999270781:  Hold'em Limit ($3/$6 USD) - 2015/12/07 20:01:33 ET
Table 'Noviomagum' 2-max Seat #1 is the button
Seat 1: PbIbak ($121.32 in chips)
Seat 2: knysi ($25.84 in chips)
PbIbak: posts small blind $1
knysi: posts big blind $3
*** HOLE CARDS ***
PbIbak: folds
Uncalled bet ($2) returned to knysi
knysi collected $2 from pot
knysi: doesn't show hand
*** SUMMARY ***
Total pot $2 | Rake $0
Seat 1: PbIbak (button) (small blind) folded before Flop
Seat 2: knysi (big blind) collected ($2)


PokerStars Hand #144999261502:  Hold'em Limit ($3/$6 USD) - 2015/12/07 20:01:17 ET
Table 'Noviomagum' 2-max Seat #2 is the button
Seat 1: PbIbak ($109.80 in chips)
Seat 2: knysi ($37.84 in chips)
knysi: posts small blind $1
PbIbak: posts big blind $3
*** HOLE CARDS ***
knysi: raises $3 to $6
PbIbak: calls $3
*** FLOP *** [7d 4s Qs]
PbIbak: checks
knysi: checks
*** TURN *** [7d 4s Qs] [9h]
PbIbak: bets $6
knysi: calls $6
*** RIVER *** [7d 4s Qs 9h] [8h]
PbIbak: bets $6
knysi: folds
Uncalled bet ($6) returned to PbIbak
PbIbak collected $23.52 from pot
PbIbak: doesn't show hand
*** SUMMARY ***
Total pot $24 | Rake $0.48
Board [7d 4s Qs 9h 8h]
Seat 1: PbIbak (big blind) collected ($23.52)
Seat 2: knysi (button) (small blind) folded on the River


PokerStars Hand #144999273191:  Hold'em Limit ($3/$6 USD) - 2015/12/07 20:01:37 ET
Table 'Noviomagum' 2-max Seat #2 is the button
Seat 1: PbIbak ($120.32 in chips)
Seat 2: knysi ($26.84 in chips)
knysi: posts small blind $1
PbIbak: posts big blind $3
*** HOLE CARDS ***
knysi: raises $3 to $6
PbIbak: folds
Uncalled bet ($3) returned to knysi
knysi collected $6 from pot
knysi: doesn't show hand
*** SUMMARY ***
Total pot $6 | Rake $0
Seat 1: PbIbak (big blind) folded before Flop
Seat 2: knysi (button) (small blind) collected ($6)


PokerStars Hand #144999276245:  Hold'em Limit ($3/$6 USD) - 2015/12/07 20:01:43 ET
Table 'Noviomagum' 2-max Seat #1 is the button
Seat 1: PbIbak ($117.32 in chips)
Seat 2: knysi ($29.84 in chips)
PbIbak: posts small blind $1
knysi: posts big blind $3
*** HOLE CARDS ***
PbIbak: raises $3 to $6
knysi: calls $3
*** FLOP *** [9s 2d Th]
knysi: checks
PbIbak: bets $3
knysi: calls $3
*** TURN *** [9s 2d Th] [7d]
knysi: checks
PbIbak: bets $6
knysi: raises $6 to $12
PbIbak: calls $6
*** RIVER *** [9s 2d Th 7d] [5h]
knysi: bets $6
PbIbak: folds
Uncalled bet ($6) returned to knysi
knysi collected $41.50 from pot
knysi: doesn't show hand
*** SUMMARY ***
Total pot $42 | Rake $0.50
Board [9s 2d Th 7d 5h]
Seat 1: PbIbak (button) (small blind) folded on the River
Seat 2: knysi (big blind) collected ($41.50)


PokerStars Hand #144999286676:  Hold'em Limit ($3/$6 USD) - 2015/12/07 20:02:00 ET
Table 'Noviomagum' 2-max Seat #2 is the button
Seat 1: PbIbak ($96.32 in chips)
Seat 2: knysi ($50.34 in chips)
knysi: posts small blind $1
PbIbak: posts big blind $3
*** HOLE CARDS ***
knysi: raises $3 to $6
PbIbak: calls $3
*** FLOP *** [Jd 2s 4s]
PbIbak: checks
knysi: checks
*** TURN *** [Jd 2s 4s] [Kd]
PbIbak: checks
knysi: checks
*** RIVER *** [Jd 2s 4s Kd] [4c]
PbIbak: checks
knysi: checks
*** SHOW DOWN ***
PbIbak: shows [Qs 7c] (a pair of Fours)
knysi: shows [8c Ad] (a pair of Fours - Ace kicker)
knysi collected $11.76 from pot
*** SUMMARY ***
Total pot $12 | Rake $0.24
Board [Jd 2s 4s Kd 4c]
Seat 1: PbIbak (big blind) showed [Qs 7c] and lost with a pair of Fours
Seat 2: knysi (button) (small blind) showed [8c Ad] and won ($11.76) with a pair of Fours


PokerStars Hand #144999293362:  Hold'em Limit ($3/$6 USD) - 2015/12/07 20:02:12 ET
Table 'Noviomagum' 2-max Seat #1 is the button
Seat 1: PbIbak ($90.32 in chips)
Seat 2: knysi ($56.10 in chips)
PbIbak: posts small blind $1
knysi: posts big blind $3
*** HOLE CARDS ***
PbIbak: raises $3 to $6
knysi: calls $3
*** FLOP *** [Kd Qc 5s]
knysi: checks
PbIbak: bets $3
knysi: calls $3
*** TURN *** [Kd Qc 5s] [Qh]
knysi: checks
PbIbak: checks
*** RIVER *** [Kd Qc 5s Qh] [4d]
knysi: bets $6
PbIbak: folds
Uncalled bet ($6) returned to knysi
knysi collected $17.64 from pot
knysi: doesn't show hand
*** SUMMARY ***
Total pot $18 | Rake $0.36
Board [Kd Qc 5s Qh 4d]
Seat 1: PbIbak (button) (small blind) folded on the River
Seat 2: knysi (big blind) collected ($17.64)


PokerStars Hand #144999300151:  Hold'em Limit ($3/$6 USD) - 2015/12/07 20:02:24 ET
Table 'Noviomagum' 2-max Seat #2 is the button
Seat 1: PbIbak ($81.32 in chips)
Seat 2: knysi ($64.74 in chips)
knysi: posts small blind $1
PbIbak: posts big blind $3
*** HOLE CARDS ***
knysi: raises $3 to $6
PbIbak: calls $3
*** FLOP *** [9s 5h 5c]
PbIbak: checks
knysi: checks
*** TURN *** [9s 5h 5c] [8c]
PbIbak: checks
knysi: checks
*** RIVER *** [9s 5h 5c 8c] [6c]
PbIbak: bets $6
knysi: folds
Uncalled bet ($6) returned to PbIbak
PbIbak collected $11.76 from pot
PbIbak: doesn't show hand
*** SUMMARY ***
Total pot $12 | Rake $0.24
Board [9s 5h 5c 8c 6c]
Seat 1: PbIbak (big blind) collected ($11.76)
Seat 2: knysi (button) (small blind) folded on the River


PokerStars Hand #144999308055:  Hold'em Limit ($3/$6 USD) - 2015/12/07 20:02:37 ET
Table 'Noviomagum' 2-max Seat #1 is the button
Seat 1: PbIbak ($87.08 in chips)
Seat 2: knysi ($58.74 in chips)
PbIbak: posts small blind $1
knysi: posts big blind $3
*** HOLE CARDS ***
PbIbak: raises $3 to $6
knysi: calls $3
*** FLOP *** [7d Td 8c]
knysi: checks
PbIbak: bets $3
knysi: calls $3
*** TURN *** [7d Td 8c] [6d]
knysi: checks
PbIbak: bets $6
knysi: calls $6
*** RIVER *** [7d Td 8c 6d] [9h]
knysi: checks
PbIbak: checks
*** SHOW DOWN ***
knysi: shows [Jc 6s] (a straight, Seven to Jack)
PbIbak: mucks hand
knysi collected $29.50 from pot
*** SUMMARY ***
Total pot $30 | Rake $0.50
Board [7d Td 8c 6d 9h]
Seat 1: PbIbak (button) (small blind) mucked
Seat 2: knysi (big blind) showed [Jc 6s] and won ($29.50) with a straight, Seven to Jack


PokerStars Hand #144999328015:  Hold'em Limit ($3/$6 USD) - 2015/12/07 20:03:10 ET
Table 'Noviomagum' 2-max Seat #1 is the button
Seat 1: PbIbak ($83.60 in chips)
Seat 2: knysi ($61.24 in chips)
PbIbak: posts small blind $1
knysi: posts big blind $3
*** HOLE CARDS ***
PbIbak: raises $3 to $6
knysi: folds
Uncalled bet ($3) returned to PbIbak
PbIbak collected $6 from pot
PbIbak: doesn't show hand
*** SUMMARY ***
Total pot $6 | Rake $0
Seat 1: PbIbak (button) (small blind) collected ($6)
Seat 2: knysi (big blind) folded before Flop


PokerStars Hand #144999317463:  Hold'em Limit ($3/$6 USD) - 2015/12/07 20:02:52 ET
Table 'Noviomagum' 2-max Seat #2 is the button
Seat 1: PbIbak ($72.08 in chips)
Seat 2: knysi ($73.24 in chips)
knysi: posts small blind $1
PbIbak: posts big blind $3
*** HOLE CARDS ***
knysi: raises $3 to $6
PbIbak: calls $3
*** FLOP *** [5h 9d 3c]
PbIbak: checks
knysi: checks
*** TURN *** [5h 9d 3c] [7s]
PbIbak: bets $6
knysi: calls $6
*** RIVER *** [5h 9d 3c 7s] [Js]
PbIbak: checks
knysi: checks
*** SHOW DOWN ***
PbIbak: shows [3s Ks] (a pair of Threes)
knysi: mucks hand
PbIbak collected $23.52 from pot
*** SUMMARY ***
Total pot $24 | Rake $0.48
Board [5h 9d 3c 7s Js]
Seat 1: PbIbak (big blind) showed [3s Ks] and won ($23.52) with a pair of Threes
Seat 2: knysi (button) (small blind) mucked


PokerStars Hand #144999332422:  Hold'em Limit ($3/$6 USD) - 2015/12/07 20:03:17 ET
Table 'Noviomagum' 2-max Seat #2 is the button
Seat 1: PbIbak ($86.60 in chips)
Seat 2: knysi ($58.24 in chips)
knysi: posts small blind $1
PbIbak: posts big blind $3
*** HOLE CARDS ***
knysi: raises $3 to $6
PbIbak: calls $3
*** FLOP *** [6c Jd Qd]
PbIbak: checks
knysi: checks
*** TURN *** [6c Jd Qd] [Jc]
PbIbak: checks
knysi: checks
*** RIVER *** [6c Jd Qd Jc] [8s]
PbIbak: checks
knysi: checks
*** SHOW DOWN ***
PbIbak: shows [Kd 3h] (a pair of Jacks)
knysi: shows [7h Kc] (a pair of Jacks)
PbIbak collected $5.88 from pot
knysi collected $5.88 from pot
*** SUMMARY ***
Total pot $12 | Rake $0.24
Board [6c Jd Qd Jc 8s]
Seat 1: PbIbak (big blind) showed [Kd 3h] and won ($5.88) with a pair of Jacks
Seat 2: knysi (button) (small blind) showed [7h Kc] and won ($5.88) with a pair of Jacks


PokerStars Hand #144999341643:  Hold'em Limit ($3/$6 USD) - 2015/12/07 20:03:33 ET
Table 'Noviomagum' 2-max Seat #1 is the button
Seat 1: PbIbak ($86.48 in chips)
Seat 2: knysi ($58.12 in chips)
PbIbak: posts small blind $1
knysi: posts big blind $3
*** HOLE CARDS ***
PbIbak: raises $3 to $6
knysi: calls $3
*** FLOP *** [4d 2d Qd]
knysi: checks
PbIbak: bets $3
knysi: calls $3
*** TURN *** [4d 2d Qd] [6h]
knysi: checks
PbIbak: bets $6
knysi: calls $6
*** RIVER *** [4d 2d Qd 6h] [9d]
knysi: checks
PbIbak: checks
*** SHOW DOWN ***
knysi: shows [4s Ad] (a flush, Ace high)
PbIbak: mucks hand
knysi collected $29.50 from pot
*** SUMMARY ***
Total pot $30 | Rake $0.50
Board [4d 2d Qd 6h 9d]
Seat 1: PbIbak (button) (small blind) mucked
Seat 2: knysi (big blind) showed [4s Ad] and won ($29.50) with a flush, Ace high


PokerStars Hand #144999349498:  Hold'em Limit ($3/$6 USD) - 2015/12/07 20:03:46 ET
Table 'Noviomagum' 2-max Seat #2 is the button
Seat 1: PbIbak ($71.48 in chips)
Seat 2: knysi ($72.62 in chips)
knysi: posts small blind $1
PbIbak: posts big blind $3
*** HOLE CARDS ***
knysi: raises $3 to $6
PbIbak: calls $3
*** FLOP *** [Jc 8h 4c]
PbIbak: checks
knysi: checks
*** TURN *** [Jc 8h 4c] [9s]
PbIbak: checks
knysi: bets $6
PbIbak: folds
Uncalled bet ($6) returned to knysi
knysi collected $11.76 from pot
knysi: doesn't show hand
*** SUMMARY ***
Total pot $12 | Rake $0.24
Board [Jc 8h 4c 9s]
Seat 1: PbIbak (big blind) folded on the Turn
Seat 2: knysi (button) (small blind) collected ($11.76)


PokerStars Hand #144999355658:  Hold'em Limit ($3/$6 USD) - 2015/12/07 20:03:56 ET
Table 'Noviomagum' 2-max Seat #1 is the button
Seat 1: PbIbak ($65.48 in chips)
Seat 2: knysi ($78.38 in chips)
PbIbak: posts small blind $1
knysi: posts big blind $3
*** HOLE CARDS ***
PbIbak: raises $3 to $6
knysi: calls $3
*** FLOP *** [Ts 7s 6s]
knysi: checks
PbIbak: checks
*** TURN *** [Ts 7s 6s] [5s]
knysi: bets $6
PbIbak: folds
Uncalled bet ($6) returned to knysi
knysi collected $11.76 from pot
knysi: doesn't show hand
*** SUMMARY ***
Total pot $12 | Rake $0.24
Board [Ts 7s 6s 5s]
Seat 1: PbIbak (button) (small blind) folded on the Turn
Seat 2: knysi (big blind) collected ($11.76)


PokerStars Hand #144999376315:  Hold'em Limit ($3/$6 USD) - 2015/12/07 20:04:31 ET
Table 'Noviomagum' 2-max Seat #1 is the button
Seat 1: PbIbak ($53.48 in chips)
Seat 2: knysi ($89.90 in chips)
PbIbak: posts small blind $1
knysi: posts big blind $3
*** HOLE CARDS ***
PbIbak: folds
Uncalled bet ($2) returned to knysi
knysi collected $2 from pot
knysi: doesn't show hand
*** SUMMARY ***
Total pot $2 | Rake $0
Seat 1: PbIbak (button) (small blind) folded before Flop
Seat 2: knysi (big blind) collected ($2)


PokerStars Hand #144999361377:  Hold'em Limit ($3/$6 USD) - 2015/12/07 20:04:06 ET
Table 'Noviomagum' 2-max Seat #2 is the button
Seat 1: PbIbak ($59.48 in chips)
Seat 2: knysi ($84.14 in chips)
knysi: posts small blind $1
PbIbak: posts big blind $3
*** HOLE CARDS ***
knysi: raises $3 to $6
PbIbak: calls $3
*** FLOP *** [6s 7c Tc]
PbIbak: checks
knysi: checks
*** TURN *** [6s 7c Tc] [Ad]
PbIbak: checks
knysi: checks
*** RIVER *** [6s 7c Tc Ad] [3c]
PbIbak: checks
knysi: bets $6
PbIbak: folds
Uncalled bet ($6) returned to knysi
knysi collected $11.76 from pot
knysi: doesn't show hand
*** SUMMARY ***
Total pot $12 | Rake $0.24
Board [6s 7c Tc Ad 3c]
Seat 1: PbIbak (big blind) folded on the River
Seat 2: knysi (button) (small blind) collected ($11.76)


PokerStars Hand #144999378902:  Hold'em Limit ($3/$6 USD) - 2015/12/07 20:04:35 ET
Table 'Noviomagum' 2-max Seat #2 is the button
Seat 1: PbIbak ($52.48 in chips)
Seat 2: knysi ($90.90 in chips)
knysi: posts small blind $1
PbIbak: posts big blind $3
*** HOLE CARDS ***
knysi: raises $3 to $6
PbIbak: calls $3
*** FLOP *** [As 8c 7d]
PbIbak: checks
knysi: checks
*** TURN *** [As 8c 7d] [5c]
PbIbak: checks
knysi: bets $6
PbIbak: folds
Uncalled bet ($6) returned to knysi
knysi collected $11.76 from pot
knysi: doesn't show hand
*** SUMMARY ***
Total pot $12 | Rake $0.24
Board [As 8c 7d 5c]
Seat 1: PbIbak (big blind) folded on the Turn
Seat 2: knysi (button) (small blind) collected ($11.76)


PokerStars Hand #144999394808:  Hold'em Limit ($3/$6 USD) - 2015/12/07 20:05:01 ET
Table 'Noviomagum' 2-max Seat #2 is the button
Seat 1: PbIbak ($60.98 in chips)
Seat 2: knysi ($81.66 in chips)
knysi: posts small blind $1
PbIbak: posts big blind $3
*** HOLE CARDS ***
knysi: folds
Uncalled bet ($2) returned to PbIbak
PbIbak collected $2 from pot
PbIbak: doesn't show hand
*** SUMMARY ***
Total pot $2 | Rake $0
Seat 1: PbIbak (big blind) collected ($2)
Seat 2: knysi (button) (small blind) folded before Flop


PokerStars Hand #144999386279:  Hold'em Limit ($3/$6 USD) - 2015/12/07 20:04:47 ET
Table 'Noviomagum' 2-max Seat #1 is the button
Seat 1: PbIbak ($46.48 in chips)
Seat 2: knysi ($96.66 in chips)
PbIbak: posts small blind $1
knysi: posts big blind $3
*** HOLE CARDS ***
PbIbak: raises $3 to $6
knysi: calls $3
*** FLOP *** [7s 9d Jh]
knysi: checks
PbIbak: bets $3
knysi: calls $3
*** TURN *** [7s 9d Jh] [Kc]
knysi: checks
PbIbak: bets $6
knysi: calls $6
*** RIVER *** [7s 9d Jh Kc] [3s]
knysi: checks
PbIbak: bets $6
knysi: folds
Uncalled bet ($6) returned to PbIbak
PbIbak collected $29.50 from pot
PbIbak: doesn't show hand
*** SUMMARY ***
Total pot $30 | Rake $0.50
Board [7s 9d Jh Kc 3s]
Seat 1: PbIbak (button) (small blind) collected ($29.50)
Seat 2: knysi (big blind) folded on the River


PokerStars Hand #144999400420:  Hold'em Limit ($3/$6 USD) - 2015/12/07 20:05:11 ET
Table 'Noviomagum' 2-max Seat #2 is the button
Seat 1: PbIbak ($60.98 in chips)
Seat 2: knysi ($81.66 in chips)
knysi: posts small blind $1
PbIbak: posts big blind $3
*** HOLE CARDS ***
knysi: folds
Uncalled bet ($2) returned to PbIbak
PbIbak collected $2 from pot
PbIbak: doesn't show hand
*** SUMMARY ***
Total pot $2 | Rake $0
Seat 1: PbIbak (big blind) collected ($2)
Seat 2: knysi (button) (small blind) folded before Flop


PokerStars Hand #144999397499:  Hold'em Limit ($3/$6 USD) - 2015/12/07 20:05:06 ET
Table 'Noviomagum' 2-max Seat #1 is the button
Seat 1: PbIbak ($61.98 in chips)
Seat 2: knysi ($80.66 in chips)
PbIbak: posts small blind $1
knysi: posts big blind $3
*** HOLE CARDS ***
PbIbak: folds
Uncalled bet ($2) returned to knysi
knysi collected $2 from pot
knysi: doesn't show hand
*** SUMMARY ***
Total pot $2 | Rake $0
Seat 1: PbIbak (button) (small blind) folded before Flop
Seat 2: knysi (big blind) collected ($2)


PokerStars Hand #144999402763:  Hold'em Limit ($3/$6 USD) - 2015/12/07 20:05:15 ET
Table 'Noviomagum' 2-max Seat #1 is the button
Seat 1: PbIbak ($61.98 in chips)
Seat 2: knysi ($80.66 in chips)
PbIbak: posts small blind $1
knysi: posts big blind $3
*** HOLE CARDS ***
PbIbak: raises $3 to $6
knysi: calls $3
*** FLOP *** [7h 2d Kc]
knysi: checks
PbIbak: bets $3
knysi: calls $3
*** TURN *** [7h 2d Kc] [4h]
knysi: checks
PbIbak: checks
*** RIVER *** [7h 2d Kc 4h] [9d]
knysi: checks
PbIbak: checks
*** SHOW DOWN ***
knysi: shows [Qc 6c] (high card King)
PbIbak: shows [2s Ah] (a pair of Deuces)
PbIbak collected $17.64 from pot
*** SUMMARY ***
Total pot $18 | Rake $0.36
Board [7h 2d Kc 4h 9d]
Seat 1: PbIbak (button) (small blind) showed [2s Ah] and won ($17.64) with a pair of Deuces
Seat 2: knysi (big blind) showed [Qc 6c] and lost with high card King


PokerStars Hand #144999410294:  Hold'em Limit ($3/$6 USD) - 2015/12/07 20:05:28 ET
Table 'Noviomagum' 2-max Seat #2 is the button
Seat 1: PbIbak ($70.62 in chips)
Seat 2: knysi ($71.66 in chips)
knysi: posts small blind $1
PbIbak: posts big blind $3
*** HOLE CARDS ***
knysi: raises $3 to $6
PbIbak: raises $3 to $9
knysi: calls $3
*** FLOP *** [9c 2s 6s]
PbIbak: checks
knysi: checks
*** TURN *** [9c 2s 6s] [Qh]
PbIbak: checks
knysi: bets $6
PbIbak: calls $6
*** RIVER *** [9c 2s 6s Qh] [Ac]
PbIbak: bets $6
knysi: folds
Uncalled bet ($6) returned to PbIbak
PbIbak collected $29.50 from pot
PbIbak: doesn't show hand
*** SUMMARY ***
Total pot $30 | Rake $0.50
Board [9c 2s 6s Qh Ac]
Seat 1: PbIbak (big blind) collected ($29.50)
Seat 2: knysi (button) (small blind) folded on the River


PokerStars Hand #144999421460:  Hold'em Limit ($3/$6 USD) - 2015/12/07 20:05:47 ET
Table 'Noviomagum' 2-max Seat #1 is the button
Seat 1: PbIbak ($85.12 in chips)
Seat 2: knysi ($56.66 in chips)
PbIbak: posts small blind $1
knysi: posts big blind $3
*** HOLE CARDS ***
PbIbak: folds
Uncalled bet ($2) returned to knysi
knysi collected $2 from pot
knysi: doesn't show hand
*** SUMMARY ***
Total pot $2 | Rake $0
Seat 1: PbIbak (button) (small blind) folded before Flop
Seat 2: knysi (big blind) collected ($2)


PokerStars Hand #144999424284:  Hold'em Limit ($3/$6 USD) - 2015/12/07 20:05:52 ET
Table 'Noviomagum' 2-max Seat #2 is the button
Seat 1: PbIbak ($84.12 in chips)
Seat 2: knysi ($57.66 in chips)
knysi: posts small blind $1
PbIbak: posts big blind $3
*** HOLE CARDS ***
knysi: raises $3 to $6
PbIbak: calls $3
*** FLOP *** [7c 4h 2c]
PbIbak: checks
knysi: checks
*** TURN *** [7c 4h 2c] [Ac]
PbIbak: checks
knysi: bets $6
PbIbak: calls $6
*** RIVER *** [7c 4h 2c Ac] [8c]
PbIbak: bets $6
knysi: folds
Uncalled bet ($6) returned to PbIbak
PbIbak collected $23.52 from pot
PbIbak: doesn't show hand
*** SUMMARY ***
Total pot $24 | Rake $0.48
Board [7c 4h 2c Ac 8c]
Seat 1: PbIbak (big blind) collected ($23.52)
Seat 2: knysi (button) (small blind) folded on the River


PokerStars Hand #144999432698:  Hold'em Limit ($3/$6 USD) - 2015/12/07 20:06:06 ET
Table 'Noviomagum' 2-max Seat #1 is the button
Seat 1: PbIbak ($95.64 in chips)
Seat 2: knysi ($45.66 in chips)
PbIbak: posts small blind $1
knysi: posts big blind $3
*** HOLE CARDS ***
PbIbak: raises $3 to $6
knysi: calls $3
*** FLOP *** [3d 9s 8c]
knysi: checks
PbIbak: bets $3
knysi: calls $3
*** TURN *** [3d 9s 8c] [3c]
knysi: checks
PbIbak: checks
*** RIVER *** [3d 9s 8c 3c] [Qd]
knysi: checks
PbIbak: bets $6
knysi: folds
Uncalled bet ($6) returned to PbIbak
PbIbak collected $17.64 from pot
PbIbak: doesn't show hand
*** SUMMARY ***
Total pot $18 | Rake $0.36
Board [3d 9s 8c 3c Qd]
Seat 1: PbIbak (button) (small blind) collected ($17.64)
Seat 2: knysi (big blind) folded on the River


PokerStars Hand #144999440967:  Hold'em Limit ($3/$6 USD) - 2015/12/07 20:06:20 ET
Table 'Noviomagum' 2-max Seat #2 is the button
Seat 1: PbIbak ($104.28 in chips)
Seat 2: knysi ($36.66 in chips)
knysi: posts small blind $1
PbIbak: posts big blind $3
*** HOLE CARDS ***
knysi: raises $3 to $6
PbIbak: raises $3 to $9
knysi: calls $3
*** FLOP *** [Jh As Qh]
PbIbak: bets $3
knysi: calls $3
*** TURN *** [Jh As Qh] [3h]
PbIbak: checks
knysi: checks
*** RIVER *** [Jh As Qh 3h] [5s]
PbIbak: checks
knysi: checks
*** SHOW DOWN ***
PbIbak: shows [7h 7s] (a pair of Sevens)
knysi: mucks hand
PbIbak collected $23.52 from pot
*** SUMMARY ***
Total pot $24 | Rake $0.48
Board [Jh As Qh 3h 5s]
Seat 1: PbIbak (big blind) showed [7h 7s] and won ($23.52) with a pair of Sevens
Seat 2: knysi (button) (small blind) mucked


PokerStars Hand #144999454629:  Hold'em Limit ($3/$6 USD) - 2015/12/07 20:06:43 ET
Table 'Noviomagum' 2-max Seat #2 is the button
Seat 1: PbIbak ($109.80 in chips)
Seat 2: knysi ($30.42 in chips)
knysi: posts small blind $1
PbIbak: posts big blind $3
*** HOLE CARDS ***
knysi: folds
Uncalled bet ($2) returned to PbIbak
PbIbak collected $2 from pot
PbIbak: doesn't show hand
*** SUMMARY ***
Total pot $2 | Rake $0
Seat 1: PbIbak (big blind) collected ($2)
Seat 2: knysi (button) (small blind) folded before Flop


PokerStars Hand #144999448282:  Hold'em Limit ($3/$6 USD) - 2015/12/07 20:06:32 ET
Table 'Noviomagum' 2-max Seat #1 is the button
Seat 1: PbIbak ($115.80 in chips)
Seat 2: knysi ($24.66 in chips)
PbIbak: posts small blind $1
knysi: posts big blind $3
*** HOLE CARDS ***
PbIbak: raises $3 to $6
knysi: calls $3
*** FLOP *** [Ks 3c 9s]
knysi: checks
PbIbak: checks
*** TURN *** [Ks 3c 9s] [7h]
knysi: bets $6
PbIbak: folds
Uncalled bet ($6) returned to knysi
knysi collected $11.76 from pot
knysi: doesn't show hand
*** SUMMARY ***
Total pot $12 | Rake $0.24
Board [Ks 3c 9s 7h]
Seat 1: PbIbak (button) (small blind) folded on the Turn
Seat 2: knysi (big blind) collected ($11.76)


PokerStars Hand #144999459740:  Hold'em Limit ($3/$6 USD) - 2015/12/07 20:06:51 ET
Table 'Noviomagum' 2-max Seat #2 is the button
Seat 1: PbIbak ($109.80 in chips)
Seat 2: knysi ($30.42 in chips)
knysi: posts small blind $1
PbIbak: posts big blind $3
*** HOLE CARDS ***
knysi: raises $3 to $6
PbIbak: raises $3 to $9
knysi: calls $3
*** FLOP *** [8d Ad 5c]
PbIbak: bets $3
knysi: folds
Uncalled bet ($3) returned to PbIbak
PbIbak collected $17.64 from pot
PbIbak: doesn't show hand
*** SUMMARY ***
Total pot $18 | Rake $0.36
Board [8d Ad 5c]
Seat 1: PbIbak (big blind) collected ($17.64)
Seat 2: knysi (button) (small blind) folded on the Flop


PokerStars Hand #144999457263:  Hold'em Limit ($3/$6 USD) - 2015/12/07 20:06:47 ET
Table 'Noviomagum' 2-max Seat #1 is the button
Seat 1: PbIbak ($110.80 in chips)
Seat 2: knysi ($29.42 in chips)
PbIbak: posts small blind $1
knysi: posts big blind $3
*** HOLE CARDS ***
PbIbak: folds
Uncalled bet ($2) returned to knysi
knysi collected $2 from pot
knysi: doesn't show hand
*** SUMMARY ***
Total pot $2 | Rake $0
Seat 1: PbIbak (button) (small blind) folded before Flop
Seat 2: knysi (big blind) collected ($2)


PokerStars Hand #144999464286:  Hold'em Limit ($3/$6 USD) - 2015/12/07 20:06:59 ET
Table 'Noviomagum' 2-max Seat #1 is the button
Seat 1: PbIbak ($118.44 in chips)
Seat 2: knysi ($21.42 in chips)
PbIbak: posts small blind $1
knysi: posts big blind $3
*** HOLE CARDS ***
PbIbak: raises $3 to $6
knysi: calls $3
*** FLOP *** [2d Ac 8s]
knysi: checks
PbIbak: bets $3
knysi: calls $3
*** TURN *** [2d Ac 8s] [3c]
knysi: checks
PbIbak: checks
*** RIVER *** [2d Ac 8s 3c] [8d]
knysi: bets $6
PbIbak: folds
Uncalled bet ($6) returned to knysi
knysi collected $17.64 from pot
knysi: doesn't show hand
*** SUMMARY ***
Total pot $18 | Rake $0.36
Board [2d Ac 8s 3c 8d]
Seat 1: PbIbak (button) (small blind) folded on the River
Seat 2: knysi (big blind) collected ($17.64)


PokerStars Hand #144999472874:  Hold'em Limit ($3/$6 USD) - 2015/12/07 20:07:14 ET
Table 'Noviomagum' 2-max Seat #2 is the button
Seat 1: PbIbak ($109.44 in chips)
Seat 2: knysi ($30.06 in chips)
knysi: posts small blind $1
PbIbak: posts big blind $3
*** HOLE CARDS ***
knysi: raises $3 to $6
PbIbak: calls $3
*** FLOP *** [Ah 7s 2d]
PbIbak: checks
knysi: bets $3
PbIbak: calls $3
*** TURN *** [Ah 7s 2d] [Ac]
PbIbak: checks
knysi: bets $6
PbIbak: calls $6
*** RIVER *** [Ah 7s 2d Ac] [Ts]
PbIbak: checks
knysi: checks
*** SHOW DOWN ***
PbIbak: shows [Kd 7c] (two pair, Aces and Sevens)
knysi: mucks hand
PbIbak collected $29.50 from pot
*** SUMMARY ***
Total pot $30 | Rake $0.50
Board [Ah 7s 2d Ac Ts]
Seat 1: PbIbak (big blind) showed [Kd 7c] and won ($29.50) with two pair, Aces and Sevens
Seat 2: knysi (button) (small blind) mucked


PokerStars Hand #144999480563:  Hold'em Limit ($3/$6 USD) - 2015/12/07 20:07:27 ET
Table 'Noviomagum' 2-max Seat #1 is the button
Seat 1: PbIbak ($123.94 in chips)
Seat 2: knysi ($15.06 in chips)
PbIbak: posts small blind $1
knysi: posts big blind $3
*** HOLE CARDS ***
PbIbak: raises $3 to $6
knysi: calls $3
*** FLOP *** [5s 4s 8s]
knysi: checks
PbIbak: bets $3
knysi: calls $3
*** TURN *** [5s 4s 8s] [Js]
knysi: checks
PbIbak: bets $6
knysi: folds
Uncalled bet ($6) returned to PbIbak
PbIbak collected $17.64 from pot
PbIbak: doesn't show hand
*** SUMMARY ***
Total pot $18 | Rake $0.36
Board [5s 4s 8s Js]
Seat 1: PbIbak (button) (small blind) collected ($17.64)
Seat 2: knysi (big blind) folded on the Turn


PokerStars Hand #144999487197:  Hold'em Limit ($3/$6 USD) - 2015/12/07 20:07:38 ET
Table 'Noviomagum' 2-max Seat #2 is the button
Seat 1: PbIbak ($132.58 in chips)
Seat 2: knysi ($6.06 in chips)
knysi: posts small blind $1
PbIbak: posts big blind $3
*** HOLE CARDS ***
knysi: raises $3 to $6
PbIbak: raises $3 to $9
knysi: calls $0.06 and is all-in
Uncalled bet ($2.94) returned to PbIbak
*** FLOP *** [Jd 2h 3c]
*** TURN *** [Jd 2h 3c] [Td]
*** RIVER *** [Jd 2h 3c Td] [5s]
*** SHOW DOWN ***
PbIbak: shows [5c 9d] (a pair of Fives)
knysi: shows [As Kd] (high card Ace)
PbIbak collected $11.88 from pot
*** SUMMARY ***
Total pot $12.12 | Rake $0.24
Board [Jd 2h 3c Td 5s]
Seat 1: PbIbak (big blind) showed [5c 9d] and won ($11.88) with a pair of Fives
Seat 2: knysi (button) (small blind) showed [As Kd] and lost with high card Ace


PokerStars Hand #144999518418:  Hold'em Limit ($3/$6 USD) - 2015/12/07 20:08:31 ET
Table 'Noviomagum' 2-max Seat #2 is the button
Seat 1: PbIbak ($147.04 in chips)
Seat 2: knysi ($23.50 in chips)
knysi: posts small blind $1
PbIbak: posts big blind $3
*** HOLE CARDS ***
knysi: raises $3 to $6
PbIbak: folds
Uncalled bet ($3) returned to knysi
knysi collected $6 from pot
knysi: doesn't show hand
*** SUMMARY ***
Total pot $6 | Rake $0
Seat 1: PbIbak (big blind) folded before Flop
Seat 2: knysi (button) (small blind) collected ($6)


PokerStars Hand #144999510178:  Hold'em Limit ($3/$6 USD) - 2015/12/07 20:08:17 ET
Table 'Noviomagum' 2-max Seat #1 is the button
Seat 1: PbIbak ($138.40 in chips)
Seat 2: knysi ($32.50 in chips)
PbIbak: posts small blind $1
knysi: posts big blind $3
*** HOLE CARDS ***
PbIbak: raises $3 to $6
knysi: calls $3
*** FLOP *** [5h 9d 7d]
knysi: checks
PbIbak: bets $3
knysi: calls $3
*** TURN *** [5h 9d 7d] [4s]
knysi: checks
PbIbak: checks
*** RIVER *** [5h 9d 7d 4s] [Ac]
knysi: checks
PbIbak: checks
*** SHOW DOWN ***
knysi: shows [Jh 8c] (high card Ace)
PbIbak: shows [Td Qc] (high card Ace - Queen kicker)
PbIbak collected $17.64 from pot
*** SUMMARY ***
Total pot $18 | Rake $0.36
Board [5h 9d 7d 4s Ac]
Seat 1: PbIbak (button) (small blind) showed [Td Qc] and won ($17.64) with high card Ace
Seat 2: knysi (big blind) showed [Jh 8c] and lost with high card Ace


PokerStars Hand #144999521406:  Hold'em Limit ($3/$6 USD) - 2015/12/07 20:08:36 ET
Table 'Noviomagum' 2-max Seat #1 is the button
Seat 1: PbIbak ($144.04 in chips)
Seat 2: knysi ($26.50 in chips)
PbIbak: posts small blind $1
knysi: posts big blind $3
*** HOLE CARDS ***
PbIbak: raises $3 to $6
knysi: calls $3
*** FLOP *** [Ah 3c 6d]
knysi: checks
PbIbak: bets $3
knysi: calls $3
*** TURN *** [Ah 3c 6d] [9c]
knysi: checks
PbIbak: bets $6
knysi: folds
Uncalled bet ($6) returned to PbIbak
PbIbak collected $17.64 from pot
PbIbak: doesn't show hand
*** SUMMARY ***
Total pot $18 | Rake $0.36
Board [Ah 3c 6d 9c]
Seat 1: PbIbak (button) (small blind) collected ($17.64)
Seat 2: knysi (big blind) folded on the Turn


PokerStars Hand #144999529039:  Hold'em Limit ($3/$6 USD) - 2015/12/07 20:08:49 ET
Table 'Noviomagum' 2-max Seat #2 is the button
Seat 1: PbIbak ($152.68 in chips)
Seat 2: knysi ($17.50 in chips)
knysi: posts small blind $1
PbIbak: posts big blind $3
*** HOLE CARDS ***
knysi: folds
Uncalled bet ($2) returned to PbIbak
PbIbak collected $2 from pot
PbIbak: doesn't show hand
*** SUMMARY ***
Total pot $2 | Rake $0
Seat 1: PbIbak (big blind) collected ($2)
Seat 2: knysi (button) (small blind) folded before Flop


PokerStars Hand #144999531593:  Hold'em Limit ($3/$6 USD) - 2015/12/07 20:08:53 ET
Table 'Noviomagum' 2-max Seat #1 is the button
Seat 1: PbIbak ($153.68 in chips)
Seat 2: knysi ($16.50 in chips)
PbIbak: posts small blind $1
knysi: posts big blind $3
*** HOLE CARDS ***
PbIbak: raises $3 to $6
knysi: calls $3
*** FLOP *** [Js Kh 7s]
knysi: checks
PbIbak: bets $3
knysi: calls $3
*** TURN *** [Js Kh 7s] [3h]
knysi: checks
PbIbak: checks
*** RIVER *** [Js Kh 7s 3h] [Ac]
knysi: bets $6
PbIbak: folds
Uncalled bet ($6) returned to knysi
knysi collected $17.64 from pot
knysi: doesn't show hand
*** SUMMARY ***
Total pot $18 | Rake $0.36
Board [Js Kh 7s 3h Ac]
Seat 1: PbIbak (button) (small blind) folded on the River
Seat 2: knysi (big blind) collected ($17.64)


PokerStars Hand #144999539867:  Hold'em Limit ($3/$6 USD) - 2015/12/07 20:09:07 ET
Table 'Noviomagum' 2-max Seat #2 is the button
Seat 1: PbIbak ($144.68 in chips)
Seat 2: knysi ($25.14 in chips)
knysi: posts small blind $1
PbIbak: posts big blind $3
*** HOLE CARDS ***
knysi: raises $3 to $6
PbIbak: calls $3
*** FLOP *** [Kc Ts Ac]
PbIbak: checks
knysi: bets $3
PbIbak: calls $3
*** TURN *** [Kc Ts Ac] [6c]
PbIbak: checks
knysi: bets $6
PbIbak: calls $6
*** RIVER *** [Kc Ts Ac 6c] [As]
PbIbak: checks
knysi: bets $6
PbIbak: folds
Uncalled bet ($6) returned to knysi
knysi collected $29.50 from pot
knysi: doesn't show hand
*** SUMMARY ***
Total pot $30 | Rake $0.50
Board [Kc Ts Ac 6c As]
Seat 1: PbIbak (big blind) folded on the River
Seat 2: knysi (button) (small blind) collected ($29.50)


PokerStars Hand #144999548947:  Hold'em Limit ($3/$6 USD) - 2015/12/07 20:09:22 ET
Table 'Noviomagum' 2-max Seat #1 is the button
Seat 1: PbIbak ($129.68 in chips)
Seat 2: knysi ($39.64 in chips)
PbIbak: posts small blind $1
knysi: posts big blind $3
*** HOLE CARDS ***
PbIbak: raises $3 to $6
knysi: calls $3
*** FLOP *** [7d 9h 9c]
knysi: checks
PbIbak: bets $3
knysi: calls $3
*** TURN *** [7d 9h 9c] [Qd]
knysi: checks
PbIbak: bets $6
knysi: folds
Uncalled bet ($6) returned to PbIbak
PbIbak collected $17.64 from pot
PbIbak: doesn't show hand
*** SUMMARY ***
Total pot $18 | Rake $0.36
Board [7d 9h 9c Qd]
Seat 1: PbIbak (button) (small blind) collected ($17.64)
Seat 2: knysi (big blind) folded on the Turn


PokerStars Hand #144999555076:  Hold'em Limit ($3/$6 USD) - 2015/12/07 20:09:33 ET
Table 'Noviomagum' 2-max Seat #2 is the button
Seat 1: PbIbak ($138.32 in chips)
Seat 2: knysi ($30.64 in chips)
knysi: posts small blind $1
PbIbak: posts big blind $3
*** HOLE CARDS ***
knysi: raises $3 to $6
PbIbak: calls $3
*** FLOP *** [8c 5d Js]
PbIbak: checks
knysi: checks
*** TURN *** [8c 5d Js] [Ah]
PbIbak: checks
knysi: checks
*** RIVER *** [8c 5d Js Ah] [Ac]
PbIbak: checks
knysi: checks
*** SHOW DOWN ***
PbIbak: shows [Qd 9s] (a pair of Aces)
knysi: mucks hand
PbIbak collected $11.76 from pot
*** SUMMARY ***
Total pot $12 | Rake $0.24
Board [8c 5d Js Ah Ac]
Seat 1: PbIbak (big blind) showed [Qd 9s] and won ($11.76) with a pair of Aces
Seat 2: knysi (button) (small blind) mucked


PokerStars Hand #144999562372:  Hold'em Limit ($3/$6 USD) - 2015/12/07 20:09:45 ET
Table 'Noviomagum' 2-max Seat #1 is the button
Seat 1: PbIbak ($144.08 in chips)
Seat 2: knysi ($24.64 in chips)
PbIbak: posts small blind $1
knysi: posts big blind $3
*** HOLE CARDS ***
PbIbak: raises $3 to $6
knysi: calls $3
*** FLOP *** [6d 6c 4h]
knysi: checks
PbIbak: checks
*** TURN *** [6d 6c 4h] [7d]
knysi: bets $6
PbIbak: folds
Uncalled bet ($6) returned to knysi
knysi collected $11.76 from pot
knysi: doesn't show hand
*** SUMMARY ***
Total pot $12 | Rake $0.24
Board [6d 6c 4h 7d]
Seat 1: PbIbak (button) (small blind) folded on the Turn
Seat 2: knysi (big blind) collected ($11.76)


PokerStars Hand #144999570475:  Hold'em Limit ($3/$6 USD) - 2015/12/07 20:09:59 ET
Table 'Noviomagum' 2-max Seat #2 is the button
Seat 1: PbIbak ($138.08 in chips)
Seat 2: knysi ($30.40 in chips)
knysi: posts small blind $1
PbIbak: posts big blind $3
*** HOLE CARDS ***
knysi: raises $3 to $6
PbIbak: raises $3 to $9
knysi: calls $3
*** FLOP *** [Tc Qh 8d]
PbIbak: bets $3
knysi: calls $3
*** TURN *** [Tc Qh 8d] [2h]
PbIbak: checks
knysi: checks
*** RIVER *** [Tc Qh 8d 2h] [Kd]
PbIbak: checks
knysi: checks
*** SHOW DOWN ***
PbIbak: shows [As 3s] (high card Ace)
knysi: shows [8h 9h] (a pair of Eights)
knysi collected $23.52 from pot
*** SUMMARY ***
Total pot $24 | Rake $0.48
Board [Tc Qh 8d 2h Kd]
Seat 1: PbIbak (big blind) showed [As 3s] and lost with high card Ace
Seat 2: knysi (button) (small blind) showed [8h 9h] and won ($23.52) with a pair of Eights


PokerStars Hand #144999578254:  Hold'em Limit ($3/$6 USD) - 2015/12/07 20:10:12 ET
Table 'Noviomagum' 2-max Seat #1 is the button
Seat 1: PbIbak ($126.08 in chips)
Seat 2: knysi ($41.92 in chips)
PbIbak: posts small blind $1
knysi: posts big blind $3
*** HOLE CARDS ***
PbIbak: raises $3 to $6
knysi: calls $3
*** FLOP *** [9h Ac Js]
knysi: checks
PbIbak: bets $3
knysi: raises $3 to $6
PbIbak: folds
Uncalled bet ($3) returned to knysi
knysi collected $17.64 from pot
knysi: doesn't show hand
*** SUMMARY ***
Total pot $18 | Rake $0.36
Board [9h Ac Js]
Seat 1: PbIbak (button) (small blind) folded on the Flop
Seat 2: knysi (big blind) collected ($17.64)


PokerStars Hand #144999587178:  Hold'em Limit ($3/$6 USD) - 2015/12/07 20:10:27 ET
Table 'Noviomagum' 2-max Seat #1 is the button
Seat 1: PbIbak ($118.08 in chips)
Seat 2: knysi ($49.56 in chips)
PbIbak: posts small blind $1
knysi: posts big blind $3
*** HOLE CARDS ***
PbIbak: raises $3 to $6
knysi: calls $3
*** FLOP *** [7h Qh Jc]
knysi: checks
PbIbak: bets $3
knysi: calls $3
*** TURN *** [7h Qh Jc] [5d]
knysi: checks
PbIbak: checks
*** RIVER *** [7h Qh Jc 5d] [Jd]
knysi: checks
PbIbak: checks
*** SHOW DOWN ***
knysi: shows [8c 8h] (two pair, Jacks and Eights)
PbIbak: mucks hand
knysi collected $17.64 from pot
*** SUMMARY ***
Total pot $18 | Rake $0.36
Board [7h Qh Jc 5d Jd]
Seat 1: PbIbak (button) (small blind) mucked
Seat 2: knysi (big blind) showed [8c 8h] and won ($17.64) with two pair, Jacks and Eights


PokerStars Hand #144999595038:  Hold'em Limit ($3/$6 USD) - 2015/12/07 20:10:41 ET
Table 'Noviomagum' 2-max Seat #2 is the button
Seat 1: PbIbak ($109.08 in chips)
Seat 2: knysi ($58.20 in chips)
knysi: posts small blind $1
PbIbak: posts big blind $3
*** HOLE CARDS ***
knysi: raises $3 to $6
PbIbak: raises $3 to $9
knysi: calls $3
*** FLOP *** [Jc Tc 2c]
PbIbak: bets $3
knysi: calls $3
*** TURN *** [Jc Tc 2c] [Kh]
PbIbak: bets $6
knysi: calls $6
*** RIVER *** [Jc Tc 2c Kh] [6h]
PbIbak: checks
knysi: checks
*** SHOW DOWN ***
PbIbak: shows [Ah 9h] (high card Ace)
knysi: shows [2h Ac] (a pair of Deuces)
knysi collected $35.50 from pot
*** SUMMARY ***
Total pot $36 | Rake $0.50
Board [Jc Tc 2c Kh 6h]
Seat 1: PbIbak (big blind) showed [Ah 9h] and lost with high card Ace
Seat 2: knysi (button) (small blind) showed [2h Ac] and won ($35.50) with a pair of Deuces


PokerStars Hand #144999602346:  Hold'em Limit ($3/$6 USD) - 2015/12/07 20:10:53 ET
Table 'Noviomagum' 2-max Seat #1 is the button
Seat 1: PbIbak ($91.08 in chips)
Seat 2: knysi ($75.70 in chips)
PbIbak: posts small blind $1
knysi: posts big blind $3
*** HOLE CARDS ***
PbIbak: raises $3 to $6
knysi: calls $3
*** FLOP *** [5c 9h 6h]
knysi: checks
PbIbak: checks
*** TURN *** [5c 9h 6h] [5h]
knysi: bets $6
PbIbak: folds
Uncalled bet ($6) returned to knysi
knysi collected $11.76 from pot
knysi: doesn't show hand
*** SUMMARY ***
Total pot $12 | Rake $0.24
Board [5c 9h 6h 5h]
Seat 1: PbIbak (button) (small blind) folded on the Turn
Seat 2: knysi (big blind) collected ($11.76)


PokerStars Hand #144999607893:  Hold'em Limit ($3/$6 USD) - 2015/12/07 20:11:03 ET
Table 'Noviomagum' 2-max Seat #2 is the button
Seat 1: PbIbak ($85.08 in chips)
Seat 2: knysi ($81.46 in chips)
knysi: posts small blind $1
PbIbak: posts big blind $3
*** HOLE CARDS ***
knysi: raises $3 to $6
PbIbak: calls $3
*** FLOP *** [Th 5c 2d]
PbIbak: checks
knysi: checks
*** TURN *** [Th 5c 2d] [Qc]
PbIbak: checks
knysi: checks
*** RIVER *** [Th 5c 2d Qc] [6d]
PbIbak: checks
knysi: checks
*** SHOW DOWN ***
PbIbak: shows [7s Ah] (high card Ace)
knysi: mucks hand
PbIbak collected $11.76 from pot
*** SUMMARY ***
Total pot $12 | Rake $0.24
Board [Th 5c 2d Qc 6d]
Seat 1: PbIbak (big blind) showed [7s Ah] and won ($11.76) with high card Ace
Seat 2: knysi (button) (small blind) mucked


PokerStars Hand #144999614211:  Hold'em Limit ($3/$6 USD) - 2015/12/07 20:11:14 ET
Table 'Noviomagum' 2-max Seat #1 is the button
Seat 1: PbIbak ($90.84 in chips)
Seat 2: knysi ($75.46 in chips)
PbIbak: posts small blind $1
knysi: posts big blind $3
*** HOLE CARDS ***
PbIbak: raises $3 to $6
knysi: calls $3
*** FLOP *** [8d 8h Td]
knysi: checks
PbIbak: bets $3
knysi: calls $3
*** TURN *** [8d 8h Td] [8s]
knysi: checks
PbIbak: bets $6
knysi: calls $6
*** RIVER *** [8d 8h Td 8s] [5h]
knysi: checks
PbIbak: checks
*** SHOW DOWN ***
knysi: shows [Kh Js] (three of a kind, Eights)
PbIbak: shows [Qs Ah] (three of a kind, Eights - Ace kicker)
PbIbak collected $29.50 from pot
*** SUMMARY ***
Total pot $30 | Rake $0.50
Board [8d 8h Td 8s 5h]
Seat 1: PbIbak (button) (small blind) showed [Qs Ah] and won ($29.50) with three of a kind, Eights
Seat 2: knysi (big blind) showed [Kh Js] and lost with three of a kind, Eights


PokerStars Hand #144999622426:  Hold'em Limit ($3/$6 USD) - 2015/12/07 20:11:28 ET
Table 'Noviomagum' 2-max Seat #2 is the button
Seat 1: PbIbak ($105.34 in chips)
Seat 2: knysi ($60.46 in chips)
knysi: posts small blind $1
PbIbak: posts big blind $3
*** HOLE CARDS ***
knysi: folds
Uncalled bet ($2) returned to PbIbak
PbIbak collected $2 from pot
PbIbak: doesn't show hand
*** SUMMARY ***
Total pot $2 | Rake $0
Seat 1: PbIbak (big blind) collected ($2)
Seat 2: knysi (button) (small blind) folded before Flop


PokerStars Hand #144999624936:  Hold'em Limit ($3/$6 USD) - 2015/12/07 20:11:32 ET
Table 'Noviomagum' 2-max Seat #1 is the button
Seat 1: PbIbak ($106.34 in chips)
Seat 2: knysi ($59.46 in chips)
PbIbak: posts small blind $1
knysi: posts big blind $3
*** HOLE CARDS ***
PbIbak: raises $3 to $6
knysi: calls $3
*** FLOP *** [Kd 7h 7c]
knysi: checks
PbIbak: bets $3
knysi: calls $3
*** TURN *** [Kd 7h 7c] [6c]
knysi: checks
PbIbak: checks
*** RIVER *** [Kd 7h 7c 6c] [9d]
knysi: checks
PbIbak: bets $6
knysi: folds
Uncalled bet ($6) returned to PbIbak
PbIbak collected $17.64 from pot
PbIbak: doesn't show hand
*** SUMMARY ***
Total pot $18 | Rake $0.36
Board [Kd 7h 7c 6c 9d]
Seat 1: PbIbak (button) (small blind) collected ($17.64)
Seat 2: knysi (big blind) folded on the River


PokerStars Hand #144999634106:  Hold'em Limit ($3/$6 USD) - 2015/12/07 20:11:48 ET
Table 'Noviomagum' 2-max Seat #2 is the button
Seat 1: PbIbak ($114.98 in chips)
Seat 2: knysi ($50.46 in chips)
knysi: posts small blind $1
PbIbak: posts big blind $3
*** HOLE CARDS ***
knysi: raises $3 to $6
PbIbak: calls $3
*** FLOP *** [7d 5d Qd]
PbIbak: checks
knysi: bets $3
PbIbak: raises $3 to $6
knysi: calls $3
*** TURN *** [7d 5d Qd] [3s]
PbIbak: bets $6
knysi: calls $6
*** RIVER *** [7d 5d Qd 3s] [3h]
PbIbak: bets $6
knysi: calls $6
*** SHOW DOWN ***
PbIbak: shows [Ad 6d] (a flush, Ace high)
knysi: mucks hand
PbIbak collected $47.50 from pot
*** SUMMARY ***
Total pot $48 | Rake $0.50
Board [7d 5d Qd 3s 3h]
Seat 1: PbIbak (big blind) showed [Ad 6d] and won ($47.50) with a flush, Ace high
Seat 2: knysi (button) (small blind) mucked


PokerStars Hand #144999643419:  Hold'em Limit ($3/$6 USD) - 2015/12/07 20:12:04 ET
Table 'Noviomagum' 2-max Seat #1 is the button
Seat 1: PbIbak ($138.48 in chips)
Seat 2: knysi ($26.46 in chips)
PbIbak: posts small blind $1
knysi: posts big blind $3
*** HOLE CARDS ***
PbIbak: raises $3 to $6
knysi: calls $3
*** FLOP *** [2h Kd Ah]
knysi: checks
PbIbak: bets $3
knysi: calls $3
*** TURN *** [2h Kd Ah] [5h]
knysi: checks
PbIbak: bets $6
knysi: raises $6 to $12
PbIbak: raises $6 to $18
knysi: calls $5.46 and is all-in
Uncalled bet ($0.54) returned to PbIbak
*** RIVER *** [2h Kd Ah 5h] [Jh]
*** SHOW DOWN ***
knysi: shows [8h 6h] (a flush, Ace high)
PbIbak: shows [5d Kc] (two pair, Kings and Fives)
knysi collected $52.42 from pot
*** SUMMARY ***
Total pot $52.92 | Rake $0.50
Board [2h Kd Ah 5h Jh]
Seat 1: PbIbak (button) (small blind) showed [5d Kc] and lost with two pair, Kings and Fives
Seat 2: knysi (big blind) showed [8h 6h] and won ($52.42) with a flush, Ace high


PokerStars Hand #144999653012:  Hold'em Limit ($3/$6 USD) - 2015/12/07 20:12:20 ET
Table 'Noviomagum' 2-max Seat #2 is the button
Seat 1: PbIbak ($112.02 in chips)
Seat 2: knysi ($52.42 in chips)
knysi: posts small blind $1
PbIbak: posts big blind $3
*** HOLE CARDS ***
knysi: folds
Uncalled bet ($2) returned to PbIbak
PbIbak collected $2 from pot
PbIbak: doesn't show hand
*** SUMMARY ***
Total pot $2 | Rake $0
Seat 1: PbIbak (big blind) collected ($2)
Seat 2: knysi (button) (small blind) folded before Flop


PokerStars Hand #144999655495:  Hold'em Limit ($3/$6 USD) - 2015/12/07 20:12:24 ET
Table 'Noviomagum' 2-max Seat #1 is the button
Seat 1: PbIbak ($113.02 in chips)
Seat 2: knysi ($51.42 in chips)
PbIbak: posts small blind $1
knysi: posts big blind $3
*** HOLE CARDS ***
PbIbak: raises $3 to $6
knysi: calls $3
*** FLOP *** [Jc 8d Qc]
knysi: checks
PbIbak: checks
*** TURN *** [Jc 8d Qc] [2d]
knysi: checks
PbIbak: checks
*** RIVER *** [Jc 8d Qc 2d] [7d]
knysi: bets $6
PbIbak: calls $6
*** SHOW DOWN ***
knysi: shows [Th Kc] (high card King)
PbIbak: shows [3c 3d] (a pair of Threes)
PbIbak collected $23.52 from pot
*** SUMMARY ***
Total pot $24 | Rake $0.48
Board [Jc 8d Qc 2d 7d]
Seat 1: PbIbak (button) (small blind) showed [3c 3d] and won ($23.52) with a pair of Threes
Seat 2: knysi (big blind) showed [Th Kc] and lost with high card King


PokerStars Hand #144999663463:  Hold'em Limit ($3/$6 USD) - 2015/12/07 20:12:38 ET
Table 'Noviomagum' 2-max Seat #2 is the button
Seat 1: PbIbak ($124.54 in chips)
Seat 2: knysi ($39.42 in chips)
knysi: posts small blind $1
PbIbak: posts big blind $3
*** HOLE CARDS ***
knysi: raises $3 to $6
PbIbak: calls $3
*** FLOP *** [Tc 8h Qd]
PbIbak: checks
knysi: bets $3
PbIbak: folds
Uncalled bet ($3) returned to knysi
knysi collected $11.76 from pot
knysi: doesn't show hand
*** SUMMARY ***
Total pot $12 | Rake $0.24
Board [Tc 8h Qd]
Seat 1: PbIbak (big blind) folded on the Flop
Seat 2: knysi (button) (small blind) collected ($11.76)


PokerStars Hand #144999672925:  Hold'em Limit ($3/$6 USD) - 2015/12/07 20:12:54 ET
Table 'Noviomagum' 2-max Seat #2 is the button
Seat 1: PbIbak ($124.30 in chips)
Seat 2: knysi ($39.18 in chips)
knysi: posts small blind $1
PbIbak: posts big blind $3
*** HOLE CARDS ***
knysi: folds
Uncalled bet ($2) returned to PbIbak
PbIbak collected $2 from pot
PbIbak: doesn't show hand
*** SUMMARY ***
Total pot $2 | Rake $0
Seat 1: PbIbak (big blind) collected ($2)
Seat 2: knysi (button) (small blind) folded before Flop


PokerStars Hand #144999668156:  Hold'em Limit ($3/$6 USD) - 2015/12/07 20:12:46 ET
Table 'Noviomagum' 2-max Seat #1 is the button
Seat 1: PbIbak ($118.54 in chips)
Seat 2: knysi ($45.18 in chips)
PbIbak: posts small blind $1
knysi: posts big blind $3
*** HOLE CARDS ***
PbIbak: raises $3 to $6
knysi: calls $3
*** FLOP *** [2d Jh 7c]
knysi: checks
PbIbak: bets $3
knysi: folds
Uncalled bet ($3) returned to PbIbak
PbIbak collected $11.76 from pot
PbIbak: doesn't show hand
*** SUMMARY ***
Total pot $12 | Rake $0.24
Board [2d Jh 7c]
Seat 1: PbIbak (button) (small blind) collected ($11.76)
Seat 2: knysi (big blind) folded on the Flop


PokerStars Hand #144999675416:  Hold'em Limit ($3/$6 USD) - 2015/12/07 20:12:59 ET
Table 'Noviomagum' 2-max Seat #1 is the button
Seat 1: PbIbak ($125.30 in chips)
Seat 2: knysi ($38.18 in chips)
PbIbak: posts small blind $1
knysi: posts big blind $3
*** HOLE CARDS ***
PbIbak: raises $3 to $6
knysi: calls $3
*** FLOP *** [2d 4s 6c]
knysi: checks
PbIbak: bets $3
knysi: calls $3
*** TURN *** [2d 4s 6c] [8c]
knysi: checks
PbIbak: bets $6
knysi: calls $6
*** RIVER *** [2d 4s 6c 8c] [9c]
knysi: checks
PbIbak: checks
*** SHOW DOWN ***
knysi: shows [Kd 2c] (a pair of Deuces)
PbIbak: shows [4h Ac] (a pair of Fours)
PbIbak collected $29.50 from pot
*** SUMMARY ***
Total pot $30 | Rake $0.50
Board [2d 4s 6c 8c 9c]
Seat 1: PbIbak (button) (small blind) showed [4h Ac] and won ($29.50) with a pair of Fours
Seat 2: knysi (big blind) showed [Kd 2c] and lost with a pair of Deuces


PokerStars Hand #144999682376:  Hold'em Limit ($3/$6 USD) - 2015/12/07 20:13:11 ET
Table 'Noviomagum' 2-max Seat #2 is the button
Seat 1: PbIbak ($139.80 in chips)
Seat 2: knysi ($23.18 in chips)
knysi: posts small blind $1
PbIbak: posts big blind $3
*** HOLE CARDS ***
knysi: folds
Uncalled bet ($2) returned to PbIbak
PbIbak collected $2 from pot
PbIbak: doesn't show hand
*** SUMMARY ***
Total pot $2 | Rake $0
Seat 1: PbIbak (big blind) collected ($2)
Seat 2: knysi (button) (small blind) folded before Flop


PokerStars Hand #144999692432:  Hold'em Limit ($3/$6 USD) - 2015/12/07 20:13:28 ET
Table 'Noviomagum' 2-max Seat #1 is the button
Seat 1: PbIbak ($147.56 in chips)
Seat 2: knysi ($15.18 in chips)
PbIbak: posts small blind $1
knysi: posts big blind $3
*** HOLE CARDS ***
PbIbak: raises $3 to $6
knysi: folds
Uncalled bet ($3) returned to PbIbak
PbIbak collected $6 from pot
PbIbak: doesn't show hand
*** SUMMARY ***
Total pot $6 | Rake $0
Seat 1: PbIbak (button) (small blind) collected ($6)
Seat 2: knysi (big blind) folded before Flop


PokerStars Hand #144999684776:  Hold'em Limit ($3/$6 USD) - 2015/12/07 20:13:15 ET
Table 'Noviomagum' 2-max Seat #1 is the button
Seat 1: PbIbak ($140.80 in chips)
Seat 2: knysi ($22.18 in chips)
PbIbak: posts small blind $1
knysi: posts big blind $3
*** HOLE CARDS ***
PbIbak: raises $3 to $6
knysi: calls $3
*** FLOP *** [Ad 2s 5h]
knysi: checks
PbIbak: bets $3
knysi: folds
Uncalled bet ($3) returned to PbIbak
PbIbak collected $11.76 from pot
PbIbak: doesn't show hand
*** SUMMARY ***
Total pot $12 | Rake $0.24
Board [Ad 2s 5h]
Seat 1: PbIbak (button) (small blind) collected ($11.76)
Seat 2: knysi (big blind) folded on the Flop


PokerStars Hand #144999694849:  Hold'em Limit ($3/$6 USD) - 2015/12/07 20:13:32 ET
Table 'Noviomagum' 2-max Seat #2 is the button
Seat 1: PbIbak ($150.56 in chips)
Seat 2: knysi ($12.18 in chips)
knysi: posts small blind $1
PbIbak: posts big blind $3
*** HOLE CARDS ***
knysi: folds
Uncalled bet ($2) returned to PbIbak
PbIbak collected $2 from pot
PbIbak: doesn't show hand
*** SUMMARY ***
Total pot $2 | Rake $0
Seat 1: PbIbak (big blind) collected ($2)
Seat 2: knysi (button) (small blind) folded before Flop


PokerStars Hand #144999697298:  Hold'em Limit ($3/$6 USD) - 2015/12/07 20:13:36 ET
Table 'Noviomagum' 2-max Seat #1 is the button
Seat 1: PbIbak ($151.56 in chips)
Seat 2: knysi ($11.18 in chips)
PbIbak: posts small blind $1
knysi: posts big blind $3
*** HOLE CARDS ***
PbIbak: raises $3 to $6
knysi: raises $3 to $9
PbIbak: raises $3 to $12
Betting is capped
knysi: calls $2.18 and is all-in
Uncalled bet ($0.82) returned to PbIbak
*** FLOP *** [Ks Kh 3d]
*** TURN *** [Ks Kh 3d] [6h]
*** RIVER *** [Ks Kh 3d 6h] [5s]
*** SHOW DOWN ***
knysi: shows [Qh Jc] (a pair of Kings)
PbIbak: shows [4s Ah] (a pair of Kings - Ace kicker)
PbIbak collected $21.91 from pot
*** SUMMARY ***
Total pot $22.36 | Rake $0.45
Board [Ks Kh 3d 6h 5s]
Seat 1: PbIbak (button) (small blind) showed [4s Ah] and won ($21.91) with a pair of Kings
Seat 2: knysi (big blind) showed [Qh Jc] and lost with a pair of Kings


PokerStars Hand #144999719372:  Hold'em Limit ($3/$6 USD) - 2015/12/07 20:14:15 ET
Table 'Noviomagum' 2-max Seat #2 is the button
Seat 1: PbIbak ($162.29 in chips)
Seat 2: knysi ($32.50 in chips)
knysi: posts small blind $1
PbIbak: posts big blind $3
*** HOLE CARDS ***
knysi: raises $3 to $6
PbIbak: calls $3
*** FLOP *** [3h Kh Ah]
PbIbak: checks
knysi: checks
*** TURN *** [3h Kh Ah] [5h]
PbIbak: checks
knysi: bets $6
PbIbak: folds
Uncalled bet ($6) returned to knysi
knysi collected $11.76 from pot
knysi: doesn't show hand
*** SUMMARY ***
Total pot $12 | Rake $0.24
Board [3h Kh Ah 5h]
Seat 1: PbIbak (big blind) folded on the Turn
Seat 2: knysi (button) (small blind) collected ($11.76)


PokerStars Hand #144999728190:  Hold'em Limit ($3/$6 USD) - 2015/12/07 20:14:30 ET
Table 'Noviomagum' 2-max Seat #1 is the button
Seat 1: PbIbak ($156.29 in chips)
Seat 2: knysi ($38.26 in chips)
PbIbak: posts small blind $1
knysi: posts big blind $3
*** HOLE CARDS ***
PbIbak: raises $3 to $6
knysi: calls $3
*** FLOP *** [As 7d 3c]
knysi: checks
PbIbak: bets $3
knysi: folds
Uncalled bet ($3) returned to PbIbak
PbIbak collected $11.76 from pot
PbIbak: doesn't show hand
*** SUMMARY ***
Total pot $12 | Rake $0.24
Board [As 7d 3c]
Seat 1: PbIbak (button) (small blind) collected ($11.76)
Seat 2: knysi (big blind) folded on the Flop


PokerStars Hand #144999733623:  Hold'em Limit ($3/$6 USD) - 2015/12/07 20:14:40 ET
Table 'Noviomagum' 2-max Seat #2 is the button
Seat 1: PbIbak ($162.05 in chips)
Seat 2: knysi ($32.26 in chips)
knysi: posts small blind $1
PbIbak: posts big blind $3
*** HOLE CARDS ***
knysi: raises $3 to $6
PbIbak: calls $3
*** FLOP *** [4d 2d 8h]
PbIbak: checks
knysi: bets $3
PbIbak: calls $3
*** TURN *** [4d 2d 8h] [9h]
PbIbak: checks
knysi: bets $6
PbIbak: calls $6
*** RIVER *** [4d 2d 8h 9h] [8s]
PbIbak: checks
knysi: checks
*** SHOW DOWN ***
PbIbak: shows [Js Ts] (a pair of Eights)
knysi: shows [Ad 4c] (two pair, Eights and Fours)
knysi collected $29.50 from pot
*** SUMMARY ***
Total pot $30 | Rake $0.50
Board [4d 2d 8h 9h 8s]
Seat 1: PbIbak (big blind) showed [Js Ts] and lost with a pair of Eights
Seat 2: knysi (button) (small blind) showed [Ad 4c] and won ($29.50) with two pair, Eights and Fours


PokerStars Hand #144999742508:  Hold'em Limit ($3/$6 USD) - 2015/12/07 20:14:55 ET
Table 'Noviomagum' 2-max Seat #1 is the button
Seat 1: PbIbak ($147.05 in chips)
Seat 2: knysi ($46.76 in chips)
PbIbak: posts small blind $1
knysi: posts big blind $3
*** HOLE CARDS ***
PbIbak: raises $3 to $6
knysi: calls $3
*** FLOP *** [Qh 8h Kh]
knysi: checks
PbIbak: bets $3
knysi: calls $3
*** TURN *** [Qh 8h Kh] [Js]
knysi: checks
PbIbak: bets $6
knysi: calls $6
*** RIVER *** [Qh 8h Kh Js] [7d]
knysi: checks
PbIbak: bets $6
knysi: calls $6
*** SHOW DOWN ***
PbIbak: shows [7h 4h] (a flush, King high)
knysi: mucks hand
PbIbak collected $41.50 from pot
*** SUMMARY ***
Total pot $42 | Rake $0.50
Board [Qh 8h Kh Js 7d]
Seat 1: PbIbak (button) (small blind) showed [7h 4h] and won ($41.50) with a flush, King high
Seat 2: knysi (big blind) mucked


PokerStars Hand #144999757144:  Hold'em Limit ($3/$6 USD) - 2015/12/07 20:15:20 ET
Table 'Noviomagum' 2-max Seat #2 is the button
Seat 1: PbIbak ($167.55 in chips)
Seat 2: knysi ($25.76 in chips)
knysi: posts small blind $1
PbIbak: posts big blind $3
*** HOLE CARDS ***
knysi: raises $3 to $6
PbIbak: folds
Uncalled bet ($3) returned to knysi
knysi collected $6 from pot
knysi: doesn't show hand
*** SUMMARY ***
Total pot $6 | Rake $0
Seat 1: PbIbak (big blind) folded before Flop
Seat 2: knysi (button) (small blind) collected ($6)


PokerStars Hand #144999754633:  Hold'em Limit ($3/$6 USD) - 2015/12/07 20:15:16 ET
Table 'Noviomagum' 2-max Seat #1 is the button
Seat 1: PbIbak ($164.55 in chips)
Seat 2: knysi ($28.76 in chips)
PbIbak: posts small blind $1
knysi: posts big blind $3
*** HOLE CARDS ***
PbIbak: raises $3 to $6
knysi: folds
Uncalled bet ($3) returned to PbIbak
PbIbak collected $6 from pot
PbIbak: doesn't show hand
*** SUMMARY ***
Total pot $6 | Rake $0
Seat 1: PbIbak (button) (small blind) collected ($6)
Seat 2: knysi (big blind) folded before Flop


PokerStars Hand #144999751172:  Hold'em Limit ($3/$6 USD) - 2015/12/07 20:15:10 ET
Table 'Noviomagum' 2-max Seat #2 is the button
Seat 1: PbIbak ($167.55 in chips)
Seat 2: knysi ($25.76 in chips)
knysi: posts small blind $1
PbIbak: posts big blind $3
*** HOLE CARDS ***
knysi: raises $3 to $6
PbIbak: folds
Uncalled bet ($3) returned to knysi
knysi collected $6 from pot
knysi: doesn't show hand
*** SUMMARY ***
Total pot $6 | Rake $0
Seat 1: PbIbak (big blind) folded before Flop
Seat 2: knysi (button) (small blind) collected ($6)


PokerStars Hand #144999784457:  Hold'em Limit ($3/$6 USD) - 2015/12/07 20:16:08 ET
Table 'Noviomagum' 2-max Seat #1 is the button
Seat 1: PbIbak ($146.55 in chips)
Seat 2: knysi ($46.26 in chips)
PbIbak: posts small blind $1
knysi: posts big blind $3
*** HOLE CARDS ***
PbIbak: raises $3 to $6
knysi: calls $3
*** FLOP *** [9s 7c 2d]
knysi: checks
PbIbak: checks
*** TURN *** [9s 7c 2d] [9d]
knysi: checks
PbIbak: bets $6
knysi: calls $6
*** RIVER *** [9s 7c 2d 9d] [6s]
knysi: checks
PbIbak: bets $6
knysi: folds
Uncalled bet ($6) returned to PbIbak
PbIbak collected $23.52 from pot
PbIbak: doesn't show hand
*** SUMMARY ***
Total pot $24 | Rake $0.48
Board [9s 7c 2d 9d 6s]
Seat 1: PbIbak (button) (small blind) collected ($23.52)
Seat 2: knysi (big blind) folded on the River


PokerStars Hand #144999781035:  Hold'em Limit ($3/$6 USD) - 2015/12/07 20:16:02 ET
Table 'Noviomagum' 2-max Seat #2 is the button
Seat 1: PbIbak ($149.55 in chips)
Seat 2: knysi ($43.26 in chips)
knysi: posts small blind $1
PbIbak: posts big blind $3
*** HOLE CARDS ***
knysi: raises $3 to $6
PbIbak: folds
Uncalled bet ($3) returned to knysi
knysi collected $6 from pot
knysi: doesn't show hand
*** SUMMARY ***
Total pot $6 | Rake $0
Seat 1: PbIbak (big blind) folded before Flop
Seat 2: knysi (button) (small blind) collected ($6)


PokerStars Hand #144999761543:  Hold'em Limit ($3/$6 USD) - 2015/12/07 20:15:28 ET
Table 'Noviomagum' 2-max Seat #1 is the button
Seat 1: PbIbak ($164.55 in chips)
Seat 2: knysi ($28.76 in chips)
PbIbak: posts small blind $1
knysi: posts big blind $3
*** HOLE CARDS ***
PbIbak: raises $3 to $6
knysi: calls $3
*** FLOP *** [Qh Ah 9c]
knysi: checks
PbIbak: bets $3
knysi: calls $3
*** TURN *** [Qh Ah 9c] [2s]
knysi: checks
PbIbak: checks
*** RIVER *** [Qh Ah 9c 2s] [7s]
knysi: bets $6
PbIbak: calls $6
*** SHOW DOWN ***
knysi: shows [Qd 4c] (a pair of Queens)
PbIbak: mucks hand
knysi collected $29.50 from pot
*** SUMMARY ***
Total pot $30 | Rake $0.50
Board [Qh Ah 9c 2s 7s]
Seat 1: PbIbak (button) (small blind) mucked
Seat 2: knysi (big blind) showed [Qd 4c] and won ($29.50) with a pair of Queens


PokerStars Hand #144999834977:  Hold'em Limit ($3/$6 USD) - 2015/12/07 20:17:35 ET
Table 'Noviomagum' 2-max Seat #1 is the button
Seat 1: PbIbak ($173.07 in chips)
Seat 2: knysi ($17.66 in chips)
PbIbak: posts small blind $1
knysi: posts big blind $3
*** HOLE CARDS ***
PbIbak: folds
Uncalled bet ($2) returned to knysi
knysi collected $2 from pot
knysi: doesn't show hand
*** SUMMARY ***
Total pot $2 | Rake $0
Seat 1: PbIbak (button) (small blind) folded before Flop
Seat 2: knysi (big blind) collected ($2)


PokerStars Hand #144999832532:  Hold'em Limit ($3/$6 USD) - 2015/12/07 20:17:31 ET
Table 'Noviomagum' 2-max Seat #2 is the button
Seat 1: PbIbak ($172.07 in chips)
Seat 2: knysi ($18.66 in chips)
knysi: posts small blind $1
PbIbak: posts big blind $3
*** HOLE CARDS ***
knysi: folds
Uncalled bet ($2) returned to PbIbak
PbIbak collected $2 from pot
PbIbak: doesn't show hand
*** SUMMARY ***
Total pot $2 | Rake $0
Seat 1: PbIbak (big blind) collected ($2)
Seat 2: knysi (button) (small blind) folded before Flop


PokerStars Hand #144999821846:  Hold'em Limit ($3/$6 USD) - 2015/12/07 20:17:13 ET
Table 'Noviomagum' 2-max Seat #1 is the button
Seat 1: PbIbak ($157.57 in chips)
Seat 2: knysi ($33.66 in chips)
PbIbak: posts small blind $1
knysi: posts big blind $3
*** HOLE CARDS ***
PbIbak: raises $3 to $6
knysi: calls $3
*** FLOP *** [3c 2h 4d]
knysi: checks
PbIbak: bets $3
knysi: calls $3
*** TURN *** [3c 2h 4d] [Td]
knysi: checks
PbIbak: bets $6
knysi: calls $6
*** RIVER *** [3c 2h 4d Td] [Qc]
knysi: checks
PbIbak: bets $6
knysi: folds
Uncalled bet ($6) returned to PbIbak
PbIbak collected $29.50 from pot
PbIbak: doesn't show hand
*** SUMMARY ***
Total pot $30 | Rake $0.50
Board [3c 2h 4d Td Qc]
Seat 1: PbIbak (button) (small blind) collected ($29.50)
Seat 2: knysi (big blind) folded on the River


PokerStars Hand #144999812587:  Hold'em Limit ($3/$6 USD) - 2015/12/07 20:16:57 ET
Table 'Noviomagum' 2-max Seat #2 is the button
Seat 1: PbIbak ($163.57 in chips)
Seat 2: knysi ($27.90 in chips)
knysi: posts small blind $1
PbIbak: posts big blind $3
*** HOLE CARDS ***
knysi: raises $3 to $6
PbIbak: calls $3
*** FLOP *** [8s 8h 7s]
PbIbak: checks
knysi: checks
*** TURN *** [8s 8h 7s] [Kh]
PbIbak: checks
knysi: checks
*** RIVER *** [8s 8h 7s Kh] [8c]
PbIbak: checks
knysi: checks
*** SHOW DOWN ***
PbIbak: shows [4d 3h] (three of a kind, Eights)
knysi: shows [9d Jd] (three of a kind, Eights - King+Jack kicker)
knysi collected $11.76 from pot
*** SUMMARY ***
Total pot $12 | Rake $0.24
Board [8s 8h 7s Kh 8c]
Seat 1: PbIbak (big blind) showed [4d 3h] and lost with three of a kind, Eights
Seat 2: knysi (button) (small blind) showed [9d Jd] and won ($11.76) with three of a kind, Eights


PokerStars Hand #144999805971:  Hold'em Limit ($3/$6 USD) - 2015/12/07 20:16:45 ET
Table 'Noviomagum' 2-max Seat #1 is the button
Seat 1: PbIbak ($172.57 in chips)
Seat 2: knysi ($19.26 in chips)
PbIbak: posts small blind $1
knysi: posts big blind $3
*** HOLE CARDS ***
PbIbak: raises $3 to $6
knysi: raises $3 to $9
PbIbak: calls $3
*** FLOP *** [4d 4c Kd]
knysi: bets $3
PbIbak: folds
Uncalled bet ($3) returned to knysi
knysi collected $17.64 from pot
knysi: doesn't show hand
*** SUMMARY ***
Total pot $18 | Rake $0.36
Board [4d 4c Kd]
Seat 1: PbIbak (button) (small blind) folded on the Flop
Seat 2: knysi (big blind) collected ($17.64)


PokerStars Hand #144999794623:  Hold'em Limit ($3/$6 USD) - 2015/12/07 20:16:26 ET
Table 'Noviomagum' 2-max Seat #2 is the button
Seat 1: PbIbak ($158.07 in chips)
Seat 2: knysi ($34.26 in chips)
knysi: posts small blind $1
PbIbak: posts big blind $3
*** HOLE CARDS ***
knysi: raises $3 to $6
PbIbak: calls $3
*** FLOP *** [3h Th 4s]
PbIbak: checks
knysi: bets $3
PbIbak: calls $3
*** TURN *** [3h Th 4s] [7c]
PbIbak: checks
knysi: bets $6
PbIbak: calls $6
*** RIVER *** [3h Th 4s 7c] [5d]
PbIbak: bets $6
knysi: folds
Uncalled bet ($6) returned to PbIbak
PbIbak collected $29.50 from pot
PbIbak: doesn't show hand
*** SUMMARY ***
Total pot $30 | Rake $0.50
Board [3h Th 4s 7c 5d]
Seat 1: PbIbak (big blind) collected ($29.50)
Seat 2: knysi (button) (small blind) folded on the River


PokerStars Hand #144999854074:  Hold'em Limit ($3/$6 USD) - 2015/12/07 20:18:09 ET
Table 'Noviomagum' 2-max Seat #2 is the button
Seat 1: PbIbak ($177.71 in chips)
Seat 2: knysi ($12.66 in chips)
knysi: posts small blind $1
PbIbak: posts big blind $3
*** HOLE CARDS ***
knysi: raises $3 to $6
PbIbak: raises $3 to $9
knysi: raises $3 to $12
Betting is capped
PbIbak: calls $3
*** FLOP *** [Js Tc 2h]
PbIbak: bets $3
knysi: calls $0.66 and is all-in
Uncalled bet ($2.34) returned to PbIbak
*** TURN *** [Js Tc 2h] [6c]
*** RIVER *** [Js Tc 2h 6c] [5d]
*** SHOW DOWN ***
PbIbak: shows [4c 4h] (a pair of Fours)
knysi: shows [Ad 3c] (high card Ace)
PbIbak collected $24.82 from pot
*** SUMMARY ***
Total pot $25.32 | Rake $0.50
Board [Js Tc 2h 6c 5d]
Seat 1: PbIbak (big blind) showed [4c 4h] and won ($24.82) with a pair of Fours
Seat 2: knysi (button) (small blind) showed [Ad 3c] and lost with high card Ace


PokerStars Hand #144999844776:  Hold'em Limit ($3/$6 USD) - 2015/12/07 20:17:52 ET
Table 'Noviomagum' 2-max Seat #1 is the button
Seat 1: PbIbak ($169.07 in chips)
Seat 2: knysi ($21.66 in chips)
PbIbak: posts small blind $1
knysi: posts big blind $3
*** HOLE CARDS ***
PbIbak: raises $3 to $6
knysi: calls $3
*** FLOP *** [Jd 4d 3d]
knysi: checks
PbIbak: bets $3
knysi: calls $3
*** TURN *** [Jd 4d 3d] [8h]
knysi: checks
PbIbak: checks
*** RIVER *** [Jd 4d 3d 8h] [Jh]
knysi: checks
PbIbak: bets $6
knysi: folds
Uncalled bet ($6) returned to PbIbak
PbIbak collected $17.64 from pot
PbIbak: doesn't show hand
*** SUMMARY ***
Total pot $18 | Rake $0.36
Board [Jd 4d 3d 8h Jh]
Seat 1: PbIbak (button) (small blind) collected ($17.64)
Seat 2: knysi (big blind) folded on the River


PokerStars Hand #144999838146:  Hold'em Limit ($3/$6 USD) - 2015/12/07 20:17:41 ET
Table 'Noviomagum' 2-max Seat #2 is the button
Seat 1: PbIbak ($172.07 in chips)
Seat 2: knysi ($18.66 in chips)
knysi: posts small blind $1
PbIbak: posts big blind $3
*** HOLE CARDS ***
knysi: raises $3 to $6
PbIbak: folds
Uncalled bet ($3) returned to knysi
knysi collected $6 from pot
knysi: doesn't show hand
*** SUMMARY ***
Total pot $6 | Rake $0
Seat 1: PbIbak (big blind) folded before Flop
Seat 2: knysi (button) (small blind) collected ($6)


PokerStars Hand #144999898456:  Hold'em Limit ($3/$6 USD) - 2015/12/07 20:19:26 ET
Table 'Noviomagum' 2-max Seat #2 is the button
Seat 1: PbIbak ($202.39 in chips)
Seat 2: knysi ($19.50 in chips)
knysi: posts small blind $1
PbIbak: posts big blind $3
*** HOLE CARDS ***
knysi: raises $3 to $6
PbIbak: raises $3 to $9
knysi: calls $3
*** FLOP *** [Kh 5c 6c]
PbIbak: bets $3
knysi: raises $3 to $6
PbIbak: raises $3 to $9
knysi: raises $1.50 to $10.50 and is all-in
Betting is capped
PbIbak: calls $1.50
*** TURN *** [Kh 5c 6c] [Kc]
*** RIVER *** [Kh 5c 6c Kc] [Qs]
*** SHOW DOWN ***
PbIbak: shows [9s 9h] (two pair, Kings and Nines)
knysi: shows [Ks 7h] (three of a kind, Kings)
knysi collected $38.50 from pot
*** SUMMARY ***
Total pot $39 | Rake $0.50
Board [Kh 5c 6c Kc Qs]
Seat 1: PbIbak (big blind) showed [9s 9h] and lost with two pair, Kings and Nines
Seat 2: knysi (button) (small blind) showed [Ks 7h] and won ($38.50) with three of a kind, Kings


PokerStars Hand #144999891573:  Hold'em Limit ($3/$6 USD) - 2015/12/07 20:19:14 ET
Table 'Noviomagum' 2-max Seat #1 is the button
Seat 1: PbIbak ($196.63 in chips)
Seat 2: knysi ($25.50 in chips)
PbIbak: posts small blind $1
knysi: posts big blind $3
*** HOLE CARDS ***
PbIbak: raises $3 to $6
knysi: calls $3
*** FLOP *** [8c 8d 7h]
knysi: checks
PbIbak: checks
*** TURN *** [8c 8d 7h] [4h]
knysi: checks
PbIbak: checks
*** RIVER *** [8c 8d 7h 4h] [2h]
knysi: checks
PbIbak: checks
*** SHOW DOWN ***
knysi: shows [Qh 5c] (a pair of Eights)
PbIbak: shows [9s 2c] (two pair, Eights and Deuces)
PbIbak collected $11.76 from pot
*** SUMMARY ***
Total pot $12 | Rake $0.24
Board [8c 8d 7h 4h 2h]
Seat 1: PbIbak (button) (small blind) showed [9s 2c] and won ($11.76) with two pair, Eights and Deuces
Seat 2: knysi (big blind) showed [Qh 5c] and lost with a pair of Eights


PokerStars Hand #144999888794:  Hold'em Limit ($3/$6 USD) - 2015/12/07 20:19:09 ET
Table 'Noviomagum' 2-max Seat #2 is the button
Seat 1: PbIbak ($195.63 in chips)
Seat 2: knysi ($26.50 in chips)
knysi: posts small blind $1
PbIbak: posts big blind $3
*** HOLE CARDS ***
knysi: folds
Uncalled bet ($2) returned to PbIbak
PbIbak collected $2 from pot
PbIbak: doesn't show hand
*** SUMMARY ***
Total pot $2 | Rake $0
Seat 1: PbIbak (big blind) collected ($2)
Seat 2: knysi (button) (small blind) folded before Flop


PokerStars Hand #144999882615:  Hold'em Limit ($3/$6 USD) - 2015/12/07 20:18:59 ET
Table 'Noviomagum' 2-max Seat #1 is the button
Seat 1: PbIbak ($189.87 in chips)
Seat 2: knysi ($32.50 in chips)
PbIbak: posts small blind $1
knysi: posts big blind $3
*** HOLE CARDS ***
PbIbak: raises $3 to $6
knysi: calls $3
*** FLOP *** [Kc 5h 5d]
knysi: checks
PbIbak: bets $3
knysi: folds
Uncalled bet ($3) returned to PbIbak
PbIbak collected $11.76 from pot
PbIbak: doesn't show hand
*** SUMMARY ***
Total pot $12 | Rake $0.24
Board [Kc 5h 5d]
Seat 1: PbIbak (button) (small blind) collected ($11.76)
Seat 2: knysi (big blind) folded on the Flop


PokerStars Hand #144999925394:  Hold'em Limit ($3/$6 USD) - 2015/12/07 20:20:14 ET
Table 'Noviomagum' 2-max Seat #1 is the button
Seat 1: PbIbak ($167.89 in chips)
Seat 2: knysi ($52.90 in chips)
PbIbak: posts small blind $1
knysi: posts big blind $3
*** HOLE CARDS ***
PbIbak: raises $3 to $6
knysi: calls $3
*** FLOP *** [9h Th 2h]
knysi: checks
PbIbak: checks
*** TURN *** [9h Th 2h] [7s]
knysi: checks
PbIbak: checks
*** RIVER *** [9h Th 2h 7s] [3d]
knysi: checks
PbIbak: checks
*** SHOW DOWN ***
knysi: shows [Jh 6d] (high card Jack)
PbIbak: mucks hand
knysi collected $11.76 from pot
*** SUMMARY ***
Total pot $12 | Rake $0.24
Board [9h Th 2h 7s 3d]
Seat 1: PbIbak (button) (small blind) mucked
Seat 2: knysi (big blind) showed [Jh 6d] and won ($11.76) with high card Jack


PokerStars Hand #144999916005:  Hold'em Limit ($3/$6 USD) - 2015/12/07 20:19:57 ET
Table 'Noviomagum' 2-max Seat #2 is the button
Seat 1: PbIbak ($173.89 in chips)
Seat 2: knysi ($47.14 in chips)
knysi: posts small blind $1
PbIbak: posts big blind $3
*** HOLE CARDS ***
knysi: raises $3 to $6
PbIbak: calls $3
*** FLOP *** [3s 9d 8c]
PbIbak: checks
knysi: checks
*** TURN *** [3s 9d 8c] [As]
PbIbak: checks
knysi: checks
*** RIVER *** [3s 9d 8c As] [5c]
PbIbak: checks
knysi: bets $6
PbIbak: folds
Uncalled bet ($6) returned to knysi
knysi collected $11.76 from pot
knysi: doesn't show hand
*** SUMMARY ***
Total pot $12 | Rake $0.24
Board [3s 9d 8c As 5c]
Seat 1: PbIbak (big blind) folded on the River
Seat 2: knysi (button) (small blind) collected ($11.76)


PokerStars Hand #144999907581:  Hold'em Limit ($3/$6 USD) - 2015/12/07 20:19:42 ET
Table 'Noviomagum' 2-max Seat #1 is the button
Seat 1: PbIbak ($182.89 in chips)
Seat 2: knysi ($38.50 in chips)
PbIbak: posts small blind $1
knysi: posts big blind $3
*** HOLE CARDS ***
PbIbak: raises $3 to $6
knysi: calls $3
*** FLOP *** [Jh As Td]
knysi: checks
PbIbak: bets $3
knysi: calls $3
*** TURN *** [Jh As Td] [3s]
knysi: checks
PbIbak: checks
*** RIVER *** [Jh As Td 3s] [7c]
knysi: bets $6
PbIbak: folds
Uncalled bet ($6) returned to knysi
knysi collected $17.64 from pot
knysi: doesn't show hand
*** SUMMARY ***
Total pot $18 | Rake $0.36
Board [Jh As Td 3s 7c]
Seat 1: PbIbak (button) (small blind) folded on the River
Seat 2: knysi (big blind) collected ($17.64)


PokerStars Hand #144999969851:  Hold'em Limit ($3/$6 USD) - 2015/12/07 20:21:32 ET
Table 'Noviomagum' 2-max Seat #1 is the button
Seat 1: PbIbak ($173.39 in chips)
Seat 2: knysi ($46.18 in chips)
PbIbak: posts small blind $1
knysi: posts big blind $3
*** HOLE CARDS ***
PbIbak: raises $3 to $6
knysi: calls $3
*** FLOP *** [6c 7c 3d]
knysi: checks
PbIbak: bets $3
knysi: calls $3
*** TURN *** [6c 7c 3d] [7d]
knysi: checks
PbIbak: bets $6
knysi: folds
Uncalled bet ($6) returned to PbIbak
PbIbak collected $17.64 from pot
PbIbak: doesn't show hand
*** SUMMARY ***
Total pot $18 | Rake $0.36
Board [6c 7c 3d 7d]
Seat 1: PbIbak (button) (small blind) collected ($17.64)
Seat 2: knysi (big blind) folded on the Turn


PokerStars Hand #144999967488:  Hold'em Limit ($3/$6 USD) - 2015/12/07 20:21:28 ET
Table 'Noviomagum' 2-max Seat #2 is the button
Seat 1: PbIbak ($172.39 in chips)
Seat 2: knysi ($47.18 in chips)
knysi: posts small blind $1
PbIbak: posts big blind $3
*** HOLE CARDS ***
knysi: folds
Uncalled bet ($2) returned to PbIbak
PbIbak collected $2 from pot
PbIbak: doesn't show hand
*** SUMMARY ***
Total pot $2 | Rake $0
Seat 1: PbIbak (big blind) collected ($2)
Seat 2: knysi (button) (small blind) folded before Flop


PokerStars Hand #144999962469:  Hold'em Limit ($3/$6 USD) - 2015/12/07 20:21:19 ET
Table 'Noviomagum' 2-max Seat #1 is the button
Seat 1: PbIbak ($178.39 in chips)
Seat 2: knysi ($41.42 in chips)
PbIbak: posts small blind $1
knysi: posts big blind $3
*** HOLE CARDS ***
PbIbak: raises $3 to $6
knysi: calls $3
*** FLOP *** [8s 7c 4d]
knysi: checks
PbIbak: checks
*** TURN *** [8s 7c 4d] [6s]
knysi: bets $6
PbIbak: folds
Uncalled bet ($6) returned to knysi
knysi collected $11.76 from pot
knysi: doesn't show hand
*** SUMMARY ***
Total pot $12 | Rake $0.24
Board [8s 7c 4d 6s]
Seat 1: PbIbak (button) (small blind) folded on the Turn
Seat 2: knysi (big blind) collected ($11.76)


PokerStars Hand #144999957418:  Hold'em Limit ($3/$6 USD) - 2015/12/07 20:21:10 ET
Table 'Noviomagum' 2-max Seat #2 is the button
Seat 1: PbIbak ($184.39 in chips)
Seat 2: knysi ($35.66 in chips)
knysi: posts small blind $1
PbIbak: posts big blind $3
*** HOLE CARDS ***
knysi: raises $3 to $6
PbIbak: calls $3
*** FLOP *** [2d 4h Ah]
PbIbak: checks
knysi: bets $3
PbIbak: folds
Uncalled bet ($3) returned to knysi
knysi collected $11.76 from pot
knysi: doesn't show hand
*** SUMMARY ***
Total pot $12 | Rake $0.24
Board [2d 4h Ah]
Seat 1: PbIbak (big blind) folded on the Flop
Seat 2: knysi (button) (small blind) collected ($11.76)


PokerStars Hand #144999949320:  Hold'em Limit ($3/$6 USD) - 2015/12/07 20:20:56 ET
Table 'Noviomagum' 2-max Seat #1 is the button
Seat 1: PbIbak ($166.89 in chips)
Seat 2: knysi ($53.66 in chips)
PbIbak: posts small blind $1
knysi: posts big blind $3
*** HOLE CARDS ***
PbIbak: raises $3 to $6
knysi: calls $3
*** FLOP *** [Jc 2d Qd]
knysi: checks
PbIbak: checks
*** TURN *** [Jc 2d Qd] [6h]
knysi: checks
PbIbak: bets $6
knysi: calls $6
*** RIVER *** [Jc 2d Qd 6h] [4s]
knysi: checks
PbIbak: bets $6
knysi: calls $6
*** SHOW DOWN ***
PbIbak: shows [Ts 6s] (a pair of Sixes)
knysi: mucks hand
PbIbak collected $35.50 from pot
*** SUMMARY ***
Total pot $36 | Rake $0.50
Board [Jc 2d Qd 6h 4s]
Seat 1: PbIbak (button) (small blind) showed [Ts 6s] and won ($35.50) with a pair of Sixes
Seat 2: knysi (big blind) mucked


PokerStars Hand #144999943622:  Hold'em Limit ($3/$6 USD) - 2015/12/07 20:20:46 ET
Table 'Noviomagum' 2-max Seat #1 is the button
Seat 1: PbIbak ($162.89 in chips)
Seat 2: knysi ($57.66 in chips)
PbIbak: posts small blind $1
knysi: posts big blind $3
*** HOLE CARDS ***
PbIbak: raises $3 to $6
knysi: folds
Uncalled bet ($3) returned to PbIbak
PbIbak collected $6 from pot
PbIbak: doesn't show hand
*** SUMMARY ***
Total pot $6 | Rake $0
Seat 1: PbIbak (button) (small blind) collected ($6)
Seat 2: knysi (big blind) folded before Flop


PokerStars Hand #144999939335:  Hold'em Limit ($3/$6 USD) - 2015/12/07 20:20:38 ET
Table 'Noviomagum' 2-max Seat #2 is the button
Seat 1: PbIbak ($161.89 in chips)
Seat 2: knysi ($58.66 in chips)
knysi: posts small blind $1
PbIbak: posts big blind $3
*** HOLE CARDS ***
knysi: folds
Uncalled bet ($2) returned to PbIbak
PbIbak collected $2 from pot
PbIbak: doesn't show hand
*** SUMMARY ***
Total pot $2 | Rake $0
Seat 1: PbIbak (big blind) collected ($2)
Seat 2: knysi (button) (small blind) folded before Flop


PokerStars Hand #144999999257:  Hold'em Limit ($3/$6 USD) - 2015/12/07 20:22:24 ET
Table 'Noviomagum' 2-max Seat #1 is the button
Seat 1: PbIbak ($210.03 in chips)
Seat 2: knysi ($8.18 in chips)
PbIbak: posts small blind $1
knysi: posts big blind $3
*** HOLE CARDS ***
PbIbak: raises $3 to $6
knysi: raises $2.18 to $8.18 and is all-in
PbIbak: calls $2.18
*** FLOP *** [Ks 3h Jc]
*** TURN *** [Ks 3h Jc] [Kh]
*** RIVER *** [Ks 3h Jc Kh] [7s]
*** SHOW DOWN ***
knysi: shows [4h 4d] (two pair, Kings and Fours)
PbIbak: shows [7h 5d] (two pair, Kings and Sevens)
PbIbak collected $16.03 from pot
*** SUMMARY ***
Total pot $16.36 | Rake $0.33
Board [Ks 3h Jc Kh 7s]
Seat 1: PbIbak (button) (small blind) showed [7h 5d] and won ($16.03) with two pair, Kings and Sevens
Seat 2: knysi (big blind) showed [4h 4d] and lost with two pair, Kings and Fours


PokerStars Hand #144999996854:  Hold'em Limit ($3/$6 USD) - 2015/12/07 20:22:20 ET
Table 'Noviomagum' 2-max Seat #2 is the button
Seat 1: PbIbak ($209.03 in chips)
Seat 2: knysi ($9.18 in chips)
knysi: posts small blind $1
PbIbak: posts big blind $3
*** HOLE CARDS ***
knysi: folds
Uncalled bet ($2) returned to PbIbak
PbIbak collected $2 from pot
PbIbak: doesn't show hand
*** SUMMARY ***
Total pot $2 | Rake $0
Seat 1: PbIbak (big blind) collected ($2)
Seat 2: knysi (button) (small blind) folded before Flop


PokerStars Hand #144999990251:  Hold'em Limit ($3/$6 USD) - 2015/12/07 20:22:08 ET
Table 'Noviomagum' 2-max Seat #1 is the button
Seat 1: PbIbak ($194.53 in chips)
Seat 2: knysi ($24.18 in chips)
PbIbak: posts small blind $1
knysi: posts big blind $3
*** HOLE CARDS ***
PbIbak: raises $3 to $6
knysi: calls $3
*** FLOP *** [8s 6h Td]
knysi: checks
PbIbak: bets $3
knysi: calls $3
*** TURN *** [8s 6h Td] [4h]
knysi: checks
PbIbak: bets $6
knysi: calls $6
*** RIVER *** [8s 6h Td 4h] [Ts]
knysi: checks
PbIbak: checks
*** SHOW DOWN ***
knysi: shows [6s Jc] (two pair, Tens and Sixes)
PbIbak: shows [6c Kd] (two pair, Tens and Sixes - King kicker)
PbIbak collected $29.50 from pot
*** SUMMARY ***
Total pot $30 | Rake $0.50
Board [8s 6h Td 4h Ts]
Seat 1: PbIbak (button) (small blind) showed [6c Kd] and won ($29.50) with two pair, Tens and Sixes
Seat 2: knysi (big blind) showed [6s Jc] and lost with two pair, Tens and Sixes


PokerStars Hand #144999987514:  Hold'em Limit ($3/$6 USD) - 2015/12/07 20:22:03 ET
Table 'Noviomagum' 2-max Seat #2 is the button
Seat 1: PbIbak ($197.53 in chips)
Seat 2: knysi ($21.18 in chips)
knysi: posts small blind $1
PbIbak: posts big blind $3
*** HOLE CARDS ***
knysi: raises $3 to $6
PbIbak: folds
Uncalled bet ($3) returned to knysi
knysi collected $6 from pot
knysi: doesn't show hand
*** SUMMARY ***
Total pot $6 | Rake $0
Seat 1: PbIbak (big blind) folded before Flop
Seat 2: knysi (button) (small blind) collected ($6)


PokerStars Hand #144999979146:  Hold'em Limit ($3/$6 USD) - 2015/12/07 20:21:49 ET
Table 'Noviomagum' 2-max Seat #1 is the button
Seat 1: PbIbak ($183.03 in chips)
Seat 2: knysi ($36.18 in chips)
PbIbak: posts small blind $1
knysi: posts big blind $3
*** HOLE CARDS ***
PbIbak: raises $3 to $6
knysi: calls $3
*** FLOP *** [8s As 4c]
knysi: checks
PbIbak: bets $3
knysi: calls $3
*** TURN *** [8s As 4c] [Kd]
knysi: checks
PbIbak: bets $6
knysi: calls $6
*** RIVER *** [8s As 4c Kd] [5d]
knysi: checks
PbIbak: bets $6
knysi: folds
Uncalled bet ($6) returned to PbIbak
PbIbak collected $29.50 from pot
PbIbak: doesn't show hand
*** SUMMARY ***
Total pot $30 | Rake $0.50
Board [8s As 4c Kd 5d]
Seat 1: PbIbak (button) (small blind) collected ($29.50)
Seat 2: knysi (big blind) folded on the River


PokerStars Hand #144999976705:  Hold'em Limit ($3/$6 USD) - 2015/12/07 20:21:44 ET
Table 'Noviomagum' 2-max Seat #2 is the button
Seat 1: PbIbak ($182.03 in chips)
Seat 2: knysi ($37.18 in chips)
knysi: posts small blind $1
PbIbak: posts big blind $3
*** HOLE CARDS ***
knysi: folds
Uncalled bet ($2) returned to PbIbak
PbIbak collected $2 from pot
PbIbak: doesn't show hand
*** SUMMARY ***
Total pot $2 | Rake $0
Seat 1: PbIbak (big blind) collected ($2)
Seat 2: knysi (button) (small blind) folded before Flop


PokerStars Hand #145000133699:  Hold'em Limit ($3/$6 USD) - 2015/12/07 20:26:24 ET
Table 'Noviomagum' 2-max Seat #1 is the button
Seat 1: PbIbak ($211.88 in chips)
Seat 2: knysi ($38.26 in chips)
PbIbak: posts small blind $1
knysi: posts big blind $3
*** HOLE CARDS ***
PbIbak: raises $3 to $6
knysi: calls $3
*** FLOP *** [7h Ah 7s]
knysi: checks
PbIbak: bets $3
knysi: calls $3
*** TURN *** [7h Ah 7s] [As]
knysi: checks
PbIbak: checks
*** RIVER *** [7h Ah 7s As] [5h]
knysi: bets $6
PbIbak: folds
Uncalled bet ($6) returned to knysi
knysi collected $17.64 from pot
knysi: doesn't show hand
*** SUMMARY ***
Total pot $18 | Rake $0.36
Board [7h Ah 7s As 5h]
Seat 1: PbIbak (button) (small blind) folded on the River
Seat 2: knysi (big blind) collected ($17.64)


PokerStars Hand #145000126219:  Hold'em Limit ($3/$6 USD) - 2015/12/07 20:26:10 ET
Table 'Noviomagum' 2-max Seat #2 is the button
Seat 1: PbIbak ($217.88 in chips)
Seat 2: knysi ($32.50 in chips)
knysi: posts small blind $1
PbIbak: posts big blind $3
*** HOLE CARDS ***
knysi: raises $3 to $6
PbIbak: calls $3
*** FLOP *** [As Jc 4d]
PbIbak: checks
knysi: checks
*** TURN *** [As Jc 4d] [7c]
PbIbak: checks
knysi: checks
*** RIVER *** [As Jc 4d 7c] [3c]
PbIbak: checks
knysi: checks
*** SHOW DOWN ***
PbIbak: shows [Qc 6s] (high card Ace)
knysi: shows [Kd 3h] (a pair of Threes)
knysi collected $11.76 from pot
*** SUMMARY ***
Total pot $12 | Rake $0.24
Board [As Jc 4d 7c 3c]
Seat 1: PbIbak (big blind) showed [Qc 6s] and lost with high card Ace
Seat 2: knysi (button) (small blind) showed [Kd 3h] and won ($11.76) with a pair of Threes


PokerStars Hand #145000169228:  Hold'em Limit ($3/$6 USD) - 2015/12/07 20:27:28 ET
Table 'Noviomagum' 2-max Seat #2 is the button
Seat 1: PbIbak ($172.52 in chips)
Seat 2: knysi ($75.66 in chips)
knysi: posts small blind $1
PbIbak: posts big blind $3
*** HOLE CARDS ***
knysi: raises $3 to $6
PbIbak: calls $3
*** FLOP *** [Jd Jc 6h]
PbIbak: checks
knysi: checks
*** TURN *** [Jd Jc 6h] [Kc]
PbIbak: bets $6
knysi: raises $6 to $12
PbIbak: raises $6 to $18
knysi: calls $6
*** RIVER *** [Jd Jc 6h Kc] [Qd]
PbIbak: bets $6
knysi: calls $6
*** SHOW DOWN ***
PbIbak: shows [Js 4s] (three of a kind, Jacks)
knysi: mucks hand
PbIbak collected $59.50 from pot
*** SUMMARY ***
Total pot $60 | Rake $0.50
Board [Jd Jc 6h Kc Qd]
Seat 1: PbIbak (big blind) showed [Js 4s] and won ($59.50) with three of a kind, Jacks
Seat 2: knysi (button) (small blind) mucked


PokerStars Hand #145000162053:  Hold'em Limit ($3/$6 USD) - 2015/12/07 20:27:15 ET
Table 'Noviomagum' 2-max Seat #1 is the button
Seat 1: PbIbak ($163.88 in chips)
Seat 2: knysi ($84.66 in chips)
PbIbak: posts small blind $1
knysi: posts big blind $3
*** HOLE CARDS ***
PbIbak: raises $3 to $6
knysi: calls $3
*** FLOP *** [7s 9s Js]
knysi: checks
PbIbak: bets $3
knysi: calls $3
*** TURN *** [7s 9s Js] [2h]
knysi: checks
PbIbak: bets $6
knysi: folds
Uncalled bet ($6) returned to PbIbak
PbIbak collected $17.64 from pot
PbIbak: doesn't show hand
*** SUMMARY ***
Total pot $18 | Rake $0.36
Board [7s 9s Js 2h]
Seat 1: PbIbak (button) (small blind) collected ($17.64)
Seat 2: knysi (big blind) folded on the Turn


PokerStars Hand #145000154793:  Hold'em Limit ($3/$6 USD) - 2015/12/07 20:27:02 ET
Table 'Noviomagum' 2-max Seat #2 is the button
Seat 1: PbIbak ($181.88 in chips)
Seat 2: knysi ($67.16 in chips)
knysi: posts small blind $1
PbIbak: posts big blind $3
*** HOLE CARDS ***
knysi: raises $3 to $6
PbIbak: calls $3
*** FLOP *** [9d 7c Qd]
PbIbak: checks
knysi: checks
*** TURN *** [9d 7c Qd] [2s]
PbIbak: bets $6
knysi: calls $6
*** RIVER *** [9d 7c Qd 2s] [Jc]
PbIbak: bets $6
knysi: calls $6
*** SHOW DOWN ***
PbIbak: shows [5h 8c] (high card Queen)
knysi: shows [6d 7s] (a pair of Sevens)
knysi collected $35.50 from pot
*** SUMMARY ***
Total pot $36 | Rake $0.50
Board [9d 7c Qd 2s Jc]
Seat 1: PbIbak (big blind) showed [5h 8c] and lost with high card Queen
Seat 2: knysi (button) (small blind) showed [6d 7s] and won ($35.50) with a pair of Sevens


PokerStars Hand #145000147961:  Hold'em Limit ($3/$6 USD) - 2015/12/07 20:26:49 ET
Table 'Noviomagum' 2-max Seat #1 is the button
Seat 1: PbIbak ($196.88 in chips)
Seat 2: knysi ($52.66 in chips)
PbIbak: posts small blind $1
knysi: posts big blind $3
*** HOLE CARDS ***
PbIbak: raises $3 to $6
knysi: calls $3
*** FLOP *** [Td 9h 2c]
knysi: checks
PbIbak: bets $3
knysi: calls $3
*** TURN *** [Td 9h 2c] [3h]
knysi: checks
PbIbak: bets $6
knysi: raises $6 to $12
PbIbak: folds
Uncalled bet ($6) returned to knysi
knysi collected $29.50 from pot
knysi: doesn't show hand
*** SUMMARY ***
Total pot $30 | Rake $0.50
Board [Td 9h 2c 3h]
Seat 1: PbIbak (button) (small blind) folded on the Turn
Seat 2: knysi (big blind) collected ($29.50)


PokerStars Hand #145000140094:  Hold'em Limit ($3/$6 USD) - 2015/12/07 20:26:35 ET
Table 'Noviomagum' 2-max Seat #2 is the button
Seat 1: PbIbak ($202.88 in chips)
Seat 2: knysi ($46.90 in chips)
knysi: posts small blind $1
PbIbak: posts big blind $3
*** HOLE CARDS ***
knysi: raises $3 to $6
PbIbak: calls $3
*** FLOP *** [Ts Qh 5h]
PbIbak: checks
knysi: checks
*** TURN *** [Ts Qh 5h] [Ah]
PbIbak: checks
knysi: bets $6
PbIbak: folds
Uncalled bet ($6) returned to knysi
knysi collected $11.76 from pot
knysi: doesn't show hand
*** SUMMARY ***
Total pot $12 | Rake $0.24
Board [Ts Qh 5h Ah]
Seat 1: PbIbak (big blind) folded on the Turn
Seat 2: knysi (button) (small blind) collected ($11.76)


PokerStars Hand #145000193783:  Hold'em Limit ($3/$6 USD) - 2015/12/07 20:28:13 ET
Table 'Noviomagum' 2-max Seat #2 is the button
Seat 1: PbIbak ($199.78 in chips)
Seat 2: knysi ($47.30 in chips)
knysi: posts small blind $1
PbIbak: posts big blind $3
*** HOLE CARDS ***
knysi: raises $3 to $6
PbIbak: calls $3
*** FLOP *** [9d 8d 3h]
PbIbak: checks
knysi: checks
*** TURN *** [9d 8d 3h] [8c]
PbIbak: checks
knysi: checks
*** RIVER *** [9d 8d 3h 8c] [Ts]
PbIbak: checks
knysi: checks
*** SHOW DOWN ***
PbIbak: shows [6h Jh] (a pair of Eights)
knysi: shows [Kc 6d] (a pair of Eights - King kicker)
knysi collected $11.76 from pot
*** SUMMARY ***
Total pot $12 | Rake $0.24
Board [9d 8d 3h 8c Ts]
Seat 1: PbIbak (big blind) showed [6h Jh] and lost with a pair of Eights
Seat 2: knysi (button) (small blind) showed [Kc 6d] and won ($11.76) with a pair of Eights


PokerStars Hand #145000187988:  Hold'em Limit ($3/$6 USD) - 2015/12/07 20:28:02 ET
Table 'Noviomagum' 2-max Seat #1 is the button
Seat 1: PbIbak ($194.02 in chips)
Seat 2: knysi ($53.30 in chips)
PbIbak: posts small blind $1
knysi: posts big blind $3
*** HOLE CARDS ***
PbIbak: raises $3 to $6
knysi: calls $3
*** FLOP *** [4d Td 7h]
knysi: checks
PbIbak: bets $3
knysi: folds
Uncalled bet ($3) returned to PbIbak
PbIbak collected $11.76 from pot
PbIbak: doesn't show hand
*** SUMMARY ***
Total pot $12 | Rake $0.24
Board [4d Td 7h]
Seat 1: PbIbak (button) (small blind) collected ($11.76)
Seat 2: knysi (big blind) folded on the Flop


PokerStars Hand #145000185668:  Hold'em Limit ($3/$6 USD) - 2015/12/07 20:27:58 ET
Table 'Noviomagum' 2-max Seat #2 is the button
Seat 1: PbIbak ($193.02 in chips)
Seat 2: knysi ($54.30 in chips)
knysi: posts small blind $1
PbIbak: posts big blind $3
*** HOLE CARDS ***
knysi: folds
Uncalled bet ($2) returned to PbIbak
PbIbak collected $2 from pot
PbIbak: doesn't show hand
*** SUMMARY ***
Total pot $2 | Rake $0
Seat 1: PbIbak (big blind) collected ($2)
Seat 2: knysi (button) (small blind) folded before Flop


PokerStars Hand #145000177590:  Hold'em Limit ($3/$6 USD) - 2015/12/07 20:27:43 ET
Table 'Noviomagum' 2-max Seat #1 is the button
Seat 1: PbIbak ($202.02 in chips)
Seat 2: knysi ($45.66 in chips)
PbIbak: posts small blind $1
knysi: posts big blind $3
*** HOLE CARDS ***
PbIbak: raises $3 to $6
knysi: calls $3
*** FLOP *** [Jd As 2c]
knysi: checks
PbIbak: bets $3
knysi: calls $3
*** TURN *** [Jd As 2c] [5d]
knysi: checks
PbIbak: checks
*** RIVER *** [Jd As 2c 5d] [4h]
knysi: bets $6
PbIbak: folds
Uncalled bet ($6) returned to knysi
knysi collected $17.64 from pot
knysi: doesn't show hand
*** SUMMARY ***
Total pot $18 | Rake $0.36
Board [Jd As 2c 5d 4h]
Seat 1: PbIbak (button) (small blind) folded on the River
Seat 2: knysi (big blind) collected ($17.64)


PokerStars Hand #145000227947:  Hold'em Limit ($3/$6 USD) - 2015/12/07 20:29:15 ET
Table 'Noviomagum' 2-max Seat #1 is the button
Seat 1: PbIbak ($180.78 in chips)
Seat 2: knysi ($65.46 in chips)
PbIbak: posts small blind $1
knysi: posts big blind $3
*** HOLE CARDS ***
PbIbak: raises $3 to $6
knysi: calls $3
*** FLOP *** [Qd Ad 2c]
knysi: checks
PbIbak: checks
*** TURN *** [Qd Ad 2c] [5h]
knysi: bets $6
PbIbak: folds
Uncalled bet ($6) returned to knysi
knysi collected $11.76 from pot
knysi: doesn't show hand
*** SUMMARY ***
Total pot $12 | Rake $0.24
Board [Qd Ad 2c 5h]
Seat 1: PbIbak (button) (small blind) folded on the Turn
Seat 2: knysi (big blind) collected ($11.76)


PokerStars Hand #145000225540:  Hold'em Limit ($3/$6 USD) - 2015/12/07 20:29:10 ET
Table 'Noviomagum' 2-max Seat #2 is the button
Seat 1: PbIbak ($179.78 in chips)
Seat 2: knysi ($66.46 in chips)
knysi: posts small blind $1
PbIbak: posts big blind $3
*** HOLE CARDS ***
knysi: folds
Uncalled bet ($2) returned to PbIbak
PbIbak collected $2 from pot
PbIbak: doesn't show hand
*** SUMMARY ***
Total pot $2 | Rake $0
Seat 1: PbIbak (big blind) collected ($2)
Seat 2: knysi (button) (small blind) folded before Flop


PokerStars Hand #145000215951:  Hold'em Limit ($3/$6 USD) - 2015/12/07 20:28:53 ET
Table 'Noviomagum' 2-max Seat #1 is the button
Seat 1: PbIbak ($188.78 in chips)
Seat 2: knysi ($57.82 in chips)
PbIbak: posts small blind $1
knysi: posts big blind $3
*** HOLE CARDS ***
PbIbak: raises $3 to $6
knysi: calls $3
*** FLOP *** [Td 8s 2d]
knysi: checks
PbIbak: bets $3
knysi: calls $3
*** TURN *** [Td 8s 2d] [Ah]
knysi: checks
PbIbak: checks
*** RIVER *** [Td 8s 2d Ah] [3s]
knysi: checks
PbIbak: checks
*** SHOW DOWN ***
knysi: shows [Kd Qd] (high card Ace)
PbIbak: mucks hand
knysi collected $17.64 from pot
*** SUMMARY ***
Total pot $18 | Rake $0.36
Board [Td 8s 2d Ah 3s]
Seat 1: PbIbak (button) (small blind) mucked
Seat 2: knysi (big blind) showed [Kd Qd] and won ($17.64) with high card Ace


PokerStars Hand #145000200803:  Hold'em Limit ($3/$6 USD) - 2015/12/07 20:28:25 ET
Table 'Noviomagum' 2-max Seat #1 is the button
Seat 1: PbIbak ($193.78 in chips)
Seat 2: knysi ($53.06 in chips)
PbIbak: posts small blind $1
knysi: posts big blind $3
*** HOLE CARDS ***
PbIbak: raises $3 to $6
knysi: calls $3
*** FLOP *** [3h Tc 6h]
knysi: checks
PbIbak: checks
*** TURN *** [3h Tc 6h] [7d]
knysi: checks
PbIbak: checks
*** RIVER *** [3h Tc 6h 7d] [Ac]
knysi: bets $6
PbIbak: folds
Uncalled bet ($6) returned to knysi
knysi collected $11.76 from pot
knysi: doesn't show hand
*** SUMMARY ***
Total pot $12 | Rake $0.24
Board [3h Tc 6h 7d Ac]
Seat 1: PbIbak (button) (small blind) folded on the River
Seat 2: knysi (big blind) collected ($11.76)


PokerStars Hand #145000262241:  Hold'em Limit ($3/$6 USD) - 2015/12/07 20:30:17 ET
Table 'Noviomagum' 2-max Seat #1 is the button
Seat 1: PbIbak ($160.94 in chips)
Seat 2: knysi ($83.22 in chips)
PbIbak: posts small blind $1
knysi: posts big blind $3
*** HOLE CARDS ***
PbIbak: raises $3 to $6
knysi: calls $3
*** FLOP *** [7s As Td]
knysi: checks
PbIbak: bets $3
knysi: calls $3
*** TURN *** [7s As Td] [Qs]
knysi: checks
PbIbak: checks
*** RIVER *** [7s As Td Qs] [9s]
knysi: bets $6
PbIbak: folds
Uncalled bet ($6) returned to knysi
knysi collected $17.64 from pot
knysi: doesn't show hand
*** SUMMARY ***
Total pot $18 | Rake $0.36
Board [7s As Td Qs 9s]
Seat 1: PbIbak (button) (small blind) folded on the River
Seat 2: knysi (big blind) collected ($17.64)


PokerStars Hand #145000255829:  Hold'em Limit ($3/$6 USD) - 2015/12/07 20:30:06 ET
Table 'Noviomagum' 2-max Seat #2 is the button
Seat 1: PbIbak ($175.94 in chips)
Seat 2: knysi ($68.72 in chips)
knysi: posts small blind $1
PbIbak: posts big blind $3
*** HOLE CARDS ***
knysi: raises $3 to $6
PbIbak: calls $3
*** FLOP *** [6d 5c Jh]
PbIbak: bets $3
knysi: calls $3
*** TURN *** [6d 5c Jh] [Ah]
PbIbak: bets $6
knysi: raises $6 to $12
PbIbak: folds
Uncalled bet ($6) returned to knysi
knysi collected $29.50 from pot
knysi: doesn't show hand
*** SUMMARY ***
Total pot $30 | Rake $0.50
Board [6d 5c Jh Ah]
Seat 1: PbIbak (big blind) folded on the Turn
Seat 2: knysi (button) (small blind) collected ($29.50)


PokerStars Hand #145000240851:  Hold'em Limit ($3/$6 USD) - 2015/12/07 20:29:38 ET
Table 'Noviomagum' 2-max Seat #1 is the button
Seat 1: PbIbak ($156.78 in chips)
Seat 2: knysi ($88.72 in chips)
PbIbak: posts small blind $1
knysi: posts big blind $3
*** HOLE CARDS ***
PbIbak: folds
Uncalled bet ($2) returned to knysi
knysi collected $2 from pot
knysi: doesn't show hand
*** SUMMARY ***
Total pot $2 | Rake $0
Seat 1: PbIbak (button) (small blind) folded before Flop
Seat 2: knysi (big blind) collected ($2)


PokerStars Hand #145000233388:  Hold'em Limit ($3/$6 USD) - 2015/12/07 20:29:25 ET
Table 'Noviomagum' 2-max Seat #2 is the button
Seat 1: PbIbak ($174.78 in chips)
Seat 2: knysi ($71.22 in chips)
knysi: posts small blind $1
PbIbak: posts big blind $3
*** HOLE CARDS ***
knysi: raises $3 to $6
PbIbak: calls $3
*** FLOP *** [3s 7s 2s]
PbIbak: checks
knysi: checks
*** TURN *** [3s 7s 2s] [Kc]
PbIbak: bets $6
knysi: calls $6
*** RIVER *** [3s 7s 2s Kc] [2h]
PbIbak: bets $6
knysi: calls $6
*** SHOW DOWN ***
PbIbak: shows [Jc 3d] (two pair, Threes and Deuces)
knysi: shows [2c Kd] (a full house, Deuces full of Kings)
knysi collected $35.50 from pot
*** SUMMARY ***
Total pot $36 | Rake $0.50
Board [3s 7s 2s Kc 2h]
Seat 1: PbIbak (big blind) showed [Jc 3d] and lost with two pair, Threes and Deuces
Seat 2: knysi (button) (small blind) showed [2c Kd] and won ($35.50) with a full house, Deuces full of Kings


PokerStars Hand #145000243820:  Hold'em Limit ($3/$6 USD) - 2015/12/07 20:29:44 ET
Table 'Noviomagum' 2-max Seat #2 is the button
Seat 1: PbIbak ($155.78 in chips)
Seat 2: knysi ($89.72 in chips)
knysi: posts small blind $1
PbIbak: posts big blind $3
*** HOLE CARDS ***
knysi: raises $3 to $6
PbIbak: raises $3 to $9
knysi: calls $3
*** FLOP *** [4s 8c Kh]
PbIbak: bets $3
knysi: calls $3
*** TURN *** [4s 8c Kh] [As]
PbIbak: bets $6
knysi: folds
Uncalled bet ($6) returned to PbIbak
PbIbak collected $23.52 from pot
PbIbak: doesn't show hand
*** SUMMARY ***
Total pot $24 | Rake $0.48
Board [4s 8c Kh As]
Seat 1: PbIbak (big blind) collected ($23.52)
Seat 2: knysi (button) (small blind) folded on the Turn


PokerStars Hand #145000249250:  Hold'em Limit ($3/$6 USD) - 2015/12/07 20:29:54 ET
Table 'Noviomagum' 2-max Seat #1 is the button
Seat 1: PbIbak ($167.30 in chips)
Seat 2: knysi ($77.72 in chips)
PbIbak: posts small blind $1
knysi: posts big blind $3
*** HOLE CARDS ***
PbIbak: raises $3 to $6
knysi: calls $3
*** FLOP *** [7s 2s 3s]
knysi: checks
PbIbak: bets $3
knysi: calls $3
*** TURN *** [7s 2s 3s] [6d]
knysi: checks
PbIbak: bets $6
knysi: folds
Uncalled bet ($6) returned to PbIbak
PbIbak collected $17.64 from pot
PbIbak: doesn't show hand
*** SUMMARY ***
Total pot $18 | Rake $0.36
Board [7s 2s 3s 6d]
Seat 1: PbIbak (button) (small blind) collected ($17.64)
Seat 2: knysi (big blind) folded on the Turn


PokerStars Hand #145000271193:  Hold'em Limit ($3/$6 USD) - 2015/12/07 20:30:34 ET
Table 'Noviomagum' 2-max Seat #2 is the button
Seat 1: PbIbak ($151.94 in chips)
Seat 2: knysi ($91.86 in chips)
knysi: posts small blind $1
PbIbak: posts big blind $3
*** HOLE CARDS ***
knysi: raises $3 to $6
PbIbak: calls $3
*** FLOP *** [Qh 3h 8h]
PbIbak: checks
knysi: checks
*** TURN *** [Qh 3h 8h] [4d]
PbIbak: bets $6
knysi: folds
Uncalled bet ($6) returned to PbIbak
PbIbak collected $11.76 from pot
PbIbak: doesn't show hand
*** SUMMARY ***
Total pot $12 | Rake $0.24
Board [Qh 3h 8h 4d]
Seat 1: PbIbak (big blind) collected ($11.76)
Seat 2: knysi (button) (small blind) folded on the Turn


PokerStars Hand #145000276360:  Hold'em Limit ($3/$6 USD) - 2015/12/07 20:30:43 ET
Table 'Noviomagum' 2-max Seat #1 is the button
Seat 1: PbIbak ($157.70 in chips)
Seat 2: knysi ($85.86 in chips)
PbIbak: posts small blind $1
knysi: posts big blind $3
*** HOLE CARDS ***
PbIbak: raises $3 to $6
knysi: calls $3
*** FLOP *** [7d 6h 6c]
knysi: checks
PbIbak: bets $3
knysi: calls $3
*** TURN *** [7d 6h 6c] [5d]
knysi: checks
PbIbak: bets $6
knysi: folds
Uncalled bet ($6) returned to PbIbak
PbIbak collected $17.64 from pot
PbIbak: doesn't show hand
*** SUMMARY ***
Total pot $18 | Rake $0.36
Board [7d 6h 6c 5d]
Seat 1: PbIbak (button) (small blind) collected ($17.64)
Seat 2: knysi (big blind) folded on the Turn


PokerStars Hand #145000286027:  Hold'em Limit ($3/$6 USD) - 2015/12/07 20:31:01 ET
Table 'Noviomagum' 2-max Seat #1 is the button
Seat 1: PbIbak ($167.34 in chips)
Seat 2: knysi ($75.86 in chips)
PbIbak: posts small blind $1
knysi: posts big blind $3
*** HOLE CARDS ***
PbIbak: folds
Uncalled bet ($2) returned to knysi
knysi collected $2 from pot
knysi: doesn't show hand
*** SUMMARY ***
Total pot $2 | Rake $0
Seat 1: PbIbak (button) (small blind) folded before Flop
Seat 2: knysi (big blind) collected ($2)


PokerStars Hand #145000283569:  Hold'em Limit ($3/$6 USD) - 2015/12/07 20:30:56 ET
Table 'Noviomagum' 2-max Seat #2 is the button
Seat 1: PbIbak ($166.34 in chips)
Seat 2: knysi ($76.86 in chips)
knysi: posts small blind $1
PbIbak: posts big blind $3
*** HOLE CARDS ***
knysi: folds
Uncalled bet ($2) returned to PbIbak
PbIbak collected $2 from pot
PbIbak: doesn't show hand
*** SUMMARY ***
Total pot $2 | Rake $0
Seat 1: PbIbak (big blind) collected ($2)
Seat 2: knysi (button) (small blind) folded before Flop


PokerStars Hand #145000288383:  Hold'em Limit ($3/$6 USD) - 2015/12/07 20:31:05 ET
Table 'Noviomagum' 2-max Seat #2 is the button
Seat 1: PbIbak ($166.34 in chips)
Seat 2: knysi ($76.86 in chips)
knysi: posts small blind $1
PbIbak: posts big blind $3
*** HOLE CARDS ***
knysi: raises $3 to $6
PbIbak: calls $3
*** FLOP *** [7h Jd 6d]
PbIbak: checks
knysi: checks
*** TURN *** [7h Jd 6d] [2d]
PbIbak: checks
knysi: bets $6
PbIbak: calls $6
*** RIVER *** [7h Jd 6d 2d] [9d]
PbIbak: bets $6
knysi: folds
Uncalled bet ($6) returned to PbIbak
PbIbak collected $23.52 from pot
PbIbak: doesn't show hand
*** SUMMARY ***
Total pot $24 | Rake $0.48
Board [7h Jd 6d 2d 9d]
Seat 1: PbIbak (big blind) collected ($23.52)
Seat 2: knysi (button) (small blind) folded on the River


PokerStars Hand #145000297275:  Hold'em Limit ($3/$6 USD) - 2015/12/07 20:31:21 ET
Table 'Noviomagum' 2-max Seat #1 is the button
Seat 1: PbIbak ($177.86 in chips)
Seat 2: knysi ($64.86 in chips)
PbIbak: posts small blind $1
knysi: posts big blind $3
*** HOLE CARDS ***
PbIbak: raises $3 to $6
knysi: calls $3
*** FLOP *** [Js Kc Kd]
knysi: checks
PbIbak: bets $3
knysi: calls $3
*** TURN *** [Js Kc Kd] [6s]
knysi: checks
PbIbak: bets $6
knysi: calls $6
*** RIVER *** [Js Kc Kd 6s] [2c]
knysi: checks
PbIbak: bets $6
knysi: folds
Uncalled bet ($6) returned to PbIbak
PbIbak collected $29.50 from pot
PbIbak: doesn't show hand
*** SUMMARY ***
Total pot $30 | Rake $0.50
Board [Js Kc Kd 6s 2c]
Seat 1: PbIbak (button) (small blind) collected ($29.50)
Seat 2: knysi (big blind) folded on the River


PokerStars Hand #145000305975:  Hold'em Limit ($3/$6 USD) - 2015/12/07 20:31:37 ET
Table 'Noviomagum' 2-max Seat #2 is the button
Seat 1: PbIbak ($192.36 in chips)
Seat 2: knysi ($49.86 in chips)
knysi: posts small blind $1
PbIbak: posts big blind $3
*** HOLE CARDS ***
knysi: folds
Uncalled bet ($2) returned to PbIbak
PbIbak collected $2 from pot
PbIbak: doesn't show hand
*** SUMMARY ***
Total pot $2 | Rake $0
Seat 1: PbIbak (big blind) collected ($2)
Seat 2: knysi (button) (small blind) folded before Flop


PokerStars Hand #145000314197:  Hold'em Limit ($3/$6 USD) - 2015/12/07 20:31:52 ET
Table 'Noviomagum' 2-max Seat #2 is the button
Seat 1: PbIbak ($199.12 in chips)
Seat 2: knysi ($42.86 in chips)
knysi: posts small blind $1
PbIbak: posts big blind $3
*** HOLE CARDS ***
knysi: raises $3 to $6
PbIbak: folds
Uncalled bet ($3) returned to knysi
knysi collected $6 from pot
knysi: doesn't show hand
*** SUMMARY ***
Total pot $6 | Rake $0
Seat 1: PbIbak (big blind) folded before Flop
Seat 2: knysi (button) (small blind) collected ($6)


PokerStars Hand #145000308359:  Hold'em Limit ($3/$6 USD) - 2015/12/07 20:31:42 ET
Table 'Noviomagum' 2-max Seat #1 is the button
Seat 1: PbIbak ($193.36 in chips)
Seat 2: knysi ($48.86 in chips)
PbIbak: posts small blind $1
knysi: posts big blind $3
*** HOLE CARDS ***
PbIbak: raises $3 to $6
knysi: calls $3
*** FLOP *** [Jh As 4h]
knysi: checks
PbIbak: bets $3
knysi: folds
Uncalled bet ($3) returned to PbIbak
PbIbak collected $11.76 from pot
PbIbak: doesn't show hand
*** SUMMARY ***
Total pot $12 | Rake $0.24
Board [Jh As 4h]
Seat 1: PbIbak (button) (small blind) collected ($11.76)
Seat 2: knysi (big blind) folded on the Flop


PokerStars Hand #145000319583:  Hold'em Limit ($3/$6 USD) - 2015/12/07 20:32:02 ET
Table 'Noviomagum' 2-max Seat #2 is the button
Seat 1: PbIbak ($199.12 in chips)
Seat 2: knysi ($42.86 in chips)
knysi: posts small blind $1
PbIbak: posts big blind $3
*** HOLE CARDS ***
knysi: folds
Uncalled bet ($2) returned to PbIbak
PbIbak collected $2 from pot
PbIbak: doesn't show hand
*** SUMMARY ***
Total pot $2 | Rake $0
Seat 1: PbIbak (big blind) collected ($2)
Seat 2: knysi (button) (small blind) folded before Flop


PokerStars Hand #145000317292:  Hold'em Limit ($3/$6 USD) - 2015/12/07 20:31:58 ET
Table 'Noviomagum' 2-max Seat #1 is the button
Seat 1: PbIbak ($196.12 in chips)
Seat 2: knysi ($45.86 in chips)
PbIbak: posts small blind $1
knysi: posts big blind $3
*** HOLE CARDS ***
PbIbak: raises $3 to $6
knysi: folds
Uncalled bet ($3) returned to PbIbak
PbIbak collected $6 from pot
PbIbak: doesn't show hand
*** SUMMARY ***
Total pot $6 | Rake $0
Seat 1: PbIbak (button) (small blind) collected ($6)
Seat 2: knysi (big blind) folded before Flop


PokerStars Hand #145000321931:  Hold'em Limit ($3/$6 USD) - 2015/12/07 20:32:06 ET
Table 'Noviomagum' 2-max Seat #1 is the button
Seat 1: PbIbak ($200.12 in chips)
Seat 2: knysi ($41.86 in chips)
PbIbak: posts small blind $1
knysi: posts big blind $3
*** HOLE CARDS ***
PbIbak: raises $3 to $6
knysi: calls $3
*** FLOP *** [8d 5h Kc]
knysi: checks
PbIbak: bets $3
knysi: folds
Uncalled bet ($3) returned to PbIbak
PbIbak collected $11.76 from pot
PbIbak: doesn't show hand
*** SUMMARY ***
Total pot $12 | Rake $0.24
Board [8d 5h Kc]
Seat 1: PbIbak (button) (small blind) collected ($11.76)
Seat 2: knysi (big blind) folded on the Flop


PokerStars Hand #145000331732:  Hold'em Limit ($3/$6 USD) - 2015/12/07 20:32:24 ET
Table 'Noviomagum' 2-max Seat #1 is the button
Seat 1: PbIbak ($214.52 in chips)
Seat 2: knysi ($26.86 in chips)
PbIbak: posts small blind $1
knysi: posts big blind $3
*** HOLE CARDS ***
PbIbak: raises $3 to $6
knysi: folds
Uncalled bet ($3) returned to PbIbak
PbIbak collected $6 from pot
PbIbak: doesn't show hand
*** SUMMARY ***
Total pot $6 | Rake $0
Seat 1: PbIbak (button) (small blind) collected ($6)
Seat 2: knysi (big blind) folded before Flop


PokerStars Hand #145000326305:  Hold'em Limit ($3/$6 USD) - 2015/12/07 20:32:14 ET
Table 'Noviomagum' 2-max Seat #2 is the button
Seat 1: PbIbak ($205.88 in chips)
Seat 2: knysi ($35.86 in chips)
knysi: posts small blind $1
PbIbak: posts big blind $3
*** HOLE CARDS ***
knysi: raises $3 to $6
PbIbak: calls $3
*** FLOP *** [4s 4d Qd]
PbIbak: bets $3
knysi: calls $3
*** TURN *** [4s 4d Qd] [7c]
PbIbak: bets $6
knysi: folds
Uncalled bet ($6) returned to PbIbak
PbIbak collected $17.64 from pot
PbIbak: doesn't show hand
*** SUMMARY ***
Total pot $18 | Rake $0.36
Board [4s 4d Qd 7c]
Seat 1: PbIbak (big blind) collected ($17.64)
Seat 2: knysi (button) (small blind) folded on the Turn


PokerStars Hand #145000334029:  Hold'em Limit ($3/$6 USD) - 2015/12/07 20:32:28 ET
Table 'Noviomagum' 2-max Seat #2 is the button
Seat 1: PbIbak ($217.52 in chips)
Seat 2: knysi ($23.86 in chips)
knysi: posts small blind $1
PbIbak: posts big blind $3
*** HOLE CARDS ***
knysi: folds
Uncalled bet ($2) returned to PbIbak
PbIbak collected $2 from pot
PbIbak: doesn't show hand
*** SUMMARY ***
Total pot $2 | Rake $0
Seat 1: PbIbak (big blind) collected ($2)
Seat 2: knysi (button) (small blind) folded before Flop


PokerStars Hand #145000336337:  Hold'em Limit ($3/$6 USD) - 2015/12/07 20:32:33 ET
Table 'Noviomagum' 2-max Seat #1 is the button
Seat 1: PbIbak ($218.52 in chips)
Seat 2: knysi ($22.86 in chips)
PbIbak: posts small blind $1
knysi: posts big blind $3
*** HOLE CARDS ***
PbIbak: raises $3 to $6
knysi: calls $3
*** FLOP *** [Tc 7h 4s]
knysi: checks
PbIbak: bets $3
knysi: raises $3 to $6
PbIbak: calls $3
*** TURN *** [Tc 7h 4s] [9c]
knysi: bets $6
PbIbak: calls $6
*** RIVER *** [Tc 7h 4s 9c] [9d]
knysi: bets $4.86 and is all-in
PbIbak: calls $4.86
*** SHOW DOWN ***
knysi: shows [Ac 4c] (two pair, Nines and Fours)
PbIbak: shows [7s Ad] (two pair, Nines and Sevens)
PbIbak collected $45.22 from pot
*** SUMMARY ***
Total pot $45.72 | Rake $0.50
Board [Tc 7h 4s 9c 9d]
Seat 1: PbIbak (button) (small blind) showed [7s Ad] and won ($45.22) with two pair, Nines and Sevens
Seat 2: knysi (big blind) showed [Ac 4c] and lost with two pair, Nines and Fours


