PokerStars Hand #163826364840:  Hold'em Limit ($3/$6 USD) - 2016/12/31 12:04:21 ET
Table 'Nuki' 6-max Seat #1 is the button
Seat 1: LifeisagameX ($84 in chips)
Seat 2: Schwedi777 ($60.22 in chips)
LifeisagameX: posts small blind $1
Schwedi777: posts big blind $3
*** HOLE CARDS ***
LifeisagameX: raises $3 to $6
Schwedi777: calls $3
*** FLOP *** [Kh 9d Td]
Schwedi777: bets $3
LifeisagameX: raises $3 to $6
Schwedi777: calls $3
*** TURN *** [Kh 9d Td] [Qc]
Schwedi777: checks
LifeisagameX: bets $6
Schwedi777: calls $6
*** RIVER *** [Kh 9d Td Qc] [6c]
Schwedi777: checks
LifeisagameX: bets $6
Schwedi777: folds
Uncalled bet ($6) returned to LifeisagameX
LifeisagameX collected $35.50 from pot
LifeisagameX: doesn't show hand
*** SUMMARY ***
Total pot $36 | Rake $0.50
Board [Kh 9d Td Qc 6c]
Seat 1: LifeisagameX (button) (small blind) collected ($35.50)
Seat 2: Schwedi777 (big blind) folded on the River


PokerStars Hand #163826418643:  Hold'em Limit ($3/$6 USD) - 2016/12/31 12:05:33 ET
Table 'Nuki' 6-max Seat #2 is the button
Seat 1: LifeisagameX ($107.38 in chips)
Seat 2: Schwedi777 ($36.22 in chips)
Schwedi777: posts small blind $1
LifeisagameX: posts big blind $3
*** HOLE CARDS ***
Schwedi777: folds
Uncalled bet ($2) returned to LifeisagameX
LifeisagameX collected $2 from pot
LifeisagameX: doesn't show hand
*** SUMMARY ***
Total pot $2 | Rake $0
Seat 1: LifeisagameX (big blind) collected ($2)
Seat 2: Schwedi777 (button) (small blind) folded before Flop


PokerStars Hand #163826413107:  Hold'em Limit ($3/$6 USD) - 2016/12/31 12:05:25 ET
Table 'Nuki' 6-max Seat #1 is the button
Seat 1: LifeisagameX ($108.38 in chips)
Seat 2: Schwedi777 ($35.22 in chips)
LifeisagameX: posts small blind $1
Schwedi777: posts big blind $3
*** HOLE CARDS ***
LifeisagameX: folds
Uncalled bet ($2) returned to Schwedi777
Schwedi777 collected $2 from pot
*** SUMMARY ***
Total pot $2 | Rake $0
Seat 1: LifeisagameX (button) (small blind) folded before Flop
Seat 2: Schwedi777 (big blind) collected ($2)


PokerStars Hand #163826409055:  Hold'em Limit ($3/$6 USD) - 2016/12/31 12:05:20 ET
Table 'Nuki' 6-max Seat #2 is the button
Seat 1: LifeisagameX ($107.38 in chips)
Seat 2: Schwedi777 ($36.22 in chips)
Schwedi777: posts small blind $1
LifeisagameX: posts big blind $3
*** HOLE CARDS ***
Schwedi777: folds
Uncalled bet ($2) returned to LifeisagameX
LifeisagameX collected $2 from pot
LifeisagameX: doesn't show hand
*** SUMMARY ***
Total pot $2 | Rake $0
Seat 1: LifeisagameX (big blind) collected ($2)
Seat 2: Schwedi777 (button) (small blind) folded before Flop


PokerStars Hand #163826403836:  Hold'em Limit ($3/$6 USD) - 2016/12/31 12:05:13 ET
Table 'Nuki' 6-max Seat #1 is the button
Seat 1: LifeisagameX ($104.38 in chips)
Seat 2: Schwedi777 ($39.22 in chips)
LifeisagameX: posts small blind $1
Schwedi777: posts big blind $3
*** HOLE CARDS ***
LifeisagameX: raises $3 to $6
Schwedi777: folds
Uncalled bet ($3) returned to LifeisagameX
LifeisagameX collected $6 from pot
LifeisagameX: doesn't show hand
*** SUMMARY ***
Total pot $6 | Rake $0
Seat 1: LifeisagameX (button) (small blind) collected ($6)
Seat 2: Schwedi777 (big blind) folded before Flop


PokerStars Hand #163826387349:  Hold'em Limit ($3/$6 USD) - 2016/12/31 12:04:51 ET
Table 'Nuki' 6-max Seat #2 is the button
Seat 1: LifeisagameX ($101.50 in chips)
Seat 2: Schwedi777 ($42.22 in chips)
Schwedi777: posts small blind $1
LifeisagameX: posts big blind $3
*** HOLE CARDS ***
Schwedi777: calls $2
LifeisagameX: checks
*** FLOP *** [Jc 7c 7s]
LifeisagameX: checks
Schwedi777: checks
*** TURN *** [Jc 7c 7s] [3h]
LifeisagameX: bets $6
Schwedi777: folds
Uncalled bet ($6) returned to LifeisagameX
LifeisagameX collected $5.88 from pot
LifeisagameX: doesn't show hand
*** SUMMARY ***
Total pot $6 | Rake $0.12
Board [Jc 7c 7s 3h]
Seat 1: LifeisagameX (big blind) collected ($5.88)
Seat 2: Schwedi777 (button) (small blind) folded on the Turn


PokerStars Hand #163826424331:  Hold'em Limit ($3/$6 USD) - 2016/12/31 12:05:40 ET
Table 'Nuki' 6-max Seat #1 is the button
Seat 1: LifeisagameX ($108.38 in chips)
Seat 2: Schwedi777 ($35.22 in chips)
LifeisagameX: posts small blind $1
Schwedi777: posts big blind $3
*** HOLE CARDS ***
LifeisagameX: raises $3 to $6
Schwedi777: calls $3
*** FLOP *** [Kc Qc Ad]
Schwedi777: checks
LifeisagameX: bets $3
Schwedi777: calls $3
*** TURN *** [Kc Qc Ad] [Jc]
Schwedi777: bets $6
LifeisagameX: calls $6
*** RIVER *** [Kc Qc Ad Jc] [Kh]
Schwedi777: bets $6
PrayFTR joins the table at seat #3
LifeisagameX: folds
Uncalled bet ($6) returned to Schwedi777
Schwedi777 collected $29.50 from pot
*** SUMMARY ***
Total pot $30 | Rake $0.50
Board [Kc Qc Ad Jc Kh]
Seat 1: LifeisagameX (button) (small blind) folded on the River
Seat 2: Schwedi777 (big blind) collected ($29.50)


PokerStars Hand #163827089638:  Hold'em Limit ($3/$6 USD) - 2016/12/31 12:20:40 ET
Table 'Nuki' 6-max Seat #6 is the button
Seat 4: Chessnok ($222.45 in chips)
Seat 6: juustmuckit1 ($127.50 in chips)
juustmuckit1: posts small blind $1
Chessnok: posts big blind $3
*** HOLE CARDS ***
juustmuckit1: raises $3 to $6
Chessnok: calls $3
*** FLOP *** [Jd 4d 9d]
Chessnok: checks
juustmuckit1: bets $3
Chessnok: folds
Uncalled bet ($3) returned to juustmuckit1
juustmuckit1 collected $11.76 from pot
*** SUMMARY ***
Total pot $12 | Rake $0.24
Board [Jd 4d 9d]
Seat 4: Chessnok (big blind) folded on the Flop
Seat 6: juustmuckit1 (button) (small blind) collected ($11.76)


PokerStars Hand #163827126043:  Hold'em Limit ($3/$6 USD) - 2016/12/31 12:21:16 ET
Table 'Nuki' 6-max Seat #6 is the button
Seat 4: Chessnok ($201.45 in chips)
Seat 6: juustmuckit1 ($147.76 in chips)
juustmuckit1: posts small blind $1
Chessnok: posts big blind $3
*** HOLE CARDS ***
juustmuckit1: folds
Uncalled bet ($2) returned to Chessnok
Chessnok collected $2 from pot
Chessnok: doesn't show hand
*** SUMMARY ***
Total pot $2 | Rake $0
Seat 4: Chessnok (big blind) collected ($2)
Seat 6: juustmuckit1 (button) (small blind) folded before Flop


PokerStars Hand #163827110380:  Hold'em Limit ($3/$6 USD) - 2016/12/31 12:20:55 ET
Table 'Nuki' 6-max Seat #4 is the button
Seat 4: Chessnok ($216.45 in chips)
Seat 6: juustmuckit1 ($133.26 in chips)
Chessnok: posts small blind $1
juustmuckit1: posts big blind $3
*** HOLE CARDS ***
Chessnok: raises $3 to $6
juustmuckit1: calls $3
*** FLOP *** [6s 3s Tc]
juustmuckit1: checks
Chessnok: bets $3
juustmuckit1: calls $3
*** TURN *** [6s 3s Tc] [7h]
juustmuckit1: checks
Chessnok: checks
*** RIVER *** [6s 3s Tc 7h] [Ac]
juustmuckit1: bets $6
Chessnok: calls $6
*** SHOW DOWN ***
juustmuckit1: shows [Ah Jd] (a pair of Aces)
Chessnok: mucks hand
juustmuckit1 collected $29.50 from pot
*** SUMMARY ***
Total pot $30 | Rake $0.50
Board [6s 3s Tc 7h Ac]
Seat 4: Chessnok (button) (small blind) mucked
Seat 6: juustmuckit1 (big blind) showed [Ah Jd] and won ($29.50) with a pair of Aces


PokerStars Hand #163827129996:  Hold'em Limit ($3/$6 USD) - 2016/12/31 12:21:22 ET
Table 'Nuki' 6-max Seat #4 is the button
Seat 4: Chessnok ($202.45 in chips)
Seat 6: juustmuckit1 ($146.76 in chips)
Chessnok: posts small blind $1
juustmuckit1: posts big blind $3
*** HOLE CARDS ***
Chessnok: raises $3 to $6
juustmuckit1: folds
Uncalled bet ($3) returned to Chessnok
Chessnok collected $6 from pot
Chessnok: doesn't show hand
*** SUMMARY ***
Total pot $6 | Rake $0
Seat 4: Chessnok (button) (small blind) collected ($6)
Seat 6: juustmuckit1 (big blind) folded before Flop


PokerStars Hand #163827149861:  Hold'em Limit ($3/$6 USD) - 2016/12/31 12:21:48 ET
Table 'Nuki' 6-max Seat #4 is the button
Seat 4: Chessnok ($219.95 in chips)
Seat 6: juustmuckit1 ($128.76 in chips)
Chessnok: posts small blind $1
juustmuckit1: posts big blind $3
*** HOLE CARDS ***
Chessnok: folds
Uncalled bet ($2) returned to juustmuckit1
juustmuckit1 collected $2 from pot
juustmuckit1: doesn't show hand
*** SUMMARY ***
Total pot $2 | Rake $0
Seat 4: Chessnok (button) (small blind) folded before Flop
Seat 6: juustmuckit1 (big blind) collected ($2)


PokerStars Hand #163827134044:  Hold'em Limit ($3/$6 USD) - 2016/12/31 12:21:27 ET
Table 'Nuki' 6-max Seat #6 is the button
Seat 4: Chessnok ($205.45 in chips)
Seat 6: juustmuckit1 ($143.76 in chips)
juustmuckit1: posts small blind $1
Chessnok: posts big blind $3
*** HOLE CARDS ***
juustmuckit1: raises $3 to $6
Chessnok: calls $3
*** FLOP *** [8c 6h Qd]
Chessnok: checks
juustmuckit1: bets $3
Chessnok: calls $3
*** TURN *** [8c 6h Qd] [6c]
Chessnok: bets $6
juustmuckit1: calls $6
*** RIVER *** [8c 6h Qd 6c] [Js]
Chessnok: bets $6
juustmuckit1: folds
Uncalled bet ($6) returned to Chessnok
Chessnok collected $29.50 from pot
Chessnok: doesn't show hand
*** SUMMARY ***
Total pot $30 | Rake $0.50
Board [8c 6h Qd 6c Js]
Seat 4: Chessnok (big blind) collected ($29.50)
Seat 6: juustmuckit1 (button) (small blind) folded on the River


PokerStars Hand #163827153504:  Hold'em Limit ($3/$6 USD) - 2016/12/31 12:21:53 ET
Table 'Nuki' 6-max Seat #6 is the button
Seat 4: Chessnok ($218.95 in chips)
Seat 6: juustmuckit1 ($129.76 in chips)
juustmuckit1: posts small blind $1
Chessnok: posts big blind $3
*** HOLE CARDS ***
juustmuckit1: raises $3 to $6
Chessnok: calls $3
*** FLOP *** [9h 2d 8h]
Chessnok: checks
juustmuckit1: bets $3
Chessnok: calls $3
*** TURN *** [9h 2d 8h] [7s]
Chessnok: checks
juustmuckit1: bets $6
Chessnok: calls $6
*** RIVER *** [9h 2d 8h 7s] [9d]
Chessnok: checks
juustmuckit1: bets $6
Chessnok: folds
Uncalled bet ($6) returned to juustmuckit1
juustmuckit1 collected $29.50 from pot
*** SUMMARY ***
Total pot $30 | Rake $0.50
Board [9h 2d 8h 7s 9d]
Seat 4: Chessnok (big blind) folded on the River
Seat 6: juustmuckit1 (button) (small blind) collected ($29.50)


PokerStars Hand #163827168742:  Hold'em Limit ($3/$6 USD) - 2016/12/31 12:22:13 ET
Table 'Nuki' 6-max Seat #4 is the button
Seat 4: Chessnok ($203.95 in chips)
Seat 6: juustmuckit1 ($144.26 in chips)
Chessnok: posts small blind $1
juustmuckit1: posts big blind $3
*** HOLE CARDS ***
Chessnok: raises $3 to $6
juustmuckit1: folds
Uncalled bet ($3) returned to Chessnok
Chessnok collected $6 from pot
Chessnok: doesn't show hand
*** SUMMARY ***
Total pot $6 | Rake $0
Seat 4: Chessnok (button) (small blind) collected ($6)
Seat 6: juustmuckit1 (big blind) folded before Flop


PokerStars Hand #163827173071:  Hold'em Limit ($3/$6 USD) - 2016/12/31 12:22:19 ET
Table 'Nuki' 6-max Seat #6 is the button
Seat 4: Chessnok ($206.95 in chips)
Seat 6: juustmuckit1 ($141.26 in chips)
juustmuckit1: posts small blind $1
Chessnok: posts big blind $3
*** HOLE CARDS ***
juustmuckit1: folds
Uncalled bet ($2) returned to Chessnok
Chessnok collected $2 from pot
Chessnok: doesn't show hand
*** SUMMARY ***
Total pot $2 | Rake $0
Seat 4: Chessnok (big blind) collected ($2)
Seat 6: juustmuckit1 (button) (small blind) folded before Flop


PokerStars Hand #163827176710:  Hold'em Limit ($3/$6 USD) - 2016/12/31 12:22:24 ET
Table 'Nuki' 6-max Seat #4 is the button
Seat 4: Chessnok ($207.95 in chips)
Seat 6: juustmuckit1 ($140.26 in chips)
Chessnok: posts small blind $1
juustmuckit1: posts big blind $3
*** HOLE CARDS ***
Chessnok: raises $3 to $6
juustmuckit1: calls $3
*** FLOP *** [Tc 3h 2h]
juustmuckit1: checks
Chessnok: bets $3
juustmuckit1: calls $3
*** TURN *** [Tc 3h 2h] [Qh]
juustmuckit1: checks
Chessnok: checks
*** RIVER *** [Tc 3h 2h Qh] [4d]
juustmuckit1: checks
Chessnok: bets $6
juustmuckit1: folds
Uncalled bet ($6) returned to Chessnok
Chessnok collected $17.64 from pot
Chessnok: doesn't show hand
*** SUMMARY ***
Total pot $18 | Rake $0.36
Board [Tc 3h 2h Qh 4d]
Seat 4: Chessnok (button) (small blind) collected ($17.64)
Seat 6: juustmuckit1 (big blind) folded on the River


PokerStars Hand #163827194056:  Hold'em Limit ($3/$6 USD) - 2016/12/31 12:22:47 ET
Table 'Nuki' 6-max Seat #4 is the button
Seat 4: Chessnok ($217.59 in chips)
Seat 6: juustmuckit1 ($130.26 in chips)
Chessnok: posts small blind $1
juustmuckit1: posts big blind $3
*** HOLE CARDS ***
Chessnok: raises $3 to $6
juustmuckit1: folds
Uncalled bet ($3) returned to Chessnok
Chessnok collected $6 from pot
Chessnok: doesn't show hand
*** SUMMARY ***
Total pot $6 | Rake $0
Seat 4: Chessnok (button) (small blind) collected ($6)
Seat 6: juustmuckit1 (big blind) folded before Flop


PokerStars Hand #163827190447:  Hold'em Limit ($3/$6 USD) - 2016/12/31 12:22:42 ET
Table 'Nuki' 6-max Seat #6 is the button
Seat 4: Chessnok ($216.59 in chips)
Seat 6: juustmuckit1 ($131.26 in chips)
juustmuckit1: posts small blind $1
Chessnok: posts big blind $3
*** HOLE CARDS ***
juustmuckit1: folds
Uncalled bet ($2) returned to Chessnok
Chessnok collected $2 from pot
Chessnok: doesn't show hand
*** SUMMARY ***
Total pot $2 | Rake $0
Seat 4: Chessnok (big blind) collected ($2)
Seat 6: juustmuckit1 (button) (small blind) folded before Flop


PokerStars Hand #163827201871:  Hold'em Limit ($3/$6 USD) - 2016/12/31 12:22:57 ET
Table 'Nuki' 6-max Seat #4 is the button
Seat 4: Chessnok ($221.59 in chips)
Seat 6: juustmuckit1 ($126.26 in chips)
Chessnok: posts small blind $1
juustmuckit1: posts big blind $3
*** HOLE CARDS ***
Chessnok: raises $3 to $6
juustmuckit1: folds
Uncalled bet ($3) returned to Chessnok
Chessnok collected $6 from pot
Chessnok: doesn't show hand
*** SUMMARY ***
Total pot $6 | Rake $0
Seat 4: Chessnok (button) (small blind) collected ($6)
Seat 6: juustmuckit1 (big blind) folded before Flop


PokerStars Hand #163827197882:  Hold'em Limit ($3/$6 USD) - 2016/12/31 12:22:52 ET
Table 'Nuki' 6-max Seat #6 is the button
Seat 4: Chessnok ($220.59 in chips)
Seat 6: juustmuckit1 ($127.26 in chips)
juustmuckit1: posts small blind $1
Chessnok: posts big blind $3
*** HOLE CARDS ***
juustmuckit1: folds
Uncalled bet ($2) returned to Chessnok
Chessnok collected $2 from pot
Chessnok: doesn't show hand
*** SUMMARY ***
Total pot $2 | Rake $0
Seat 4: Chessnok (big blind) collected ($2)
Seat 6: juustmuckit1 (button) (small blind) folded before Flop


PokerStars Hand #163827206061:  Hold'em Limit ($3/$6 USD) - 2016/12/31 12:23:03 ET
Table 'Nuki' 6-max Seat #6 is the button
Seat 4: Chessnok ($224.59 in chips)
Seat 6: juustmuckit1 ($123.26 in chips)
juustmuckit1: posts small blind $1
Chessnok: posts big blind $3
*** HOLE CARDS ***
juustmuckit1: raises $3 to $6
Chessnok: raises $3 to $9
juustmuckit1: calls $3
*** FLOP *** [4d 2h Ks]
Chessnok: bets $3
juustmuckit1: calls $3
*** TURN *** [4d 2h Ks] [Kc]
Chessnok: bets $6
juustmuckit1: calls $6
*** RIVER *** [4d 2h Ks Kc] [Jh]
Chessnok: bets $6
juustmuckit1: folds
Uncalled bet ($6) returned to Chessnok
Chessnok collected $35.50 from pot
Chessnok: doesn't show hand
*** SUMMARY ***
Total pot $36 | Rake $0.50
Board [4d 2h Ks Kc Jh]
Seat 4: Chessnok (big blind) collected ($35.50)
Seat 6: juustmuckit1 (button) (small blind) folded on the River


PokerStars Hand #163827220345:  Hold'em Limit ($3/$6 USD) - 2016/12/31 12:23:22 ET
Table 'Nuki' 6-max Seat #4 is the button
Seat 4: Chessnok ($242.09 in chips)
Seat 6: juustmuckit1 ($105.26 in chips)
Chessnok: posts small blind $1
juustmuckit1: posts big blind $3
*** HOLE CARDS ***
Chessnok: raises $3 to $6
juustmuckit1: folds
Uncalled bet ($3) returned to Chessnok
Chessnok collected $6 from pot
Chessnok: doesn't show hand
*** SUMMARY ***
Total pot $6 | Rake $0
Seat 4: Chessnok (button) (small blind) collected ($6)
Seat 6: juustmuckit1 (big blind) folded before Flop


