PokerStars Hand #154172206160:  Hold'em Limit ($3/$6 USD) - 2016/06/02 2:26:20 ET
Table 'Nuki' 10-max Seat #5 is the button
Seat 5: Fantomet ($168.44 in chips)
Seat 6: Agrotait ($86.62 in chips)
Fantomet: posts small blind $1
Agrotait: posts big blind $3
*** HOLE CARDS ***
Fantomet: raises $3 to $6
Agrotait: calls $3
*** FLOP *** [4s 9s 2h]
Agrotait: checks
Fantomet: bets $3
tomhradil112 said, "lol calling gay with A high lol fukin die to mor"
Agrotait: calls $3
*** TURN *** [4s 9s 2h] [Js]
Agrotait: checks
tomhradil112 said, "pidar pica vyjebana belorus"
Fantomet: checks
*** RIVER *** [4s 9s 2h Js] [Qd]
Agrotait: bets $6
Fantomet: raises $6 to $12
Agrotait: folds
Uncalled bet ($6) returned to Fantomet
Fantomet collected $29.50 from pot
*** SUMMARY ***
Total pot $30 | Rake $0.50
Board [4s 9s 2h Js Qd]
Seat 5: Fantomet (button) (small blind) collected ($29.50)
Seat 6: Agrotait (big blind) folded on the River


PokerStars Hand #154172220691:  Hold'em Limit ($3/$6 USD) - 2016/06/02 2:27:17 ET
Table 'Nuki' 10-max Seat #5 is the button
Seat 5: Fantomet ($176.94 in chips)
Seat 6: Agrotait ($77.38 in chips)
Fantomet: posts small blind $1
Agrotait: posts big blind $3
*** HOLE CARDS ***
Fantomet: raises $3 to $6
Agrotait: calls $3
*** FLOP *** [Ad 2c 6d]
Agrotait: checks
Fantomet: bets $3
Agrotait: folds
Uncalled bet ($3) returned to Fantomet
Fantomet collected $11.76 from pot
*** SUMMARY ***
Total pot $12 | Rake $0.24
Board [Ad 2c 6d]
Seat 5: Fantomet (button) (small blind) collected ($11.76)
Seat 6: Agrotait (big blind) folded on the Flop


PokerStars Hand #154172216685:  Hold'em Limit ($3/$6 USD) - 2016/06/02 2:27:02 ET
Table 'Nuki' 10-max Seat #6 is the button
Seat 5: Fantomet ($182.94 in chips)
Seat 6: Agrotait ($71.62 in chips)
Agrotait: posts small blind $1
Fantomet: posts big blind $3
*** HOLE CARDS ***
Agrotait: raises $3 to $6
Fantomet: calls $3
*** FLOP *** [3c 6h As]
tomhradil112 leaves the table
Fantomet: checks
Agrotait: bets $3
Fantomet: folds
Uncalled bet ($3) returned to Agrotait
Agrotait collected $11.76 from pot
Agrotait: doesn't show hand
*** SUMMARY ***
Total pot $12 | Rake $0.24
Board [3c 6h As]
Seat 5: Fantomet (big blind) folded on the Flop
Seat 6: Agrotait (button) (small blind) collected ($11.76)


PokerStars Hand #154172235449:  Hold'em Limit ($3/$6 USD) - 2016/06/02 2:28:16 ET
Table 'Nuki' 10-max Seat #5 is the button
Seat 5: Fantomet ($155.70 in chips)
Seat 6: Agrotait ($97.88 in chips)
Fantomet: posts small blind $1
Agrotait: posts big blind $3
*** HOLE CARDS ***
Fantomet: raises $3 to $6
Agrotait: calls $3
*** FLOP *** [5c 9c Jd]
Agrotait: checks
Fantomet: bets $3
Agrotait: folds
Uncalled bet ($3) returned to Fantomet
Fantomet collected $11.76 from pot
*** SUMMARY ***
Total pot $12 | Rake $0.24
Board [5c 9c Jd]
Seat 5: Fantomet (button) (small blind) collected ($11.76)
Seat 6: Agrotait (big blind) folded on the Flop


PokerStars Hand #154172226924:  Hold'em Limit ($3/$6 USD) - 2016/06/02 2:27:42 ET
Table 'Nuki' 10-max Seat #6 is the button
Seat 5: Fantomet ($182.70 in chips)
Seat 6: Agrotait ($71.38 in chips)
Agrotait: posts small blind $1
Fantomet: posts big blind $3
*** HOLE CARDS ***
Agrotait: raises $3 to $6
Fantomet: calls $3
*** FLOP *** [9c 6c 6s]
Fantomet: checks
Agrotait: bets $3
Fantomet: calls $3
*** TURN *** [9c 6c 6s] [5h]
Fantomet: checks
Agrotait: bets $6
Fantomet: raises $6 to $12
Agrotait: calls $6
*** RIVER *** [9c 6c 6s 5h] [Qc]
Fantomet: bets $6
Agrotait: calls $6
*** SHOW DOWN ***
Fantomet: shows [8c 6d] (three of a kind, Sixes)
Agrotait: shows [6h Tc] (three of a kind, Sixes - Queen+Ten kicker)
Agrotait collected $53.50 from pot
*** SUMMARY ***
Total pot $54 | Rake $0.50
Board [9c 6c 6s 5h Qc]
Seat 5: Fantomet (big blind) showed [8c 6d] and lost with three of a kind, Sixes
Seat 6: Agrotait (button) (small blind) showed [6h Tc] and won ($53.50) with three of a kind, Sixes


PokerStars Hand #154172246784:  Hold'em Limit ($3/$6 USD) - 2016/06/02 2:29:01 ET
Table 'Nuki' 10-max Seat #5 is the button
Seat 5: Fantomet ($181.96 in chips)
Seat 6: Agrotait ($70.88 in chips)
Fantomet: posts small blind $1
Agrotait: posts big blind $3
*** HOLE CARDS ***
Fantomet: raises $3 to $6
Agrotait: calls $3
*** FLOP *** [Jh Qc 6s]
Agrotait: bets $3
Fantomet: folds
Uncalled bet ($3) returned to Agrotait
Agrotait collected $11.76 from pot
Agrotait: doesn't show hand
*** SUMMARY ***
Total pot $12 | Rake $0.24
Board [Jh Qc 6s]
Seat 5: Fantomet (button) (small blind) folded on the Flop
Seat 6: Agrotait (big blind) collected ($11.76)


PokerStars Hand #154172238918:  Hold'em Limit ($3/$6 USD) - 2016/06/02 2:28:30 ET
Table 'Nuki' 10-max Seat #6 is the button
Seat 5: Fantomet ($161.46 in chips)
Seat 6: Agrotait ($91.88 in chips)
Agrotait: posts small blind $1
Fantomet: posts big blind $3
*** HOLE CARDS ***
Agrotait: raises $3 to $6
Fantomet: calls $3
*** FLOP *** [4s 7h 8d]
Fantomet: checks
Agrotait: bets $3
Fantomet: calls $3
*** TURN *** [4s 7h 8d] [Jd]
Fantomet: bets $6
Agrotait: calls $6
*** RIVER *** [4s 7h 8d Jd] [Ad]
Fantomet: bets $6
Agrotait: calls $6
*** SHOW DOWN ***
Fantomet: shows [4c As] (two pair, Aces and Fours)
Agrotait: mucks hand
Fantomet collected $41.50 from pot
*** SUMMARY ***
Total pot $42 | Rake $0.50
Board [4s 7h 8d Jd Ad]
Seat 5: Fantomet (big blind) showed [4c As] and won ($41.50) with two pair, Aces and Fours
Seat 6: Agrotait (button) (small blind) mucked


PokerStars Hand #154172270728:  Hold'em Limit ($3/$6 USD) - 2016/06/02 2:30:35 ET
Table 'Nuki' 10-max Seat #5 is the button
Seat 5: Fantomet ($163.96 in chips)
Seat 6: Agrotait ($88.16 in chips)
Fantomet: posts small blind $1
Agrotait: posts big blind $3
*** HOLE CARDS ***
Fantomet: raises $3 to $6
Agrotait: folds
Uncalled bet ($3) returned to Fantomet
Fantomet collected $6 from pot
*** SUMMARY ***
Total pot $6 | Rake $0
Seat 5: Fantomet (button) (small blind) collected ($6)
Seat 6: Agrotait (big blind) folded before Flop


PokerStars Hand #154172255975:  Hold'em Limit ($3/$6 USD) - 2016/06/02 2:29:37 ET
Table 'Nuki' 10-max Seat #6 is the button
Seat 5: Fantomet ($175.96 in chips)
Seat 6: Agrotait ($76.64 in chips)
Agrotait: posts small blind $1
Fantomet: posts big blind $3
*** HOLE CARDS ***
Agrotait: raises $3 to $6
Fantomet: raises $3 to $9
Agrotait: calls $3
*** FLOP *** [2h 8d 4h]
Fantomet: bets $3
Agrotait: calls $3
*** TURN *** [2h 8d 4h] [5s]
Fantomet: checks
Agrotait: bets $6
Fantomet: folds
Uncalled bet ($6) returned to Agrotait
Agrotait collected $23.52 from pot
Agrotait: doesn't show hand
*** SUMMARY ***
Total pot $24 | Rake $0.48
Board [2h 8d 4h 5s]
Seat 5: Fantomet (big blind) folded on the Turn
Seat 6: Agrotait (button) (small blind) collected ($23.52)


PokerStars Hand #154172275068:  Hold'em Limit ($3/$6 USD) - 2016/06/02 2:30:52 ET
Table 'Nuki' 10-max Seat #6 is the button
Seat 5: Fantomet ($166.96 in chips)
Seat 6: Agrotait ($85.16 in chips)
Agrotait: posts small blind $1
Fantomet: posts big blind $3
*** HOLE CARDS ***
Agrotait: raises $3 to $6
Fantomet: raises $3 to $9
Agrotait: calls $3
*** FLOP *** [As 7h 5s]
Fantomet: bets $3
Agrotait: folds
Uncalled bet ($3) returned to Fantomet
Fantomet collected $17.64 from pot
*** SUMMARY ***
Total pot $18 | Rake $0.36
Board [As 7h 5s]
Seat 5: Fantomet (big blind) collected ($17.64)
Seat 6: Agrotait (button) (small blind) folded on the Flop


PokerStars Hand #154172295877:  Hold'em Limit ($3/$6 USD) - 2016/06/02 2:32:13 ET
Table 'Nuki' 10-max Seat #6 is the button
Seat 5: Fantomet ($193.10 in chips)
Seat 6: Agrotait ($72 in chips)
Agrotait: posts small blind $1
Fantomet: posts big blind $3
*** HOLE CARDS ***
Agrotait: raises $3 to $6
Fantomet: raises $3 to $9
Agrotait: calls $3
*** FLOP *** [Qc 4s 9c]
Fantomet: bets $3
Agrotait: raises $3 to $6
Fantomet: calls $3
*** TURN *** [Qc 4s 9c] [4d]
Fantomet: checks
Agrotait: bets $6
Fantomet: calls $6
*** RIVER *** [Qc 4s 9c 4d] [Kc]
Fantomet: checks
Agrotait: bets $6
Fantomet: calls $6
*** SHOW DOWN ***
Agrotait: shows [4c Tc] (a flush, King high)
Fantomet: mucks hand
Agrotait collected $53.50 from pot
*** SUMMARY ***
Total pot $54 | Rake $0.50
Board [Qc 4s 9c 4d Kc]
Seat 5: Fantomet (big blind) mucked
Seat 6: Agrotait (button) (small blind) showed [4c Tc] and won ($53.50) with a flush, King high


PokerStars Hand #154172278968:  Hold'em Limit ($3/$6 USD) - 2016/06/02 2:31:07 ET
Table 'Nuki' 10-max Seat #5 is the button
Seat 5: Fantomet ($175.60 in chips)
Seat 6: Agrotait ($76.16 in chips)
Fantomet: posts small blind $1
Agrotait: posts big blind $3
*** HOLE CARDS ***
Fantomet: raises $3 to $6
Agrotait: raises $3 to $9
Fantomet: calls $3
*** FLOP *** [4c 9d 4d]
Agrotait: bets $3
Fantomet: calls $3
*** TURN *** [4c 9d 4d] [8d]
Agrotait: checks
Fantomet: checks
*** RIVER *** [4c 9d 4d 8d] [Kc]
Agrotait: checks
Fantomet: bets $6
Agrotait: calls $6
*** SHOW DOWN ***
Fantomet: shows [Kh 3s] (two pair, Kings and Fours)
Agrotait: mucks hand
Fantomet collected $35.50 from pot
*** SUMMARY ***
Total pot $36 | Rake $0.50
Board [4c 9d 4d 8d Kc]
Seat 5: Fantomet (button) (small blind) showed [Kh 3s] and won ($35.50) with two pair, Kings and Fours
Seat 6: Agrotait (big blind) mucked


PokerStars Hand #154172311565:  Hold'em Limit ($3/$6 USD) - 2016/06/02 2:33:14 ET
Table 'Nuki' 10-max Seat #6 is the button
Seat 5: Fantomet ($174.74 in chips)
Seat 6: Agrotait ($89.50 in chips)
Agrotait: posts small blind $1
Fantomet: posts big blind $3
*** HOLE CARDS ***
Agrotait: raises $3 to $6
Fantomet: calls $3
*** FLOP *** [9d Jh 7d]
Fantomet: checks
Agrotait: bets $3
Fantomet: folds
Uncalled bet ($3) returned to Agrotait
Agrotait collected $11.76 from pot
Agrotait: doesn't show hand
*** SUMMARY ***
Total pot $12 | Rake $0.24
Board [9d Jh 7d]
Seat 5: Fantomet (big blind) folded on the Flop
Seat 6: Agrotait (button) (small blind) collected ($11.76)


PokerStars Hand #154172304061:  Hold'em Limit ($3/$6 USD) - 2016/06/02 2:32:45 ET
Table 'Nuki' 10-max Seat #5 is the button
Seat 5: Fantomet ($166.10 in chips)
Seat 6: Agrotait ($98.50 in chips)
Fantomet: posts small blind $1
Agrotait: posts big blind $3
*** HOLE CARDS ***
Fantomet: raises $3 to $6
Agrotait: calls $3
*** FLOP *** [Qc 2s 8c]
Agrotait: checks
Fantomet: bets $3
Agrotait: calls $3
*** TURN *** [Qc 2s 8c] [7h]
Agrotait: checks
Fantomet: bets $6
Agrotait: folds
Uncalled bet ($6) returned to Fantomet
Fantomet collected $17.64 from pot
*** SUMMARY ***
Total pot $18 | Rake $0.36
Board [Qc 2s 8c 7h]
Seat 5: Fantomet (button) (small blind) collected ($17.64)
Seat 6: Agrotait (big blind) folded on the Turn


PokerStars Hand #154172316710:  Hold'em Limit ($3/$6 USD) - 2016/06/02 2:33:34 ET
Table 'Nuki' 10-max Seat #5 is the button
Seat 5: Fantomet ($168.74 in chips)
Seat 6: Agrotait ($95.26 in chips)
Fantomet: posts small blind $1
Agrotait: posts big blind $3
*** HOLE CARDS ***
Fantomet: folds
Uncalled bet ($2) returned to Agrotait
Agrotait collected $2 from pot
Agrotait: doesn't show hand
*** SUMMARY ***
Total pot $2 | Rake $0
Seat 5: Fantomet (button) (small blind) folded before Flop
Seat 6: Agrotait (big blind) collected ($2)


PokerStars Hand #154172332516:  Hold'em Limit ($3/$6 USD) - 2016/06/02 2:34:35 ET
Table 'Nuki' 10-max Seat #5 is the button
Seat 5: Fantomet ($140.74 in chips)
Seat 6: Agrotait ($122.76 in chips)
Fantomet: posts small blind $1
Agrotait: posts big blind $3
*** HOLE CARDS ***
Fantomet: folds
Uncalled bet ($2) returned to Agrotait
Agrotait collected $2 from pot
Agrotait: doesn't show hand
*** SUMMARY ***
Total pot $2 | Rake $0
Seat 5: Fantomet (button) (small blind) folded before Flop
Seat 6: Agrotait (big blind) collected ($2)


PokerStars Hand #154172317970:  Hold'em Limit ($3/$6 USD) - 2016/06/02 2:33:38 ET
Table 'Nuki' 10-max Seat #6 is the button
Seat 5: Fantomet ($167.74 in chips)
Seat 6: Agrotait ($96.26 in chips)
Agrotait: posts small blind $1
Fantomet: posts big blind $3
*** HOLE CARDS ***
Agrotait: raises $3 to $6
Fantomet: calls $3
*** FLOP *** [7c 4h 4d]
Fantomet: checks
Agrotait: bets $3
Fantomet: calls $3
*** TURN *** [7c 4h 4d] [3s]
Fantomet: checks
Agrotait: bets $6
Fantomet: raises $6 to $12
Agrotait: calls $6
*** RIVER *** [7c 4h 4d 3s] [7s]
Fantomet: bets $6
Agrotait: raises $6 to $12
Fantomet: folds
Uncalled bet ($6) returned to Agrotait
Agrotait collected $53.50 from pot
Agrotait: doesn't show hand
*** SUMMARY ***
Total pot $54 | Rake $0.50
Board [7c 4h 4d 3s 7s]
Seat 5: Fantomet (big blind) folded on the River
Seat 6: Agrotait (button) (small blind) collected ($53.50)


PokerStars Hand #154172333920:  Hold'em Limit ($3/$6 USD) - 2016/06/02 2:34:40 ET
Table 'Nuki' 10-max Seat #6 is the button
Seat 5: Fantomet ($139.74 in chips)
Seat 6: Agrotait ($123.76 in chips)
Agrotait: posts small blind $1
Fantomet: posts big blind $3
*** HOLE CARDS ***
Agrotait: raises $3 to $6
Fantomet: calls $3
*** FLOP *** [3h Td Kc]
Fantomet: checks
Agrotait: bets $3
Fantomet: folds
Uncalled bet ($3) returned to Agrotait
Agrotait collected $11.76 from pot
Agrotait: doesn't show hand
*** SUMMARY ***
Total pot $12 | Rake $0.24
Board [3h Td Kc]
Seat 5: Fantomet (big blind) folded on the Flop
Seat 6: Agrotait (button) (small blind) collected ($11.76)


PokerStars Hand #154172336622:  Hold'em Limit ($3/$6 USD) - 2016/06/02 2:34:51 ET
Table 'Nuki' 10-max Seat #5 is the button
Seat 5: Fantomet ($133.74 in chips)
Seat 6: Agrotait ($129.52 in chips)
Fantomet: posts small blind $1
Agrotait: posts big blind $3
*** HOLE CARDS ***
Fantomet: raises $3 to $6
Agrotait: calls $3
*** FLOP *** [Kc 7d 4c]
Agrotait: checks
Fantomet: bets $3
Agrotait: calls $3
*** TURN *** [Kc 7d 4c] [5d]
Agrotait: checks
Fantomet: bets $6
Agrotait: calls $6
*** RIVER *** [Kc 7d 4c 5d] [8d]
Agrotait: checks
Fantomet: bets $6
Agrotait: folds
Uncalled bet ($6) returned to Fantomet
Fantomet collected $29.50 from pot
*** SUMMARY ***
Total pot $30 | Rake $0.50
Board [Kc 7d 4c 5d 8d]
Seat 5: Fantomet (button) (small blind) collected ($29.50)
Seat 6: Agrotait (big blind) folded on the River


PokerStars Hand #154172346570:  Hold'em Limit ($3/$6 USD) - 2016/06/02 2:35:30 ET
Table 'Nuki' 10-max Seat #6 is the button
Seat 5: Fantomet ($148.24 in chips)
Seat 6: Agrotait ($114.52 in chips)
Agrotait: posts small blind $1
Fantomet: posts big blind $3
*** HOLE CARDS ***
Agrotait: raises $3 to $6
Fantomet: calls $3
*** FLOP *** [Jd Qc 4h]
Fantomet: checks
Agrotait: bets $3
Fantomet: calls $3
*** TURN *** [Jd Qc 4h] [7c]
Fantomet: checks
Agrotait: checks
*** RIVER *** [Jd Qc 4h 7c] [6h]
Fantomet: bets $6
Agrotait: calls $6
*** SHOW DOWN ***
Fantomet: shows [Kd 6c] (a pair of Sixes)
Agrotait: mucks hand
Fantomet collected $29.50 from pot
*** SUMMARY ***
Total pot $30 | Rake $0.50
Board [Jd Qc 4h 7c 6h]
Seat 5: Fantomet (big blind) showed [Kd 6c] and won ($29.50) with a pair of Sixes
Seat 6: Agrotait (button) (small blind) mucked


PokerStars Hand #154172352025:  Hold'em Limit ($3/$6 USD) - 2016/06/02 2:35:51 ET
Table 'Nuki' 10-max Seat #5 is the button
Seat 5: Fantomet ($162.74 in chips)
Seat 6: Agrotait ($99.52 in chips)
Fantomet: posts small blind $1
Agrotait: posts big blind $3
*** HOLE CARDS ***
Fantomet: raises $3 to $6
Agrotait: calls $3
*** FLOP *** [Js 9s 5d]
Agrotait: bets $3
Fantomet: calls $3
*** TURN *** [Js 9s 5d] [Ad]
Agrotait: checks
Fantomet: bets $6
Agrotait: calls $6
*** RIVER *** [Js 9s 5d Ad] [Qh]
Agrotait: checks
Fantomet: bets $6
Agrotait: calls $6
*** SHOW DOWN ***
Fantomet: shows [Kc Jh] (a pair of Jacks)
Agrotait: mucks hand
Fantomet collected $41.50 from pot
*** SUMMARY ***
Total pot $42 | Rake $0.50
Board [Js 9s 5d Ad Qh]
Seat 5: Fantomet (button) (small blind) showed [Kc Jh] and won ($41.50) with a pair of Jacks
Seat 6: Agrotait (big blind) mucked


PokerStars Hand #154172358743:  Hold'em Limit ($3/$6 USD) - 2016/06/02 2:36:17 ET
Table 'Nuki' 10-max Seat #6 is the button
Seat 5: Fantomet ($183.24 in chips)
Seat 6: Agrotait ($78.52 in chips)
Agrotait: posts small blind $1
Fantomet: posts big blind $3
*** HOLE CARDS ***
Agrotait: raises $3 to $6
Fantomet: calls $3
*** FLOP *** [Ah 7h 5d]
Fantomet: checks
Agrotait: bets $3
Fantomet: calls $3
*** TURN *** [Ah 7h 5d] [Tc]
Fantomet: checks
Agrotait: bets $6
Fantomet: calls $6
*** RIVER *** [Ah 7h 5d Tc] [8d]
Fantomet: checks
Agrotait: bets $6
Fantomet: folds
Uncalled bet ($6) returned to Agrotait
Agrotait collected $29.50 from pot
Agrotait: doesn't show hand
*** SUMMARY ***
Total pot $30 | Rake $0.50
Board [Ah 7h 5d Tc 8d]
Seat 5: Fantomet (big blind) folded on the River
Seat 6: Agrotait (button) (small blind) collected ($29.50)


PokerStars Hand #154172377820:  Hold'em Limit ($3/$6 USD) - 2016/06/02 2:37:00 ET
Table 'Nuki' 10-max Seat #5 is the button
Seat 5: Fantomet ($168.24 in chips)
Seat 6: Agrotait ($93.02 in chips)
Fantomet: posts small blind $1
Agrotait: posts big blind $3
*** HOLE CARDS ***
Fantomet: folds
Uncalled bet ($2) returned to Agrotait
Agrotait collected $2 from pot
Agrotait: doesn't show hand
*** SUMMARY ***
Total pot $2 | Rake $0
Seat 5: Fantomet (button) (small blind) folded before Flop
Seat 6: Agrotait (big blind) collected ($2)


PokerStars Hand #154172374437:  Hold'em Limit ($3/$6 USD) - 2016/06/02 2:36:47 ET
Table 'Nuki' 10-max Seat #6 is the button
Seat 5: Fantomet ($167.24 in chips)
Seat 6: Agrotait ($94.02 in chips)
Agrotait: posts small blind $1
Fantomet: posts big blind $3
*** HOLE CARDS ***
Agrotait: folds
Uncalled bet ($2) returned to Fantomet
Fantomet collected $2 from pot
*** SUMMARY ***
Total pot $2 | Rake $0
Seat 5: Fantomet (big blind) collected ($2)
Seat 6: Agrotait (button) (small blind) folded before Flop


PokerStars Hand #154172373232:  Hold'em Limit ($3/$6 USD) - 2016/06/02 2:36:43 ET
Table 'Nuki' 10-max Seat #5 is the button
Seat 5: Fantomet ($168.24 in chips)
Seat 6: Agrotait ($93.02 in chips)
Fantomet: posts small blind $1
Agrotait: posts big blind $3
*** HOLE CARDS ***
Fantomet: folds
Uncalled bet ($2) returned to Agrotait
Agrotait collected $2 from pot
Agrotait: doesn't show hand
*** SUMMARY ***
Total pot $2 | Rake $0
Seat 5: Fantomet (button) (small blind) folded before Flop
Seat 6: Agrotait (big blind) collected ($2)


PokerStars Hand #154172383019:  Hold'em Limit ($3/$6 USD) - 2016/06/02 2:37:21 ET
Table 'Nuki' 10-max Seat #5 is the button
Seat 5: Fantomet ($168.24 in chips)
Seat 6: Agrotait ($93.02 in chips)
Fantomet: posts small blind $1
Agrotait: posts big blind $3
*** HOLE CARDS ***
Fantomet: folds
Uncalled bet ($2) returned to Agrotait
Agrotait collected $2 from pot
Agrotait: doesn't show hand
*** SUMMARY ***
Total pot $2 | Rake $0
Seat 5: Fantomet (button) (small blind) folded before Flop
Seat 6: Agrotait (big blind) collected ($2)


PokerStars Hand #154172379052:  Hold'em Limit ($3/$6 USD) - 2016/06/02 2:37:05 ET
Table 'Nuki' 10-max Seat #6 is the button
Seat 5: Fantomet ($167.24 in chips)
Seat 6: Agrotait ($94.02 in chips)
Agrotait: posts small blind $1
Fantomet: posts big blind $3
*** HOLE CARDS ***
Agrotait: folds
Uncalled bet ($2) returned to Fantomet
Fantomet collected $2 from pot
*** SUMMARY ***
Total pot $2 | Rake $0
Seat 5: Fantomet (big blind) collected ($2)
Seat 6: Agrotait (button) (small blind) folded before Flop


PokerStars Hand #154172384328:  Hold'em Limit ($3/$6 USD) - 2016/06/02 2:37:26 ET
Table 'Nuki' 10-max Seat #6 is the button
Seat 5: Fantomet ($167.24 in chips)
Seat 6: Agrotait ($94.02 in chips)
Agrotait: posts small blind $1
Fantomet: posts big blind $3
*** HOLE CARDS ***
Agrotait: raises $3 to $6
Fantomet: calls $3
*** FLOP *** [8s 3d 9d]
Fantomet: checks
Agrotait: checks
*** TURN *** [8s 3d 9d] [Kc]
Fantomet: checks
Agrotait: bets $6
Fantomet: folds
Uncalled bet ($6) returned to Agrotait
Agrotait collected $11.76 from pot
Agrotait: doesn't show hand
*** SUMMARY ***
Total pot $12 | Rake $0.24
Board [8s 3d 9d Kc]
Seat 5: Fantomet (big blind) folded on the Turn
Seat 6: Agrotait (button) (small blind) collected ($11.76)


PokerStars Hand #154172395014:  Hold'em Limit ($3/$6 USD) - 2016/06/02 2:38:07 ET
Table 'Nuki' 10-max Seat #5 is the button
Seat 5: Fantomet ($161.24 in chips)
Seat 6: Agrotait ($99.78 in chips)
Fantomet: posts small blind $1
Agrotait: posts big blind $3
*** HOLE CARDS ***
Fantomet: raises $3 to $6
Agrotait: raises $3 to $9
Fantomet: calls $3
*** FLOP *** [6s Ks Th]
Agrotait: bets $3
Fantomet: calls $3
*** TURN *** [6s Ks Th] [7s]
Agrotait: checks
Fantomet: bets $6
Agrotait: calls $6
*** RIVER *** [6s Ks Th 7s] [8s]
Agrotait: checks
Fantomet: checks
*** SHOW DOWN ***
Agrotait: shows [Ah Jc] (high card Ace)
Fantomet: shows [9d 8d] (a straight, Six to Ten)
Fantomet collected $35.50 from pot
*** SUMMARY ***
Total pot $36 | Rake $0.50
Board [6s Ks Th 7s 8s]
Seat 5: Fantomet (button) (small blind) showed [9d 8d] and won ($35.50) with a straight, Six to Ten
Seat 6: Agrotait (big blind) showed [Ah Jc] and lost with high card Ace


PokerStars Hand #154172401212:  Hold'em Limit ($3/$6 USD) - 2016/06/02 2:38:31 ET
Table 'Nuki' 10-max Seat #6 is the button
Seat 5: Fantomet ($178.74 in chips)
Seat 6: Agrotait ($81.78 in chips)
Agrotait: posts small blind $1
Fantomet: posts big blind $3
*** HOLE CARDS ***
Agrotait: raises $3 to $6
Fantomet: raises $3 to $9
Agrotait: calls $3
*** FLOP *** [5d 3h 9s]
Fantomet: bets $3
Agrotait: calls $3
*** TURN *** [5d 3h 9s] [2c]
Fantomet: bets $6
Agrotait: folds
Uncalled bet ($6) returned to Fantomet
Fantomet collected $23.52 from pot
*** SUMMARY ***
Total pot $24 | Rake $0.48
Board [5d 3h 9s 2c]
Seat 5: Fantomet (big blind) collected ($23.52)
Seat 6: Agrotait (button) (small blind) folded on the Turn


PokerStars Hand #154172422884:  Hold'em Limit ($3/$6 USD) - 2016/06/02 2:39:55 ET
Table 'Nuki' 10-max Seat #5 is the button
Seat 5: Fantomet ($191.76 in chips)
Seat 6: Agrotait ($86.52 in chips)
Fantomet: posts small blind $1
Agrotait: posts big blind $3
*** HOLE CARDS ***
Fantomet: raises $3 to $6
Agrotait: calls $3
*** FLOP *** [Tc 3s 6c]
Agrotait: checks
Fantomet: bets $3
Agrotait: calls $3
*** TURN *** [Tc 3s 6c] [7d]
Agrotait: checks
Fantomet: bets $6
Agrotait: calls $6
*** RIVER *** [Tc 3s 6c 7d] [4s]
Agrotait: checks
Fantomet: checks
*** SHOW DOWN ***
Agrotait: shows [Qh 8c] (high card Queen)
Fantomet: shows [9h Ks] (high card King)
Fantomet collected $29.50 from pot
*** SUMMARY ***
Total pot $30 | Rake $0.50
Board [Tc 3s 6c 7d 4s]
Seat 5: Fantomet (button) (small blind) showed [9h Ks] and won ($29.50) with high card King
Seat 6: Agrotait (big blind) showed [Qh 8c] and lost with high card Queen


PokerStars Hand #154172421008:  Hold'em Limit ($3/$6 USD) - 2016/06/02 2:39:48 ET
Table 'Nuki' 10-max Seat #6 is the button
Seat 5: Fantomet ($194.76 in chips)
Seat 6: Agrotait ($83.52 in chips)
Agrotait: posts small blind $1
Fantomet: posts big blind $3
*** HOLE CARDS ***
Agrotait: raises $3 to $6
Fantomet: folds
Uncalled bet ($3) returned to Agrotait
Agrotait collected $6 from pot
Agrotait: doesn't show hand
*** SUMMARY ***
Total pot $6 | Rake $0
Seat 5: Fantomet (big blind) folded before Flop
Seat 6: Agrotait (button) (small blind) collected ($6)


PokerStars Hand #154172414246:  Hold'em Limit ($3/$6 USD) - 2016/06/02 2:39:21 ET
Table 'Nuki' 10-max Seat #5 is the button
Seat 5: Fantomet ($206.76 in chips)
Seat 6: Agrotait ($72 in chips)
Fantomet: posts small blind $1
Agrotait: posts big blind $3
*** HOLE CARDS ***
Fantomet: raises $3 to $6
Agrotait: calls $3
*** FLOP *** [2c 8s 7d]
Agrotait: checks
Fantomet: bets $3
Agrotait: raises $3 to $6
Fantomet: calls $3
*** TURN *** [2c 8s 7d] [Ad]
Agrotait: bets $6
Fantomet: folds
Uncalled bet ($6) returned to Agrotait
Agrotait collected $23.52 from pot
Agrotait: doesn't show hand
*** SUMMARY ***
Total pot $24 | Rake $0.48
Board [2c 8s 7d Ad]
Seat 5: Fantomet (button) (small blind) folded on the Turn
Seat 6: Agrotait (big blind) collected ($23.52)


PokerStars Hand #154172408022:  Hold'em Limit ($3/$6 USD) - 2016/06/02 2:38:57 ET
Table 'Nuki' 10-max Seat #6 is the button
Seat 5: Fantomet ($189.26 in chips)
Seat 6: Agrotait ($70.78 in chips)
Agrotait: posts small blind $1
Fantomet: posts big blind $3
*** HOLE CARDS ***
Agrotait: raises $3 to $6
Fantomet: raises $3 to $9
Agrotait: calls $3
*** FLOP *** [7s Qs Qd]
Fantomet: checks
Agrotait: bets $3
Fantomet: calls $3
*** TURN *** [7s Qs Qd] [2s]
Fantomet: checks
Agrotait: checks
*** RIVER *** [7s Qs Qd 2s] [6s]
Fantomet: bets $6
Agrotait: calls $6
*** SHOW DOWN ***
Fantomet: shows [As Ad] (a flush, Ace high)
Agrotait: mucks hand
Fantomet collected $35.50 from pot
*** SUMMARY ***
Total pot $36 | Rake $0.50
Board [7s Qs Qd 2s 6s]
Seat 5: Fantomet (big blind) showed [As Ad] and won ($35.50) with a flush, Ace high
Seat 6: Agrotait (button) (small blind) mucked


PokerStars Hand #154172436472:  Hold'em Limit ($3/$6 USD) - 2016/06/02 2:40:48 ET
Table 'Nuki' 10-max Seat #6 is the button
Seat 5: Fantomet ($206.26 in chips)
Seat 6: Agrotait ($71.52 in chips)
Agrotait: posts small blind $1
Fantomet: posts big blind $3
*** HOLE CARDS ***
Agrotait: folds
Uncalled bet ($2) returned to Fantomet
Fantomet collected $2 from pot
*** SUMMARY ***
Total pot $2 | Rake $0
Seat 5: Fantomet (big blind) collected ($2)
Seat 6: Agrotait (button) (small blind) folded before Flop


PokerStars Hand #154172438771:  Hold'em Limit ($3/$6 USD) - 2016/06/02 2:40:56 ET
Table 'Nuki' 10-max Seat #5 is the button
Seat 5: Fantomet ($207.26 in chips)
Seat 6: Agrotait ($70.52 in chips)
Fantomet: posts small blind $1
Agrotait: posts big blind $3
*** HOLE CARDS ***
Fantomet: raises $3 to $6
Agrotait: raises $3 to $9
Fantomet: calls $3
*** FLOP *** [Js Ks 6h]
Agrotait: bets $3
Fantomet: calls $3
*** TURN *** [Js Ks 6h] [4c]
Agrotait: bets $6
Fantomet: calls $6
*** RIVER *** [Js Ks 6h 4c] [Ad]
Agrotait: bets $6
Fantomet: folds
Uncalled bet ($6) returned to Agrotait
Agrotait collected $35.50 from pot
Agrotait: doesn't show hand
*** SUMMARY ***
Total pot $36 | Rake $0.50
Board [Js Ks 6h 4c Ad]
Seat 5: Fantomet (button) (small blind) folded on the River
Seat 6: Agrotait (big blind) collected ($35.50)


PokerStars Hand #154172444745:  Hold'em Limit ($3/$6 USD) - 2016/06/02 2:41:19 ET
Table 'Nuki' 10-max Seat #6 is the button
Seat 5: Fantomet ($189.26 in chips)
Seat 6: Agrotait ($88.02 in chips)
Agrotait: posts small blind $1
Fantomet: posts big blind $3
*** HOLE CARDS ***
Agrotait: folds
Uncalled bet ($2) returned to Fantomet
Fantomet collected $2 from pot
*** SUMMARY ***
Total pot $2 | Rake $0
Seat 5: Fantomet (big blind) collected ($2)
Seat 6: Agrotait (button) (small blind) folded before Flop


PokerStars Hand #154172462222:  Hold'em Limit ($3/$6 USD) - 2016/06/02 2:42:27 ET
Table 'Nuki' 10-max Seat #5 is the button
Seat 5: Fantomet ($156.26 in chips)
Seat 6: Agrotait ($120.04 in chips)
Fantomet: posts small blind $1
Agrotait: posts big blind $3
*** HOLE CARDS ***
Fantomet: raises $3 to $6
Agrotait: raises $3 to $9
Fantomet: calls $3
*** FLOP *** [9d Ts 8c]
Agrotait: bets $3
Fantomet: folds
Uncalled bet ($3) returned to Agrotait
Agrotait collected $17.64 from pot
Agrotait: doesn't show hand
*** SUMMARY ***
Total pot $18 | Rake $0.36
Board [9d Ts 8c]
Seat 5: Fantomet (button) (small blind) folded on the Flop
Seat 6: Agrotait (big blind) collected ($17.64)


PokerStars Hand #154172446369:  Hold'em Limit ($3/$6 USD) - 2016/06/02 2:41:26 ET
Table 'Nuki' 10-max Seat #5 is the button
Seat 5: Fantomet ($190.26 in chips)
Seat 6: Agrotait ($87.02 in chips)
Fantomet: posts small blind $1
Agrotait: posts big blind $3
*** HOLE CARDS ***
Fantomet: raises $3 to $6
Agrotait: calls $3
*** FLOP *** [4s 8c 5d]
Agrotait: checks
Fantomet: bets $3
Agrotait: raises $3 to $6
Fantomet: calls $3
*** TURN *** [4s 8c 5d] [8s]
Agrotait: bets $6
Fantomet: calls $6
*** RIVER *** [4s 8c 5d 8s] [7c]
Agrotait: checks
Fantomet: checks
*** SHOW DOWN ***
Agrotait: shows [Jd 7h] (two pair, Eights and Sevens)
Fantomet: mucks hand
Agrotait collected $35.50 from pot
*** SUMMARY ***
Total pot $36 | Rake $0.50
Board [4s 8c 5d 8s 7c]
Seat 5: Fantomet (button) (small blind) mucked
Seat 6: Agrotait (big blind) showed [Jd 7h] and won ($35.50) with two pair, Eights and Sevens


PokerStars Hand #154172453193:  Hold'em Limit ($3/$6 USD) - 2016/06/02 2:41:52 ET
Table 'Nuki' 10-max Seat #6 is the button
Seat 5: Fantomet ($172.26 in chips)
Seat 6: Agrotait ($104.52 in chips)
Agrotait: posts small blind $1
Fantomet: posts big blind $3
*** HOLE CARDS ***
Agrotait: raises $3 to $6
Fantomet: raises $3 to $9
Agrotait: calls $3
*** FLOP *** [9d Th 5s]
Fantomet: bets $3
Agrotait: calls $3
*** TURN *** [9d Th 5s] [5h]
Fantomet: checks
Agrotait: bets $6
Fantomet: folds
Uncalled bet ($6) returned to Agrotait
Agrotait collected $23.52 from pot
Agrotait: doesn't show hand
*** SUMMARY ***
Total pot $24 | Rake $0.48
Board [9d Th 5s 5h]
Seat 5: Fantomet (big blind) folded on the Turn
Seat 6: Agrotait (button) (small blind) collected ($23.52)


PokerStars Hand #154172460822:  Hold'em Limit ($3/$6 USD) - 2016/06/02 2:42:21 ET
Table 'Nuki' 10-max Seat #6 is the button
Seat 5: Fantomet ($159.26 in chips)
Seat 6: Agrotait ($117.04 in chips)
Agrotait: posts small blind $1
Fantomet: posts big blind $3
*** HOLE CARDS ***
Agrotait: raises $3 to $6
Fantomet: folds
Uncalled bet ($3) returned to Agrotait
Agrotait collected $6 from pot
Agrotait: doesn't show hand
*** SUMMARY ***
Total pot $6 | Rake $0
Seat 5: Fantomet (big blind) folded before Flop
Seat 6: Agrotait (button) (small blind) collected ($6)


PokerStars Hand #154172459478:  Hold'em Limit ($3/$6 USD) - 2016/06/02 2:42:16 ET
Table 'Nuki' 10-max Seat #5 is the button
Seat 5: Fantomet ($160.26 in chips)
Seat 6: Agrotait ($116.04 in chips)
Fantomet: posts small blind $1
Agrotait: posts big blind $3
*** HOLE CARDS ***
Fantomet: folds
Uncalled bet ($2) returned to Agrotait
Agrotait collected $2 from pot
Agrotait: doesn't show hand
*** SUMMARY ***
Total pot $2 | Rake $0
Seat 5: Fantomet (button) (small blind) folded before Flop
Seat 6: Agrotait (big blind) collected ($2)


PokerStars Hand #154172467338:  Hold'em Limit ($3/$6 USD) - 2016/06/02 2:42:46 ET
Table 'Nuki' 10-max Seat #6 is the button
Seat 5: Fantomet ($147.26 in chips)
Seat 6: Agrotait ($128.68 in chips)
Agrotait: posts small blind $1
Fantomet: posts big blind $3
*** HOLE CARDS ***
Agrotait: raises $3 to $6
Fantomet: folds
Uncalled bet ($3) returned to Agrotait
Agrotait collected $6 from pot
Agrotait: doesn't show hand
*** SUMMARY ***
Total pot $6 | Rake $0
Seat 5: Fantomet (big blind) folded before Flop
Seat 6: Agrotait (button) (small blind) collected ($6)


PokerStars Hand #154172469449:  Hold'em Limit ($3/$6 USD) - 2016/06/02 2:42:54 ET
Table 'Nuki' 10-max Seat #5 is the button
Seat 5: Fantomet ($144.26 in chips)
Seat 6: Agrotait ($131.68 in chips)
Fantomet: posts small blind $1
Agrotait: posts big blind $3
*** HOLE CARDS ***
Fantomet: raises $3 to $6
Agrotait: calls $3
*** FLOP *** [6d Ah 2s]
Agrotait: checks
Fantomet: checks
*** TURN *** [6d Ah 2s] [5c]
Agrotait: checks
Fantomet: bets $6
Agrotait: folds
Uncalled bet ($6) returned to Fantomet
Fantomet collected $11.76 from pot
*** SUMMARY ***
Total pot $12 | Rake $0.24
Board [6d Ah 2s 5c]
Seat 5: Fantomet (button) (small blind) collected ($11.76)
Seat 6: Agrotait (big blind) folded on the Turn


PokerStars Hand #154172478180:  Hold'em Limit ($3/$6 USD) - 2016/06/02 2:43:28 ET
Table 'Nuki' 10-max Seat #6 is the button
Seat 5: Fantomet ($150.02 in chips)
Seat 6: Agrotait ($125.68 in chips)
Agrotait: posts small blind $1
Fantomet: posts big blind $3
*** HOLE CARDS ***
Agrotait: raises $3 to $6
Fantomet: folds
Uncalled bet ($3) returned to Agrotait
Agrotait collected $6 from pot
Agrotait: doesn't show hand
*** SUMMARY ***
Total pot $6 | Rake $0
Seat 5: Fantomet (big blind) folded before Flop
Seat 6: Agrotait (button) (small blind) collected ($6)


PokerStars Hand #154172479833:  Hold'em Limit ($3/$6 USD) - 2016/06/02 2:43:34 ET
Table 'Nuki' 10-max Seat #5 is the button
Seat 5: Fantomet ($147.02 in chips)
Seat 6: Agrotait ($128.68 in chips)
Fantomet: posts small blind $1
Agrotait: posts big blind $3
*** HOLE CARDS ***
Fantomet: raises $3 to $6
Agrotait: calls $3
*** FLOP *** [3d Qd 4h]
Agrotait: checks
Fantomet: checks
*** TURN *** [3d Qd 4h] [2c]
Agrotait: bets $6
Fantomet: folds
Uncalled bet ($6) returned to Agrotait
Agrotait collected $11.76 from pot
Agrotait: doesn't show hand
*** SUMMARY ***
Total pot $12 | Rake $0.24
Board [3d Qd 4h 2c]
Seat 5: Fantomet (button) (small blind) folded on the Turn
Seat 6: Agrotait (big blind) collected ($11.76)


PokerStars Hand #154172488348:  Hold'em Limit ($3/$6 USD) - 2016/06/02 2:44:07 ET
Table 'Nuki' 10-max Seat #6 is the button
Seat 5: Fantomet ($141.02 in chips)
Seat 6: Agrotait ($134.44 in chips)
Agrotait: posts small blind $1
Fantomet: posts big blind $3
*** HOLE CARDS ***
Agrotait: folds
Uncalled bet ($2) returned to Fantomet
Fantomet collected $2 from pot
*** SUMMARY ***
Total pot $2 | Rake $0
Seat 5: Fantomet (big blind) collected ($2)
Seat 6: Agrotait (button) (small blind) folded before Flop


PokerStars Hand #154172489850:  Hold'em Limit ($3/$6 USD) - 2016/06/02 2:44:12 ET
Table 'Nuki' 10-max Seat #5 is the button
Seat 5: Fantomet ($142.02 in chips)
Seat 6: Agrotait ($133.44 in chips)
Fantomet: posts small blind $1
Agrotait: posts big blind $3
*** HOLE CARDS ***
Fantomet: raises $3 to $6
Agrotait: calls $3
*** FLOP *** [9d 6h 5d]
Agrotait: checks
Fantomet: bets $3
Agrotait: calls $3
*** TURN *** [9d 6h 5d] [3c]
Agrotait: checks
Fantomet: bets $6
Agrotait: raises $6 to $12
Fantomet: calls $6
*** RIVER *** [9d 6h 5d 3c] [Qd]
Agrotait: bets $6
Fantomet: calls $6
*** SHOW DOWN ***
Agrotait: shows [3s 3h] (three of a kind, Threes)
Fantomet: mucks hand
Agrotait collected $53.50 from pot
*** SUMMARY ***
Total pot $54 | Rake $0.50
Board [9d 6h 5d 3c Qd]
Seat 5: Fantomet (button) (small blind) mucked
Seat 6: Agrotait (big blind) showed [3s 3h] and won ($53.50) with three of a kind, Threes


PokerStars Hand #154172499153:  Hold'em Limit ($3/$6 USD) - 2016/06/02 2:44:48 ET
Table 'Nuki' 10-max Seat #6 is the button
Seat 5: Fantomet ($115.02 in chips)
Seat 6: Agrotait ($159.94 in chips)
Agrotait: posts small blind $1
Fantomet: posts big blind $3
*** HOLE CARDS ***
Agrotait: raises $3 to $6
Fantomet: calls $3
*** FLOP *** [4c 4s 4d]
Fantomet: checks
Agrotait: bets $3
Fantomet: folds
Uncalled bet ($3) returned to Agrotait
Agrotait collected $11.76 from pot
Agrotait: doesn't show hand
*** SUMMARY ***
Total pot $12 | Rake $0.24
Board [4c 4s 4d]
Seat 5: Fantomet (big blind) folded on the Flop
Seat 6: Agrotait (button) (small blind) collected ($11.76)


PokerStars Hand #154172507254:  Hold'em Limit ($3/$6 USD) - 2016/06/02 2:45:18 ET
Table 'Nuki' 10-max Seat #5 is the button
Seat 5: Fantomet ($109.02 in chips)
Seat 6: Agrotait ($165.70 in chips)
Fantomet: posts small blind $1
Agrotait: posts big blind $3
*** HOLE CARDS ***
Fantomet: folds
Uncalled bet ($2) returned to Agrotait
Agrotait collected $2 from pot
Agrotait: doesn't show hand
*** SUMMARY ***
Total pot $2 | Rake $0
Seat 5: Fantomet (button) (small blind) folded before Flop
Seat 6: Agrotait (big blind) collected ($2)


PokerStars Hand #154172508500:  Hold'em Limit ($3/$6 USD) - 2016/06/02 2:45:23 ET
Table 'Nuki' 10-max Seat #6 is the button
Seat 5: Fantomet ($108.02 in chips)
Seat 6: Agrotait ($166.70 in chips)
Agrotait: posts small blind $1
Fantomet: posts big blind $3
*** HOLE CARDS ***
Agrotait: raises $3 to $6
Fantomet: calls $3
*** FLOP *** [9s Qs 3d]
Fantomet: bets $3
Agrotait: raises $3 to $6
Fantomet: calls $3
*** TURN *** [9s Qs 3d] [3h]
Fantomet: checks
Agrotait: bets $6
Fantomet: calls $6
*** RIVER *** [9s Qs 3d 3h] [9c]
Fantomet: checks
Agrotait: checks
*** SHOW DOWN ***
Fantomet: shows [8d Qd] (two pair, Queens and Nines)
Agrotait: mucks hand
Fantomet collected $35.50 from pot
*** SUMMARY ***
Total pot $36 | Rake $0.50
Board [9s Qs 3d 3h 9c]
Seat 5: Fantomet (big blind) showed [8d Qd] and won ($35.50) with two pair, Queens and Nines
Seat 6: Agrotait (button) (small blind) mucked


PokerStars Hand #154172518675:  Hold'em Limit ($3/$6 USD) - 2016/06/02 2:46:01 ET
Table 'Nuki' 10-max Seat #6 is the button
Seat 5: Fantomet ($124.52 in chips)
Seat 6: Agrotait ($149.70 in chips)
Agrotait: posts small blind $1
Fantomet: posts big blind $3
*** HOLE CARDS ***
Agrotait: raises $3 to $6
Fantomet: calls $3
*** FLOP *** [Ac 5s 3h]
Fantomet: checks
Agrotait: checks
*** TURN *** [Ac 5s 3h] [Qs]
Fantomet: bets $6
Agrotait: folds
Uncalled bet ($6) returned to Fantomet
Fantomet collected $11.76 from pot
*** SUMMARY ***
Total pot $12 | Rake $0.24
Board [Ac 5s 3h Qs]
Seat 5: Fantomet (big blind) collected ($11.76)
Seat 6: Agrotait (button) (small blind) folded on the Turn


PokerStars Hand #154172530097:  Hold'em Limit ($3/$6 USD) - 2016/06/02 2:46:44 ET
Table 'Nuki' 10-max Seat #6 is the button
Seat 5: Fantomet ($129.28 in chips)
Seat 6: Agrotait ($144.70 in chips)
Agrotait: posts small blind $1
Fantomet: posts big blind $3
*** HOLE CARDS ***
Agrotait: raises $3 to $6
Fantomet: calls $3
*** FLOP *** [2s 3h 6c]
Fantomet: checks
Agrotait: bets $3
Fantomet: folds
Uncalled bet ($3) returned to Agrotait
Agrotait collected $11.76 from pot
Agrotait: doesn't show hand
*** SUMMARY ***
Total pot $12 | Rake $0.24
Board [2s 3h 6c]
Seat 5: Fantomet (big blind) folded on the Flop
Seat 6: Agrotait (button) (small blind) collected ($11.76)


PokerStars Hand #154172536946:  Hold'em Limit ($3/$6 USD) - 2016/06/02 2:47:10 ET
Table 'Nuki' 10-max Seat #5 is the button
Seat 5: Fantomet ($123.28 in chips)
Seat 6: Agrotait ($150.46 in chips)
Fantomet: posts small blind $1
Agrotait: posts big blind $3
*** HOLE CARDS ***
Fantomet: raises $3 to $6
Agrotait: calls $3
*** FLOP *** [6h Qd 2d]
Agrotait: checks
Fantomet: checks
*** TURN *** [6h Qd 2d] [5d]
Agrotait: bets $6
Fantomet: calls $6
*** RIVER *** [6h Qd 2d 5d] [Js]
Agrotait: bets $6
Fantomet: raises $6 to $12
Agrotait: folds
Uncalled bet ($6) returned to Fantomet
Fantomet collected $35.50 from pot
*** SUMMARY ***
Total pot $36 | Rake $0.50
Board [6h Qd 2d 5d Js]
Seat 5: Fantomet (button) (small blind) collected ($35.50)
Seat 6: Agrotait (big blind) folded on the River


PokerStars Hand #154172528762:  Hold'em Limit ($3/$6 USD) - 2016/06/02 2:46:39 ET
Table 'Nuki' 10-max Seat #5 is the button
Seat 5: Fantomet ($130.28 in chips)
Seat 6: Agrotait ($143.70 in chips)
Fantomet: posts small blind $1
Agrotait: posts big blind $3
*** HOLE CARDS ***
Fantomet: folds
Uncalled bet ($2) returned to Agrotait
Agrotait collected $2 from pot
Agrotait: doesn't show hand
*** SUMMARY ***
Total pot $2 | Rake $0
Seat 5: Fantomet (button) (small blind) folded before Flop
Seat 6: Agrotait (big blind) collected ($2)


PokerStars Hand #154172551636:  Hold'em Limit ($3/$6 USD) - 2016/06/02 2:48:06 ET
Table 'Nuki' 10-max Seat #5 is the button
Seat 5: Fantomet ($164.28 in chips)
Seat 6: Agrotait ($108.46 in chips)
Fantomet: posts small blind $1
Agrotait: posts big blind $3
*** HOLE CARDS ***
Fantomet: raises $3 to $6
Agrotait: calls $3
*** FLOP *** [Qc 6h Jh]
Agrotait: checks
Fantomet: checks
*** TURN *** [Qc 6h Jh] [3d]
Agrotait: bets $6
Fantomet: raises $6 to $12
Agrotait: folds
Uncalled bet ($6) returned to Fantomet
Fantomet collected $23.52 from pot
*** SUMMARY ***
Total pot $24 | Rake $0.48
Board [Qc 6h Jh 3d]
Seat 5: Fantomet (button) (small blind) collected ($23.52)
Seat 6: Agrotait (big blind) folded on the Turn


PokerStars Hand #154172544296:  Hold'em Limit ($3/$6 USD) - 2016/06/02 2:47:38 ET
Table 'Nuki' 10-max Seat #6 is the button
Seat 5: Fantomet ($140.78 in chips)
Seat 6: Agrotait ($132.46 in chips)
Agrotait: posts small blind $1
Fantomet: posts big blind $3
*** HOLE CARDS ***
Agrotait: raises $3 to $6
Fantomet: raises $3 to $9
Agrotait: calls $3
*** FLOP *** [3c 5c 8s]
Fantomet: bets $3
Agrotait: calls $3
*** TURN *** [3c 5c 8s] [Td]
Fantomet: bets $6
Agrotait: calls $6
*** RIVER *** [3c 5c 8s Td] [8h]
Fantomet: bets $6
Agrotait: calls $6
*** SHOW DOWN ***
Fantomet: shows [Tc Jh] (two pair, Tens and Eights)
Agrotait: mucks hand
Fantomet collected $47.50 from pot
*** SUMMARY ***
Total pot $48 | Rake $0.50
Board [3c 5c 8s Td 8h]
Seat 5: Fantomet (big blind) showed [Tc Jh] and won ($47.50) with two pair, Tens and Eights
Seat 6: Agrotait (button) (small blind) mucked


PokerStars Hand #154172561062:  Hold'em Limit ($3/$6 USD) - 2016/06/02 2:48:42 ET
Table 'Nuki' 10-max Seat #6 is the button
Seat 5: Fantomet ($175.80 in chips)
Seat 6: Agrotait ($96.46 in chips)
Agrotait: posts small blind $1
Fantomet: posts big blind $3
*** HOLE CARDS ***
Agrotait: raises $3 to $6
Fantomet: calls $3
*** FLOP *** [5c 8c Qs]
Fantomet: checks
Agrotait: bets $3
Fantomet: folds
Uncalled bet ($3) returned to Agrotait
Agrotait collected $11.76 from pot
Agrotait: doesn't show hand
*** SUMMARY ***
Total pot $12 | Rake $0.24
Board [5c 8c Qs]
Seat 5: Fantomet (big blind) folded on the Flop
Seat 6: Agrotait (button) (small blind) collected ($11.76)


PokerStars Hand #154172574174:  Hold'em Limit ($3/$6 USD) - 2016/06/02 2:49:32 ET
Table 'Nuki' 10-max Seat #6 is the button
Seat 5: Fantomet ($145.80 in chips)
Seat 6: Agrotait ($125.72 in chips)
Agrotait: posts small blind $1
Fantomet: posts big blind $3
*** HOLE CARDS ***
Agrotait: raises $3 to $6
Fantomet: raises $3 to $9
Agrotait: calls $3
*** FLOP *** [6c Jh 2h]
Fantomet: bets $3
Agrotait: calls $3
*** TURN *** [6c Jh 2h] [Kd]
Fantomet: bets $6
Agrotait: calls $6
*** RIVER *** [6c Jh 2h Kd] [Jd]
Fantomet: bets $6
Agrotait: calls $6
*** SHOW DOWN ***
Fantomet: shows [3h As] (a pair of Jacks)
Agrotait: shows [Qc 6h] (two pair, Jacks and Sixes)
Agrotait collected $47.50 from pot
*** SUMMARY ***
Total pot $48 | Rake $0.50
Board [6c Jh 2h Kd Jd]
Seat 5: Fantomet (big blind) showed [3h As] and lost with a pair of Jacks
Seat 6: Agrotait (button) (small blind) showed [Qc 6h] and won ($47.50) with two pair, Jacks and Sixes


PokerStars Hand #154172564781:  Hold'em Limit ($3/$6 USD) - 2016/06/02 2:48:56 ET
Table 'Nuki' 10-max Seat #5 is the button
Seat 5: Fantomet ($169.80 in chips)
Seat 6: Agrotait ($102.22 in chips)
Fantomet: posts small blind $1
Agrotait: posts big blind $3
*** HOLE CARDS ***
Fantomet: raises $3 to $6
Agrotait: calls $3
*** FLOP *** [As 9h 7s]
Agrotait: checks
Fantomet: bets $3
Agrotait: raises $3 to $6
Fantomet: calls $3
*** TURN *** [As 9h 7s] [4d]
Agrotait: checks
Fantomet: bets $6
Agrotait: calls $6
*** RIVER *** [As 9h 7s 4d] [3c]
Agrotait: checks
Fantomet: bets $6
Agrotait: calls $6
*** SHOW DOWN ***
Fantomet: shows [7c 6d] (a pair of Sevens)
Agrotait: shows [9s Td] (a pair of Nines)
Agrotait collected $47.50 from pot
*** SUMMARY ***
Total pot $48 | Rake $0.50
Board [As 9h 7s 4d 3c]
Seat 5: Fantomet (button) (small blind) showed [7c 6d] and lost with a pair of Sevens
Seat 6: Agrotait (big blind) showed [9s Td] and won ($47.50) with a pair of Nines


PokerStars Hand #154172578500:  Hold'em Limit ($3/$6 USD) - 2016/06/02 2:49:49 ET
Table 'Nuki' 10-max Seat #5 is the button
Seat 5: Fantomet ($121.80 in chips)
Seat 6: Agrotait ($149.22 in chips)
Fantomet: posts small blind $1
Agrotait: posts big blind $3
*** HOLE CARDS ***
Fantomet: folds
Uncalled bet ($2) returned to Agrotait
Agrotait collected $2 from pot
Agrotait: doesn't show hand
*** SUMMARY ***
Total pot $2 | Rake $0
Seat 5: Fantomet (button) (small blind) folded before Flop
Seat 6: Agrotait (big blind) collected ($2)


PokerStars Hand #154172585424:  Hold'em Limit ($3/$6 USD) - 2016/06/02 2:50:15 ET
Table 'Nuki' 10-max Seat #5 is the button
Seat 5: Fantomet ($120.55 in chips)
Seat 6: Agrotait ($149.97 in chips)
Fantomet: posts small blind $1
Agrotait: posts big blind $3
*** HOLE CARDS ***
Fantomet: raises $3 to $6
Agrotait: raises $3 to $9
Fantomet: calls $3
*** FLOP *** [Ks Ac 7d]
Agrotait: bets $3
Fantomet: folds
Uncalled bet ($3) returned to Agrotait
Agrotait collected $17.64 from pot
Agrotait: doesn't show hand
*** SUMMARY ***
Total pot $18 | Rake $0.36
Board [Ks Ac 7d]
Seat 5: Fantomet (button) (small blind) folded on the Flop
Seat 6: Agrotait (big blind) collected ($17.64)


PokerStars Hand #154172579728:  Hold'em Limit ($3/$6 USD) - 2016/06/02 2:49:53 ET
Table 'Nuki' 10-max Seat #6 is the button
Seat 5: Fantomet ($120.80 in chips)
Seat 6: Agrotait ($150.22 in chips)
Agrotait: posts small blind $1
Fantomet: posts big blind $3
*** HOLE CARDS ***
Agrotait: raises $3 to $6
Fantomet: calls $3
*** FLOP *** [Kh 4s Kd]
Fantomet: checks
Agrotait: bets $3
Fantomet: calls $3
*** TURN *** [Kh 4s Kd] [Qs]
Fantomet: checks
Agrotait: checks
*** RIVER *** [Kh 4s Kd Qs] [Ts]
Fantomet: bets $6
Agrotait: calls $6
*** SHOW DOWN ***
Fantomet: shows [4d 6h] (two pair, Kings and Fours)
Agrotait: shows [8c 4c] (two pair, Kings and Fours)
Fantomet collected $14.75 from pot
Agrotait collected $14.75 from pot
*** SUMMARY ***
Total pot $30 | Rake $0.50
Board [Kh 4s Kd Qs Ts]
Seat 5: Fantomet (big blind) showed [4d 6h] and won ($14.75) with two pair, Kings and Fours
Seat 6: Agrotait (button) (small blind) showed [8c 4c] and won ($14.75) with two pair, Kings and Fours


PokerStars Hand #154172600235:  Hold'em Limit ($3/$6 USD) - 2016/06/02 2:51:12 ET
Table 'Nuki' 10-max Seat #6 is the button
Seat 5: Fantomet ($102.55 in chips)
Seat 6: Agrotait ($167.61 in chips)
Agrotait: posts small blind $1
Fantomet: posts big blind $3
*** HOLE CARDS ***
Agrotait: raises $3 to $6
Fantomet: folds
Uncalled bet ($3) returned to Agrotait
Agrotait collected $6 from pot
Agrotait: doesn't show hand
*** SUMMARY ***
Total pot $6 | Rake $0
Seat 5: Fantomet (big blind) folded before Flop
Seat 6: Agrotait (button) (small blind) collected ($6)


PokerStars Hand #154172595829:  Hold'em Limit ($3/$6 USD) - 2016/06/02 2:50:55 ET
Table 'Nuki' 10-max Seat #5 is the button
Seat 5: Fantomet ($108.55 in chips)
Seat 6: Agrotait ($161.61 in chips)
Fantomet: posts small blind $1
Agrotait: posts big blind $3
*** HOLE CARDS ***
Fantomet: raises $3 to $6
Agrotait: raises $3 to $9
Fantomet: folds
Uncalled bet ($3) returned to Agrotait
Agrotait collected $12 from pot
Agrotait: doesn't show hand
*** SUMMARY ***
Total pot $12 | Rake $0
Seat 5: Fantomet (button) (small blind) folded before Flop
Seat 6: Agrotait (big blind) collected ($12)


PokerStars Hand #154172593097:  Hold'em Limit ($3/$6 USD) - 2016/06/02 2:50:44 ET
Table 'Nuki' 10-max Seat #6 is the button
Seat 5: Fantomet ($111.55 in chips)
Seat 6: Agrotait ($158.61 in chips)
Agrotait: posts small blind $1
Fantomet: posts big blind $3
*** HOLE CARDS ***
Agrotait: raises $3 to $6
Fantomet: folds
Uncalled bet ($3) returned to Agrotait
Agrotait collected $6 from pot
Agrotait: doesn't show hand
*** SUMMARY ***
Total pot $6 | Rake $0
Seat 5: Fantomet (big blind) folded before Flop
Seat 6: Agrotait (button) (small blind) collected ($6)


PokerStars Hand #154172602434:  Hold'em Limit ($3/$6 USD) - 2016/06/02 2:51:20 ET
Table 'Nuki' 10-max Seat #5 is the button
Seat 5: Fantomet ($99.55 in chips)
Seat 6: Agrotait ($170.61 in chips)
Fantomet: posts small blind $1
Agrotait: posts big blind $3
*** HOLE CARDS ***
Fantomet: raises $3 to $6
Agrotait: calls $3
*** FLOP *** [7h As Qh]
Agrotait: checks
Fantomet: bets $3
Agrotait: folds
Uncalled bet ($3) returned to Fantomet
Fantomet collected $11.76 from pot
*** SUMMARY ***
Total pot $12 | Rake $0.24
Board [7h As Qh]
Seat 5: Fantomet (button) (small blind) collected ($11.76)
Seat 6: Agrotait (big blind) folded on the Flop


PokerStars Hand #154172610867:  Hold'em Limit ($3/$6 USD) - 2016/06/02 2:51:53 ET
Table 'Nuki' 10-max Seat #6 is the button
Seat 5: Fantomet ($105.31 in chips)
Seat 6: Agrotait ($164.61 in chips)
Agrotait: posts small blind $1
Fantomet: posts big blind $3
*** HOLE CARDS ***
Agrotait: raises $3 to $6
Fantomet: calls $3
*** FLOP *** [6d 9h 9d]
Fantomet: checks
Agrotait: bets $3
Fantomet: calls $3
*** TURN *** [6d 9h 9d] [9c]
Fantomet: checks
Agrotait: bets $6
Fantomet: calls $6
*** RIVER *** [6d 9h 9d 9c] [7s]
Fantomet: bets $6
Agrotait: folds
Uncalled bet ($6) returned to Fantomet
Fantomet collected $29.50 from pot
*** SUMMARY ***
Total pot $30 | Rake $0.50
Board [6d 9h 9d 9c 7s]
Seat 5: Fantomet (big blind) collected ($29.50)
Seat 6: Agrotait (button) (small blind) folded on the River


PokerStars Hand #154172632295:  Hold'em Limit ($3/$6 USD) - 2016/06/02 2:53:15 ET
Table 'Nuki' 10-max Seat #6 is the button
Seat 5: Fantomet ($92.81 in chips)
Seat 6: Agrotait ($176.11 in chips)
Agrotait: posts small blind $1
Fantomet: posts big blind $3
*** HOLE CARDS ***
Agrotait: raises $3 to $6
Fantomet: raises $3 to $9
Agrotait: calls $3
*** FLOP *** [2d 7s 4d]
Fantomet: bets $3
Agrotait: calls $3
*** TURN *** [2d 7s 4d] [2h]
Fantomet: checks
Agrotait: bets $6
Fantomet: calls $6
*** RIVER *** [2d 7s 4d 2h] [Jh]
Fantomet: checks
Agrotait: bets $6
Fantomet: calls $6
*** SHOW DOWN ***
Agrotait: shows [Qh 9s] (a pair of Deuces)
Fantomet: shows [Ts Kc] (a pair of Deuces - King kicker)
Fantomet collected $47.50 from pot
*** SUMMARY ***
Total pot $48 | Rake $0.50
Board [2d 7s 4d 2h Jh]
Seat 5: Fantomet (big blind) showed [Ts Kc] and won ($47.50) with a pair of Deuces
Seat 6: Agrotait (button) (small blind) showed [Qh 9s] and lost with a pair of Deuces


PokerStars Hand #154172623000:  Hold'em Limit ($3/$6 USD) - 2016/06/02 2:52:40 ET
Table 'Nuki' 10-max Seat #5 is the button
Seat 5: Fantomet ($119.81 in chips)
Seat 6: Agrotait ($149.61 in chips)
Fantomet: posts small blind $1
Agrotait: posts big blind $3
*** HOLE CARDS ***
Fantomet: raises $3 to $6
Agrotait: calls $3
*** FLOP *** [Qc 5d Qs]
Agrotait: checks
Fantomet: bets $3
Agrotait: calls $3
*** TURN *** [Qc 5d Qs] [2c]
Agrotait: checks
Fantomet: bets $6
Agrotait: raises $6 to $12
Fantomet: calls $6
*** RIVER *** [Qc 5d Qs 2c] [7h]
Agrotait: bets $6
Fantomet: calls $6
*** SHOW DOWN ***
Agrotait: shows [Qh 6d] (three of a kind, Queens)
Fantomet: mucks hand
Agrotait collected $53.50 from pot
*** SUMMARY ***
Total pot $54 | Rake $0.50
Board [Qc 5d Qs 2c 7h]
Seat 5: Fantomet (button) (small blind) mucked
Seat 6: Agrotait (big blind) showed [Qh 6d] and won ($53.50) with three of a kind, Queens


PokerStars Hand #154172640919:  Hold'em Limit ($3/$6 USD) - 2016/06/02 2:53:48 ET
Table 'Nuki' 10-max Seat #5 is the button
Seat 5: Fantomet ($116.31 in chips)
Seat 6: Agrotait ($152.11 in chips)
Fantomet: posts small blind $1
Agrotait: posts big blind $3
*** HOLE CARDS ***
Fantomet: raises $3 to $6
Agrotait: folds
Uncalled bet ($3) returned to Fantomet
Fantomet collected $6 from pot
*** SUMMARY ***
Total pot $6 | Rake $0
Seat 5: Fantomet (button) (small blind) collected ($6)
Seat 6: Agrotait (big blind) folded before Flop


PokerStars Hand #154172644712:  Hold'em Limit ($3/$6 USD) - 2016/06/02 2:54:03 ET
Table 'Nuki' 10-max Seat #6 is the button
Seat 5: Fantomet ($119.31 in chips)
Seat 6: Agrotait ($149.11 in chips)
Agrotait: posts small blind $1
Fantomet: posts big blind $3
*** HOLE CARDS ***
Agrotait: raises $3 to $6
Fantomet: calls $3
*** FLOP *** [6s 8c 6d]
Fantomet: checks
Agrotait: bets $3
Fantomet: calls $3
*** TURN *** [6s 8c 6d] [2d]
Fantomet: checks
Agrotait: bets $6
Fantomet: folds
Uncalled bet ($6) returned to Agrotait
Agrotait collected $17.64 from pot
Agrotait: doesn't show hand
*** SUMMARY ***
Total pot $18 | Rake $0.36
Board [6s 8c 6d 2d]
Seat 5: Fantomet (big blind) folded on the Turn
Seat 6: Agrotait (button) (small blind) collected ($17.64)


PokerStars Hand #154172651724:  Hold'em Limit ($3/$6 USD) - 2016/06/02 2:54:30 ET
Table 'Nuki' 10-max Seat #5 is the button
Seat 5: Fantomet ($110.31 in chips)
Seat 6: Agrotait ($157.75 in chips)
Fantomet: posts small blind $1
Agrotait: posts big blind $3
*** HOLE CARDS ***
Fantomet: folds
Uncalled bet ($2) returned to Agrotait
Agrotait collected $2 from pot
Agrotait: doesn't show hand
*** SUMMARY ***
Total pot $2 | Rake $0
Seat 5: Fantomet (button) (small blind) folded before Flop
Seat 6: Agrotait (big blind) collected ($2)


PokerStars Hand #154172653066:  Hold'em Limit ($3/$6 USD) - 2016/06/02 2:54:35 ET
Table 'Nuki' 10-max Seat #6 is the button
Seat 5: Fantomet ($109.31 in chips)
Seat 6: Agrotait ($158.75 in chips)
Agrotait: posts small blind $1
Fantomet: posts big blind $3
*** HOLE CARDS ***
Agrotait: raises $3 to $6
Fantomet: raises $3 to $9
Agrotait: calls $3
*** FLOP *** [9d Ks 9c]
Fantomet: bets $3
Agrotait: folds
Uncalled bet ($3) returned to Fantomet
Fantomet collected $17.64 from pot
*** SUMMARY ***
Total pot $18 | Rake $0.36
Board [9d Ks 9c]
Seat 5: Fantomet (big blind) collected ($17.64)
Seat 6: Agrotait (button) (small blind) folded on the Flop


PokerStars Hand #154172662031:  Hold'em Limit ($3/$6 USD) - 2016/06/02 2:55:09 ET
Table 'Nuki' 10-max Seat #5 is the button
Seat 5: Fantomet ($117.95 in chips)
Seat 6: Agrotait ($149.75 in chips)
Fantomet: posts small blind $1
Agrotait: posts big blind $3
*** HOLE CARDS ***
Fantomet: raises $3 to $6
Agrotait: calls $3
*** FLOP *** [Ah Td 5c]
Agrotait: checks
Fantomet: checks
*** TURN *** [Ah Td 5c] [9c]
Agrotait: checks
Fantomet: bets $6
Agrotait: folds
Uncalled bet ($6) returned to Fantomet
Fantomet collected $11.76 from pot
*** SUMMARY ***
Total pot $12 | Rake $0.24
Board [Ah Td 5c 9c]
Seat 5: Fantomet (button) (small blind) collected ($11.76)
Seat 6: Agrotait (big blind) folded on the Turn


PokerStars Hand #154172671126:  Hold'em Limit ($3/$6 USD) - 2016/06/02 2:55:47 ET
Table 'Nuki' 10-max Seat #6 is the button
Seat 5: Fantomet ($123.71 in chips)
Seat 6: Agrotait ($143.75 in chips)
Agrotait: posts small blind $1
Fantomet: posts big blind $3
*** HOLE CARDS ***
Agrotait: raises $3 to $6
Fantomet: raises $3 to $9
Agrotait: calls $3
*** FLOP *** [9s 7c 3h]
Fantomet: bets $3
Agrotait: raises $3 to $6
Fantomet: calls $3
*** TURN *** [9s 7c 3h] [7d]
Fantomet: checks
Agrotait: bets $6
Fantomet: calls $6
*** RIVER *** [9s 7c 3h 7d] [9h]
Fantomet: checks
Agrotait: bets $6
Fantomet: calls $6
*** SHOW DOWN ***
Agrotait: shows [Jh 9c] (a full house, Nines full of Sevens)
Fantomet: mucks hand
Agrotait collected $53.50 from pot
*** SUMMARY ***
Total pot $54 | Rake $0.50
Board [9s 7c 3h 7d 9h]
Seat 5: Fantomet (big blind) mucked
Seat 6: Agrotait (button) (small blind) showed [Jh 9c] and won ($53.50) with a full house, Nines full of Sevens


PokerStars Hand #154172688349:  Hold'em Limit ($3/$6 USD) - 2016/06/02 2:56:57 ET
Table 'Nuki' 10-max Seat #6 is the button
Seat 5: Fantomet ($102.47 in chips)
Seat 6: Agrotait ($164.25 in chips)
Agrotait: posts small blind $1
Fantomet: posts big blind $3
*** HOLE CARDS ***
Agrotait: raises $3 to $6
Fantomet: folds
Uncalled bet ($3) returned to Agrotait
Agrotait collected $6 from pot
Agrotait: doesn't show hand
*** SUMMARY ***
Total pot $6 | Rake $0
Seat 5: Fantomet (big blind) folded before Flop
Seat 6: Agrotait (button) (small blind) collected ($6)


PokerStars Hand #154172679764:  Hold'em Limit ($3/$6 USD) - 2016/06/02 2:56:23 ET
Table 'Nuki' 10-max Seat #5 is the button
Seat 5: Fantomet ($96.71 in chips)
Seat 6: Agrotait ($170.25 in chips)
Fantomet: posts small blind $1
Agrotait: posts big blind $3
*** HOLE CARDS ***
Fantomet: raises $3 to $6
Agrotait: calls $3
*** FLOP *** [5s Kh 8c]
Agrotait: checks
Fantomet: checks
*** TURN *** [5s Kh 8c] [9d]
Agrotait: checks
Fantomet: bets $6
Agrotait: folds
Uncalled bet ($6) returned to Fantomet
Fantomet collected $11.76 from pot
*** SUMMARY ***
Total pot $12 | Rake $0.24
Board [5s Kh 8c 9d]
Seat 5: Fantomet (button) (small blind) collected ($11.76)
Seat 6: Agrotait (big blind) folded on the Turn


