PokerStars Hand #144473647325:  Hold'em Limit ($3/$6 USD) - 2015/11/27 15:37:54 ET
Table 'Nuki II' 10-max Seat #4 is the button
Seat 4: ZinZar ($72 in chips)
Seat 5: Mite1981 ($126.76 in chips)
ZinZar: posts small blind $1
Mite1981: posts big blind $3
*** HOLE CARDS ***
ZinZar: folds
Uncalled bet ($2) returned to Mite1981
Mite1981 collected $2 from pot
Mite1981: doesn't show hand
*** SUMMARY ***
Total pot $2 | Rake $0
Seat 4: ZinZar (button) (small blind) folded before Flop
Seat 5: Mite1981 (big blind) collected ($2)


PokerStars Hand #144473632677:  Hold'em Limit ($3/$6 USD) - 2015/11/27 15:37:38 ET
Table 'Nuki II' 10-max Seat #5 is the button
Seat 4: ZinZar ($72 in chips)
Seat 5: Mite1981 ($121 in chips)
Mite1981: posts small blind $1
ZinZar: posts big blind $3
*** HOLE CARDS ***
Mite1981: raises $3 to $6
ZinZar: calls $3
*** FLOP *** [9c 5c 7d]
ZinZar: checks
Mite1981: checks
*** TURN *** [9c 5c 7d] [Jd]
SashaYuvelir joins the table at seat #6
ZinZar: checks
Mite1981: bets $6
ZinZar: folds
Uncalled bet ($6) returned to Mite1981
Mite1981 collected $11.76 from pot
*** SUMMARY ***
Total pot $12 | Rake $0.24
Board [9c 5c 7d Jd]
Seat 4: ZinZar (big blind) folded on the Turn
Seat 5: Mite1981 (button) (small blind) collected ($11.76)


PokerStars Hand #144473830452:  Hold'em Limit ($3/$6 USD) - 2015/11/27 15:41:10 ET
Table 'Nuki II' 10-max Seat #4 is the button
Seat 3: Mite1981 ($105 in chips)
Seat 4: ZinZar ($86.50 in chips)
ZinZar: posts small blind $1
Mite1981: posts big blind $3
*** HOLE CARDS ***
ZinZar: raises $3 to $6
Mite1981: folds
Uncalled bet ($3) returned to ZinZar
ZinZar collected $6 from pot
ZinZar: doesn't show hand
*** SUMMARY ***
Total pot $6 | Rake $0
Seat 3: Mite1981 (big blind) folded before Flop
Seat 4: ZinZar (button) (small blind) collected ($6)


PokerStars Hand #144473823480:  Hold'em Limit ($3/$6 USD) - 2015/11/27 15:41:02 ET
Table 'Nuki II' 10-max Seat #3 is the button
Seat 3: Mite1981 ($102 in chips)
Seat 4: ZinZar ($89.50 in chips)
Mite1981: posts small blind $1
ZinZar: posts big blind $3
*** HOLE CARDS ***
Mite1981: raises $3 to $6
ZinZar: folds
Uncalled bet ($3) returned to Mite1981
Mite1981 collected $6 from pot
Mite1981: doesn't show hand
*** SUMMARY ***
Total pot $6 | Rake $0
Seat 3: Mite1981 (button) (small blind) collected ($6)
Seat 4: ZinZar (big blind) folded before Flop


PokerStars Hand #144473876205:  Hold'em Limit ($3/$6 USD) - 2015/11/27 15:41:59 ET
Table 'Nuki II' 10-max Seat #3 is the button
Seat 3: Mite1981 ($86.64 in chips)
Seat 4: ZinZar ($104 in chips)
Mite1981: posts small blind $1
ZinZar: posts big blind $3
*** HOLE CARDS ***
Mite1981: raises $3 to $6
ZinZar: raises $3 to $9
Mite1981: raises $3 to $12
Betting is capped
ZinZar: calls $3
*** FLOP *** [3s 2d 4h]
ZinZar: checks
Mite1981: bets $3
ZinZar: calls $3
*** TURN *** [3s 2d 4h] [Th]
ZinZar: checks
Mite1981: bets $6
ZinZar: folds
Uncalled bet ($6) returned to Mite1981
Mite1981 collected $29.50 from pot
Mite1981: doesn't show hand
*** SUMMARY ***
Total pot $30 | Rake $0.50
Board [3s 2d 4h Th]
Seat 3: Mite1981 (button) (small blind) collected ($29.50)
Seat 4: ZinZar (big blind) folded on the Turn


PokerStars Hand #144473859995:  Hold'em Limit ($3/$6 USD) - 2015/11/27 15:41:42 ET
Table 'Nuki II' 10-max Seat #4 is the button
Seat 3: Mite1981 ($78 in chips)
Seat 4: ZinZar ($113 in chips)
ZinZar: posts small blind $1
Mite1981: posts big blind $3
*** HOLE CARDS ***
ZinZar: raises $3 to $6
Mite1981: calls $3
*** FLOP *** [5c Ts 5d]
Mite1981: checks
ZinZar: bets $3
Mite1981: calls $3
*** TURN *** [5c Ts 5d] [7s]
Mite1981: checks
ZinZar: checks
*** RIVER *** [5c Ts 5d 7s] [2s]
Mite1981: bets $6
ZinZar: folds
Uncalled bet ($6) returned to Mite1981
Mite1981 collected $17.64 from pot
Mite1981: doesn't show hand
*** SUMMARY ***
Total pot $18 | Rake $0.36
Board [5c Ts 5d 7s 2s]
Seat 3: Mite1981 (big blind) collected ($17.64)
Seat 4: ZinZar (button) (small blind) folded on the River


PokerStars Hand #144473835448:  Hold'em Limit ($3/$6 USD) - 2015/11/27 15:41:15 ET
Table 'Nuki II' 10-max Seat #3 is the button
Seat 3: Mite1981 ($102 in chips)
Seat 4: ZinZar ($89.50 in chips)
Mite1981: posts small blind $1
ZinZar: posts big blind $3
*** HOLE CARDS ***
Mite1981: raises $3 to $6
ZinZar: raises $3 to $9
Mite1981: calls $3
*** FLOP *** [Kh 6s Jd]
ZinZar: bets $3
Mite1981: calls $3
*** TURN *** [Kh 6s Jd] [Ah]
ZinZar: bets $6
Mite1981: calls $6
*** RIVER *** [Kh 6s Jd Ah] [9s]
ZinZar: bets $6
Mite1981: calls $6
*** SHOW DOWN ***
ZinZar: shows [Qh Tc] (a straight, Ten to Ace)
Mite1981: mucks hand
ZinZar collected $47.50 from pot
*** SUMMARY ***
Total pot $48 | Rake $0.50
Board [Kh 6s Jd Ah 9s]
Seat 3: Mite1981 (button) (small blind) mucked
Seat 4: ZinZar (big blind) showed [Qh Tc] and won ($47.50) with a straight, Ten to Ace


PokerStars Hand #144473911286:  Hold'em Limit ($3/$6 USD) - 2015/11/27 15:42:37 ET
Table 'Nuki II' 10-max Seat #4 is the button
Seat 3: Mite1981 ($101.89 in chips)
Seat 4: ZinZar ($87.75 in chips)
ZinZar: posts small blind $1
Mite1981: posts big blind $3
*** HOLE CARDS ***
ZinZar: folds
Uncalled bet ($2) returned to Mite1981
Mite1981 collected $2 from pot
Mite1981: doesn't show hand
*** SUMMARY ***
Total pot $2 | Rake $0
Seat 3: Mite1981 (big blind) collected ($2)
Seat 4: ZinZar (button) (small blind) folded before Flop


PokerStars Hand #144473895546:  Hold'em Limit ($3/$6 USD) - 2015/11/27 15:42:20 ET
Table 'Nuki II' 10-max Seat #3 is the button
Seat 3: Mite1981 ($102.14 in chips)
Seat 4: ZinZar ($88 in chips)
Mite1981: posts small blind $1
ZinZar: posts big blind $3
*** HOLE CARDS ***
Mite1981: raises $3 to $6
ZinZar: calls $3
*** FLOP *** [7c 9s Jh]
ZinZar: checks
Mite1981: bets $3
ZinZar: calls $3
*** TURN *** [7c 9s Jh] [5h]
ZinZar: checks
Mite1981: checks
*** RIVER *** [7c 9s Jh 5h] [7h]
ZinZar: bets $6
Mite1981: calls $6
*** SHOW DOWN ***
ZinZar: shows [5s 8c] (two pair, Sevens and Fives)
Mite1981: shows [3h 5c] (two pair, Sevens and Fives)
ZinZar collected $14.75 from pot
Mite1981 collected $14.75 from pot
*** SUMMARY ***
Total pot $30 | Rake $0.50
Board [7c 9s Jh 5h 7h]
Seat 3: Mite1981 (button) (small blind) showed [3h 5c] and won ($14.75) with two pair, Sevens and Fives
Seat 4: ZinZar (big blind) showed [5s 8c] and won ($14.75) with two pair, Sevens and Fives


PokerStars Hand #144473890313:  Hold'em Limit ($3/$6 USD) - 2015/11/27 15:42:14 ET
Table 'Nuki II' 10-max Seat #4 is the button
Seat 3: Mite1981 ($101.14 in chips)
Seat 4: ZinZar ($89 in chips)
ZinZar: posts small blind $1
Mite1981: posts big blind $3
*** HOLE CARDS ***
ZinZar: folds
Uncalled bet ($2) returned to Mite1981
Mite1981 collected $2 from pot
Mite1981: doesn't show hand
*** SUMMARY ***
Total pot $2 | Rake $0
Seat 3: Mite1981 (big blind) collected ($2)
Seat 4: ZinZar (button) (small blind) folded before Flop


PokerStars Hand #144473916637:  Hold'em Limit ($3/$6 USD) - 2015/11/27 15:42:43 ET
Table 'Nuki II' 10-max Seat #3 is the button
Seat 3: Mite1981 ($102.89 in chips)
Seat 4: ZinZar ($86.75 in chips)
Mite1981: posts small blind $1
ZinZar: posts big blind $3
*** HOLE CARDS ***
Mite1981: raises $3 to $6
ZinZar: calls $3
*** FLOP *** [2c Qh Qc]
ZinZar: checks
Mite1981: bets $3
ZinZar: raises $3 to $6
Mite1981: raises $3 to $9
ZinZar: raises $3 to $12
Betting is capped
Mite1981: calls $3
*** TURN *** [2c Qh Qc] [8d]
ZinZar: bets $6
Mite1981: calls $6
*** RIVER *** [2c Qh Qc 8d] [As]
Great_Kang joins the table at seat #5
ZinZar: bets $6
Mite1981: raises $6 to $12
ZinZar: calls $6
*** SHOW DOWN ***
Mite1981: shows [7c 5d] (a pair of Queens)
ZinZar: shows [4c 8c] (two pair, Queens and Eights)
ZinZar collected $71.50 from pot
*** SUMMARY ***
Total pot $72 | Rake $0.50
Board [2c Qh Qc 8d As]
Seat 3: Mite1981 (button) (small blind) showed [7c 5d] and lost with a pair of Queens
Seat 4: ZinZar (big blind) showed [4c 8c] and won ($71.50) with two pair, Queens and Eights


