PokerStars Hand #161122152235:  Hold'em Limit ($3/$6 USD) - 2016/11/08 21:04:05 ET
Table 'Numerowia' 6-max Seat #6 is the button
Seat 2: ToDaFelt ($329.70 in chips)
Seat 6: RaisemyNut$ ($147.35 in chips)
RaisemyNut$: posts small blind $1
sgerrard4: is sitting out
ToDaFelt: posts big blind $3
*** HOLE CARDS ***
RaisemyNut$: raises $3 to $6
sgerrard4 leaves the table
ToDaFelt: raises $3 to $9
RaisemyNut$: calls $3
*** FLOP *** [6c 3d 4s]
ToDaFelt: bets $3
RaisemyNut$: calls $3
*** TURN *** [6c 3d 4s] [5c]
ToDaFelt: bets $6
RaisemyNut$: calls $6
*** RIVER *** [6c 3d 4s 5c] [4h]
ToDaFelt: bets $6
RaisemyNut$: calls $6
*** SHOW DOWN ***
ToDaFelt: shows [Td Qc] (a pair of Fours)
RaisemyNut$: shows [As 9s] (a pair of Fours - Ace kicker)
RaisemyNut$ collected $47.50 from pot
*** SUMMARY ***
Total pot $48 | Rake $0.50
Board [6c 3d 4s 5c 4h]
Seat 2: ToDaFelt (big blind) showed [Td Qc] and lost with a pair of Fours
Seat 6: RaisemyNut$ (button) (small blind) showed [As 9s] and won ($47.50) with a pair of Fours


PokerStars Hand #161122167846:  Hold'em Limit ($3/$6 USD) - 2016/11/08 21:04:42 ET
Table 'Numerowia' 6-max Seat #2 is the button
Seat 2: ToDaFelt ($305.70 in chips)
Seat 6: RaisemyNut$ ($170.85 in chips)
ToDaFelt: posts small blind $1
RaisemyNut$: posts big blind $3
*** HOLE CARDS ***
ToDaFelt: raises $3 to $6
RaisemyNut$: calls $3
*** FLOP *** [Js 6h 7c]
RaisemyNut$: checks
ToDaFelt: bets $3
RaisemyNut$: calls $3
*** TURN *** [Js 6h 7c] [Td]
RaisemyNut$: checks
ToDaFelt: checks
*** RIVER *** [Js 6h 7c Td] [2c]
RaisemyNut$: bets $6
ToDaFelt: folds
Uncalled bet ($6) returned to RaisemyNut$
RaisemyNut$ collected $17.64 from pot
RaisemyNut$: doesn't show hand
*** SUMMARY ***
Total pot $18 | Rake $0.36
Board [Js 6h 7c Td 2c]
Seat 2: ToDaFelt (button) (small blind) folded on the River
Seat 6: RaisemyNut$ (big blind) collected ($17.64)


