PokerStars Hand #148055994587:  Hold'em Limit ($3/$6 USD) - 2016/02/01 11:35:06 ET
Table 'Numerowia' 6-max Seat #5 is the button
Seat 5: pianopoker ($143.76 in chips)
Seat 6: SmellyToes4u ($76.86 in chips)
pianopoker: posts small blind $1
SmellyToes4u: posts big blind $3
*** HOLE CARDS ***
kolaz03 joins the table at seat #4
pianopoker: folds
Uncalled bet ($2) returned to SmellyToes4u
SmellyToes4u collected $2 from pot
SmellyToes4u: doesn't show hand
*** SUMMARY ***
Total pot $2 | Rake $0
Seat 5: pianopoker (button) (small blind) folded before Flop
Seat 6: SmellyToes4u (big blind) collected ($2)


PokerStars Hand #148055978354:  Hold'em Limit ($3/$6 USD) - 2016/02/01 11:34:47 ET
Table 'Numerowia' 6-max Seat #6 is the button
Seat 5: pianopoker ($120.26 in chips)
Seat 6: SmellyToes4u ($100.86 in chips)
SmellyToes4u: posts small blind $1
pianopoker: posts big blind $3
*** HOLE CARDS ***
SmellyToes4u: raises $3 to $6
pianopoker: raises $3 to $9
SmellyToes4u: calls $3
*** FLOP *** [3c 6d Jd]
pianopoker: bets $3
verde7 joins the table at seat #3
SmellyToes4u: calls $3
*** TURN *** [3c 6d Jd] [Th]
pianopoker: bets $6
SmellyToes4u: calls $6
*** RIVER *** [3c 6d Jd Th] [6h]
pianopoker: bets $6
SmellyToes4u: calls $6
*** SHOW DOWN ***
pianopoker: shows [Jh Js] (a full house, Jacks full of Sixes)
SmellyToes4u: mucks hand
pianopoker collected $47.50 from pot
*** SUMMARY ***
Total pot $48 | Rake $0.50
Board [3c 6d Jd Th 6h]
Seat 5: pianopoker (big blind) showed [Jh Js] and won ($47.50) with a full house, Jacks full of Sixes
Seat 6: SmellyToes4u (button) (small blind) mucked


PokerStars Hand #148055970135:  Hold'em Limit ($3/$6 USD) - 2016/02/01 11:34:38 ET
Table 'Numerowia' 6-max Seat #5 is the button
Seat 5: pianopoker ($114.50 in chips)
Seat 6: SmellyToes4u ($106.86 in chips)
pianopoker: posts small blind $1
SmellyToes4u: posts big blind $3
*** HOLE CARDS ***
pianopoker: raises $3 to $6
SmellyToes4u: calls $3
*** FLOP *** [7d 7h 7c]
SmellyToes4u: checks
pianopoker: bets $3
SmellyToes4u: folds
Uncalled bet ($3) returned to pianopoker
pianopoker collected $11.76 from pot
pianopoker: doesn't show hand
*** SUMMARY ***
Total pot $12 | Rake $0.24
Board [7d 7h 7c]
Seat 5: pianopoker (button) (small blind) collected ($11.76)
Seat 6: SmellyToes4u (big blind) folded on the Flop


PokerStars Hand #148055955832:  Hold'em Limit ($3/$6 USD) - 2016/02/01 11:34:21 ET
Table 'Numerowia' 6-max Seat #6 is the button
Seat 5: pianopoker ($138.50 in chips)
Seat 6: SmellyToes4u ($83.36 in chips)
SmellyToes4u: posts small blind $1
pianopoker: posts big blind $3
*** HOLE CARDS ***
SmellyToes4u: raises $3 to $6
pianopoker: raises $3 to $9
SmellyToes4u: calls $3
*** FLOP *** [4h 3h Ks]
pianopoker: bets $3
SmellyToes4u: calls $3
*** TURN *** [4h 3h Ks] [2c]
pianopoker: bets $6
SmellyToes4u: calls $6
*** RIVER *** [4h 3h Ks 2c] [Kd]
pianopoker: bets $6
SmellyToes4u: calls $6
*** SHOW DOWN ***
pianopoker: shows [Jc Ah] (a pair of Kings)
SmellyToes4u: shows [3d As] (two pair, Kings and Threes)
SmellyToes4u collected $47.50 from pot
*** SUMMARY ***
Total pot $48 | Rake $0.50
Board [4h 3h Ks 2c Kd]
Seat 5: pianopoker (big blind) showed [Jc Ah] and lost with a pair of Kings
Seat 6: SmellyToes4u (button) (small blind) showed [3d As] and won ($47.50) with two pair, Kings and Threes


PokerStars Hand #148055951405:  Hold'em Limit ($3/$6 USD) - 2016/02/01 11:34:16 ET
Table 'Numerowia' 6-max Seat #5 is the button
Seat 5: pianopoker ($139.50 in chips)
Seat 6: SmellyToes4u ($82.36 in chips)
pianopoker: posts small blind $1
SmellyToes4u: posts big blind $3
*** HOLE CARDS ***
pianopoker: folds
Uncalled bet ($2) returned to SmellyToes4u
SmellyToes4u collected $2 from pot
SmellyToes4u: doesn't show hand
*** SUMMARY ***
Total pot $2 | Rake $0
Seat 5: pianopoker (button) (small blind) folded before Flop
Seat 6: SmellyToes4u (big blind) collected ($2)


PokerStars Hand #148055932058:  Hold'em Limit ($3/$6 USD) - 2016/02/01 11:33:54 ET
Table 'Numerowia' 6-max Seat #6 is the button
Seat 5: pianopoker ($116 in chips)
Seat 6: SmellyToes4u ($106.36 in chips)
SmellyToes4u: posts small blind $1
pianopoker: posts big blind $3
*** HOLE CARDS ***
SmellyToes4u: raises $3 to $6
pianopoker: raises $3 to $9
SmellyToes4u: calls $3
*** FLOP *** [Jd 5s As]
pianopoker: bets $3
SmellyToes4u: calls $3
*** TURN *** [Jd 5s As] [Ah]
pianopoker: bets $6
SmellyToes4u: calls $6
*** RIVER *** [Jd 5s As Ah] [Ac]
pianopoker: bets $6
SmellyToes4u: calls $6
*** SHOW DOWN ***
pianopoker: shows [Kd Kh] (a full house, Aces full of Kings)
SmellyToes4u: mucks hand
pianopoker collected $47.50 from pot
*** SUMMARY ***
Total pot $48 | Rake $0.50
Board [Jd 5s As Ah Ac]
Seat 5: pianopoker (big blind) showed [Kd Kh] and won ($47.50) with a full house, Aces full of Kings
Seat 6: SmellyToes4u (button) (small blind) mucked


PokerStars Hand #148064398472:  Hold'em Limit ($3/$6 USD) - 2016/02/01 14:01:27 ET
Table 'Numerowia' 6-max Seat #4 is the button
Seat 3: Chessnok ($247.92 in chips)
Seat 4: Ace15121964 ($295.19 in chips)
Ace15121964: posts small blind $1
boony444: is sitting out
Chessnok: posts big blind $3
*** HOLE CARDS ***
Ace15121964: folds
Uncalled bet ($2) returned to Chessnok
Chessnok collected $2 from pot
Chessnok: doesn't show hand
*** SUMMARY ***
Total pot $2 | Rake $0
Seat 3: Chessnok (big blind) collected ($2)
Seat 4: Ace15121964 (button) (small blind) folded before Flop


PokerStars Hand #148064403925:  Hold'em Limit ($3/$6 USD) - 2016/02/01 14:01:33 ET
Table 'Numerowia' 6-max Seat #3 is the button
Seat 3: Chessnok ($248.92 in chips)
Seat 4: Ace15121964 ($294.19 in chips)
Chessnok: posts small blind $1
Ace15121964: posts big blind $3
*** HOLE CARDS ***
Chessnok: folds
Uncalled bet ($2) returned to Ace15121964
Ace15121964 collected $2 from pot
Ace15121964: doesn't show hand
*** SUMMARY ***
Total pot $2 | Rake $0
Seat 3: Chessnok (button) (small blind) folded before Flop
Seat 4: Ace15121964 (big blind) collected ($2)


PokerStars Hand #148068276201:  Hold'em Limit ($3/$6 USD) - 2016/02/01 15:00:46 ET
Table 'Numerowia' 6-max Seat #1 is the button
Seat 1: JumpSeat123 ($164.29 in chips)
Seat 3: Chessnok ($317.18 in chips)
JumpSeat123: posts small blind $1
Chessnok: posts big blind $3
*** HOLE CARDS ***
JumpSeat123: folds
Uncalled bet ($2) returned to Chessnok
Chessnok collected $2 from pot
Chessnok: doesn't show hand
*** SUMMARY ***
Total pot $2 | Rake $0
Seat 1: JumpSeat123 (button) (small blind) folded before Flop
Seat 3: Chessnok (big blind) collected ($2)


PokerStars Hand #148068270483:  Hold'em Limit ($3/$6 USD) - 2016/02/01 15:00:40 ET
Table 'Numerowia' 6-max Seat #3 is the button
Seat 1: JumpSeat123 ($163.29 in chips)
Seat 3: Chessnok ($318.18 in chips)
Chessnok: posts small blind $1
JumpSeat123: posts big blind $3
*** HOLE CARDS ***
Chessnok: folds
Uncalled bet ($2) returned to JumpSeat123
JumpSeat123 collected $2 from pot
JumpSeat123: doesn't show hand
*** SUMMARY ***
Total pot $2 | Rake $0
Seat 1: JumpSeat123 (big blind) collected ($2)
Seat 3: Chessnok (button) (small blind) folded before Flop


PokerStars Hand #148068301944:  Hold'em Limit ($3/$6 USD) - 2016/02/01 15:01:12 ET
Table 'Numerowia' 6-max Seat #1 is the button
Seat 1: JumpSeat123 ($145.29 in chips)
Seat 3: Chessnok ($335.68 in chips)
JumpSeat123: posts small blind $1
Chessnok: posts big blind $3
*** HOLE CARDS ***
JumpSeat123: raises $3 to $6
Chessnok: calls $3
*** FLOP *** [9d Ah Jd]
Chessnok: checks
JumpSeat123: bets $3
Chessnok: folds
Uncalled bet ($3) returned to JumpSeat123
JumpSeat123 collected $11.76 from pot
JumpSeat123: doesn't show hand
*** SUMMARY ***
Total pot $12 | Rake $0.24
Board [9d Ah Jd]
Seat 1: JumpSeat123 (button) (small blind) collected ($11.76)
Seat 3: Chessnok (big blind) folded on the Flop


PokerStars Hand #148068314346:  Hold'em Limit ($3/$6 USD) - 2016/02/01 15:01:23 ET
Table 'Numerowia' 6-max Seat #3 is the button
Seat 1: JumpSeat123 ($151.05 in chips)
Seat 3: Chessnok ($329.68 in chips)
Chessnok: posts small blind $1
JumpSeat123: posts big blind $3
*** HOLE CARDS ***
Chessnok: raises $3 to $6
JumpSeat123: calls $3
*** FLOP *** [2d 9h 5s]
JumpSeat123: checks
Chessnok: bets $3
JumpSeat123: raises $3 to $6
Chessnok: calls $3
*** TURN *** [2d 9h 5s] [7c]
JumpSeat123: bets $6
Chessnok: calls $6
*** RIVER *** [2d 9h 5s 7c] [Ks]
JumpSeat123: checks
Chessnok: bets $6
JumpSeat123: raises $6 to $12
Chessnok: calls $6
*** SHOW DOWN ***
JumpSeat123: shows [5d Kc] (two pair, Kings and Fives)
Chessnok: mucks hand
JumpSeat123 collected $59.50 from pot
*** SUMMARY ***
Total pot $60 | Rake $0.50
Board [2d 9h 5s 7c Ks]
Seat 1: JumpSeat123 (big blind) showed [5d Kc] and won ($59.50) with two pair, Kings and Fives
Seat 3: Chessnok (button) (small blind) mucked


PokerStars Hand #148068349046:  Hold'em Limit ($3/$6 USD) - 2016/02/01 15:01:56 ET
Table 'Numerowia' 6-max Seat #3 is the button
Seat 1: JumpSeat123 ($183.55 in chips)
Seat 3: Chessnok ($296.68 in chips)
Chessnok: posts small blind $1
JumpSeat123: posts big blind $3
*** HOLE CARDS ***
Chessnok: raises $3 to $6
JumpSeat123: folds
Uncalled bet ($3) returned to Chessnok
Chessnok collected $6 from pot
Chessnok: doesn't show hand
*** SUMMARY ***
Total pot $6 | Rake $0
Seat 1: JumpSeat123 (big blind) folded before Flop
Seat 3: Chessnok (button) (small blind) collected ($6)


PokerStars Hand #148068338163:  Hold'em Limit ($3/$6 USD) - 2016/02/01 15:01:46 ET
Table 'Numerowia' 6-max Seat #1 is the button
Seat 1: JumpSeat123 ($180.55 in chips)
Seat 3: Chessnok ($299.68 in chips)
JumpSeat123: posts small blind $1
Chessnok: posts big blind $3
*** HOLE CARDS ***
JumpSeat123: raises $3 to $6
Chessnok: folds
Uncalled bet ($3) returned to JumpSeat123
JumpSeat123 collected $6 from pot
JumpSeat123: doesn't show hand
*** SUMMARY ***
Total pot $6 | Rake $0
Seat 1: JumpSeat123 (button) (small blind) collected ($6)
Seat 3: Chessnok (big blind) folded before Flop


PokerStars Hand #148068282313:  Hold'em Limit ($3/$6 USD) - 2016/02/01 15:00:52 ET
Table 'Numerowia' 6-max Seat #3 is the button
Seat 1: JumpSeat123 ($163.29 in chips)
Seat 3: Chessnok ($318.18 in chips)
Chessnok: posts small blind $1
JumpSeat123: posts big blind $3
*** HOLE CARDS ***
Chessnok: raises $3 to $6
JumpSeat123: calls $3
*** FLOP *** [5c 4c 6d]
JumpSeat123: checks
Chessnok: bets $3
JumpSeat123: raises $3 to $6
Chessnok: calls $3
*** TURN *** [5c 4c 6d] [7c]
JumpSeat123: bets $6
Chessnok: calls $6
*** RIVER *** [5c 4c 6d 7c] [Kc]
JumpSeat123: checks
Chessnok: bets $6
JumpSeat123: folds
Uncalled bet ($6) returned to Chessnok
Chessnok collected $35.50 from pot
Chessnok: doesn't show hand
*** SUMMARY ***
Total pot $36 | Rake $0.50
Board [5c 4c 6d 7c Kc]
Seat 1: JumpSeat123 (big blind) folded on the River
Seat 3: Chessnok (button) (small blind) collected ($35.50)


PokerStars Hand #148068371006:  Hold'em Limit ($3/$6 USD) - 2016/02/01 15:02:15 ET
Table 'Numerowia' 6-max Seat #1 is the button
Seat 1: JumpSeat123 ($173.55 in chips)
Seat 3: Chessnok ($306.44 in chips)
JumpSeat123: posts small blind $1
Chessnok: posts big blind $3
*** HOLE CARDS ***
JumpSeat123: folds
Uncalled bet ($2) returned to Chessnok
Chessnok collected $2 from pot
Chessnok: doesn't show hand
*** SUMMARY ***
Total pot $2 | Rake $0
Seat 1: JumpSeat123 (button) (small blind) folded before Flop
Seat 3: Chessnok (big blind) collected ($2)


PokerStars Hand #148068360852:  Hold'em Limit ($3/$6 USD) - 2016/02/01 15:02:06 ET
Table 'Numerowia' 6-max Seat #3 is the button
Seat 1: JumpSeat123 ($179.55 in chips)
Seat 3: Chessnok ($300.68 in chips)
Chessnok: posts small blind $1
JumpSeat123: posts big blind $3
*** HOLE CARDS ***
Chessnok: raises $3 to $6
JumpSeat123: calls $3
*** FLOP *** [Jh 4s Qc]
JumpSeat123: checks
Chessnok: bets $3
JumpSeat123: folds
Uncalled bet ($3) returned to Chessnok
Chessnok collected $11.76 from pot
Chessnok: doesn't show hand
*** SUMMARY ***
Total pot $12 | Rake $0.24
Board [Jh 4s Qc]
Seat 1: JumpSeat123 (big blind) folded on the Flop
Seat 3: Chessnok (button) (small blind) collected ($11.76)


PokerStars Hand #148068381574:  Hold'em Limit ($3/$6 USD) - 2016/02/01 15:02:24 ET
Table 'Numerowia' 6-max Seat #1 is the button
Seat 1: JumpSeat123 ($173.55 in chips)
Seat 3: Chessnok ($306.44 in chips)
JumpSeat123: posts small blind $1
Chessnok: posts big blind $3
*** HOLE CARDS ***
akshadha joins the table at seat #6
JumpSeat123: folds
Uncalled bet ($2) returned to Chessnok
Chessnok collected $2 from pot
Chessnok: doesn't show hand
*** SUMMARY ***
Total pot $2 | Rake $0
Seat 1: JumpSeat123 (button) (small blind) folded before Flop
Seat 3: Chessnok (big blind) collected ($2)


PokerStars Hand #148068376308:  Hold'em Limit ($3/$6 USD) - 2016/02/01 15:02:20 ET
Table 'Numerowia' 6-max Seat #3 is the button
Seat 1: JumpSeat123 ($172.55 in chips)
Seat 3: Chessnok ($307.44 in chips)
Chessnok: posts small blind $1
JumpSeat123: posts big blind $3
*** HOLE CARDS ***
Chessnok: folds
Uncalled bet ($2) returned to JumpSeat123
JumpSeat123 collected $2 from pot
JumpSeat123: doesn't show hand
*** SUMMARY ***
Total pot $2 | Rake $0
Seat 1: JumpSeat123 (big blind) collected ($2)
Seat 3: Chessnok (button) (small blind) folded before Flop


PokerStars Hand #148068354813:  Hold'em Limit ($3/$6 USD) - 2016/02/01 15:02:01 ET
Table 'Numerowia' 6-max Seat #1 is the button
Seat 1: JumpSeat123 ($180.55 in chips)
Seat 3: Chessnok ($299.68 in chips)
JumpSeat123: posts small blind $1
Chessnok: posts big blind $3
*** HOLE CARDS ***
JumpSeat123: folds
Uncalled bet ($2) returned to Chessnok
Chessnok collected $2 from pot
Chessnok: doesn't show hand
*** SUMMARY ***
Total pot $2 | Rake $0
Seat 1: JumpSeat123 (button) (small blind) folded before Flop
Seat 3: Chessnok (big blind) collected ($2)


