PokerStars Hand #153609157117:  Hold'em Limit ($3/$6 USD) - 2016/05/20 19:06:06 ET
Table 'Nunki' 6-max Seat #4 is the button
Seat 2: bluebird7551 ($119 in chips)
Seat 4: LolDnkaments ($73 in chips)
LolDnkaments: posts small blind $1
bluebird7551: posts big blind $3
*** HOLE CARDS ***
LolDnkaments: folds
Uncalled bet ($2) returned to bluebird7551
bluebird7551 collected $2 from pot
*** SUMMARY ***
Total pot $2 | Rake $0
Seat 2: bluebird7551 (big blind) collected ($2)
Seat 4: LolDnkaments (button) (small blind) folded before Flop


PokerStars Hand #153609160681:  Hold'em Limit ($3/$6 USD) - 2016/05/20 19:06:11 ET
Table 'Nunki' 6-max Seat #2 is the button
Seat 2: bluebird7551 ($120 in chips)
Seat 4: LolDnkaments ($72 in chips)
bluebird7551: posts small blind $1
LolDnkaments: posts big blind $3
*** HOLE CARDS ***
bluebird7551: raises $3 to $6
LolDnkaments: calls $3
*** FLOP *** [3d 4d Td]
LolDnkaments: checks
bluebird7551: bets $3
LolDnkaments: folds
Uncalled bet ($3) returned to bluebird7551
bluebird7551 collected $11.76 from pot
*** SUMMARY ***
Total pot $12 | Rake $0.24
Board [3d 4d Td]
Seat 2: bluebird7551 (button) (small blind) collected ($11.76)
Seat 4: LolDnkaments (big blind) folded on the Flop


PokerStars Hand #153609169688:  Hold'em Limit ($3/$6 USD) - 2016/05/20 19:06:25 ET
Table 'Nunki' 6-max Seat #4 is the button
Seat 2: bluebird7551 ($125.76 in chips)
Seat 4: LolDnkaments ($72 in chips)
LolDnkaments: posts small blind $1
bluebird7551: posts big blind $3
*** HOLE CARDS ***
LolDnkaments: raises $3 to $6
bluebird7551: calls $3
*** FLOP *** [7d 6d Tc]
bluebird7551: checks
LolDnkaments: bets $3
bluebird7551: calls $3
*** TURN *** [7d 6d Tc] [2d]
bluebird7551: bets $6
LolDnkaments: folds
Uncalled bet ($6) returned to bluebird7551
bluebird7551 collected $17.64 from pot
*** SUMMARY ***
Total pot $18 | Rake $0.36
Board [7d 6d Tc 2d]
Seat 2: bluebird7551 (big blind) collected ($17.64)
Seat 4: LolDnkaments (button) (small blind) folded on the Turn


PokerStars Hand #153609184634:  Hold'em Limit ($3/$6 USD) - 2016/05/20 19:06:46 ET
Table 'Nunki' 6-max Seat #2 is the button
Seat 2: bluebird7551 ($134.40 in chips)
Seat 4: LolDnkaments ($72 in chips)
bluebird7551: posts small blind $1
LolDnkaments: posts big blind $3
*** HOLE CARDS ***
bluebird7551: folds
Uncalled bet ($2) returned to LolDnkaments
LolDnkaments collected $2 from pot
LolDnkaments: doesn't show hand
*** SUMMARY ***
Total pot $2 | Rake $0
Seat 2: bluebird7551 (button) (small blind) folded before Flop
Seat 4: LolDnkaments (big blind) collected ($2)


PokerStars Hand #153609189252:  Hold'em Limit ($3/$6 USD) - 2016/05/20 19:06:53 ET
Table 'Nunki' 6-max Seat #4 is the button
Seat 2: bluebird7551 ($133.40 in chips)
Seat 4: LolDnkaments ($73 in chips)
LolDnkaments: posts small blind $1
bluebird7551: posts big blind $3
*** HOLE CARDS ***
LolDnkaments: raises $3 to $6
bluebird7551: calls $3
*** FLOP *** [2c 7s Qc]
bluebird7551: checks
LolDnkaments: bets $3
bluebird7551: calls $3
*** TURN *** [2c 7s Qc] [6s]
bluebird7551: checks
LolDnkaments: bets $6
bluebird7551: raises $6 to $12
LolDnkaments: raises $6 to $18
bluebird7551: calls $6
*** RIVER *** [2c 7s Qc 6s] [Ks]
bluebird7551: checks
LolDnkaments: bets $6
bluebird7551: folds
Uncalled bet ($6) returned to LolDnkaments
LolDnkaments collected $53.50 from pot
LolDnkaments: doesn't show hand
*** SUMMARY ***
Total pot $54 | Rake $0.50
Board [2c 7s Qc 6s Ks]
Seat 2: bluebird7551 (big blind) folded on the River
Seat 4: LolDnkaments (button) (small blind) collected ($53.50)


PokerStars Hand #153609217977:  Hold'em Limit ($3/$6 USD) - 2016/05/20 19:07:35 ET
Table 'Nunki' 6-max Seat #2 is the button
Seat 2: bluebird7551 ($106.40 in chips)
Seat 4: LolDnkaments ($99.50 in chips)
bluebird7551: posts small blind $1
LolDnkaments: posts big blind $3
*** HOLE CARDS ***
bluebird7551: raises $3 to $6
LolDnkaments: calls $3
*** FLOP *** [6c 6h 4s]
LolDnkaments: checks
bluebird7551: bets $3
LolDnkaments: raises $3 to $6
bluebird7551: calls $3
*** TURN *** [6c 6h 4s] [5s]
LolDnkaments: bets $6
bluebird7551: folds
Uncalled bet ($6) returned to LolDnkaments
LolDnkaments collected $23.52 from pot
LolDnkaments: doesn't show hand
*** SUMMARY ***
Total pot $24 | Rake $0.48
Board [6c 6h 4s 5s]
Seat 2: bluebird7551 (button) (small blind) folded on the Turn
Seat 4: LolDnkaments (big blind) collected ($23.52)


PokerStars Hand #153609236936:  Hold'em Limit ($3/$6 USD) - 2016/05/20 19:08:03 ET
Table 'Nunki' 6-max Seat #2 is the button
Seat 2: bluebird7551 ($91.40 in chips)
Seat 4: LolDnkaments ($114.02 in chips)
bluebird7551: posts small blind $1
LolDnkaments: posts big blind $3
*** HOLE CARDS ***
bluebird7551: raises $3 to $6
LolDnkaments: calls $3
*** FLOP *** [2s 5c 9h]
LolDnkaments: checks
bluebird7551: checks
*** TURN *** [2s 5c 9h] [As]
LolDnkaments: bets $6
bluebird7551: folds
Uncalled bet ($6) returned to LolDnkaments
LolDnkaments collected $11.76 from pot
LolDnkaments: doesn't show hand
*** SUMMARY ***
Total pot $12 | Rake $0.24
Board [2s 5c 9h As]
Seat 2: bluebird7551 (button) (small blind) folded on the Turn
Seat 4: LolDnkaments (big blind) collected ($11.76)


PokerStars Hand #153609252480:  Hold'em Limit ($3/$6 USD) - 2016/05/20 19:08:20 ET
Table 'Nunki' 6-max Seat #4 is the button
Seat 2: bluebird7551 ($85.40 in chips)
Seat 4: LolDnkaments ($119.78 in chips)
LolDnkaments: posts small blind $1
bluebird7551: posts big blind $3
*** HOLE CARDS ***
LolDnkaments: raises $3 to $6
bluebird7551: folds
Uncalled bet ($3) returned to LolDnkaments
bluebird7551 leaves the table
LolDnkaments collected $6 from pot
LolDnkaments: doesn't show hand
*** SUMMARY ***
Total pot $6 | Rake $0
Seat 2: bluebird7551 (big blind) folded before Flop
Seat 4: LolDnkaments (button) (small blind) collected ($6)


PokerStars Hand #153609232030:  Hold'em Limit ($3/$6 USD) - 2016/05/20 19:07:55 ET
Table 'Nunki' 6-max Seat #4 is the button
Seat 2: bluebird7551 ($94.40 in chips)
Seat 4: LolDnkaments ($111.02 in chips)
LolDnkaments: posts small blind $1
bluebird7551: posts big blind $3
*** HOLE CARDS ***
LolDnkaments: raises $3 to $6
bluebird7551: folds
Uncalled bet ($3) returned to LolDnkaments
LolDnkaments collected $6 from pot
LolDnkaments: doesn't show hand
*** SUMMARY ***
Total pot $6 | Rake $0
Seat 2: bluebird7551 (big blind) folded before Flop
Seat 4: LolDnkaments (button) (small blind) collected ($6)


PokerStars Hand #153609338989:  Hold'em Limit ($3/$6 USD) - 2016/05/20 19:10:29 ET
Table 'Nunki' 6-max Seat #2 is the button
Seat 2: Pasjeop33 ($120 in chips)
Seat 4: LolDnkaments ($122.78 in chips)
Pasjeop33: posts small blind $1
LolDnkaments: posts big blind $3
*** HOLE CARDS ***
Pasjeop33: raises $3 to $6
LolDnkaments: raises $3 to $9
Pasjeop33: calls $3
*** FLOP *** [9h 7c Kd]
LolDnkaments: bets $3
Pasjeop33: raises $3 to $6
LolDnkaments: calls $3
*** TURN *** [9h 7c Kd] [Ah]
LolDnkaments: checks
bluebird7551 joins the table at seat #1
Pasjeop33: checks
*** RIVER *** [9h 7c Kd Ah] [2d]
LolDnkaments: bets $6
Pasjeop33: calls $6
*** SHOW DOWN ***
LolDnkaments: shows [Td Ts] (a pair of Tens)
Pasjeop33: mucks hand
LolDnkaments collected $41.50 from pot
*** SUMMARY ***
Total pot $42 | Rake $0.50
Board [9h 7c Kd Ah 2d]
Seat 2: Pasjeop33 (button) (small blind) mucked
Seat 4: LolDnkaments (big blind) showed [Td Ts] and won ($41.50) with a pair of Tens


PokerStars Hand #153609477029:  Hold'em Limit ($3/$6 USD) - 2016/05/20 19:13:53 ET
Table 'Nunki' 6-max Seat #1 is the button
Seat 1: bluebird7551 ($112.07 in chips)
Seat 4: LolDnkaments ($179.70 in chips)
bluebird7551: posts small blind $1
Coldhandnik: is sitting out
LolDnkaments: posts big blind $3
*** HOLE CARDS ***
Coldhandnik leaves the table
bluebird7551: raises $3 to $6
LolDnkaments: raises $3 to $9
bluebird7551: calls $3
*** FLOP *** [Js Ks 3s]
LolDnkaments: bets $3
bluebird7551: raises $3 to $6
LolDnkaments: calls $3
*** TURN *** [Js Ks 3s] [7s]
LolDnkaments: checks
bluebird7551: bets $6
LolDnkaments: calls $6
*** RIVER *** [Js Ks 3s 7s] [3h]
LolDnkaments: checks
bluebird7551: bets $6
LolDnkaments: calls $6
*** SHOW DOWN ***
bluebird7551: shows [6d As] (a flush, Ace high)
LolDnkaments: mucks hand
bluebird7551 collected $53.50 from pot
*** SUMMARY ***
Total pot $54 | Rake $0.50
Board [Js Ks 3s 7s 3h]
Seat 1: bluebird7551 (button) (small blind) showed [6d As] and won ($53.50) with a flush, Ace high
Seat 4: LolDnkaments (big blind) mucked


PokerStars Hand #153609536521:  Hold'em Limit ($3/$6 USD) - 2016/05/20 19:15:21 ET
Table 'Nunki' 6-max Seat #4 is the button
Seat 1: bluebird7551 ($108.57 in chips)
Seat 4: LolDnkaments ($181.84 in chips)
LolDnkaments: posts small blind $1
bluebird7551: posts big blind $3
*** HOLE CARDS ***
LolDnkaments: raises $3 to $6
bluebird7551: calls $3
*** FLOP *** [8c 7h Kh]
bluebird7551: checks
LolDnkaments: bets $3
bluebird7551: calls $3
*** TURN *** [8c 7h Kh] [9d]
bluebird7551: checks
LolDnkaments: bets $6
bluebird7551: calls $6
*** RIVER *** [8c 7h Kh 9d] [Jh]
bluebird7551: checks
LolDnkaments: checks
*** SHOW DOWN ***
bluebird7551: shows [7c Qc] (a pair of Sevens)
LolDnkaments: shows [9h 5s] (a pair of Nines)
LolDnkaments collected $29.50 from pot
*** SUMMARY ***
Total pot $30 | Rake $0.50
Board [8c 7h Kh 9d Jh]
Seat 1: bluebird7551 (big blind) showed [7c Qc] and lost with a pair of Sevens
Seat 4: LolDnkaments (button) (small blind) showed [9h 5s] and won ($29.50) with a pair of Nines


PokerStars Hand #153609525219:  Hold'em Limit ($3/$6 USD) - 2016/05/20 19:15:04 ET
Table 'Nunki' 6-max Seat #1 is the button
Seat 1: bluebird7551 ($117.57 in chips)
Seat 4: LolDnkaments ($173.20 in chips)
bluebird7551: posts small blind $1
LolDnkaments: posts big blind $3
*** HOLE CARDS ***
bluebird7551: raises $3 to $6
LolDnkaments: raises $3 to $9
bluebird7551: calls $3
*** FLOP *** [Js Qh Td]
LolDnkaments: bets $3
bluebird7551: folds
Uncalled bet ($3) returned to LolDnkaments
LolDnkaments collected $17.64 from pot
LolDnkaments: doesn't show hand
*** SUMMARY ***
Total pot $18 | Rake $0.36
Board [Js Qh Td]
Seat 1: bluebird7551 (button) (small blind) folded on the Flop
Seat 4: LolDnkaments (big blind) collected ($17.64)


PokerStars Hand #153609499256:  Hold'em Limit ($3/$6 USD) - 2016/05/20 19:14:26 ET
Table 'Nunki' 6-max Seat #4 is the button
Seat 1: bluebird7551 ($138.57 in chips)
Seat 4: LolDnkaments ($152.70 in chips)
LolDnkaments: posts small blind $1
bluebird7551: posts big blind $3
*** HOLE CARDS ***
LolDnkaments: raises $3 to $6
bluebird7551: calls $3
*** FLOP *** [4d 6d Th]
bluebird7551: checks
LolDnkaments: bets $3
bluebird7551: calls $3
*** TURN *** [4d 6d Th] [Td]
bluebird7551: bets $6
LolDnkaments: raises $6 to $12
bluebird7551: calls $6
*** RIVER *** [4d 6d Th Td] [Js]
bluebird7551: checks
LolDnkaments: bets $6
bluebird7551: folds
Uncalled bet ($6) returned to LolDnkaments
LolDnkaments collected $41.50 from pot
LolDnkaments: doesn't show hand
*** SUMMARY ***
Total pot $42 | Rake $0.50
Board [4d 6d Th Td Js]
Seat 1: bluebird7551 (big blind) folded on the River
Seat 4: LolDnkaments (button) (small blind) collected ($41.50)


PokerStars Hand #153609554155:  Hold'em Limit ($3/$6 USD) - 2016/05/20 19:15:47 ET
Table 'Nunki' 6-max Seat #1 is the button
Seat 1: bluebird7551 ($93.57 in chips)
Seat 4: LolDnkaments ($196.34 in chips)
bluebird7551: posts small blind $1
LolDnkaments: posts big blind $3
*** HOLE CARDS ***
bluebird7551: folds
Uncalled bet ($2) returned to LolDnkaments
LolDnkaments collected $2 from pot
LolDnkaments: doesn't show hand
*** SUMMARY ***
Total pot $2 | Rake $0
Seat 1: bluebird7551 (button) (small blind) folded before Flop
Seat 4: LolDnkaments (big blind) collected ($2)


PokerStars Hand #153609577358:  Hold'em Limit ($3/$6 USD) - 2016/05/20 19:16:21 ET
Table 'Nunki' 6-max Seat #1 is the button
Seat 1: bluebird7551 ($82.57 in chips)
Seat 4: LolDnkaments ($207.10 in chips)
bluebird7551: posts small blind $1
LolDnkaments: posts big blind $3
*** HOLE CARDS ***
bluebird7551: folds
Uncalled bet ($2) returned to LolDnkaments
bluebird7551 leaves the table
LolDnkaments collected $2 from pot
LolDnkaments: doesn't show hand
*** SUMMARY ***
Total pot $2 | Rake $0
Seat 1: bluebird7551 (button) (small blind) folded before Flop
Seat 4: LolDnkaments (big blind) collected ($2)


PokerStars Hand #153609571818:  Hold'em Limit ($3/$6 USD) - 2016/05/20 19:16:13 ET
Table 'Nunki' 6-max Seat #4 is the button
Seat 1: bluebird7551 ($85.57 in chips)
Seat 4: LolDnkaments ($204.10 in chips)
LolDnkaments: posts small blind $1
bluebird7551: posts big blind $3
*** HOLE CARDS ***
LolDnkaments: raises $3 to $6
bluebird7551: folds
Uncalled bet ($3) returned to LolDnkaments
LolDnkaments collected $6 from pot
LolDnkaments: doesn't show hand
*** SUMMARY ***
Total pot $6 | Rake $0
Seat 1: bluebird7551 (big blind) folded before Flop
Seat 4: LolDnkaments (button) (small blind) collected ($6)


PokerStars Hand #153609567700:  Hold'em Limit ($3/$6 USD) - 2016/05/20 19:16:07 ET
Table 'Nunki' 6-max Seat #1 is the button
Seat 1: bluebird7551 ($86.57 in chips)
Seat 4: LolDnkaments ($203.10 in chips)
bluebird7551: posts small blind $1
LolDnkaments: posts big blind $3
*** HOLE CARDS ***
bluebird7551: folds
Uncalled bet ($2) returned to LolDnkaments
LolDnkaments collected $2 from pot
LolDnkaments: doesn't show hand
*** SUMMARY ***
Total pot $2 | Rake $0
Seat 1: bluebird7551 (button) (small blind) folded before Flop
Seat 4: LolDnkaments (big blind) collected ($2)


PokerStars Hand #153609558218:  Hold'em Limit ($3/$6 USD) - 2016/05/20 19:15:53 ET
Table 'Nunki' 6-max Seat #4 is the button
Seat 1: bluebird7551 ($92.57 in chips)
Seat 4: LolDnkaments ($197.34 in chips)
LolDnkaments: posts small blind $1
bluebird7551: posts big blind $3
*** HOLE CARDS ***
LolDnkaments: raises $3 to $6
bluebird7551: calls $3
*** FLOP *** [8c 5s Ah]
bluebird7551: checks
LolDnkaments: bets $3
bluebird7551: folds
Uncalled bet ($3) returned to LolDnkaments
LolDnkaments collected $11.76 from pot
LolDnkaments: doesn't show hand
*** SUMMARY ***
Total pot $12 | Rake $0.24
Board [8c 5s Ah]
Seat 1: bluebird7551 (big blind) folded on the Flop
Seat 4: LolDnkaments (button) (small blind) collected ($11.76)


PokerStars Hand #153610201728:  Hold'em Limit ($3/$6 USD) - 2016/05/20 19:32:15 ET
Table 'Nunki' 6-max Seat #4 is the button
Seat 4: LolDnkaments ($216.60 in chips)
Seat 6: sda.80.16 ($110.76 in chips)
LolDnkaments: posts small blind $1
sda.80.16: posts big blind $3
*** HOLE CARDS ***
LolDnkaments: folds
Uncalled bet ($2) returned to sda.80.16
sda.80.16 collected $2 from pot
sda.80.16: doesn't show hand
*** SUMMARY ***
Total pot $2 | Rake $0
Seat 4: LolDnkaments (button) (small blind) folded before Flop
Seat 6: sda.80.16 (big blind) collected ($2)


PokerStars Hand #153610192815:  Hold'em Limit ($3/$6 USD) - 2016/05/20 19:32:01 ET
Table 'Nunki' 6-max Seat #6 is the button
Seat 4: LolDnkaments ($222.60 in chips)
Seat 6: sda.80.16 ($105 in chips)
sda.80.16: posts small blind $1
LolDnkaments: posts big blind $3
*** HOLE CARDS ***
sda.80.16: raises $3 to $6
LolDnkaments: calls $3
*** FLOP *** [Kd Qh 5d]
LolDnkaments: checks
sda.80.16: bets $3
LolDnkaments: folds
Uncalled bet ($3) returned to sda.80.16
sda.80.16 collected $11.76 from pot
sda.80.16: doesn't show hand
*** SUMMARY ***
Total pot $12 | Rake $0.24
Board [Kd Qh 5d]
Seat 4: LolDnkaments (big blind) folded on the Flop
Seat 6: sda.80.16 (button) (small blind) collected ($11.76)


PokerStars Hand #153610178181:  Hold'em Limit ($3/$6 USD) - 2016/05/20 19:31:38 ET
Table 'Nunki' 6-max Seat #4 is the button
Seat 4: LolDnkaments ($208.10 in chips)
Seat 6: sda.80.16 ($120 in chips)
LolDnkaments: posts small blind $1
sda.80.16: posts big blind $3
*** HOLE CARDS ***
LolDnkaments: raises $3 to $6
sda.80.16: calls $3
*** FLOP *** [8d 3h 5s]
sda.80.16: checks
LolDnkaments: bets $3
sda.80.16: calls $3
*** TURN *** [8d 3h 5s] [Qs]
sda.80.16: checks
LolDnkaments: bets $6
sda.80.16: calls $6
*** RIVER *** [8d 3h 5s Qs] [Kd]
sda.80.16: checks
LolDnkaments: checks
*** SHOW DOWN ***
sda.80.16: shows [7s 2s] (high card King)
LolDnkaments: shows [4d Ac] (high card Ace)
LolDnkaments collected $29.50 from pot
*** SUMMARY ***
Total pot $30 | Rake $0.50
Board [8d 3h 5s Qs Kd]
Seat 4: LolDnkaments (button) (small blind) showed [4d Ac] and won ($29.50) with high card Ace
Seat 6: sda.80.16 (big blind) showed [7s 2s] and lost with high card King


PokerStars Hand #153610204251:  Hold'em Limit ($3/$6 USD) - 2016/05/20 19:32:19 ET
Table 'Nunki' 6-max Seat #6 is the button
Seat 4: LolDnkaments ($215.60 in chips)
Seat 6: sda.80.16 ($111.76 in chips)
sda.80.16: posts small blind $1
LolDnkaments: posts big blind $3
*** HOLE CARDS ***
sda.80.16: folds
Uncalled bet ($2) returned to LolDnkaments
LolDnkaments collected $2 from pot
LolDnkaments: doesn't show hand
*** SUMMARY ***
Total pot $2 | Rake $0
Seat 4: LolDnkaments (big blind) collected ($2)
Seat 6: sda.80.16 (button) (small blind) folded before Flop


PokerStars Hand #153610236455:  Hold'em Limit ($3/$6 USD) - 2016/05/20 19:33:11 ET
Table 'Nunki' 6-max Seat #4 is the button
Seat 4: LolDnkaments ($222.10 in chips)
Seat 6: sda.80.16 ($104.26 in chips)
LolDnkaments: posts small blind $1
sda.80.16: posts big blind $3
*** HOLE CARDS ***
LolDnkaments: raises $3 to $6
sda.80.16: calls $3
*** FLOP *** [4d 8d Jc]
sda.80.16: checks
LolDnkaments: bets $3
sda.80.16: calls $3
*** TURN *** [4d 8d Jc] [3s]
sda.80.16: checks
LolDnkaments: bets $6
sda.80.16: calls $6
*** RIVER *** [4d 8d Jc 3s] [6s]
ValeryRon joins the table at seat #1
sda.80.16: checks
LolDnkaments: bets $6
sda.80.16: calls $6
*** SHOW DOWN ***
LolDnkaments: shows [Ts 7h] (high card Jack)
sda.80.16: shows [Qd Td] (high card Queen)
sda.80.16 collected $41.50 from pot
*** SUMMARY ***
Total pot $42 | Rake $0.50
Board [4d 8d Jc 3s 6s]
Seat 4: LolDnkaments (button) (small blind) showed [Ts 7h] and lost with high card Jack
Seat 6: sda.80.16 (big blind) showed [Qd Td] and won ($41.50) with high card Queen


PokerStars Hand #153610221936:  Hold'em Limit ($3/$6 USD) - 2016/05/20 19:32:47 ET
Table 'Nunki' 6-max Seat #6 is the button
Seat 4: LolDnkaments ($237.10 in chips)
Seat 6: sda.80.16 ($89.76 in chips)
sda.80.16: posts small blind $1
LolDnkaments: posts big blind $3
*** HOLE CARDS ***
sda.80.16: calls $2
LolDnkaments: checks
*** FLOP *** [4h 2s 7c]
LolDnkaments: checks
sda.80.16: checks
*** TURN *** [4h 2s 7c] [Jd]
LolDnkaments: bets $6
sda.80.16: calls $6
*** RIVER *** [4h 2s 7c Jd] [4s]
LolDnkaments: bets $6
sda.80.16: calls $6
*** SHOW DOWN ***
LolDnkaments: shows [7h 3h] (two pair, Sevens and Fours)
sda.80.16: shows [3c Jh] (two pair, Jacks and Fours)
sda.80.16 collected $29.50 from pot
*** SUMMARY ***
Total pot $30 | Rake $0.50
Board [4h 2s 7c Jd 4s]
Seat 4: LolDnkaments (big blind) showed [7h 3h] and lost with two pair, Sevens and Fours
Seat 6: sda.80.16 (button) (small blind) showed [3c Jh] and won ($29.50) with two pair, Jacks and Fours


PokerStars Hand #153610207813:  Hold'em Limit ($3/$6 USD) - 2016/05/20 19:32:25 ET
Table 'Nunki' 6-max Seat #4 is the button
Seat 4: LolDnkaments ($216.60 in chips)
Seat 6: sda.80.16 ($110.76 in chips)
LolDnkaments: posts small blind $1
sda.80.16: posts big blind $3
*** HOLE CARDS ***
LolDnkaments: raises $3 to $6
sda.80.16: calls $3
*** FLOP *** [6h 5d 5s]
sda.80.16: checks
LolDnkaments: bets $3
sda.80.16: calls $3
*** TURN *** [6h 5d 5s] [Ad]
sda.80.16: checks
LolDnkaments: bets $6
sda.80.16: raises $6 to $12
LolDnkaments: raises $6 to $18
sda.80.16: folds
Uncalled bet ($6) returned to LolDnkaments
LolDnkaments collected $41.50 from pot
LolDnkaments: doesn't show hand
*** SUMMARY ***
Total pot $42 | Rake $0.50
Board [6h 5d 5s Ad]
Seat 4: LolDnkaments (button) (small blind) collected ($41.50)
Seat 6: sda.80.16 (big blind) folded on the Turn


