PokerStars Hand #148143783894:  Hold'em Limit ($3/$6 USD) - 2016/02/02 20:38:06 ET
Table 'Nunki' 2-max Seat #2 is the button
Seat 1: elifnur2008 ($120 in chips)
Seat 2: hubhub131 ($41.26 in chips)
hubhub131: posts small blind $1
elifnur2008: posts big blind $3
*** HOLE CARDS ***
hubhub131: raises $3 to $6
elifnur2008: raises $3 to $9
hubhub131: calls $3
*** FLOP *** [8s Th Kc]
elifnur2008: checks
hubhub131: bets $3
elifnur2008: calls $3
*** TURN *** [8s Th Kc] [7d]
elifnur2008: checks
hubhub131: bets $6
elifnur2008: raises $6 to $12
hubhub131: calls $6
*** RIVER *** [8s Th Kc 7d] [6d]
elifnur2008: bets $6
hubhub131: folds
Uncalled bet ($6) returned to elifnur2008
elifnur2008 collected $47.50 from pot
elifnur2008: doesn't show hand
*** SUMMARY ***
Total pot $48 | Rake $0.50
Board [8s Th Kc 7d 6d]
Seat 1: elifnur2008 (big blind) collected ($47.50)
Seat 2: hubhub131 (button) (small blind) folded on the River


PokerStars Hand #148143840928:  Hold'em Limit ($3/$6 USD) - 2016/02/02 20:39:54 ET
Table 'Nunki' 2-max Seat #1 is the button
Seat 1: elifnur2008 ($127.74 in chips)
Seat 2: hubhub131 ($31.52 in chips)
elifnur2008: posts small blind $1
hubhub131: posts big blind $3
*** HOLE CARDS ***
elifnur2008: folds
Uncalled bet ($2) returned to hubhub131
hubhub131 collected $2 from pot
hubhub131: doesn't show hand
*** SUMMARY ***
Total pot $2 | Rake $0
Seat 1: elifnur2008 (button) (small blind) folded before Flop
Seat 2: hubhub131 (big blind) collected ($2)


PokerStars Hand #148143830913:  Hold'em Limit ($3/$6 USD) - 2016/02/02 20:39:35 ET
Table 'Nunki' 2-max Seat #2 is the button
Seat 1: elifnur2008 ($110.24 in chips)
Seat 2: hubhub131 ($49.52 in chips)
hubhub131: posts small blind $1
elifnur2008: posts big blind $3
*** HOLE CARDS ***
hubhub131: raises $3 to $6
elifnur2008: raises $3 to $9
hubhub131: calls $3
*** FLOP *** [3s Js 9d]
elifnur2008: bets $3
hubhub131: calls $3
*** TURN *** [3s Js 9d] [Kh]
elifnur2008: bets $6
hubhub131: calls $6
*** RIVER *** [3s Js 9d Kh] [2s]
elifnur2008: bets $6
hubhub131: folds
Uncalled bet ($6) returned to elifnur2008
elifnur2008 collected $35.50 from pot
elifnur2008: doesn't show hand
*** SUMMARY ***
Total pot $36 | Rake $0.50
Board [3s Js 9d Kh 2s]
Seat 1: elifnur2008 (big blind) collected ($35.50)
Seat 2: hubhub131 (button) (small blind) folded on the River


PokerStars Hand #148143828578:  Hold'em Limit ($3/$6 USD) - 2016/02/02 20:39:31 ET
Table 'Nunki' 2-max Seat #1 is the button
Seat 1: elifnur2008 ($111.24 in chips)
Seat 2: hubhub131 ($48.52 in chips)
elifnur2008: posts small blind $1
hubhub131: posts big blind $3
*** HOLE CARDS ***
elifnur2008: folds
Uncalled bet ($2) returned to hubhub131
hubhub131 collected $2 from pot
hubhub131: doesn't show hand
*** SUMMARY ***
Total pot $2 | Rake $0
Seat 1: elifnur2008 (button) (small blind) folded before Flop
Seat 2: hubhub131 (big blind) collected ($2)


PokerStars Hand #148143818766:  Hold'em Limit ($3/$6 USD) - 2016/02/02 20:39:12 ET
Table 'Nunki' 2-max Seat #2 is the button
Seat 1: elifnur2008 ($126.24 in chips)
Seat 2: hubhub131 ($34.02 in chips)
hubhub131: posts small blind $1
elifnur2008: posts big blind $3
*** HOLE CARDS ***
hubhub131: raises $3 to $6
elifnur2008: calls $3
*** FLOP *** [Js Td 3d]
elifnur2008: checks
hubhub131: bets $3
elifnur2008: calls $3
*** TURN *** [Js Td 3d] [9c]
elifnur2008: checks
hubhub131: bets $6
elifnur2008: calls $6
*** RIVER *** [Js Td 3d 9c] [2d]
elifnur2008: checks
hubhub131: bets $6
elifnur2008: folds
Uncalled bet ($6) returned to hubhub131
hubhub131 collected $29.50 from pot
hubhub131: doesn't show hand
*** SUMMARY ***
Total pot $30 | Rake $0.50
Board [Js Td 3d 9c 2d]
Seat 1: elifnur2008 (big blind) folded on the River
Seat 2: hubhub131 (button) (small blind) collected ($29.50)


PokerStars Hand #148143809922:  Hold'em Limit ($3/$6 USD) - 2016/02/02 20:38:55 ET
Table 'Nunki' 2-max Seat #1 is the button
Seat 1: elifnur2008 ($143.50 in chips)
Seat 2: hubhub131 ($17.26 in chips)
elifnur2008: posts small blind $1
hubhub131: posts big blind $3
*** HOLE CARDS ***
elifnur2008: raises $3 to $6
hubhub131: raises $3 to $9
elifnur2008: calls $3
*** FLOP *** [As 9s Ac]
hubhub131: bets $3
elifnur2008: calls $3
*** TURN *** [As 9s Ac] [3s]
hubhub131: bets $5.26 and is all-in
elifnur2008: calls $5.26
*** RIVER *** [As 9s Ac 3s] [8d]
*** SHOW DOWN ***
hubhub131: shows [Ks 9h] (two pair, Aces and Nines)
elifnur2008: shows [6s 6h] (two pair, Aces and Sixes)
hubhub131 collected $34.02 from pot
*** SUMMARY ***
Total pot $34.52 | Rake $0.50
Board [As 9s Ac 3s 8d]
Seat 1: elifnur2008 (button) (small blind) showed [6s 6h] and lost with two pair, Aces and Sixes
Seat 2: hubhub131 (big blind) showed [Ks 9h] and won ($34.02) with two pair, Aces and Nines


PokerStars Hand #148143854204:  Hold'em Limit ($3/$6 USD) - 2016/02/02 20:40:19 ET
Table 'Nunki' 2-max Seat #1 is the button
Seat 1: elifnur2008 ($102.74 in chips)
Seat 2: hubhub131 ($56.02 in chips)
elifnur2008: posts small blind $1
hubhub131: posts big blind $3
*** HOLE CARDS ***
elifnur2008: raises $3 to $6
hubhub131: calls $3
*** FLOP *** [4c Ts 8s]
hubhub131: bets $3
elifnur2008: calls $3
*** TURN *** [4c Ts 8s] [5d]
hubhub131: bets $6
elifnur2008: raises $6 to $12
hubhub131: calls $6
*** RIVER *** [4c Ts 8s 5d] [Kc]
hubhub131: checks
elifnur2008: bets $6
hubhub131: calls $6
*** SHOW DOWN ***
elifnur2008: shows [7c 5s] (a pair of Fives)
hubhub131: mucks hand
elifnur2008 collected $53.50 from pot
*** SUMMARY ***
Total pot $54 | Rake $0.50
Board [4c Ts 8s 5d Kc]
Seat 1: elifnur2008 (button) (small blind) showed [7c 5s] and won ($53.50) with a pair of Fives
Seat 2: hubhub131 (big blind) mucked


PokerStars Hand #148143843550:  Hold'em Limit ($3/$6 USD) - 2016/02/02 20:39:59 ET
Table 'Nunki' 2-max Seat #2 is the button
Seat 1: elifnur2008 ($126.74 in chips)
Seat 2: hubhub131 ($32.52 in chips)
hubhub131: posts small blind $1
elifnur2008: posts big blind $3
*** HOLE CARDS ***
hubhub131: raises $3 to $6
elifnur2008: raises $3 to $9
hubhub131: calls $3
*** FLOP *** [2h 2s 9s]
elifnur2008: bets $3
hubhub131: calls $3
*** TURN *** [2h 2s 9s] [8h]
elifnur2008: bets $6
hubhub131: raises $6 to $12
elifnur2008: calls $6
*** RIVER *** [2h 2s 9s 8h] [6h]
elifnur2008: checks
hubhub131: bets $6
elifnur2008: folds
Uncalled bet ($6) returned to hubhub131
hubhub131 collected $47.50 from pot
hubhub131: doesn't show hand
*** SUMMARY ***
Total pot $48 | Rake $0.50
Board [2h 2s 9s 8h 6h]
Seat 1: elifnur2008 (big blind) folded on the River
Seat 2: hubhub131 (button) (small blind) collected ($47.50)


PokerStars Hand #148143895015:  Hold'em Limit ($3/$6 USD) - 2016/02/02 20:41:37 ET
Table 'Nunki' 2-max Seat #2 is the button
Seat 1: elifnur2008 ($78.22 in chips)
Seat 2: hubhub131 ($78.70 in chips)
hubhub131: posts small blind $1
elifnur2008: posts big blind $3
*** HOLE CARDS ***
hubhub131: raises $3 to $6
elifnur2008: raises $3 to $9
hubhub131: calls $3
*** FLOP *** [8d 4c 2c]
elifnur2008: bets $3
hubhub131: calls $3
*** TURN *** [8d 4c 2c] [5c]
elifnur2008: bets $6
hubhub131: calls $6
*** RIVER *** [8d 4c 2c 5c] [3h]
elifnur2008: bets $6
hubhub131: folds
Uncalled bet ($6) returned to elifnur2008
elifnur2008 collected $35.50 from pot
elifnur2008: doesn't show hand
*** SUMMARY ***
Total pot $36 | Rake $0.50
Board [8d 4c 2c 5c 3h]
Seat 1: elifnur2008 (big blind) collected ($35.50)
Seat 2: hubhub131 (button) (small blind) folded on the River


PokerStars Hand #148143892555:  Hold'em Limit ($3/$6 USD) - 2016/02/02 20:41:33 ET
Table 'Nunki' 2-max Seat #1 is the button
Seat 1: elifnur2008 ($79.22 in chips)
Seat 2: hubhub131 ($77.70 in chips)
elifnur2008: posts small blind $1
hubhub131: posts big blind $3
*** HOLE CARDS ***
elifnur2008: folds
Uncalled bet ($2) returned to hubhub131
hubhub131 collected $2 from pot
hubhub131: doesn't show hand
*** SUMMARY ***
Total pot $2 | Rake $0
Seat 1: elifnur2008 (button) (small blind) folded before Flop
Seat 2: hubhub131 (big blind) collected ($2)


PokerStars Hand #148143885372:  Hold'em Limit ($3/$6 USD) - 2016/02/02 20:41:19 ET
Table 'Nunki' 2-max Seat #2 is the button
Seat 1: elifnur2008 ($91.22 in chips)
Seat 2: hubhub131 ($66.18 in chips)
hubhub131: posts small blind $1
elifnur2008: posts big blind $3
*** HOLE CARDS ***
hubhub131: raises $3 to $6
elifnur2008: raises $3 to $9
hubhub131: calls $3
*** FLOP *** [5d Js Ah]
elifnur2008: bets $3
hubhub131: calls $3
*** TURN *** [5d Js Ah] [3c]
elifnur2008: checks
hubhub131: bets $6
elifnur2008: folds
Uncalled bet ($6) returned to hubhub131
hubhub131 collected $23.52 from pot
hubhub131: doesn't show hand
*** SUMMARY ***
Total pot $24 | Rake $0.48
Board [5d Js Ah 3c]
Seat 1: elifnur2008 (big blind) folded on the Turn
Seat 2: hubhub131 (button) (small blind) collected ($23.52)


PokerStars Hand #148143877486:  Hold'em Limit ($3/$6 USD) - 2016/02/02 20:41:04 ET
Table 'Nunki' 2-max Seat #1 is the button
Seat 1: elifnur2008 ($100.22 in chips)
Seat 2: hubhub131 ($57.54 in chips)
elifnur2008: posts small blind $1
hubhub131: posts big blind $3
*** HOLE CARDS ***
elifnur2008: raises $3 to $6
hubhub131: calls $3
*** FLOP *** [2c 5s Qh]
hubhub131: checks
elifnur2008: bets $3
hubhub131: calls $3
*** TURN *** [2c 5s Qh] [4d]
hubhub131: checks
elifnur2008: checks
*** RIVER *** [2c 5s Qh 4d] [8d]
hubhub131: bets $6
elifnur2008: folds
Uncalled bet ($6) returned to hubhub131
hubhub131 collected $17.64 from pot
hubhub131: doesn't show hand
*** SUMMARY ***
Total pot $18 | Rake $0.36
Board [2c 5s Qh 4d 8d]
Seat 1: elifnur2008 (button) (small blind) folded on the River
Seat 2: hubhub131 (big blind) collected ($17.64)


PokerStars Hand #148143867365:  Hold'em Limit ($3/$6 USD) - 2016/02/02 20:40:44 ET
Table 'Nunki' 2-max Seat #2 is the button
Seat 1: elifnur2008 ($129.24 in chips)
Seat 2: hubhub131 ($29.02 in chips)
hubhub131: posts small blind $1
elifnur2008: posts big blind $3
*** HOLE CARDS ***
hubhub131: raises $3 to $6
elifnur2008: raises $3 to $9
hubhub131: calls $3
*** FLOP *** [8s 2s 2d]
elifnur2008: bets $3
hubhub131: calls $3
*** TURN *** [8s 2s 2d] [5s]
elifnur2008: bets $6
hubhub131: raises $6 to $12
elifnur2008: raises $6 to $18
hubhub131: calls $5.02 and is all-in
Uncalled bet ($0.98) returned to elifnur2008
*** RIVER *** [8s 2s 2d 5s] [6h]
*** SHOW DOWN ***
elifnur2008: shows [Kc Qd] (a pair of Deuces)
hubhub131: shows [7h 6s] (two pair, Sixes and Deuces)
hubhub131 collected $57.54 from pot
*** SUMMARY ***
Total pot $58.04 | Rake $0.50
Board [8s 2s 2d 5s 6h]
Seat 1: elifnur2008 (big blind) showed [Kc Qd] and lost with a pair of Deuces
Seat 2: hubhub131 (button) (small blind) showed [7h 6s] and won ($57.54) with two pair, Sixes and Deuces


PokerStars Hand #148143936859:  Hold'em Limit ($3/$6 USD) - 2016/02/02 20:42:58 ET
Table 'Nunki' 2-max Seat #2 is the button
Seat 1: elifnur2008 ($133.74 in chips)
Seat 2: hubhub131 ($21.70 in chips)
hubhub131: posts small blind $1
elifnur2008: posts big blind $3
*** HOLE CARDS ***
hubhub131: raises $3 to $6
elifnur2008: calls $3
*** FLOP *** [4d Qc Ts]
elifnur2008: checks
hubhub131: bets $3
elifnur2008: calls $3
*** TURN *** [4d Qc Ts] [7c]
elifnur2008: checks
hubhub131: bets $6
elifnur2008: calls $6
*** RIVER *** [4d Qc Ts 7c] [5c]
elifnur2008: checks
hubhub131: bets $6
elifnur2008: raises $6 to $12
hubhub131: calls $0.70 and is all-in
Uncalled bet ($5.30) returned to elifnur2008
*** SHOW DOWN ***
elifnur2008: shows [4s 7d] (two pair, Sevens and Fours)
hubhub131: shows [5s 2h] (a pair of Fives)
elifnur2008 collected $42.90 from pot
*** SUMMARY ***
Total pot $43.40 | Rake $0.50
Board [4d Qc Ts 7c 5c]
Seat 1: elifnur2008 (big blind) showed [4s 7d] and won ($42.90) with two pair, Sevens and Fours
Seat 2: hubhub131 (button) (small blind) showed [5s 2h] and lost with a pair of Fives


PokerStars Hand #148143909083:  Hold'em Limit ($3/$6 USD) - 2016/02/02 20:42:04 ET
Table 'Nunki' 2-max Seat #2 is the button
Seat 1: elifnur2008 ($98.72 in chips)
Seat 2: hubhub131 ($57.70 in chips)
hubhub131: posts small blind $1
elifnur2008: posts big blind $3
*** HOLE CARDS ***
hubhub131: raises $3 to $6
elifnur2008: folds
Uncalled bet ($3) returned to hubhub131
hubhub131 collected $6 from pot
hubhub131: doesn't show hand
*** SUMMARY ***
Total pot $6 | Rake $0
Seat 1: elifnur2008 (big blind) folded before Flop
Seat 2: hubhub131 (button) (small blind) collected ($6)


PokerStars Hand #148143904919:  Hold'em Limit ($3/$6 USD) - 2016/02/02 20:41:56 ET
Table 'Nunki' 2-max Seat #1 is the button
Seat 1: elifnur2008 ($95.72 in chips)
Seat 2: hubhub131 ($60.70 in chips)
elifnur2008: posts small blind $1
hubhub131: posts big blind $3
*** HOLE CARDS ***
elifnur2008: raises $3 to $6
hubhub131: folds
Uncalled bet ($3) returned to elifnur2008
elifnur2008 collected $6 from pot
elifnur2008: doesn't show hand
*** SUMMARY ***
Total pot $6 | Rake $0
Seat 1: elifnur2008 (button) (small blind) collected ($6)
Seat 2: hubhub131 (big blind) folded before Flop


PokerStars Hand #148143912310:  Hold'em Limit ($3/$6 USD) - 2016/02/02 20:42:11 ET
Table 'Nunki' 2-max Seat #1 is the button
Seat 1: elifnur2008 ($95.72 in chips)
Seat 2: hubhub131 ($60.70 in chips)
elifnur2008: posts small blind $1
hubhub131: posts big blind $3
*** HOLE CARDS ***
elifnur2008: raises $3 to $6
hubhub131: raises $3 to $9
elifnur2008: calls $3
*** FLOP *** [7c 2h Th]
hubhub131: bets $3
elifnur2008: calls $3
*** TURN *** [7c 2h Th] [7d]
hubhub131: bets $6
elifnur2008: calls $6
*** RIVER *** [7c 2h Th 7d] [Td]
hubhub131: bets $6
elifnur2008: calls $6
*** SHOW DOWN ***
hubhub131: shows [Qh 5s] (two pair, Tens and Sevens)
elifnur2008: shows [Ac Js] (two pair, Tens and Sevens - Ace kicker)
elifnur2008 collected $47.50 from pot
*** SUMMARY ***
Total pot $48 | Rake $0.50
Board [7c 2h Th 7d Td]
Seat 1: elifnur2008 (button) (small blind) showed [Ac Js] and won ($47.50) with two pair, Tens and Sevens
Seat 2: hubhub131 (big blind) showed [Qh 5s] and lost with two pair, Tens and Sevens


PokerStars Hand #148143920846:  Hold'em Limit ($3/$6 USD) - 2016/02/02 20:42:27 ET
Table 'Nunki' 2-max Seat #2 is the button
Seat 1: elifnur2008 ($119.22 in chips)
Seat 2: hubhub131 ($36.70 in chips)
hubhub131: posts small blind $1
elifnur2008: posts big blind $3
*** HOLE CARDS ***
hubhub131: raises $3 to $6
elifnur2008: raises $3 to $9
hubhub131: calls $3
*** FLOP *** [Kc 7s 3c]
elifnur2008: bets $3
hubhub131: calls $3
*** TURN *** [Kc 7s 3c] [6h]
elifnur2008: bets $6
hubhub131: folds
Uncalled bet ($6) returned to elifnur2008
elifnur2008 collected $23.52 from pot
elifnur2008: doesn't show hand
*** SUMMARY ***
Total pot $24 | Rake $0.48
Board [Kc 7s 3c 6h]
Seat 1: elifnur2008 (big blind) collected ($23.52)
Seat 2: hubhub131 (button) (small blind) folded on the Turn


PokerStars Hand #148143927510:  Hold'em Limit ($3/$6 USD) - 2016/02/02 20:42:40 ET
Table 'Nunki' 2-max Seat #1 is the button
Seat 1: elifnur2008 ($130.74 in chips)
Seat 2: hubhub131 ($24.70 in chips)
elifnur2008: posts small blind $1
hubhub131: posts big blind $3
*** HOLE CARDS ***
elifnur2008: raises $3 to $6
hubhub131: folds
Uncalled bet ($3) returned to elifnur2008
elifnur2008 collected $6 from pot
elifnur2008: doesn't show hand
*** SUMMARY ***
Total pot $6 | Rake $0
Seat 1: elifnur2008 (button) (small blind) collected ($6)
Seat 2: hubhub131 (big blind) folded before Flop


PokerStars Hand #148143933876:  Hold'em Limit ($3/$6 USD) - 2016/02/02 20:42:52 ET
Table 'Nunki' 2-max Seat #1 is the button
Seat 1: elifnur2008 ($134.74 in chips)
Seat 2: hubhub131 ($20.70 in chips)
elifnur2008: posts small blind $1
hubhub131: posts big blind $3
*** HOLE CARDS ***
elifnur2008: folds
Uncalled bet ($2) returned to hubhub131
hubhub131 collected $2 from pot
hubhub131: doesn't show hand
*** SUMMARY ***
Total pot $2 | Rake $0
Seat 1: elifnur2008 (button) (small blind) folded before Flop
Seat 2: hubhub131 (big blind) collected ($2)


PokerStars Hand #148143930932:  Hold'em Limit ($3/$6 USD) - 2016/02/02 20:42:47 ET
Table 'Nunki' 2-max Seat #2 is the button
Seat 1: elifnur2008 ($133.74 in chips)
Seat 2: hubhub131 ($21.70 in chips)
hubhub131: posts small blind $1
elifnur2008: posts big blind $3
*** HOLE CARDS ***
hubhub131: folds
Uncalled bet ($2) returned to elifnur2008
elifnur2008 collected $2 from pot
elifnur2008: doesn't show hand
*** SUMMARY ***
Total pot $2 | Rake $0
Seat 1: elifnur2008 (big blind) collected ($2)
Seat 2: hubhub131 (button) (small blind) folded before Flop


PokerStars Hand #148144157764:  Hold'em Limit ($3/$6 USD) - 2016/02/02 20:50:09 ET
Table 'Nunki' 2-max Seat #1 is the button
Seat 1: elifnur2008 ($178.44 in chips)
Seat 2: waterball322 ($15.12 in chips)
elifnur2008: posts small blind $1
waterball322: posts big blind $3
*** HOLE CARDS ***
elifnur2008: raises $3 to $6
waterball322: calls $3
*** FLOP *** [Kh Ad 5c]
waterball322: checks
elifnur2008: bets $3
waterball322: folds
Uncalled bet ($3) returned to elifnur2008
elifnur2008 collected $11.76 from pot
elifnur2008: doesn't show hand
*** SUMMARY ***
Total pot $12 | Rake $0.24
Board [Kh Ad 5c]
Seat 1: elifnur2008 (button) (small blind) collected ($11.76)
Seat 2: waterball322 (big blind) folded on the Flop


PokerStars Hand #148144142011:  Hold'em Limit ($3/$6 USD) - 2016/02/02 20:49:38 ET
Table 'Nunki' 2-max Seat #2 is the button
Seat 1: elifnur2008 ($157.94 in chips)
Seat 2: waterball322 ($36.12 in chips)
waterball322: posts small blind $1
elifnur2008: posts big blind $3
*** HOLE CARDS ***
waterball322: raises $3 to $6
elifnur2008: calls $3
*** FLOP *** [Qs Qc 9d]
elifnur2008: checks
waterball322: bets $3
elifnur2008: calls $3
*** TURN *** [Qs Qc 9d] [4h]
elifnur2008: checks
waterball322: bets $6
elifnur2008: raises $6 to $12
waterball322: calls $6
*** RIVER *** [Qs Qc 9d 4h] [6d]
elifnur2008: bets $6
waterball322: folds
Uncalled bet ($6) returned to elifnur2008
elifnur2008 collected $41.50 from pot
elifnur2008: doesn't show hand
*** SUMMARY ***
Total pot $42 | Rake $0.50
Board [Qs Qc 9d 4h 6d]
Seat 1: elifnur2008 (big blind) collected ($41.50)
Seat 2: waterball322 (button) (small blind) folded on the River


PokerStars Hand #148144138238:  Hold'em Limit ($3/$6 USD) - 2016/02/02 20:49:31 ET
Table 'Nunki' 2-max Seat #1 is the button
Seat 1: elifnur2008 ($154.94 in chips)
Seat 2: waterball322 ($39.12 in chips)
elifnur2008: posts small blind $1
waterball322: posts big blind $3
*** HOLE CARDS ***
elifnur2008: raises $3 to $6
waterball322: folds
Uncalled bet ($3) returned to elifnur2008
elifnur2008 collected $6 from pot
elifnur2008: doesn't show hand
*** SUMMARY ***
Total pot $6 | Rake $0
Seat 1: elifnur2008 (button) (small blind) collected ($6)
Seat 2: waterball322 (big blind) folded before Flop


PokerStars Hand #148144184234:  Hold'em Limit ($3/$6 USD) - 2016/02/02 20:51:02 ET
Table 'Nunki' 2-max Seat #1 is the button
Seat 1: elifnur2008 ($161.16 in chips)
Seat 2: waterball322 ($31.34 in chips)
elifnur2008: posts small blind $1
waterball322: posts big blind $3
*** HOLE CARDS ***
elifnur2008: folds
Uncalled bet ($2) returned to waterball322
waterball322 collected $2 from pot
waterball322: doesn't show hand
*** SUMMARY ***
Total pot $2 | Rake $0
Seat 1: elifnur2008 (button) (small blind) folded before Flop
Seat 2: waterball322 (big blind) collected ($2)


PokerStars Hand #148144173854:  Hold'em Limit ($3/$6 USD) - 2016/02/02 20:50:41 ET
Table 'Nunki' 2-max Seat #2 is the button
Seat 1: elifnur2008 ($177.08 in chips)
Seat 2: waterball322 ($15.92 in chips)
waterball322: posts small blind $1
elifnur2008: posts big blind $3
*** HOLE CARDS ***
waterball322: raises $3 to $6
elifnur2008: raises $3 to $9
waterball322: calls $3
*** FLOP *** [Tc 9h As]
elifnur2008: bets $3
waterball322: raises $3 to $6
elifnur2008: raises $3 to $9
waterball322: calls $0.92 and is all-in
Uncalled bet ($2.08) returned to elifnur2008
*** TURN *** [Tc 9h As] [8h]
*** RIVER *** [Tc 9h As 8h] [Qs]
*** SHOW DOWN ***
elifnur2008: shows [5d 5s] (a pair of Fives)
waterball322: shows [Ad 4h] (a pair of Aces)
waterball322 collected $31.34 from pot
*** SUMMARY ***
Total pot $31.84 | Rake $0.50
Board [Tc 9h As 8h Qs]
Seat 1: elifnur2008 (big blind) showed [5d 5s] and lost with a pair of Fives
Seat 2: waterball322 (button) (small blind) showed [Ad 4h] and won ($31.34) with a pair of Aces


PokerStars Hand #148144165530:  Hold'em Limit ($3/$6 USD) - 2016/02/02 20:50:25 ET
Table 'Nunki' 2-max Seat #1 is the button
Seat 1: elifnur2008 ($185.20 in chips)
Seat 2: waterball322 ($8.12 in chips)
elifnur2008: posts small blind $1
waterball322: posts big blind $3
*** HOLE CARDS ***
elifnur2008: raises $3 to $6
waterball322: raises $2.12 to $8.12 and is all-in
elifnur2008: calls $2.12
*** FLOP *** [Qh Ad Qd]
*** TURN *** [Qh Ad Qd] [7d]
*** RIVER *** [Qh Ad Qd 7d] [Kd]
*** SHOW DOWN ***
waterball322: shows [Ts 6d] (a flush, Ace high)
elifnur2008: shows [2d Kc] (a flush, Ace high - lower cards)
waterball322 collected $15.92 from pot
*** SUMMARY ***
Total pot $16.24 | Rake $0.32
Board [Qh Ad Qd 7d Kd]
Seat 1: elifnur2008 (button) (small blind) showed [2d Kc] and lost with a flush, Ace high
Seat 2: waterball322 (big blind) showed [Ts 6d] and won ($15.92) with a flush, Ace high


PokerStars Hand #148144162763:  Hold'em Limit ($3/$6 USD) - 2016/02/02 20:50:19 ET
Table 'Nunki' 2-max Seat #2 is the button
Seat 1: elifnur2008 ($184.20 in chips)
Seat 2: waterball322 ($9.12 in chips)
waterball322: posts small blind $1
elifnur2008: posts big blind $3
*** HOLE CARDS ***
waterball322: folds
Uncalled bet ($2) returned to elifnur2008
elifnur2008 collected $2 from pot
elifnur2008: doesn't show hand
*** SUMMARY ***
Total pot $2 | Rake $0
Seat 1: elifnur2008 (big blind) collected ($2)
Seat 2: waterball322 (button) (small blind) folded before Flop


PokerStars Hand #148144198956:  Hold'em Limit ($3/$6 USD) - 2016/02/02 20:51:30 ET
Table 'Nunki' 2-max Seat #1 is the button
Seat 1: elifnur2008 ($180.66 in chips)
Seat 2: waterball322 ($11.34 in chips)
elifnur2008: posts small blind $1
waterball322: posts big blind $3
*** HOLE CARDS ***
elifnur2008: folds
Uncalled bet ($2) returned to waterball322
waterball322 collected $2 from pot
waterball322: doesn't show hand
*** SUMMARY ***
Total pot $2 | Rake $0
Seat 1: elifnur2008 (button) (small blind) folded before Flop
Seat 2: waterball322 (big blind) collected ($2)


PokerStars Hand #148144186891:  Hold'em Limit ($3/$6 USD) - 2016/02/02 20:51:07 ET
Table 'Nunki' 2-max Seat #2 is the button
Seat 1: elifnur2008 ($160.16 in chips)
Seat 2: waterball322 ($32.34 in chips)
waterball322: posts small blind $1
elifnur2008: posts big blind $3
*** HOLE CARDS ***
waterball322: raises $3 to $6
elifnur2008: calls $3
*** FLOP *** [Ah 4d 3h]
elifnur2008: checks
waterball322: bets $3
elifnur2008: calls $3
*** TURN *** [Ah 4d 3h] [7c]
elifnur2008: checks
waterball322: bets $6
elifnur2008: calls $6
*** RIVER *** [Ah 4d 3h 7c] [Jh]
elifnur2008: checks
waterball322: bets $6
elifnur2008: raises $6 to $12
waterball322: folds
Uncalled bet ($6) returned to elifnur2008
elifnur2008 collected $41.50 from pot
elifnur2008: doesn't show hand
*** SUMMARY ***
Total pot $42 | Rake $0.50
Board [Ah 4d 3h 7c Jh]
Seat 1: elifnur2008 (big blind) collected ($41.50)
Seat 2: waterball322 (button) (small blind) folded on the River


PokerStars Hand #148144239582:  Hold'em Limit ($3/$6 USD) - 2016/02/02 20:52:51 ET
Table 'Nunki' 2-max Seat #2 is the button
Seat 1: elifnur2008 ($152.32 in chips)
Seat 2: waterball322 ($38.69 in chips)
waterball322: posts small blind $1
elifnur2008: posts big blind $3
*** HOLE CARDS ***
waterball322: raises $3 to $6
elifnur2008: calls $3
*** FLOP *** [2d 5d 9s]
elifnur2008: checks
waterball322: bets $3
elifnur2008: folds
Uncalled bet ($3) returned to waterball322
waterball322 collected $11.76 from pot
waterball322: doesn't show hand
*** SUMMARY ***
Total pot $12 | Rake $0.24
Board [2d 5d 9s]
Seat 1: elifnur2008 (big blind) folded on the Flop
Seat 2: waterball322 (button) (small blind) collected ($11.76)


PokerStars Hand #148144226161:  Hold'em Limit ($3/$6 USD) - 2016/02/02 20:52:25 ET
Table 'Nunki' 2-max Seat #1 is the button
Seat 1: elifnur2008 ($167.32 in chips)
Seat 2: waterball322 ($24.19 in chips)
elifnur2008: posts small blind $1
waterball322: posts big blind $3
*** HOLE CARDS ***
elifnur2008: raises $3 to $6
waterball322: calls $3
*** FLOP *** [8d Kh 7c]
waterball322: checks
elifnur2008: bets $3
waterball322: calls $3
*** TURN *** [8d Kh 7c] [Ks]
waterball322: checks
elifnur2008: bets $6
waterball322: calls $6
*** RIVER *** [8d Kh 7c Ks] [9s]
waterball322: bets $6
elifnur2008: folds
Uncalled bet ($6) returned to waterball322
waterball322 collected $29.50 from pot
waterball322: doesn't show hand
*** SUMMARY ***
Total pot $30 | Rake $0.50
Board [8d Kh 7c Ks 9s]
Seat 1: elifnur2008 (button) (small blind) folded on the River
Seat 2: waterball322 (big blind) collected ($29.50)


PokerStars Hand #148144202730:  Hold'em Limit ($3/$6 USD) - 2016/02/02 20:51:38 ET
Table 'Nunki' 2-max Seat #2 is the button
Seat 1: elifnur2008 ($179.66 in chips)
Seat 2: waterball322 ($12.34 in chips)
waterball322: posts small blind $1
elifnur2008: posts big blind $3
*** HOLE CARDS ***
waterball322: raises $3 to $6
elifnur2008: raises $3 to $9
waterball322: calls $3
*** FLOP *** [7h 7s Jc]
elifnur2008: checks
waterball322: bets $3
elifnur2008: calls $3
*** TURN *** [7h 7s Jc] [2d]
elifnur2008: checks
waterball322: bets $0.34 and is all-in
elifnur2008: calls $0.34
*** RIVER *** [7h 7s Jc 2d] [Tc]
*** SHOW DOWN ***
elifnur2008: shows [4d Ah] (a pair of Sevens)
waterball322: shows [Qd 2c] (two pair, Sevens and Deuces)
waterball322 collected $24.19 from pot
*** SUMMARY ***
Total pot $24.68 | Rake $0.49
Board [7h 7s Jc 2d Tc]
Seat 1: elifnur2008 (big blind) showed [4d Ah] and lost with a pair of Sevens
Seat 2: waterball322 (button) (small blind) showed [Qd 2c] and won ($24.19) with two pair, Sevens and Deuces


PokerStars Hand #148144261942:  Hold'em Limit ($3/$6 USD) - 2016/02/02 20:53:36 ET
Table 'Nunki' 2-max Seat #1 is the button
Seat 1: elifnur2008 ($140.08 in chips)
Seat 2: waterball322 ($49.97 in chips)
elifnur2008: posts small blind $1
waterball322: posts big blind $3
*** HOLE CARDS ***
elifnur2008: raises $3 to $6
waterball322: calls $3
*** FLOP *** [4h Kc 7h]
waterball322: checks
elifnur2008: bets $3
waterball322: calls $3
*** TURN *** [4h Kc 7h] [7s]
waterball322: checks
elifnur2008: checks
*** RIVER *** [4h Kc 7h 7s] [6d]
waterball322: bets $6
elifnur2008: calls $6
*** SHOW DOWN ***
waterball322: shows [3s 9h] (a pair of Sevens)
elifnur2008: shows [8s Ah] (a pair of Sevens - Ace kicker)
elifnur2008 collected $29.50 from pot
*** SUMMARY ***
Total pot $30 | Rake $0.50
Board [4h Kc 7h 7s 6d]
Seat 1: elifnur2008 (button) (small blind) showed [8s Ah] and won ($29.50) with a pair of Sevens
Seat 2: waterball322 (big blind) showed [3s 9h] and lost with a pair of Sevens


PokerStars Hand #148144255311:  Hold'em Limit ($3/$6 USD) - 2016/02/02 20:53:23 ET
Table 'Nunki' 2-max Seat #2 is the button
Seat 1: elifnur2008 ($152.08 in chips)
Seat 2: waterball322 ($38.45 in chips)
waterball322: posts small blind $1
elifnur2008: posts big blind $3
*** HOLE CARDS ***
waterball322: raises $3 to $6
elifnur2008: raises $3 to $9
waterball322: calls $3
*** FLOP *** [7c Jc Qc]
elifnur2008: bets $3
waterball322: calls $3
*** TURN *** [7c Jc Qc] [8h]
elifnur2008: checks
waterball322: bets $6
elifnur2008: folds
Uncalled bet ($6) returned to waterball322
waterball322 collected $23.52 from pot
waterball322: doesn't show hand
*** SUMMARY ***
Total pot $24 | Rake $0.48
Board [7c Jc Qc 8h]
Seat 1: elifnur2008 (big blind) folded on the Turn
Seat 2: waterball322 (button) (small blind) collected ($23.52)


PokerStars Hand #148144248191:  Hold'em Limit ($3/$6 USD) - 2016/02/02 20:53:09 ET
Table 'Nunki' 2-max Seat #1 is the button
Seat 1: elifnur2008 ($146.32 in chips)
Seat 2: waterball322 ($44.45 in chips)
elifnur2008: posts small blind $1
waterball322: posts big blind $3
*** HOLE CARDS ***
elifnur2008: raises $3 to $6
waterball322: calls $3
*** FLOP *** [Ad Js 3c]
waterball322: checks
elifnur2008: bets $3
waterball322: folds
Uncalled bet ($3) returned to elifnur2008
elifnur2008 collected $11.76 from pot
elifnur2008: doesn't show hand
*** SUMMARY ***
Total pot $12 | Rake $0.24
Board [Ad Js 3c]
Seat 1: elifnur2008 (button) (small blind) collected ($11.76)
Seat 2: waterball322 (big blind) folded on the Flop


PokerStars Hand #148144273354:  Hold'em Limit ($3/$6 USD) - 2016/02/02 20:53:59 ET
Table 'Nunki' 2-max Seat #2 is the button
Seat 1: elifnur2008 ($154.58 in chips)
Seat 2: waterball322 ($34.97 in chips)
waterball322: posts small blind $1
elifnur2008: posts big blind $3
*** HOLE CARDS ***
waterball322: raises $3 to $6
elifnur2008: calls $3
*** FLOP *** [Tc Qh Js]
elifnur2008: checks
waterball322: bets $3
elifnur2008: calls $3
*** TURN *** [Tc Qh Js] [3d]
elifnur2008: checks
waterball322: bets $6
elifnur2008: raises $6 to $12
waterball322: folds
Uncalled bet ($6) returned to elifnur2008
elifnur2008 collected $29.50 from pot
elifnur2008: doesn't show hand
*** SUMMARY ***
Total pot $30 | Rake $0.50
Board [Tc Qh Js 3d]
Seat 1: elifnur2008 (big blind) collected ($29.50)
Seat 2: waterball322 (button) (small blind) folded on the Turn


PokerStars Hand #148144328990:  Hold'em Limit ($3/$6 USD) - 2016/02/02 20:55:58 ET
Table 'Nunki' 2-max Seat #1 is the button
Seat 1: elifnur2008 ($139.08 in chips)
Seat 2: waterball322 ($48.99 in chips)
elifnur2008: posts small blind $1
waterball322: posts big blind $3
*** HOLE CARDS ***
elifnur2008: raises $3 to $6
waterball322: raises $3 to $9
elifnur2008: raises $3 to $12
Betting is capped
waterball322: calls $3
*** FLOP *** [8h Jd 9c]
waterball322: bets $3
elifnur2008: calls $3
*** TURN *** [8h Jd 9c] [Td]
waterball322: bets $6
elifnur2008: raises $6 to $12
waterball322: raises $6 to $18
elifnur2008: folds
Uncalled bet ($6) returned to waterball322
waterball322 collected $53.50 from pot
waterball322: doesn't show hand
*** SUMMARY ***
Total pot $54 | Rake $0.50
Board [8h Jd 9c Td]
Seat 1: elifnur2008 (button) (small blind) folded on the Turn
Seat 2: waterball322 (big blind) collected ($53.50)


PokerStars Hand #148144315171:  Hold'em Limit ($3/$6 USD) - 2016/02/02 20:55:25 ET
Table 'Nunki' 2-max Seat #2 is the button
Seat 1: elifnur2008 ($157.08 in chips)
Seat 2: waterball322 ($31.49 in chips)
waterball322: posts small blind $1
elifnur2008: posts big blind $3
*** HOLE CARDS ***
waterball322: raises $3 to $6
elifnur2008: raises $3 to $9
waterball322: calls $3
*** FLOP *** [Qd 4c 5c]
elifnur2008: bets $3
waterball322: calls $3
*** TURN *** [Qd 4c 5c] [3d]
elifnur2008: bets $6
waterball322: raises $6 to $12
elifnur2008: folds
Uncalled bet ($6) returned to waterball322
waterball322 collected $35.50 from pot
waterball322: doesn't show hand
*** SUMMARY ***
Total pot $36 | Rake $0.50
Board [Qd 4c 5c 3d]
Seat 1: elifnur2008 (big blind) folded on the Turn
Seat 2: waterball322 (button) (small blind) collected ($35.50)


PokerStars Hand #148144285257:  Hold'em Limit ($3/$6 USD) - 2016/02/02 20:54:23 ET
Table 'Nunki' 2-max Seat #1 is the button
Seat 1: elifnur2008 ($169.08 in chips)
Seat 2: waterball322 ($19.97 in chips)
elifnur2008: posts small blind $1
waterball322: posts big blind $3
*** HOLE CARDS ***
elifnur2008: raises $3 to $6
waterball322: raises $3 to $9
elifnur2008: calls $3
*** FLOP *** [8s Jd 7s]
waterball322: bets $3
elifnur2008: calls $3
*** TURN *** [8s Jd 7s] [3s]
waterball322: bets $6
elifnur2008: folds
Uncalled bet ($6) returned to waterball322
waterball322 collected $23.52 from pot
waterball322: doesn't show hand
*** SUMMARY ***
Total pot $24 | Rake $0.48
Board [8s Jd 7s 3s]
Seat 1: elifnur2008 (button) (small blind) folded on the Turn
Seat 2: waterball322 (big blind) collected ($23.52)


PokerStars Hand #148144348549:  Hold'em Limit ($3/$6 USD) - 2016/02/02 20:56:44 ET
Table 'Nunki' 2-max Seat #1 is the button
Seat 1: elifnur2008 ($141.58 in chips)
Seat 2: waterball322 ($45.49 in chips)
elifnur2008: posts small blind $1
waterball322: posts big blind $3
*** HOLE CARDS ***
elifnur2008: raises $3 to $6
waterball322: raises $3 to $9
elifnur2008: raises $3 to $12
Betting is capped
waterball322: calls $3
*** FLOP *** [Ad 3c Ah]
waterball322: bets $3
elifnur2008: calls $3
*** TURN *** [Ad 3c Ah] [7d]
waterball322: bets $6
elifnur2008: raises $6 to $12
waterball322: calls $6
*** RIVER *** [Ad 3c Ah 7d] [9d]
waterball322: bets $6
elifnur2008: folds
Uncalled bet ($6) returned to waterball322
waterball322 collected $53.50 from pot
waterball322: doesn't show hand
*** SUMMARY ***
Total pot $54 | Rake $0.50
Board [Ad 3c Ah 7d 9d]
Seat 1: elifnur2008 (button) (small blind) folded on the River
Seat 2: waterball322 (big blind) collected ($53.50)


PokerStars Hand #148144337854:  Hold'em Limit ($3/$6 USD) - 2016/02/02 20:56:19 ET
Table 'Nunki' 2-max Seat #2 is the button
Seat 1: elifnur2008 ($112.08 in chips)
Seat 2: waterball322 ($75.49 in chips)
waterball322: posts small blind $1
elifnur2008: posts big blind $3
*** HOLE CARDS ***
waterball322: raises $3 to $6
elifnur2008: raises $3 to $9
waterball322: raises $3 to $12
Betting is capped
elifnur2008: calls $3
*** FLOP *** [6d 9d Td]
elifnur2008: bets $3
waterball322: raises $3 to $6
elifnur2008: calls $3
*** TURN *** [6d 9d Td] [4h]
elifnur2008: checks
waterball322: bets $6
elifnur2008: raises $6 to $12
waterball322: calls $6
*** RIVER *** [6d 9d Td 4h] [7c]
elifnur2008: bets $6
waterball322: folds
Uncalled bet ($6) returned to elifnur2008
elifnur2008 collected $59.50 from pot
elifnur2008: doesn't show hand
*** SUMMARY ***
Total pot $60 | Rake $0.50
Board [6d 9d Td 4h 7c]
Seat 1: elifnur2008 (big blind) collected ($59.50)
Seat 2: waterball322 (button) (small blind) folded on the River


PokerStars Hand #148144372550:  Hold'em Limit ($3/$6 USD) - 2016/02/02 20:57:40 ET
Table 'Nunki' 2-max Seat #1 is the button
Seat 1: elifnur2008 ($144.08 in chips)
Seat 2: waterball322 ($41.99 in chips)
elifnur2008: posts small blind $1
waterball322: posts big blind $3
*** HOLE CARDS ***
elifnur2008: raises $3 to $6
waterball322: raises $3 to $9
elifnur2008: calls $3
*** FLOP *** [2h Jc 3s]
waterball322: bets $3
elifnur2008: calls $3
*** TURN *** [2h Jc 3s] [8d]
waterball322: bets $6
elifnur2008: raises $6 to $12
waterball322: calls $6
*** RIVER *** [2h Jc 3s 8d] [Qs]
waterball322: bets $6
elifnur2008: raises $6 to $12
waterball322: folds
Uncalled bet ($6) returned to elifnur2008
elifnur2008 collected $59.50 from pot
elifnur2008: doesn't show hand
*** SUMMARY ***
Total pot $60 | Rake $0.50
Board [2h Jc 3s 8d Qs]
Seat 1: elifnur2008 (button) (small blind) collected ($59.50)
Seat 2: waterball322 (big blind) folded on the River


PokerStars Hand #148144358200:  Hold'em Limit ($3/$6 USD) - 2016/02/02 20:57:07 ET
Table 'Nunki' 2-max Seat #2 is the button
Seat 1: elifnur2008 ($114.58 in chips)
Seat 2: waterball322 ($71.99 in chips)
waterball322: posts small blind $1
elifnur2008: posts big blind $3
*** HOLE CARDS ***
waterball322: raises $3 to $6
elifnur2008: raises $3 to $9
waterball322: calls $3
*** FLOP *** [4s 2d 9c]
elifnur2008: checks
waterball322: bets $3
elifnur2008: calls $3
*** TURN *** [4s 2d 9c] [5h]
elifnur2008: checks
waterball322: bets $6
elifnur2008: calls $6
*** RIVER *** [4s 2d 9c 5h] [3s]
elifnur2008: checks
waterball322: bets $6
elifnur2008: raises $6 to $12
waterball322: calls $6
*** SHOW DOWN ***
elifnur2008: shows [7d Ad] (a straight, Ace to Five)
waterball322: mucks hand
elifnur2008 collected $59.50 from pot
*** SUMMARY ***
Total pot $60 | Rake $0.50
Board [4s 2d 9c 5h 3s]
Seat 1: elifnur2008 (big blind) showed [7d Ad] and won ($59.50) with a straight, Ace to Five
Seat 2: waterball322 (button) (small blind) mucked


PokerStars Hand #148144412099:  Hold'em Limit ($3/$6 USD) - 2016/02/02 20:58:57 ET
Table 'Nunki' 2-max Seat #1 is the button
Seat 1: elifnur2008 ($170.09 in chips)
Seat 2: waterball322 ($14.26 in chips)
elifnur2008: posts small blind $1
waterball322: posts big blind $3
*** HOLE CARDS ***
elifnur2008: raises $3 to $6
waterball322: raises $3 to $9
elifnur2008: raises $3 to $12
Betting is capped
waterball322: calls $3
*** FLOP *** [6c Th As]
waterball322: bets $2.26 and is all-in
elifnur2008: calls $2.26
*** TURN *** [6c Th As] [6h]
*** RIVER *** [6c Th As 6h] [2s]
*** SHOW DOWN ***
waterball322: shows [7c 5h] (a pair of Sixes)
elifnur2008: shows [Ah 5s] (two pair, Aces and Sixes)
elifnur2008 collected $28.02 from pot
*** SUMMARY ***
Total pot $28.52 | Rake $0.50
Board [6c Th As 6h 2s]
Seat 1: elifnur2008 (button) (small blind) showed [Ah 5s] and won ($28.02) with two pair, Aces and Sixes
Seat 2: waterball322 (big blind) showed [7c 5h] and lost with a pair of Sixes


PokerStars Hand #148144406803:  Hold'em Limit ($3/$6 USD) - 2016/02/02 20:58:45 ET
Table 'Nunki' 2-max Seat #2 is the button
Seat 1: elifnur2008 ($176.09 in chips)
Seat 2: waterball322 ($8.50 in chips)
waterball322: posts small blind $1
elifnur2008: posts big blind $3
*** HOLE CARDS ***
waterball322: raises $3 to $6
elifnur2008: calls $3
*** FLOP *** [3h Jh 4s]
elifnur2008: checks
waterball322: bets $2.50 and is all-in
elifnur2008: folds
Uncalled bet ($2.50) returned to waterball322
waterball322 collected $11.76 from pot
waterball322: doesn't show hand
*** SUMMARY ***
Total pot $12 | Rake $0.24
Board [3h Jh 4s]
Seat 1: elifnur2008 (big blind) folded on the Flop
Seat 2: waterball322 (button) (small blind) collected ($11.76)


PokerStars Hand #148144395349:  Hold'em Limit ($3/$6 USD) - 2016/02/02 20:58:22 ET
Table 'Nunki' 2-max Seat #1 is the button
Seat 1: elifnur2008 ($161.59 in chips)
Seat 2: waterball322 ($23.50 in chips)
elifnur2008: posts small blind $1
waterball322: posts big blind $3
*** HOLE CARDS ***
elifnur2008: raises $3 to $6
waterball322: calls $3
*** FLOP *** [5s Kd 7c]
waterball322: checks
elifnur2008: bets $3
waterball322: calls $3
*** TURN *** [5s Kd 7c] [Th]
waterball322: checks
elifnur2008: checks
*** RIVER *** [5s Kd 7c Th] [Qd]
waterball322: bets $6
elifnur2008: raises $6 to $12
waterball322: folds
Uncalled bet ($6) returned to elifnur2008
elifnur2008 collected $29.50 from pot
elifnur2008: doesn't show hand
*** SUMMARY ***
Total pot $30 | Rake $0.50
Board [5s Kd 7c Th Qd]
Seat 1: elifnur2008 (button) (small blind) collected ($29.50)
Seat 2: waterball322 (big blind) folded on the River


PokerStars Hand #148144386975:  Hold'em Limit ($3/$6 USD) - 2016/02/02 20:58:06 ET
Table 'Nunki' 2-max Seat #2 is the button
Seat 1: elifnur2008 ($173.58 in chips)
Seat 2: waterball322 ($11.99 in chips)
waterball322: posts small blind $1
elifnur2008: posts big blind $3
*** HOLE CARDS ***
waterball322: raises $3 to $6
elifnur2008: raises $3 to $9
waterball322: raises $2.99 to $11.99 and is all-in
Betting is capped
elifnur2008: calls $2.99
*** FLOP *** [Qh 8c Th]
*** TURN *** [Qh 8c Th] [As]
*** RIVER *** [Qh 8c Th As] [9h]
*** SHOW DOWN ***
elifnur2008: shows [Qs Kh] (a pair of Queens)
waterball322: shows [Jh Kc] (a straight, Ten to Ace)
waterball322 collected $23.50 from pot
*** SUMMARY ***
Total pot $23.98 | Rake $0.48
Board [Qh 8c Th As 9h]
Seat 1: elifnur2008 (big blind) showed [Qs Kh] and lost with a pair of Queens
Seat 2: waterball322 (button) (small blind) showed [Jh Kc] and won ($23.50) with a straight, Ten to Ace


