PokerStars Hand #154028522397:  Hold'em Limit ($3/$6 USD) - 2016/05/29 19:58:53 ET
Table 'Nunki' 6-max Seat #3 is the button
Seat 3: fabricio004 ($72 in chips)
Seat 4: AzureCaper ($72 in chips)
fabricio004: posts small blind $1
AzureCaper: posts big blind $3
*** HOLE CARDS ***
fabricio004: raises $3 to $6
AzureCaper: calls $3
*** FLOP *** [Ts Ks 3d]
AzureCaper: checks
fabricio004: bets $3
AzureCaper: raises $3 to $6
fabricio004: raises $3 to $9
AzureCaper: raises $3 to $12
Betting is capped
fabricio004: calls $3
*** TURN *** [Ts Ks 3d] [6h]
AzureCaper: bets $6
fabricio004: calls $6
*** RIVER *** [Ts Ks 3d 6h] [Js]
AzureCaper: checks
fabricio004: bets $6
AzureCaper: calls $6
*** SHOW DOWN ***
fabricio004: shows [Qs As] (a Royal Flush)
AzureCaper: mucks hand
fabricio004 collected $59.50 from pot
*** SUMMARY ***
Total pot $60 | Rake $0.50
Board [Ts Ks 3d 6h Js]
Seat 3: fabricio004 (button) (small blind) showed [Qs As] and won ($59.50) with a Royal Flush
Seat 4: AzureCaper (big blind) mucked


PokerStars Hand #154028555628:  Hold'em Limit ($3/$6 USD) - 2016/05/29 20:00:01 ET
Table 'Nunki' 6-max Seat #3 is the button
Seat 3: fabricio004 ($119.78 in chips)
Seat 4: AzureCaper ($72 in chips)
fabricio004: posts small blind $1
AzureCaper: posts big blind $3
*** HOLE CARDS ***
fabricio004: calls $2
AzureCaper: checks
*** FLOP *** [8c Ad 7h]
AzureCaper: checks
fabricio004: bets $3
AzureCaper: folds
Uncalled bet ($3) returned to fabricio004
fabricio004 collected $5.88 from pot
fabricio004: doesn't show hand
*** SUMMARY ***
Total pot $6 | Rake $0.12
Board [8c Ad 7h]
Seat 3: fabricio004 (button) (small blind) collected ($5.88)
Seat 4: AzureCaper (big blind) folded on the Flop


PokerStars Hand #154028553664:  Hold'em Limit ($3/$6 USD) - 2016/05/29 19:59:56 ET
Table 'Nunki' 6-max Seat #4 is the button
Seat 3: fabricio004 ($118.78 in chips)
Seat 4: AzureCaper ($72 in chips)
AzureCaper: posts small blind $1
fabricio004: posts big blind $3
*** HOLE CARDS ***
AzureCaper: folds
Uncalled bet ($2) returned to fabricio004
fabricio004 collected $2 from pot
fabricio004: doesn't show hand
*** SUMMARY ***
Total pot $2 | Rake $0
Seat 3: fabricio004 (big blind) collected ($2)
Seat 4: AzureCaper (button) (small blind) folded before Flop


PokerStars Hand #154028541362:  Hold'em Limit ($3/$6 USD) - 2016/05/29 19:59:38 ET
Table 'Nunki' 6-max Seat #3 is the button
Seat 3: fabricio004 ($110.14 in chips)
Seat 4: AzureCaper ($72 in chips)
fabricio004: posts small blind $1
AzureCaper: posts big blind $3
*** HOLE CARDS ***
fabricio004: calls $2
AzureCaper: checks
*** FLOP *** [5d 7d 6d]
AzureCaper: checks
fabricio004: checks
*** TURN *** [5d 7d 6d] [Td]
AzureCaper: checks
fabricio004: checks
*** RIVER *** [5d 7d 6d Td] [3c]
AzureCaper: checks
fabricio004: bets $6
AzureCaper: calls $6
*** SHOW DOWN ***
fabricio004: shows [2d Ad] (a flush, Ace high)
AzureCaper: mucks hand
fabricio004 collected $17.64 from pot
*** SUMMARY ***
Total pot $18 | Rake $0.36
Board [5d 7d 6d Td 3c]
Seat 3: fabricio004 (button) (small blind) showed [2d Ad] and won ($17.64) with a flush, Ace high
Seat 4: AzureCaper (big blind) mucked


PokerStars Hand #154028531779:  Hold'em Limit ($3/$6 USD) - 2016/05/29 19:59:15 ET
Table 'Nunki' 6-max Seat #4 is the button
Seat 3: fabricio004 ($101.50 in chips)
Seat 4: AzureCaper ($72 in chips)
AzureCaper: posts small blind $1
fabricio004: posts big blind $3
*** HOLE CARDS ***
AzureCaper: raises $3 to $6
fabricio004: raises $3 to $9
AzureCaper: calls $3
*** FLOP *** [Ac Tc 2d]
fabricio004: checks
AzureCaper: checks
*** TURN *** [Ac Tc 2d] [4d]
fabricio004: bets $6
AzureCaper: folds
Uncalled bet ($6) returned to fabricio004
fabricio004 collected $17.64 from pot
fabricio004: doesn't show hand
*** SUMMARY ***
Total pot $18 | Rake $0.36
Board [Ac Tc 2d 4d]
Seat 3: fabricio004 (big blind) collected ($17.64)
Seat 4: AzureCaper (button) (small blind) folded on the Turn


PokerStars Hand #154028589777:  Hold'em Limit ($3/$6 USD) - 2016/05/29 20:01:15 ET
Table 'Nunki' 6-max Seat #3 is the button
Seat 3: fabricio004 ($75.42 in chips)
Seat 4: AzureCaper ($118 in chips)
fabricio004: posts small blind $1
AzureCaper: posts big blind $3
*** HOLE CARDS ***
fabricio004: raises $3 to $6
AzureCaper: folds
Uncalled bet ($3) returned to fabricio004
fabricio004 collected $6 from pot
fabricio004: doesn't show hand
*** SUMMARY ***
Total pot $6 | Rake $0
Seat 3: fabricio004 (button) (small blind) collected ($6)
Seat 4: AzureCaper (big blind) folded before Flop


PokerStars Hand #154028586861:  Hold'em Limit ($3/$6 USD) - 2016/05/29 20:01:09 ET
Table 'Nunki' 6-max Seat #4 is the button
Seat 3: fabricio004 ($78.42 in chips)
Seat 4: AzureCaper ($115 in chips)
AzureCaper: posts small blind $1
fabricio004: posts big blind $3
*** HOLE CARDS ***
AzureCaper: raises $3 to $6
fabricio004: folds
Uncalled bet ($3) returned to AzureCaper
AzureCaper collected $6 from pot
AzureCaper: doesn't show hand
*** SUMMARY ***
Total pot $6 | Rake $0
Seat 3: fabricio004 (big blind) folded before Flop
Seat 4: AzureCaper (button) (small blind) collected ($6)


PokerStars Hand #154028581754:  Hold'em Limit ($3/$6 USD) - 2016/05/29 20:00:58 ET
Table 'Nunki' 6-max Seat #3 is the button
Seat 3: fabricio004 ($72.66 in chips)
Seat 4: AzureCaper ($121 in chips)
fabricio004: posts small blind $1
AzureCaper: posts big blind $3
*** HOLE CARDS ***
fabricio004: raises $3 to $6
AzureCaper: calls $3
*** FLOP *** [Qh Td 3s]
AzureCaper: checks
fabricio004: bets $3
AzureCaper: folds
Uncalled bet ($3) returned to fabricio004
fabricio004 collected $11.76 from pot
fabricio004: doesn't show hand
*** SUMMARY ***
Total pot $12 | Rake $0.24
Board [Qh Td 3s]
Seat 3: fabricio004 (button) (small blind) collected ($11.76)
Seat 4: AzureCaper (big blind) folded on the Flop


PokerStars Hand #154028579540:  Hold'em Limit ($3/$6 USD) - 2016/05/29 20:00:54 ET
Table 'Nunki' 6-max Seat #4 is the button
Seat 3: fabricio004 ($71.66 in chips)
Seat 4: AzureCaper ($122 in chips)
AzureCaper: posts small blind $1
fabricio004: posts big blind $3
*** HOLE CARDS ***
AzureCaper: folds
Uncalled bet ($2) returned to fabricio004
fabricio004 collected $2 from pot
fabricio004: doesn't show hand
*** SUMMARY ***
Total pot $2 | Rake $0
Seat 3: fabricio004 (big blind) collected ($2)
Seat 4: AzureCaper (button) (small blind) folded before Flop


PokerStars Hand #154028571902:  Hold'em Limit ($3/$6 USD) - 2016/05/29 20:00:37 ET
Table 'Nunki' 6-max Seat #3 is the button
Seat 3: fabricio004 ($92.66 in chips)
Seat 4: AzureCaper ($101.50 in chips)
fabricio004: posts small blind $1
AzureCaper: posts big blind $3
*** HOLE CARDS ***
fabricio004: calls $2
AzureCaper: checks
*** FLOP *** [4d 9d Jc]
AzureCaper: checks
fabricio004: checks
*** TURN *** [4d 9d Jc] [Kd]
AzureCaper: checks
fabricio004: bets $6
AzureCaper: raises $6 to $12
fabricio004: calls $6
*** RIVER *** [4d 9d Jc Kd] [9c]
AzureCaper: bets $6
fabricio004: calls $6
*** SHOW DOWN ***
AzureCaper: shows [5d 7d] (a flush, King high)
fabricio004: mucks hand
AzureCaper collected $41.50 from pot
*** SUMMARY ***
Total pot $42 | Rake $0.50
Board [4d 9d Jc Kd 9c]
Seat 3: fabricio004 (button) (small blind) mucked
Seat 4: AzureCaper (big blind) showed [5d 7d] and won ($41.50) with a flush, King high


PokerStars Hand #154028560359:  Hold'em Limit ($3/$6 USD) - 2016/05/29 20:00:12 ET
Table 'Nunki' 6-max Seat #4 is the button
Seat 3: fabricio004 ($122.66 in chips)
Seat 4: AzureCaper ($72 in chips)
AzureCaper: posts small blind $1
fabricio004: posts big blind $3
*** HOLE CARDS ***
AzureCaper: raises $3 to $6
fabricio004: raises $3 to $9
AzureCaper: calls $3
*** FLOP *** [9d 7d 2s]
fabricio004: bets $3
AzureCaper: calls $3
*** TURN *** [9d 7d 2s] [8s]
fabricio004: bets $6
AzureCaper: raises $6 to $12
fabricio004: calls $6
*** RIVER *** [9d 7d 2s 8s] [4d]
fabricio004: checks
AzureCaper: bets $6
fabricio004: calls $6
*** SHOW DOWN ***
AzureCaper: shows [7c 9s] (two pair, Nines and Sevens)
fabricio004: mucks hand
AzureCaper collected $59.50 from pot
*** SUMMARY ***
Total pot $60 | Rake $0.50
Board [9d 7d 2s 8s 4d]
Seat 3: fabricio004 (big blind) mucked
Seat 4: AzureCaper (button) (small blind) showed [7c 9s] and won ($59.50) with two pair, Nines and Sevens


PokerStars Hand #154028619408:  Hold'em Limit ($3/$6 USD) - 2016/05/29 20:02:13 ET
Table 'Nunki' 6-max Seat #4 is the button
Seat 3: fabricio004 ($91.80 in chips)
Seat 4: AzureCaper ($100.76 in chips)
AzureCaper: posts small blind $1
fabricio004: posts big blind $3
*** HOLE CARDS ***
AzureCaper: raises $3 to $6
fabricio004: folds
Uncalled bet ($3) returned to AzureCaper
AzureCaper collected $6 from pot
AzureCaper: doesn't show hand
*** SUMMARY ***
Total pot $6 | Rake $0
Seat 3: fabricio004 (big blind) folded before Flop
Seat 4: AzureCaper (button) (small blind) collected ($6)


PokerStars Hand #154028616791:  Hold'em Limit ($3/$6 USD) - 2016/05/29 20:02:08 ET
Table 'Nunki' 6-max Seat #3 is the button
Seat 3: fabricio004 ($92.80 in chips)
Seat 4: AzureCaper ($99.76 in chips)
fabricio004: posts small blind $1
AzureCaper: posts big blind $3
*** HOLE CARDS ***
fabricio004: folds
Uncalled bet ($2) returned to AzureCaper
AzureCaper collected $2 from pot
AzureCaper: doesn't show hand
*** SUMMARY ***
Total pot $2 | Rake $0
Seat 3: fabricio004 (button) (small blind) folded before Flop
Seat 4: AzureCaper (big blind) collected ($2)


PokerStars Hand #154028608214:  Hold'em Limit ($3/$6 USD) - 2016/05/29 20:01:52 ET
Table 'Nunki' 6-max Seat #4 is the button
Seat 3: fabricio004 ($98.80 in chips)
Seat 4: AzureCaper ($94 in chips)
AzureCaper: posts small blind $1
fabricio004: posts big blind $3
*** HOLE CARDS ***
AzureCaper: raises $3 to $6
fabricio004: calls $3
*** FLOP *** [3c Jd 7h]
fabricio004: checks
AzureCaper: bets $3
fabricio004: folds
Uncalled bet ($3) returned to AzureCaper
AzureCaper collected $11.76 from pot
AzureCaper: doesn't show hand
*** SUMMARY ***
Total pot $12 | Rake $0.24
Board [3c Jd 7h]
Seat 3: fabricio004 (big blind) folded on the Flop
Seat 4: AzureCaper (button) (small blind) collected ($11.76)


PokerStars Hand #154028601519:  Hold'em Limit ($3/$6 USD) - 2016/05/29 20:01:38 ET
Table 'Nunki' 6-max Seat #3 is the button
Seat 3: fabricio004 ($95.92 in chips)
Seat 4: AzureCaper ($97 in chips)
fabricio004: posts small blind $1
AzureCaper: posts big blind $3
*** HOLE CARDS ***
fabricio004: calls $2
AzureCaper: checks
*** FLOP *** [3d Jc Qc]
AzureCaper: checks
fabricio004: checks
*** TURN *** [3d Jc Qc] [As]
AzureCaper: checks
fabricio004: checks
*** RIVER *** [3d Jc Qc As] [Jh]
AzureCaper: checks
fabricio004: checks
*** SHOW DOWN ***
AzureCaper: shows [6h 8c] (a pair of Jacks)
fabricio004: shows [5d Td] (a pair of Jacks - Ace+Queen+Ten kicker)
fabricio004 collected $5.88 from pot
*** SUMMARY ***
Total pot $6 | Rake $0.12
Board [3d Jc Qc As Jh]
Seat 3: fabricio004 (button) (small blind) showed [5d Td] and won ($5.88) with a pair of Jacks
Seat 4: AzureCaper (big blind) showed [6h 8c] and lost with a pair of Jacks


PokerStars Hand #154028593156:  Hold'em Limit ($3/$6 USD) - 2016/05/29 20:01:22 ET
Table 'Nunki' 6-max Seat #4 is the button
Seat 3: fabricio004 ($78.42 in chips)
Seat 4: AzureCaper ($115 in chips)
AzureCaper: posts small blind $1
fabricio004: posts big blind $3
*** HOLE CARDS ***
AzureCaper: raises $3 to $6
fabricio004: raises $3 to $9
AzureCaper: calls $3
*** FLOP *** [5d 6h 5c]
fabricio004: bets $3
AzureCaper: calls $3
*** TURN *** [5d 6h 5c] [3h]
fabricio004: bets $6
AzureCaper: calls $6
*** RIVER *** [5d 6h 5c 3h] [Kc]
fabricio004: bets $6
AzureCaper: folds
Uncalled bet ($6) returned to fabricio004
fabricio004 collected $35.50 from pot
fabricio004: doesn't show hand
*** SUMMARY ***
Total pot $36 | Rake $0.50
Board [5d 6h 5c 3h Kc]
Seat 3: fabricio004 (big blind) collected ($35.50)
Seat 4: AzureCaper (button) (small blind) folded on the River


PokerStars Hand #154028641110:  Hold'em Limit ($3/$6 USD) - 2016/05/29 20:02:55 ET
Table 'Nunki' 6-max Seat #3 is the button
Seat 3: fabricio004 ($101.56 in chips)
Seat 4: AzureCaper ($90.76 in chips)
fabricio004: posts small blind $1
AzureCaper: posts big blind $3
*** HOLE CARDS ***
fabricio004: folds
Uncalled bet ($2) returned to AzureCaper
AzureCaper collected $2 from pot
AzureCaper: doesn't show hand
*** SUMMARY ***
Total pot $2 | Rake $0
Seat 3: fabricio004 (button) (small blind) folded before Flop
Seat 4: AzureCaper (big blind) collected ($2)


PokerStars Hand #154028638756:  Hold'em Limit ($3/$6 USD) - 2016/05/29 20:02:51 ET
Table 'Nunki' 6-max Seat #4 is the button
Seat 3: fabricio004 ($100.56 in chips)
Seat 4: AzureCaper ($91.76 in chips)
AzureCaper: posts small blind $1
fabricio004: posts big blind $3
*** HOLE CARDS ***
AzureCaper: folds
Uncalled bet ($2) returned to fabricio004
fabricio004 collected $2 from pot
fabricio004: doesn't show hand
*** SUMMARY ***
Total pot $2 | Rake $0
Seat 3: fabricio004 (big blind) collected ($2)
Seat 4: AzureCaper (button) (small blind) folded before Flop


PokerStars Hand #154028634855:  Hold'em Limit ($3/$6 USD) - 2016/05/29 20:02:43 ET
Table 'Nunki' 6-max Seat #3 is the button
Seat 3: fabricio004 ($97.56 in chips)
Seat 4: AzureCaper ($94.76 in chips)
fabricio004: posts small blind $1
AzureCaper: posts big blind $3
*** HOLE CARDS ***
fabricio004: raises $3 to $6
AzureCaper: folds
Uncalled bet ($3) returned to fabricio004
fabricio004 collected $6 from pot
fabricio004: doesn't show hand
*** SUMMARY ***
Total pot $6 | Rake $0
Seat 3: fabricio004 (button) (small blind) collected ($6)
Seat 4: AzureCaper (big blind) folded before Flop


PokerStars Hand #154028625939:  Hold'em Limit ($3/$6 USD) - 2016/05/29 20:02:26 ET
Table 'Nunki' 6-max Seat #4 is the button
Seat 3: fabricio004 ($91.80 in chips)
Seat 4: AzureCaper ($100.76 in chips)
AzureCaper: posts small blind $1
fabricio004: posts big blind $3
*** HOLE CARDS ***
AzureCaper: raises $3 to $6
fabricio004: calls $3
*** FLOP *** [Qd Ts 9s]
fabricio004: checks
AzureCaper: checks
*** TURN *** [Qd Ts 9s] [5d]
fabricio004: checks
AzureCaper: checks
*** RIVER *** [Qd Ts 9s 5d] [Tc]
fabricio004: bets $6
AzureCaper: folds
Uncalled bet ($6) returned to fabricio004
fabricio004 collected $11.76 from pot
fabricio004: doesn't show hand
*** SUMMARY ***
Total pot $12 | Rake $0.24
Board [Qd Ts 9s 5d Tc]
Seat 3: fabricio004 (big blind) collected ($11.76)
Seat 4: AzureCaper (button) (small blind) folded on the River


PokerStars Hand #154028622266:  Hold'em Limit ($3/$6 USD) - 2016/05/29 20:02:19 ET
Table 'Nunki' 6-max Seat #3 is the button
Seat 3: fabricio004 ($88.80 in chips)
Seat 4: AzureCaper ($103.76 in chips)
fabricio004: posts small blind $1
AzureCaper: posts big blind $3
*** HOLE CARDS ***
fabricio004: raises $3 to $6
AzureCaper: folds
Uncalled bet ($3) returned to fabricio004
fabricio004 collected $6 from pot
fabricio004: doesn't show hand
*** SUMMARY ***
Total pot $6 | Rake $0
Seat 3: fabricio004 (button) (small blind) collected ($6)
Seat 4: AzureCaper (big blind) folded before Flop


PokerStars Hand #154032488975:  Hold'em Limit ($3/$6 USD) - 2016/05/29 22:38:15 ET
Table 'Nunki' 6-max Seat #2 is the button
Seat 2: lanås ($182.86 in chips)
Seat 5: ABATAPP ($240.97 in chips)
lanås: posts small blind $1
ABATAPP: posts big blind $3
*** HOLE CARDS ***
lanås: raises $3 to $6
ABATAPP: folds
Uncalled bet ($3) returned to lanås
lanås collected $6 from pot
lanås: doesn't show hand
*** SUMMARY ***
Total pot $6 | Rake $0
Seat 2: lanås (button) (small blind) collected ($6)
Seat 5: ABATAPP (big blind) folded before Flop


PokerStars Hand #154032487088:  Hold'em Limit ($3/$6 USD) - 2016/05/29 22:38:09 ET
Table 'Nunki' 6-max Seat #5 is the button
Seat 2: lanås ($181.86 in chips)
Seat 5: ABATAPP ($241.97 in chips)
ABATAPP: posts small blind $1
lanås: posts big blind $3
*** HOLE CARDS ***
ABATAPP: folds
Uncalled bet ($2) returned to lanås
lanås collected $2 from pot
lanås: doesn't show hand
*** SUMMARY ***
Total pot $2 | Rake $0
Seat 2: lanås (big blind) collected ($2)
Seat 5: ABATAPP (button) (small blind) folded before Flop


PokerStars Hand #154032481536:  Hold'em Limit ($3/$6 USD) - 2016/05/29 22:37:52 ET
Table 'Nunki' 6-max Seat #2 is the button
Seat 2: lanås ($196.86 in chips)
Seat 5: ABATAPP ($227.47 in chips)
lanås: posts small blind $1
NOMOS1984: is sitting out
ABATAPP: posts big blind $3
*** HOLE CARDS ***
lanås: raises $3 to $6
ABATAPP: calls $3
*** FLOP *** [Tc 5s Ts]
ABATAPP: checks
lanås: bets $3
ABATAPP: calls $3
*** TURN *** [Tc 5s Ts] [6h]
NOMOS1984 leaves the table
ABATAPP: checks
lanås: checks
*** RIVER *** [Tc 5s Ts 6h] [Ks]
ABATAPP: bets $6
lanås: calls $6
*** SHOW DOWN ***
ABATAPP: shows [Kc 5d] (two pair, Kings and Tens)
lanås: mucks hand
ABATAPP collected $29.50 from pot
*** SUMMARY ***
Total pot $30 | Rake $0.50
Board [Tc 5s Ts 6h Ks]
Seat 2: lanås (button) (small blind) mucked
Seat 5: ABATAPP (big blind) showed [Kc 5d] and won ($29.50) with two pair, Kings and Tens


PokerStars Hand #154032505214:  Hold'em Limit ($3/$6 USD) - 2016/05/29 22:39:04 ET
Table 'Nunki' 6-max Seat #2 is the button
Seat 2: lanås ($176.86 in chips)
Seat 5: ABATAPP ($246.49 in chips)
lanås: posts small blind $1
ABATAPP: posts big blind $3
*** HOLE CARDS ***
lanås: folds
Uncalled bet ($2) returned to ABATAPP
ABATAPP collected $2 from pot
ABATAPP: doesn't show hand
*** SUMMARY ***
Total pot $2 | Rake $0
Seat 2: lanås (button) (small blind) folded before Flop
Seat 5: ABATAPP (big blind) collected ($2)


PokerStars Hand #154032500268:  Hold'em Limit ($3/$6 USD) - 2016/05/29 22:38:49 ET
Table 'Nunki' 6-max Seat #5 is the button
Seat 2: lanås ($182.86 in chips)
Seat 5: ABATAPP ($240.73 in chips)
ABATAPP: posts small blind $1
lanås: posts big blind $3
*** HOLE CARDS ***
ABATAPP: raises $3 to $6
lanås: calls $3
*** FLOP *** [6d 4d 4c]
lanås: checks
ABATAPP: checks
*** TURN *** [6d 4d 4c] [8c]
lanås: checks
ABATAPP: bets $6
lanås: folds
Uncalled bet ($6) returned to ABATAPP
ABATAPP collected $11.76 from pot
ABATAPP: doesn't show hand
*** SUMMARY ***
Total pot $12 | Rake $0.24
Board [6d 4d 4c 8c]
Seat 2: lanås (big blind) folded on the Turn
Seat 5: ABATAPP (button) (small blind) collected ($11.76)


PokerStars Hand #154032494881:  Hold'em Limit ($3/$6 USD) - 2016/05/29 22:38:33 ET
Table 'Nunki' 6-max Seat #2 is the button
Seat 2: lanås ($179.86 in chips)
Seat 5: ABATAPP ($243.73 in chips)
lanås: posts small blind $1
ABATAPP: posts big blind $3
*** HOLE CARDS ***
lanås: folds
Uncalled bet ($2) returned to ABATAPP
ABATAPP collected $2 from pot
ABATAPP: doesn't show hand
*** SUMMARY ***
Total pot $2 | Rake $0
Seat 2: lanås (button) (small blind) folded before Flop
Seat 5: ABATAPP (big blind) collected ($2)


PokerStars Hand #154032490913:  Hold'em Limit ($3/$6 USD) - 2016/05/29 22:38:20 ET
Table 'Nunki' 6-max Seat #5 is the button
Seat 2: lanås ($185.86 in chips)
Seat 5: ABATAPP ($237.97 in chips)
ABATAPP: posts small blind $1
lanås: posts big blind $3
*** HOLE CARDS ***
ABATAPP: raises $3 to $6
lanås: calls $3
*** FLOP *** [Kc As Ad]
lanås: checks
ABATAPP: bets $3
lanås: folds
Uncalled bet ($3) returned to ABATAPP
ABATAPP collected $11.76 from pot
ABATAPP: doesn't show hand
*** SUMMARY ***
Total pot $12 | Rake $0.24
Board [Kc As Ad]
Seat 2: lanås (big blind) folded on the Flop
Seat 5: ABATAPP (button) (small blind) collected ($11.76)


PokerStars Hand #154032498234:  Hold'em Limit ($3/$6 USD) - 2016/05/29 22:38:43 ET
Table 'Nunki' 6-max Seat #2 is the button
Seat 2: lanås ($179.86 in chips)
Seat 5: ABATAPP ($243.73 in chips)
lanås: posts small blind $1
ABATAPP: posts big blind $3
*** HOLE CARDS ***
lanås: raises $3 to $6
ABATAPP: folds
Uncalled bet ($3) returned to lanås
lanås collected $6 from pot
lanås: doesn't show hand
*** SUMMARY ***
Total pot $6 | Rake $0
Seat 2: lanås (button) (small blind) collected ($6)
Seat 5: ABATAPP (big blind) folded before Flop


PokerStars Hand #154032496641:  Hold'em Limit ($3/$6 USD) - 2016/05/29 22:38:38 ET
Table 'Nunki' 6-max Seat #5 is the button
Seat 2: lanås ($178.86 in chips)
Seat 5: ABATAPP ($244.73 in chips)
ABATAPP: posts small blind $1
lanås: posts big blind $3
*** HOLE CARDS ***
ABATAPP: folds
Uncalled bet ($2) returned to lanås
lanås collected $2 from pot
lanås: doesn't show hand
*** SUMMARY ***
Total pot $2 | Rake $0
Seat 2: lanås (big blind) collected ($2)
Seat 5: ABATAPP (button) (small blind) folded before Flop


PokerStars Hand #154032507217:  Hold'em Limit ($3/$6 USD) - 2016/05/29 22:39:10 ET
Table 'Nunki' 6-max Seat #5 is the button
Seat 2: lanås ($175.86 in chips)
Seat 5: ABATAPP ($247.49 in chips)
ABATAPP: posts small blind $1
lanås: posts big blind $3
*** HOLE CARDS ***
ABATAPP: raises $3 to $6
lanås: calls $3
*** FLOP *** [9s 3s 9d]
lanås: checks
ABATAPP: bets $3
lanås: calls $3
*** TURN *** [9s 3s 9d] [3c]
lanås: checks
BELEVINKARMA joins the table at seat #4
ABATAPP: checks
*** RIVER *** [9s 3s 9d 3c] [5h]
lanås: bets $6
ABATAPP: calls $6
*** SHOW DOWN ***
lanås: shows [Kh 2c] (two pair, Nines and Threes)
ABATAPP: shows [Ah 4h] (two pair, Nines and Threes - Ace kicker)
ABATAPP collected $29.50 from pot
*** SUMMARY ***
Total pot $30 | Rake $0.50
Board [9s 3s 9d 3c 5h]
Seat 2: lanås (big blind) showed [Kh 2c] and lost with two pair, Nines and Threes
Seat 5: ABATAPP (button) (small blind) showed [Ah 4h] and won ($29.50) with two pair, Nines and Threes


PokerStars Hand #154032703512:  Hold'em Limit ($3/$6 USD) - 2016/05/29 22:49:05 ET
Table 'Nunki' 6-max Seat #2 is the button
Seat 2: lanås ($190.05 in chips)
Seat 5: ABATAPP ($243.76 in chips)
lanås: posts small blind $1
ABATAPP: posts big blind $3
*** HOLE CARDS ***
lanås: folds
Uncalled bet ($2) returned to ABATAPP
ABATAPP collected $2 from pot
ABATAPP: doesn't show hand
*** SUMMARY ***
Total pot $2 | Rake $0
Seat 2: lanås (button) (small blind) folded before Flop
Seat 5: ABATAPP (big blind) collected ($2)


PokerStars Hand #154032696829:  Hold'em Limit ($3/$6 USD) - 2016/05/29 22:48:44 ET
Table 'Nunki' 6-max Seat #5 is the button
Seat 2: lanås ($166.55 in chips)
Seat 5: ABATAPP ($267.76 in chips)
ABATAPP: posts small blind $1
lanås: posts big blind $3
*** HOLE CARDS ***
ABATAPP: raises $3 to $6
lanås: calls $3
*** FLOP *** [Js 4d Ac]
lanås: checks
ABATAPP: bets $3
lanås: raises $3 to $6
ABATAPP: calls $3
*** TURN *** [Js 4d Ac] [2s]
lanås: bets $6
ABATAPP: calls $6
*** RIVER *** [Js 4d Ac 2s] [3h]
lanås: bets $6
ABATAPP: calls $6
*** SHOW DOWN ***
lanås: shows [4h Ah] (two pair, Aces and Fours)
ABATAPP: mucks hand
lanås collected $47.50 from pot
*** SUMMARY ***
Total pot $48 | Rake $0.50
Board [Js 4d Ac 2s 3h]
Seat 2: lanås (big blind) showed [4h Ah] and won ($47.50) with two pair, Aces and Fours
Seat 5: ABATAPP (button) (small blind) mucked


PokerStars Hand #154032694621:  Hold'em Limit ($3/$6 USD) - 2016/05/29 22:48:37 ET
Table 'Nunki' 6-max Seat #2 is the button
Seat 2: lanås ($163.55 in chips)
Seat 5: ABATAPP ($270.76 in chips)
lanås: posts small blind $1
ABATAPP: posts big blind $3
*** HOLE CARDS ***
lanås: raises $3 to $6
ABATAPP: folds
Uncalled bet ($3) returned to lanås
lanås collected $6 from pot
lanås: doesn't show hand
*** SUMMARY ***
Total pot $6 | Rake $0
Seat 2: lanås (button) (small blind) collected ($6)
Seat 5: ABATAPP (big blind) folded before Flop


PokerStars Hand #154032692601:  Hold'em Limit ($3/$6 USD) - 2016/05/29 22:48:30 ET
Table 'Nunki' 6-max Seat #5 is the button
Seat 2: lanås ($166.55 in chips)
Seat 5: ABATAPP ($267.76 in chips)
ABATAPP: posts small blind $1
lanås: posts big blind $3
*** HOLE CARDS ***
ABATAPP: raises $3 to $6
lanås: folds
Uncalled bet ($3) returned to ABATAPP
ABATAPP collected $6 from pot
ABATAPP: doesn't show hand
*** SUMMARY ***
Total pot $6 | Rake $0
Seat 2: lanås (big blind) folded before Flop
Seat 5: ABATAPP (button) (small blind) collected ($6)


PokerStars Hand #154032720582:  Hold'em Limit ($3/$6 USD) - 2016/05/29 22:50:01 ET
Table 'Nunki' 6-max Seat #5 is the button
Seat 2: lanås ($224.19 in chips)
Seat 5: ABATAPP ($208.76 in chips)
ABATAPP: posts small blind $1
lanås: posts big blind $3
*** HOLE CARDS ***
ABATAPP: raises $3 to $6
lanås: folds
Uncalled bet ($3) returned to ABATAPP
ABATAPP collected $6 from pot
ABATAPP: doesn't show hand
*** SUMMARY ***
Total pot $6 | Rake $0
Seat 2: lanås (big blind) folded before Flop
Seat 5: ABATAPP (button) (small blind) collected ($6)


PokerStars Hand #154032722349:  Hold'em Limit ($3/$6 USD) - 2016/05/29 22:50:07 ET
Table 'Nunki' 6-max Seat #2 is the button
Seat 2: lanås ($221.19 in chips)
Seat 5: ABATAPP ($211.76 in chips)
lanås: posts small blind $1
ABATAPP: posts big blind $3
*** HOLE CARDS ***
lanås: raises $3 to $6
ABATAPP: calls $3
*** FLOP *** [Td 8h 3d]
ABATAPP: checks
lanås: bets $3
ABATAPP: folds
Uncalled bet ($3) returned to lanås
lanås collected $11.76 from pot
lanås: doesn't show hand
*** SUMMARY ***
Total pot $12 | Rake $0.24
Board [Td 8h 3d]
Seat 2: lanås (button) (small blind) collected ($11.76)
Seat 5: ABATAPP (big blind) folded on the Flop


PokerStars Hand #154032718436:  Hold'em Limit ($3/$6 USD) - 2016/05/29 22:49:54 ET
Table 'Nunki' 6-max Seat #2 is the button
Seat 2: lanås ($221.19 in chips)
Seat 5: ABATAPP ($211.76 in chips)
lanås: posts small blind $1
ABATAPP: posts big blind $3
*** HOLE CARDS ***
lanås: raises $3 to $6
ABATAPP: folds
Uncalled bet ($3) returned to lanås
lanås collected $6 from pot
lanås: doesn't show hand
*** SUMMARY ***
Total pot $6 | Rake $0
Seat 2: lanås (button) (small blind) collected ($6)
Seat 5: ABATAPP (big blind) folded before Flop


PokerStars Hand #154032716932:  Hold'em Limit ($3/$6 USD) - 2016/05/29 22:49:49 ET
Table 'Nunki' 6-max Seat #5 is the button
Seat 2: lanås ($220.19 in chips)
Seat 5: ABATAPP ($212.76 in chips)
ABATAPP: posts small blind $1
lanås: posts big blind $3
*** HOLE CARDS ***
ABATAPP: folds
Uncalled bet ($2) returned to lanås
lanås collected $2 from pot
lanås: doesn't show hand
*** SUMMARY ***
Total pot $2 | Rake $0
Seat 2: lanås (big blind) collected ($2)
Seat 5: ABATAPP (button) (small blind) folded before Flop


PokerStars Hand #154032714833:  Hold'em Limit ($3/$6 USD) - 2016/05/29 22:49:42 ET
Table 'Nunki' 6-max Seat #2 is the button
Seat 2: lanås ($217.19 in chips)
Seat 5: ABATAPP ($215.76 in chips)
lanås: posts small blind $1
ABATAPP: posts big blind $3
*** HOLE CARDS ***
lanås: raises $3 to $6
ABATAPP: folds
Uncalled bet ($3) returned to lanås
lanås collected $6 from pot
lanås: doesn't show hand
*** SUMMARY ***
Total pot $6 | Rake $0
Seat 2: lanås (button) (small blind) collected ($6)
Seat 5: ABATAPP (big blind) folded before Flop


PokerStars Hand #154032711633:  Hold'em Limit ($3/$6 USD) - 2016/05/29 22:49:32 ET
Table 'Nunki' 6-max Seat #5 is the button
Seat 2: lanås ($208.55 in chips)
Seat 5: ABATAPP ($224.76 in chips)
ABATAPP: posts small blind $1
lanås: posts big blind $3
*** HOLE CARDS ***
ABATAPP: raises $3 to $6
lanås: raises $3 to $9
ABATAPP: calls $3
*** FLOP *** [3d 2d As]
lanås: bets $3
ABATAPP: folds
Uncalled bet ($3) returned to lanås
lanås collected $17.64 from pot
lanås: doesn't show hand
*** SUMMARY ***
Total pot $18 | Rake $0.36
Board [3d 2d As]
Seat 2: lanås (big blind) collected ($17.64)
Seat 5: ABATAPP (button) (small blind) folded on the Flop


PokerStars Hand #154032709911:  Hold'em Limit ($3/$6 USD) - 2016/05/29 22:49:26 ET
Table 'Nunki' 6-max Seat #2 is the button
Seat 2: lanås ($209.55 in chips)
Seat 5: ABATAPP ($223.76 in chips)
lanås: posts small blind $1
ABATAPP: posts big blind $3
*** HOLE CARDS ***
lanås: folds
Uncalled bet ($2) returned to ABATAPP
ABATAPP collected $2 from pot
ABATAPP: doesn't show hand
*** SUMMARY ***
Total pot $2 | Rake $0
Seat 2: lanås (button) (small blind) folded before Flop
Seat 5: ABATAPP (big blind) collected ($2)


PokerStars Hand #154032705214:  Hold'em Limit ($3/$6 USD) - 2016/05/29 22:49:11 ET
Table 'Nunki' 6-max Seat #5 is the button
Seat 2: lanås ($189.05 in chips)
Seat 5: ABATAPP ($244.76 in chips)
ABATAPP: posts small blind $1
lanås: posts big blind $3
*** HOLE CARDS ***
ABATAPP: raises $3 to $6
lanås: calls $3
*** FLOP *** [Jd Jh 3s]
lanås: checks
ABATAPP: bets $3
lanås: calls $3
*** TURN *** [Jd Jh 3s] [Kd]
lanås: bets $6
ABATAPP: calls $6
*** RIVER *** [Jd Jh 3s Kd] [4s]
lanås: bets $6
ABATAPP: calls $6
*** SHOW DOWN ***
lanås: shows [Js 8c] (three of a kind, Jacks)
ABATAPP: mucks hand
lanås collected $41.50 from pot
*** SUMMARY ***
Total pot $42 | Rake $0.50
Board [Jd Jh 3s Kd 4s]
Seat 2: lanås (big blind) showed [Js 8c] and won ($41.50) with three of a kind, Jacks
Seat 5: ABATAPP (button) (small blind) mucked


PokerStars Hand #154033928095:  Hold'em Limit ($3/$6 USD) - 2016/05/30 0:02:18 ET
Table 'Nunki' 6-max Seat #6 is the button
Seat 3: Naught006 ($91.39 in chips)
Seat 6: LifeisagameX ($26.03 in chips)
LifeisagameX: posts small blind $1
Naught006: posts big blind $3
*** HOLE CARDS ***
LifeisagameX: raises $3 to $6
Naught006: folds
Uncalled bet ($3) returned to LifeisagameX
LifeisagameX collected $6 from pot
LifeisagameX: doesn't show hand
*** SUMMARY ***
Total pot $6 | Rake $0
Seat 3: Naught006 (big blind) folded before Flop
Seat 6: LifeisagameX (button) (small blind) collected ($6)


PokerStars Hand #154033930308:  Hold'em Limit ($3/$6 USD) - 2016/05/30 0:02:27 ET
Table 'Nunki' 6-max Seat #3 is the button
Seat 3: Naught006 ($88.39 in chips)
Seat 6: LifeisagameX ($29.03 in chips)
Naught006: posts small blind $1
LifeisagameX: posts big blind $3
*** HOLE CARDS ***
Naught006: raises $3 to $6
LifeisagameX: calls $3
*** FLOP *** [8h 6c 8c]
LifeisagameX: checks
Naught006: bets $3
LifeisagameX: folds
Uncalled bet ($3) returned to Naught006
Naught006 collected $11.76 from pot
*** SUMMARY ***
Total pot $12 | Rake $0.24
Board [8h 6c 8c]
Seat 3: Naught006 (button) (small blind) collected ($11.76)
Seat 6: LifeisagameX (big blind) folded on the Flop


PokerStars Hand #154033938718:  Hold'em Limit ($3/$6 USD) - 2016/05/30 0:03:00 ET
Table 'Nunki' 6-max Seat #6 is the button
Seat 3: Naught006 ($94.15 in chips)
Seat 6: LifeisagameX ($23.03 in chips)
LifeisagameX: posts small blind $1
Naught006: posts big blind $3
*** HOLE CARDS ***
szwhite joins the table at seat #5
LifeisagameX: raises $3 to $6
Naught006: calls $3
*** FLOP *** [7s 5c 5d]
Naught006: checks
ABATAPP joins the table at seat #4
LifeisagameX: checks
*** TURN *** [7s 5c 5d] [Tc]
Naught006: bets $6
LifeisagameX: calls $6
*** RIVER *** [7s 5c 5d Tc] [8d]
Naught006: bets $6
LifeisagameX: calls $6
*** SHOW DOWN ***
Naught006: shows [9d Qs] (a pair of Fives)
LifeisagameX: shows [6s Ac] (a pair of Fives - Ace kicker)
LifeisagameX collected $35.50 from pot
*** SUMMARY ***
Total pot $36 | Rake $0.50
Board [7s 5c 5d Tc 8d]
Seat 3: Naught006 (big blind) showed [9d Qs] and lost with a pair of Fives
Seat 6: LifeisagameX (button) (small blind) showed [6s Ac] and won ($35.50) with a pair of Fives


PokerStars Hand #154034556371:  Hold'em Limit ($3/$6 USD) - 2016/05/30 0:44:52 ET
Table 'Nunki' 6-max Seat #4 is the button
Seat 3: old_col ($160.71 in chips)
Seat 4: ABATAPP ($142.18 in chips)
ABATAPP: posts small blind $1
old_col: posts big blind $3
*** HOLE CARDS ***
ABATAPP: raises $3 to $6
old_col: calls $3
*** FLOP *** [8h 5c Jc]
old_col: checks
ABATAPP: bets $3
old_col: calls $3
*** TURN *** [8h 5c Jc] [2h]
old_col: checks
ABATAPP: bets $6
old_col: folds
Uncalled bet ($6) returned to ABATAPP
ABATAPP collected $17.64 from pot
ABATAPP: doesn't show hand
*** SUMMARY ***
Total pot $18 | Rake $0.36
Board [8h 5c Jc 2h]
Seat 3: old_col (big blind) folded on the Turn
Seat 4: ABATAPP (button) (small blind) collected ($17.64)


PokerStars Hand #154034563771:  Hold'em Limit ($3/$6 USD) - 2016/05/30 0:45:14 ET
Table 'Nunki' 6-max Seat #3 is the button
Seat 3: old_col ($151.71 in chips)
Seat 4: ABATAPP ($150.82 in chips)
old_col: posts small blind $1
ABATAPP: posts big blind $3
*** HOLE CARDS ***
old_col: calls $2
ABATAPP: checks
*** FLOP *** [2h Js Th]
ABATAPP: checks
old_col: checks
*** TURN *** [2h Js Th] [8d]
ABATAPP: checks
old_col: checks
*** RIVER *** [2h Js Th 8d] [As]
ABATAPP: bets $6
old_col: folds
Uncalled bet ($6) returned to ABATAPP
ABATAPP collected $5.88 from pot
ABATAPP: doesn't show hand
*** SUMMARY ***
Total pot $6 | Rake $0.12
Board [2h Js Th 8d As]
Seat 3: old_col (button) (small blind) folded on the River
Seat 4: ABATAPP (big blind) collected ($5.88)


PokerStars Hand #154035487137:  Hold'em Limit ($3/$6 USD) - 2016/05/30 1:50:18 ET
Table 'Nunki' 6-max Seat #6 is the button
Seat 5: szwhite ($104.88 in chips)
Seat 6: NOMOS1984 ($151.32 in chips)
NOMOS1984: posts small blind $1
Agrotait: is sitting out
ABATAPP: is sitting out
szwhite: posts big blind $3
*** HOLE CARDS ***
NOMOS1984: raises $3 to $6
szwhite: calls $3
*** FLOP *** [4h Qh 5s]
szwhite: checks
NOMOS1984: bets $3
szwhite: folds
Uncalled bet ($3) returned to NOMOS1984
NOMOS1984 collected $11.76 from pot
*** SUMMARY ***
Total pot $12 | Rake $0.24
Board [4h Qh 5s]
Seat 5: szwhite (big blind) folded on the Flop
Seat 6: NOMOS1984 (button) (small blind) collected ($11.76)


PokerStars Hand #154035513692:  Hold'em Limit ($3/$6 USD) - 2016/05/30 1:52:12 ET
Table 'Nunki' 6-max Seat #5 is the button
Seat 5: szwhite ($110.38 in chips)
Seat 6: NOMOS1984 ($144.84 in chips)
szwhite: posts small blind $1
NOMOS1984: posts big blind $3
*** HOLE CARDS ***
szwhite: folds
Uncalled bet ($2) returned to NOMOS1984
NOMOS1984 collected $2 from pot
*** SUMMARY ***
Total pot $2 | Rake $0
Seat 5: szwhite (button) (small blind) folded before Flop
Seat 6: NOMOS1984 (big blind) collected ($2)


PokerStars Hand #154035506878:  Hold'em Limit ($3/$6 USD) - 2016/05/30 1:51:43 ET
Table 'Nunki' 6-max Seat #6 is the button
Seat 5: szwhite ($116.38 in chips)
Seat 6: NOMOS1984 ($139.08 in chips)
NOMOS1984: posts small blind $1
szwhite: posts big blind $3
*** HOLE CARDS ***
NOMOS1984: raises $3 to $6
szwhite: calls $3
*** FLOP *** [7s Qh Kd]
szwhite: checks
NOMOS1984: bets $3
szwhite: folds
Uncalled bet ($3) returned to NOMOS1984
NOMOS1984 collected $11.76 from pot
*** SUMMARY ***
Total pot $12 | Rake $0.24
Board [7s Qh Kd]
Seat 5: szwhite (big blind) folded on the Flop
Seat 6: NOMOS1984 (button) (small blind) collected ($11.76)


PokerStars Hand #154035497102:  Hold'em Limit ($3/$6 USD) - 2016/05/30 1:51:01 ET
Table 'Nunki' 6-max Seat #5 is the button
Seat 5: szwhite ($98.88 in chips)
Seat 6: NOMOS1984 ($157.08 in chips)
szwhite: posts small blind $1
NOMOS1984: posts big blind $3
*** HOLE CARDS ***
szwhite: raises $3 to $6
NOMOS1984: calls $3
*** FLOP *** [5d 5s Qd]
NOMOS1984: checks
szwhite: bets $3
NOMOS1984: raises $3 to $6
szwhite: calls $3
*** TURN *** [5d 5s Qd] [Ts]
NOMOS1984: bets $6
szwhite: calls $6
*** RIVER *** [5d 5s Qd Ts] [As]
NOMOS1984: checks
szwhite: bets $6
Agrotait leaves the table
NOMOS1984: folds
Uncalled bet ($6) returned to szwhite
szwhite collected $35.50 from pot
szwhite: doesn't show hand
*** SUMMARY ***
Total pot $36 | Rake $0.50
Board [5d 5s Qd Ts As]
Seat 5: szwhite (button) (small blind) collected ($35.50)
Seat 6: NOMOS1984 (big blind) folded on the River


PokerStars Hand #154035526244:  Hold'em Limit ($3/$6 USD) - 2016/05/30 1:53:07 ET
Table 'Nunki' 6-max Seat #5 is the button
Seat 5: szwhite ($123.88 in chips)
Seat 6: NOMOS1984 ($130.84 in chips)
szwhite: posts small blind $1
NOMOS1984: posts big blind $3
*** HOLE CARDS ***
szwhite: folds
Uncalled bet ($2) returned to NOMOS1984
NOMOS1984 collected $2 from pot
*** SUMMARY ***
Total pot $2 | Rake $0
Seat 5: szwhite (button) (small blind) folded before Flop
Seat 6: NOMOS1984 (big blind) collected ($2)


PokerStars Hand #154035516239:  Hold'em Limit ($3/$6 USD) - 2016/05/30 1:52:23 ET
Table 'Nunki' 6-max Seat #6 is the button
Seat 5: szwhite ($109.38 in chips)
Seat 6: NOMOS1984 ($145.84 in chips)
NOMOS1984: posts small blind $1
szwhite: posts big blind $3
*** HOLE CARDS ***
NOMOS1984: raises $3 to $6
szwhite: calls $3
*** FLOP *** [3s 6h Th]
szwhite: bets $3
NOMOS1984: calls $3
*** TURN *** [3s 6h Th] [2c]
szwhite: bets $6
NOMOS1984: calls $6
*** RIVER *** [3s 6h Th 2c] [As]
szwhite: checks
NOMOS1984: checks
*** SHOW DOWN ***
szwhite: shows [Kd 5c] (high card Ace)
NOMOS1984: mucks hand
szwhite collected $29.50 from pot
*** SUMMARY ***
Total pot $30 | Rake $0.50
Board [3s 6h Th 2c As]
Seat 5: szwhite (big blind) showed [Kd 5c] and won ($29.50) with high card Ace
Seat 6: NOMOS1984 (button) (small blind) mucked


PokerStars Hand #154035533730:  Hold'em Limit ($3/$6 USD) - 2016/05/30 1:53:39 ET
Table 'Nunki' 6-max Seat #5 is the button
Seat 5: szwhite ($116.88 in chips)
Seat 6: NOMOS1984 ($137.60 in chips)
szwhite: posts small blind $1
NOMOS1984: posts big blind $3
*** HOLE CARDS ***
ABATAPP leaves the table
szwhite: raises $3 to $6
NOMOS1984: calls $3
*** FLOP *** [3s 6s 8d]
NOMOS1984: checks
szwhite: bets $3
NOMOS1984: raises $3 to $6
szwhite: calls $3
*** TURN *** [3s 6s 8d] [Qd]
NOMOS1984: bets $6
szwhite: raises $6 to $12
NOMOS1984: calls $6
*** RIVER *** [3s 6s 8d Qd] [Js]
NOMOS1984: checks
szwhite: bets $6
NOMOS1984: folds
Uncalled bet ($6) returned to szwhite
szwhite collected $47.50 from pot
*** SUMMARY ***
Total pot $48 | Rake $0.50
Board [3s 6s 8d Qd Js]
Seat 5: szwhite (button) (small blind) collected ($47.50)
Seat 6: NOMOS1984 (big blind) folded on the River


PokerStars Hand #154035528239:  Hold'em Limit ($3/$6 USD) - 2016/05/30 1:53:15 ET
Table 'Nunki' 6-max Seat #6 is the button
Seat 5: szwhite ($122.88 in chips)
Seat 6: NOMOS1984 ($131.84 in chips)
NOMOS1984: posts small blind $1
szwhite: posts big blind $3
*** HOLE CARDS ***
NOMOS1984: raises $3 to $6
szwhite: calls $3
*** FLOP *** [Ac Qh Kc]
szwhite: checks
NOMOS1984: bets $3
szwhite: folds
Uncalled bet ($3) returned to NOMOS1984
NOMOS1984 collected $11.76 from pot
*** SUMMARY ***
Total pot $12 | Rake $0.24
Board [Ac Qh Kc]
Seat 5: szwhite (big blind) folded on the Flop
Seat 6: NOMOS1984 (button) (small blind) collected ($11.76)


PokerStars Hand #154035544718:  Hold'em Limit ($3/$6 USD) - 2016/05/30 1:54:27 ET
Table 'Nunki' 6-max Seat #5 is the button
Seat 5: szwhite ($141.38 in chips)
Seat 6: NOMOS1984 ($112.60 in chips)
szwhite: posts small blind $1
NOMOS1984: posts big blind $3
*** HOLE CARDS ***
szwhite: folds
Uncalled bet ($2) returned to NOMOS1984
NOMOS1984 collected $2 from pot
*** SUMMARY ***
Total pot $2 | Rake $0
Seat 5: szwhite (button) (small blind) folded before Flop
Seat 6: NOMOS1984 (big blind) collected ($2)


PokerStars Hand #154035543474:  Hold'em Limit ($3/$6 USD) - 2016/05/30 1:54:22 ET
Table 'Nunki' 6-max Seat #6 is the button
Seat 5: szwhite ($140.38 in chips)
Seat 6: NOMOS1984 ($113.60 in chips)
NOMOS1984: posts small blind $1
szwhite: posts big blind $3
*** HOLE CARDS ***
NOMOS1984: folds
Uncalled bet ($2) returned to szwhite
szwhite collected $2 from pot
szwhite: doesn't show hand
*** SUMMARY ***
Total pot $2 | Rake $0
Seat 5: szwhite (big blind) collected ($2)
Seat 6: NOMOS1984 (button) (small blind) folded before Flop


PokerStars Hand #154035547986:  Hold'em Limit ($3/$6 USD) - 2016/05/30 1:54:41 ET
Table 'Nunki' 6-max Seat #5 is the button
Seat 5: szwhite ($141.38 in chips)
Seat 6: NOMOS1984 ($112.60 in chips)
szwhite: posts small blind $1
NOMOS1984: posts big blind $3
*** HOLE CARDS ***
szwhite: raises $3 to $6
NOMOS1984: calls $3
*** FLOP *** [9c 6d Ah]
NOMOS1984: checks
szwhite: bets $3
NOMOS1984: raises $3 to $6
szwhite: calls $3
*** TURN *** [9c 6d Ah] [9h]
NOMOS1984: checks
szwhite: checks
*** RIVER *** [9c 6d Ah 9h] [9s]
NOMOS1984: bets $6
szwhite: calls $6
*** SHOW DOWN ***
NOMOS1984: shows [8c 7h] (three of a kind, Nines)
szwhite: shows [As 2c] (a full house, Nines full of Aces)
szwhite collected $35.50 from pot
*** SUMMARY ***
Total pot $36 | Rake $0.50
Board [9c 6d Ah 9h 9s]
Seat 5: szwhite (button) (small blind) showed [As 2c] and won ($35.50) with a full house, Nines full of Aces
Seat 6: NOMOS1984 (big blind) showed [8c 7h] and lost with three of a kind, Nines


PokerStars Hand #154035554811:  Hold'em Limit ($3/$6 USD) - 2016/05/30 1:55:11 ET
Table 'Nunki' 6-max Seat #6 is the button
Seat 5: szwhite ($158.88 in chips)
Seat 6: NOMOS1984 ($94.60 in chips)
NOMOS1984: posts small blind $1
szwhite: posts big blind $3
*** HOLE CARDS ***
NOMOS1984: raises $3 to $6
szwhite: calls $3
*** FLOP *** [8s Tc 8h]
szwhite: checks
NOMOS1984: bets $3
szwhite: raises $3 to $6
NOMOS1984: folds
Uncalled bet ($3) returned to szwhite
szwhite collected $17.64 from pot
szwhite: doesn't show hand
*** SUMMARY ***
Total pot $18 | Rake $0.36
Board [8s Tc 8h]
Seat 5: szwhite (big blind) collected ($17.64)
Seat 6: NOMOS1984 (button) (small blind) folded on the Flop


PokerStars Hand #154035546697:  Hold'em Limit ($3/$6 USD) - 2016/05/30 1:54:36 ET
Table 'Nunki' 6-max Seat #6 is the button
Seat 5: szwhite ($140.38 in chips)
Seat 6: NOMOS1984 ($113.60 in chips)
NOMOS1984: posts small blind $1
liolilove joins the table at seat #1
szwhite: posts big blind $3
*** HOLE CARDS ***
NOMOS1984: folds
Uncalled bet ($2) returned to szwhite
szwhite collected $2 from pot
szwhite: doesn't show hand
*** SUMMARY ***
Total pot $2 | Rake $0
Seat 5: szwhite (big blind) collected ($2)
Seat 6: NOMOS1984 (button) (small blind) folded before Flop


PokerStars Hand #154035559580:  Hold'em Limit ($3/$6 USD) - 2016/05/30 1:55:34 ET
Table 'Nunki' 6-max Seat #6 is the button
Seat 5: szwhite ($166.52 in chips)
Seat 6: NOMOS1984 ($86.60 in chips)
NOMOS1984: posts small blind $1
szwhite: posts big blind $3
*** HOLE CARDS ***
NOMOS1984: raises $3 to $6
szwhite: folds
Uncalled bet ($3) returned to NOMOS1984
NOMOS1984 collected $6 from pot
*** SUMMARY ***
Total pot $6 | Rake $0
Seat 5: szwhite (big blind) folded before Flop
Seat 6: NOMOS1984 (button) (small blind) collected ($6)


PokerStars Hand #154035558495:  Hold'em Limit ($3/$6 USD) - 2016/05/30 1:55:29 ET
Table 'Nunki' 6-max Seat #5 is the button
Seat 5: szwhite ($167.52 in chips)
Seat 6: NOMOS1984 ($85.60 in chips)
szwhite: posts small blind $1
NOMOS1984: posts big blind $3
*** HOLE CARDS ***
szwhite: folds
Uncalled bet ($2) returned to NOMOS1984
NOMOS1984 collected $2 from pot
*** SUMMARY ***
Total pot $2 | Rake $0
Seat 5: szwhite (button) (small blind) folded before Flop
Seat 6: NOMOS1984 (big blind) collected ($2)


PokerStars Hand #154035563398:  Hold'em Limit ($3/$6 USD) - 2016/05/30 1:55:53 ET
Table 'Nunki' 6-max Seat #5 is the button
Seat 5: szwhite ($163.52 in chips)
Seat 6: NOMOS1984 ($89.60 in chips)
szwhite: posts small blind $1
NOMOS1984: posts big blind $3
*** HOLE CARDS ***
szwhite: raises $3 to $6
NOMOS1984: calls $3
*** FLOP *** [As 2d Ad]
NOMOS1984: checks
szwhite: checks
*** TURN *** [As 2d Ad] [4s]
NOMOS1984: bets $6
szwhite: folds
Uncalled bet ($6) returned to NOMOS1984
NOMOS1984 collected $11.76 from pot
*** SUMMARY ***
Total pot $12 | Rake $0.24
Board [As 2d Ad 4s]
Seat 5: szwhite (button) (small blind) folded on the Turn
Seat 6: NOMOS1984 (big blind) collected ($11.76)


PokerStars Hand #154035574862:  Hold'em Limit ($3/$6 USD) - 2016/05/30 1:56:50 ET
Table 'Nunki' 6-max Seat #5 is the button
Seat 5: szwhite ($139.52 in chips)
Seat 6: NOMOS1984 ($112.86 in chips)
szwhite: posts small blind $1
NOMOS1984: posts big blind $3
*** HOLE CARDS ***
szwhite: raises $3 to $6
NOMOS1984: raises $3 to $9
szwhite: raises $3 to $12
Betting is capped
NOMOS1984: calls $3
*** FLOP *** [4s Kd Ks]
NOMOS1984: bets $3
szwhite: calls $3
*** TURN *** [4s Kd Ks] [6d]
NOMOS1984: bets $6
szwhite: calls $6
*** RIVER *** [4s Kd Ks 6d] [Th]
NOMOS1984: checks
szwhite: bets $6
NOMOS1984: calls $6
*** SHOW DOWN ***
szwhite: shows [Td Ad] (two pair, Kings and Tens)
NOMOS1984: mucks hand
szwhite collected $53.50 from pot
*** SUMMARY ***
Total pot $54 | Rake $0.50
Board [4s Kd Ks 6d Th]
Seat 5: szwhite (button) (small blind) showed [Td Ad] and won ($53.50) with two pair, Kings and Tens
Seat 6: NOMOS1984 (big blind) mucked


PokerStars Hand #154035567136:  Hold'em Limit ($3/$6 USD) - 2016/05/30 1:56:11 ET
Table 'Nunki' 6-max Seat #6 is the button
Seat 5: szwhite ($157.52 in chips)
Seat 6: NOMOS1984 ($95.36 in chips)
NOMOS1984: posts small blind $1
szwhite: posts big blind $3
*** HOLE CARDS ***
NOMOS1984: raises $3 to $6
szwhite: raises $3 to $9
NOMOS1984: calls $3
*** FLOP *** [Tc 4s 4d]
szwhite: bets $3
NOMOS1984: calls $3
*** TURN *** [Tc 4s 4d] [9d]
szwhite: checks
NOMOS1984: bets $6
szwhite: calls $6
*** RIVER *** [Tc 4s 4d 9d] [6h]
szwhite: checks
NOMOS1984: checks
*** SHOW DOWN ***
szwhite: shows [Qd Kd] (a pair of Fours)
NOMOS1984: shows [Qs Ac] (a pair of Fours - Ace kicker)
NOMOS1984 collected $35.50 from pot
*** SUMMARY ***
Total pot $36 | Rake $0.50
Board [Tc 4s 4d 9d 6h]
Seat 5: szwhite (big blind) showed [Qd Kd] and lost with a pair of Fours
Seat 6: NOMOS1984 (button) (small blind) showed [Qs Ac] and won ($35.50) with a pair of Fours


PokerStars Hand #154035582755:  Hold'em Limit ($3/$6 USD) - 2016/05/30 1:57:29 ET
Table 'Nunki' 6-max Seat #6 is the button
Seat 5: szwhite ($166.02 in chips)
Seat 6: NOMOS1984 ($85.86 in chips)
NOMOS1984: posts small blind $1
szwhite: posts big blind $3
*** HOLE CARDS ***
NOMOS1984: raises $3 to $6
szwhite: calls $3
*** FLOP *** [Qh 4d Jd]
szwhite: checks
NOMOS1984: bets $3
szwhite: calls $3
*** TURN *** [Qh 4d Jd] [Kc]
szwhite: checks
NOMOS1984: checks
*** RIVER *** [Qh 4d Jd Kc] [Ts]
szwhite: checks
NOMOS1984: checks
*** SHOW DOWN ***
szwhite: shows [8d Jh] (a pair of Jacks)
NOMOS1984: mucks hand
szwhite collected $17.64 from pot
*** SUMMARY ***
Total pot $18 | Rake $0.36
Board [Qh 4d Jd Kc Ts]
Seat 5: szwhite (big blind) showed [8d Jh] and won ($17.64) with a pair of Jacks
Seat 6: NOMOS1984 (button) (small blind) mucked


PokerStars Hand #154035596977:  Hold'em Limit ($3/$6 USD) - 2016/05/30 1:58:38 ET
Table 'Nunki' 6-max Seat #5 is the button
Seat 5: szwhite ($151.66 in chips)
Seat 6: NOMOS1984 ($99.36 in chips)
szwhite: posts small blind $1
NOMOS1984: posts big blind $3
*** HOLE CARDS ***
szwhite: raises $3 to $6
NOMOS1984: calls $3
*** FLOP *** [Ah Ac 2s]
NOMOS1984: checks
szwhite: bets $3
NOMOS1984: calls $3
*** TURN *** [Ah Ac 2s] [7c]
NOMOS1984: checks
szwhite: bets $6
NOMOS1984: calls $6
*** RIVER *** [Ah Ac 2s 7c] [8c]
NOMOS1984: checks
szwhite: checks
*** SHOW DOWN ***
NOMOS1984: shows [6c Ks] (a pair of Aces)
szwhite: mucks hand
NOMOS1984 collected $29.50 from pot
*** SUMMARY ***
Total pot $30 | Rake $0.50
Board [Ah Ac 2s 7c 8c]
Seat 5: szwhite (button) (small blind) mucked
Seat 6: NOMOS1984 (big blind) showed [6c Ks] and won ($29.50) with a pair of Aces


PokerStars Hand #154035602576:  Hold'em Limit ($3/$6 USD) - 2016/05/30 1:59:05 ET
Table 'Nunki' 6-max Seat #6 is the button
Seat 5: szwhite ($136.66 in chips)
Seat 6: NOMOS1984 ($113.86 in chips)
NOMOS1984: posts small blind $1
szwhite: posts big blind $3
*** HOLE CARDS ***
NOMOS1984: raises $3 to $6
szwhite: raises $3 to $9
NOMOS1984: calls $3
*** FLOP *** [4h Kc 3d]
szwhite: bets $3
NOMOS1984: folds
Uncalled bet ($3) returned to szwhite
szwhite collected $17.64 from pot
*** SUMMARY ***
Total pot $18 | Rake $0.36
Board [4h Kc 3d]
Seat 5: szwhite (big blind) collected ($17.64)
Seat 6: NOMOS1984 (button) (small blind) folded on the Flop


PokerStars Hand #154035605193:  Hold'em Limit ($3/$6 USD) - 2016/05/30 1:59:18 ET
Table 'Nunki' 6-max Seat #5 is the button
Seat 5: szwhite ($145.30 in chips)
Seat 6: NOMOS1984 ($104.86 in chips)
szwhite: posts small blind $1
NOMOS1984: posts big blind $3
*** HOLE CARDS ***
szwhite: folds
Uncalled bet ($2) returned to NOMOS1984
NOMOS1984 collected $2 from pot
*** SUMMARY ***
Total pot $2 | Rake $0
Seat 5: szwhite (button) (small blind) folded before Flop
Seat 6: NOMOS1984 (big blind) collected ($2)


PokerStars Hand #154035595818:  Hold'em Limit ($3/$6 USD) - 2016/05/30 1:58:32 ET
Table 'Nunki' 6-max Seat #6 is the button
Seat 5: szwhite ($150.66 in chips)
Seat 6: NOMOS1984 ($100.36 in chips)
NOMOS1984: posts small blind $1
szwhite: posts big blind $3
*** HOLE CARDS ***
NOMOS1984: folds
Uncalled bet ($2) returned to szwhite
szwhite collected $2 from pot
szwhite: doesn't show hand
*** SUMMARY ***
Total pot $2 | Rake $0
Seat 5: szwhite (big blind) collected ($2)
Seat 6: NOMOS1984 (button) (small blind) folded before Flop


PokerStars Hand #154035587540:  Hold'em Limit ($3/$6 USD) - 2016/05/30 1:57:52 ET
Table 'Nunki' 6-max Seat #5 is the button
Seat 5: szwhite ($174.66 in chips)
Seat 6: NOMOS1984 ($76.86 in chips)
szwhite: posts small blind $1
NOMOS1984: posts big blind $3
*** HOLE CARDS ***
szwhite: raises $3 to $6
NOMOS1984: raises $3 to $9
szwhite: calls $3
*** FLOP *** [7c 6h Kc]
NOMOS1984: bets $3
szwhite: raises $3 to $6
NOMOS1984: raises $3 to $9
szwhite: calls $3
*** TURN *** [7c 6h Kc] [5h]
NOMOS1984: bets $6
szwhite: calls $6
*** RIVER *** [7c 6h Kc 5h] [As]
NOMOS1984: checks
szwhite: checks
*** SHOW DOWN ***
NOMOS1984: shows [9c 9h] (a pair of Nines)
szwhite: mucks hand
NOMOS1984 collected $47.50 from pot
*** SUMMARY ***
Total pot $48 | Rake $0.50
Board [7c 6h Kc 5h As]
Seat 5: szwhite (button) (small blind) mucked
Seat 6: NOMOS1984 (big blind) showed [9c 9h] and won ($47.50) with a pair of Nines


PokerStars Hand #154035615401:  Hold'em Limit ($3/$6 USD) - 2016/05/30 2:00:08 ET
Table 'Nunki' 6-max Seat #5 is the button
Seat 5: szwhite ($173.80 in chips)
Seat 6: NOMOS1984 ($75.86 in chips)
szwhite: posts small blind $1
NOMOS1984: posts big blind $3
*** HOLE CARDS ***
szwhite: folds
Uncalled bet ($2) returned to NOMOS1984
NOMOS1984 collected $2 from pot
*** SUMMARY ***
Total pot $2 | Rake $0
Seat 5: szwhite (button) (small blind) folded before Flop
Seat 6: NOMOS1984 (big blind) collected ($2)


PokerStars Hand #154035606547:  Hold'em Limit ($3/$6 USD) - 2016/05/30 1:59:25 ET
Table 'Nunki' 6-max Seat #6 is the button
Seat 5: szwhite ($144.30 in chips)
Seat 6: NOMOS1984 ($105.86 in chips)
NOMOS1984: posts small blind $1
szwhite: posts big blind $3
*** HOLE CARDS ***
NOMOS1984: raises $3 to $6
szwhite: raises $3 to $9
NOMOS1984: calls $3
*** FLOP *** [5h 9d 7h]
szwhite: bets $3
NOMOS1984: raises $3 to $6
szwhite: raises $3 to $9
NOMOS1984: calls $3
*** TURN *** [5h 9d 7h] [Js]
szwhite: bets $6
NOMOS1984: calls $6
*** RIVER *** [5h 9d 7h Js] [Tc]
szwhite: bets $6
NOMOS1984: calls $6
*** SHOW DOWN ***
szwhite: shows [Kc Qs] (a straight, Nine to King)
NOMOS1984: mucks hand
szwhite collected $59.50 from pot
*** SUMMARY ***
Total pot $60 | Rake $0.50
Board [5h 9d 7h Js Tc]
Seat 5: szwhite (big blind) showed [Kc Qs] and won ($59.50) with a straight, Nine to King
Seat 6: NOMOS1984 (button) (small blind) mucked


PokerStars Hand #154035622198:  Hold'em Limit ($3/$6 USD) - 2016/05/30 2:00:40 ET
Table 'Nunki' 6-max Seat #5 is the button
Seat 5: szwhite ($181.44 in chips)
Seat 6: NOMOS1984 ($67.86 in chips)
szwhite: posts small blind $1
NOMOS1984: posts big blind $3
*** HOLE CARDS ***
szwhite: raises $3 to $6
NOMOS1984: raises $3 to $9
szwhite: calls $3
*** FLOP *** [Ah 9h 5d]
NOMOS1984: bets $3
szwhite: folds
Uncalled bet ($3) returned to NOMOS1984
NOMOS1984 collected $17.64 from pot
*** SUMMARY ***
Total pot $18 | Rake $0.36
Board [Ah 9h 5d]
Seat 5: szwhite (button) (small blind) folded on the Flop
Seat 6: NOMOS1984 (big blind) collected ($17.64)


PokerStars Hand #154035625585:  Hold'em Limit ($3/$6 USD) - 2016/05/30 2:00:56 ET
Table 'Nunki' 6-max Seat #6 is the button
Seat 5: szwhite ($172.44 in chips)
Seat 6: NOMOS1984 ($76.50 in chips)
NOMOS1984: posts small blind $1
szwhite: posts big blind $3
*** HOLE CARDS ***
NOMOS1984: raises $3 to $6
szwhite: calls $3
*** FLOP *** [5c 2d Ts]
szwhite: checks
NOMOS1984: bets $3
szwhite: raises $3 to $6
NOMOS1984: calls $3
*** TURN *** [5c 2d Ts] [Ac]
szwhite: checks
NOMOS1984: bets $6
szwhite: folds
Uncalled bet ($6) returned to NOMOS1984
NOMOS1984 collected $23.52 from pot
*** SUMMARY ***
Total pot $24 | Rake $0.48
Board [5c 2d Ts Ac]
Seat 5: szwhite (big blind) folded on the Turn
Seat 6: NOMOS1984 (button) (small blind) collected ($23.52)


PokerStars Hand #154035616825:  Hold'em Limit ($3/$6 USD) - 2016/05/30 2:00:15 ET
Table 'Nunki' 6-max Seat #6 is the button
Seat 5: szwhite ($172.80 in chips)
Seat 6: NOMOS1984 ($76.86 in chips)
NOMOS1984: posts small blind $1
szwhite: posts big blind $3
*** HOLE CARDS ***
NOMOS1984: raises $3 to $6
szwhite: calls $3
*** FLOP *** [Tc 6h Jd]
szwhite: checks
NOMOS1984: bets $3
szwhite: calls $3
*** TURN *** [Tc 6h Jd] [Jh]
szwhite: checks
NOMOS1984: checks
*** RIVER *** [Tc 6h Jd Jh] [Kd]
szwhite: bets $6
NOMOS1984: folds
Uncalled bet ($6) returned to szwhite
szwhite collected $17.64 from pot
szwhite: doesn't show hand
*** SUMMARY ***
Total pot $18 | Rake $0.36
Board [Tc 6h Jd Jh Kd]
Seat 5: szwhite (big blind) collected ($17.64)
Seat 6: NOMOS1984 (button) (small blind) folded on the River


PokerStars Hand #154035636590:  Hold'em Limit ($3/$6 USD) - 2016/05/30 2:01:45 ET
Table 'Nunki' 6-max Seat #6 is the button
Seat 5: szwhite ($151.44 in chips)
Seat 6: NOMOS1984 ($96.66 in chips)
NOMOS1984: posts small blind $1
szwhite: posts big blind $3
*** HOLE CARDS ***
NOMOS1984: raises $3 to $6
szwhite: calls $3
*** FLOP *** [Td 5h Kc]
szwhite: checks
NOMOS1984: bets $3
szwhite: calls $3
*** TURN *** [Td 5h Kc] [7c]
szwhite: checks
NOMOS1984: checks
*** RIVER *** [Td 5h Kc 7c] [6s]
szwhite: bets $6
NOMOS1984: calls $6
*** SHOW DOWN ***
szwhite: shows [Ts Qc] (a pair of Tens)
NOMOS1984: mucks hand
szwhite collected $29.50 from pot
*** SUMMARY ***
Total pot $30 | Rake $0.50
Board [Td 5h Kc 7c 6s]
Seat 5: szwhite (big blind) showed [Ts Qc] and won ($29.50) with a pair of Tens
Seat 6: NOMOS1984 (button) (small blind) mucked


PokerStars Hand #154035631155:  Hold'em Limit ($3/$6 USD) - 2016/05/30 2:01:21 ET
Table 'Nunki' 6-max Seat #5 is the button
Seat 5: szwhite ($160.44 in chips)
Seat 6: NOMOS1984 ($88.02 in chips)
szwhite: posts small blind $1
NOMOS1984: posts big blind $3
*** HOLE CARDS ***
szwhite: raises $3 to $6
NOMOS1984: calls $3
*** FLOP *** [2s Tc Kh]
NOMOS1984: checks
szwhite: bets $3
NOMOS1984: calls $3
*** TURN *** [2s Tc Kh] [3h]
NOMOS1984: checks
szwhite: checks
*** RIVER *** [2s Tc Kh 3h] [4h]
NOMOS1984: bets $6
szwhite: folds
Uncalled bet ($6) returned to NOMOS1984
NOMOS1984 collected $17.64 from pot
*** SUMMARY ***
Total pot $18 | Rake $0.36
Board [2s Tc Kh 3h 4h]
Seat 5: szwhite (button) (small blind) folded on the River
Seat 6: NOMOS1984 (big blind) collected ($17.64)


PokerStars Hand #154035644809:  Hold'em Limit ($3/$6 USD) - 2016/05/30 2:02:20 ET
Table 'Nunki' 6-max Seat #5 is the button
Seat 5: szwhite ($165.94 in chips)
Seat 6: NOMOS1984 ($81.66 in chips)
szwhite: posts small blind $1
NOMOS1984: posts big blind $3
*** HOLE CARDS ***
$polu4atel*$ joins the table at seat #2
szwhite: raises $3 to $6
NOMOS1984: calls $3
*** FLOP *** [4d 3h 4c]
NOMOS1984: checks
$polu4atel*$ leaves the table
szwhite: bets $3
NOMOS1984: raises $3 to $6
szwhite: calls $3
*** TURN *** [4d 3h 4c] [Qs]
NOMOS1984: bets $6
szwhite: calls $6
*** RIVER *** [4d 3h 4c Qs] [9h]
NOMOS1984: bets $6
szwhite: calls $6
*** SHOW DOWN ***
NOMOS1984: shows [2s 4s] (three of a kind, Fours)
szwhite: mucks hand
NOMOS1984 collected $47.50 from pot
*** SUMMARY ***
Total pot $48 | Rake $0.50
Board [4d 3h 4c Qs 9h]
Seat 5: szwhite (button) (small blind) mucked
Seat 6: NOMOS1984 (big blind) showed [2s 4s] and won ($47.50) with three of a kind, Fours


