PokerStars Hand #150850794932:  Hold'em Limit ($3/$6 USD) - 2016/03/24 10:26:51 ET
Table 'Nunki II' 6-max Seat #4 is the button
Seat 3: Piparipoker ($71.76 in chips)
Seat 4: Mudager ($137.50 in chips)
Mudager: posts small blind $1
Piparipoker: posts big blind $3
*** HOLE CARDS ***
Mudager: raises $3 to $6
Piparipoker: folds
Uncalled bet ($3) returned to Mudager
Mudager collected $6 from pot
Mudager: doesn't show hand
*** SUMMARY ***
Total pot $6 | Rake $0
Seat 3: Piparipoker (big blind) folded before Flop
Seat 4: Mudager (button) (small blind) collected ($6)


PokerStars Hand #150850790673:  Hold'em Limit ($3/$6 USD) - 2016/03/24 10:26:45 ET
Table 'Nunki II' 6-max Seat #3 is the button
Seat 3: Piparipoker ($68.76 in chips)
Seat 4: Mudager ($140.50 in chips)
Piparipoker: posts small blind $1
Mudager: posts big blind $3
*** HOLE CARDS ***
Piparipoker: raises $3 to $6
Mudager: folds
Uncalled bet ($3) returned to Piparipoker
Piparipoker collected $6 from pot
Piparipoker: doesn't show hand
*** SUMMARY ***
Total pot $6 | Rake $0
Seat 3: Piparipoker (button) (small blind) collected ($6)
Seat 4: Mudager (big blind) folded before Flop


PokerStars Hand #150850822701:  Hold'em Limit ($3/$6 USD) - 2016/03/24 10:27:33 ET
Table 'Nunki II' 6-max Seat #3 is the button
Seat 3: Piparipoker ($93.26 in chips)
Seat 4: Mudager ($120 in chips)
Piparipoker: posts small blind $1
Mudager: posts big blind $3
*** HOLE CARDS ***
Piparipoker: raises $3 to $6
Mudager: calls $3
*** FLOP *** [Ah 5c 8c]
Mudager: checks
Piparipoker: bets $3
Mudager: raises $3 to $6
Piparipoker: calls $3
*** TURN *** [Ah 5c 8c] [Qh]
Mudager: bets $6
Piparipoker: raises $6 to $12
Mudager: calls $6
*** RIVER *** [Ah 5c 8c Qh] [5s]
Mudager: checks
Piparipoker: bets $6
Mudager: calls $6
*** SHOW DOWN ***
Piparipoker: shows [Kc 2c] (a pair of Fives)
Mudager: shows [Qc 9c] (two pair, Queens and Fives)
Mudager collected $59.50 from pot
*** SUMMARY ***
Total pot $60 | Rake $0.50
Board [Ah 5c 8c Qh 5s]
Seat 3: Piparipoker (button) (small blind) showed [Kc 2c] and lost with a pair of Fives
Seat 4: Mudager (big blind) showed [Qc 9c] and won ($59.50) with two pair, Queens and Fives


PokerStars Hand #150850818757:  Hold'em Limit ($3/$6 USD) - 2016/03/24 10:27:27 ET
Table 'Nunki II' 6-max Seat #4 is the button
Seat 3: Piparipoker ($92.26 in chips)
Seat 4: Mudager ($120 in chips)
Mudager: posts small blind $1
Piparipoker: posts big blind $3
*** HOLE CARDS ***
Mudager: folds
Uncalled bet ($2) returned to Piparipoker
Piparipoker collected $2 from pot
Piparipoker: doesn't show hand
*** SUMMARY ***
Total pot $2 | Rake $0
Seat 3: Piparipoker (big blind) collected ($2)
Seat 4: Mudager (button) (small blind) folded before Flop


PokerStars Hand #150850799994:  Hold'em Limit ($3/$6 USD) - 2016/03/24 10:26:59 ET
Table 'Nunki II' 6-max Seat #3 is the button
Seat 3: Piparipoker ($68.76 in chips)
Seat 4: Mudager ($140.50 in chips)
Piparipoker: posts small blind $1
Mudager: posts big blind $3
*** HOLE CARDS ***
Piparipoker: raises $3 to $6
Mudager: calls $3
*** FLOP *** [3h Th Js]
Mudager: checks
Piparipoker: checks
*** TURN *** [3h Th Js] [7c]
Mudager: bets $6
Piparipoker: raises $6 to $12
Mudager: calls $6
*** RIVER *** [3h Th Js 7c] [Qh]
Mudager: checks
Piparipoker: bets $6
Mudager: calls $6
*** SHOW DOWN ***
Piparipoker: shows [3d 3c] (three of a kind, Threes)
Mudager: mucks hand
Piparipoker collected $47.50 from pot
*** SUMMARY ***
Total pot $48 | Rake $0.50
Board [3h Th Js 7c Qh]
Seat 3: Piparipoker (button) (small blind) showed [3d 3c] and won ($47.50) with three of a kind, Threes
Seat 4: Mudager (big blind) mucked


PokerStars Hand #150850875601:  Hold'em Limit ($3/$6 USD) - 2016/03/24 10:28:53 ET
Table 'Nunki II' 6-max Seat #4 is the button
Seat 3: Piparipoker ($59.26 in chips)
Seat 4: Mudager ($153.50 in chips)
Mudager: posts small blind $1
Piparipoker: posts big blind $3
*** HOLE CARDS ***
Mudager: raises $3 to $6
Piparipoker: raises $3 to $9
Mudager: calls $3
*** FLOP *** [Ac Ks Kd]
Piparipoker: bets $3
Mudager: calls $3
*** TURN *** [Ac Ks Kd] [9c]
Piparipoker: bets $6
Mudager: calls $6
*** RIVER *** [Ac Ks Kd 9c] [Jh]
Piparipoker: checks
Mudager: bets $6
Piparipoker: calls $6
*** SHOW DOWN ***
Mudager: shows [Ad 8c] (two pair, Aces and Kings)
Piparipoker: mucks hand
Mudager collected $47.50 from pot
*** SUMMARY ***
Total pot $48 | Rake $0.50
Board [Ac Ks Kd 9c Jh]
Seat 3: Piparipoker (big blind) mucked
Seat 4: Mudager (button) (small blind) showed [Ad 8c] and won ($47.50) with two pair, Aces and Kings


PokerStars Hand #150850871721:  Hold'em Limit ($3/$6 USD) - 2016/03/24 10:28:47 ET
Table 'Nunki II' 6-max Seat #3 is the button
Seat 3: Piparipoker ($60.26 in chips)
Seat 4: Mudager ($152.50 in chips)
Piparipoker: posts small blind $1
Mudager: posts big blind $3
*** HOLE CARDS ***
Piparipoker: folds
Uncalled bet ($2) returned to Mudager
Mudager collected $2 from pot
Mudager: doesn't show hand
*** SUMMARY ***
Total pot $2 | Rake $0
Seat 3: Piparipoker (button) (small blind) folded before Flop
Seat 4: Mudager (big blind) collected ($2)


PokerStars Hand #150850867552:  Hold'em Limit ($3/$6 USD) - 2016/03/24 10:28:41 ET
Table 'Nunki II' 6-max Seat #4 is the button
Seat 3: Piparipoker ($63.26 in chips)
Seat 4: Mudager ($149.50 in chips)
Mudager: posts small blind $1
Piparipoker: posts big blind $3
*** HOLE CARDS ***
Mudager: raises $3 to $6
Piparipoker: folds
Uncalled bet ($3) returned to Mudager
Mudager collected $6 from pot
Mudager: doesn't show hand
*** SUMMARY ***
Total pot $6 | Rake $0
Seat 3: Piparipoker (big blind) folded before Flop
Seat 4: Mudager (button) (small blind) collected ($6)


PokerStars Hand #150850861894:  Hold'em Limit ($3/$6 USD) - 2016/03/24 10:28:32 ET
Table 'Nunki II' 6-max Seat #3 is the button
Seat 3: Piparipoker ($60.26 in chips)
Seat 4: Mudager ($152.50 in chips)
Piparipoker: posts small blind $1
Mudager: posts big blind $3
*** HOLE CARDS ***
Piparipoker: raises $3 to $6
Mudager: folds
Uncalled bet ($3) returned to Piparipoker
Piparipoker collected $6 from pot
Piparipoker: doesn't show hand
*** SUMMARY ***
Total pot $6 | Rake $0
Seat 3: Piparipoker (button) (small blind) collected ($6)
Seat 4: Mudager (big blind) folded before Flop


PokerStars Hand #150850844731:  Hold'em Limit ($3/$6 USD) - 2016/03/24 10:28:06 ET
Table 'Nunki II' 6-max Seat #4 is the button
Seat 3: Piparipoker ($63.26 in chips)
Seat 4: Mudager ($149.50 in chips)
Mudager: posts small blind $1
Piparipoker: posts big blind $3
*** HOLE CARDS ***
Mudager: raises $3 to $6
Piparipoker: folds
Uncalled bet ($3) returned to Mudager
Mudager collected $6 from pot
Mudager: doesn't show hand
*** SUMMARY ***
Total pot $6 | Rake $0
Seat 3: Piparipoker (big blind) folded before Flop
Seat 4: Mudager (button) (small blind) collected ($6)


PokerStars Hand #150850908399:  Hold'em Limit ($3/$6 USD) - 2016/03/24 10:29:42 ET
Table 'Nunki II' 6-max Seat #3 is the button
Seat 3: Piparipoker ($25.90 in chips)
Seat 4: Mudager ($185.50 in chips)
Piparipoker: posts small blind $1
Mudager: posts big blind $3
*** HOLE CARDS ***
Piparipoker: raises $3 to $6
Mudager: calls $3
*** FLOP *** [8s Kh Ah]
Mudager: checks
Piparipoker: bets $3
Mudager: calls $3
*** TURN *** [8s Kh Ah] [8h]
Mudager: checks
Piparipoker: bets $6
Mudager: raises $6 to $12
Piparipoker: raises $4.90 to $16.90 and is all-in
Mudager: calls $4.90
*** RIVER *** [8s Kh Ah 8h] [7s]
*** SHOW DOWN ***
Mudager: shows [7c As] (two pair, Aces and Eights)
Piparipoker: shows [Th Tc] (two pair, Tens and Eights)
Mudager collected $51.30 from pot
*** SUMMARY ***
Total pot $51.80 | Rake $0.50
Board [8s Kh Ah 8h 7s]
Seat 3: Piparipoker (button) (small blind) showed [Th Tc] and lost with two pair, Tens and Eights
Seat 4: Mudager (big blind) showed [7c As] and won ($51.30) with two pair, Aces and Eights


PokerStars Hand #150850901449:  Hold'em Limit ($3/$6 USD) - 2016/03/24 10:29:32 ET
Table 'Nunki II' 6-max Seat #4 is the button
Seat 3: Piparipoker ($17.26 in chips)
Seat 4: Mudager ($194.50 in chips)
Mudager: posts small blind $1
Piparipoker: posts big blind $3
*** HOLE CARDS ***
Mudager: raises $3 to $6
Piparipoker: raises $3 to $9
Mudager: calls $3
*** FLOP *** [5h 4h 4s]
Piparipoker: bets $3
Mudager: folds
Uncalled bet ($3) returned to Piparipoker
Piparipoker collected $17.64 from pot
Piparipoker: doesn't show hand
*** SUMMARY ***
Total pot $18 | Rake $0.36
Board [5h 4h 4s]
Seat 3: Piparipoker (big blind) collected ($17.64)
Seat 4: Mudager (button) (small blind) folded on the Flop


PokerStars Hand #150850889062:  Hold'em Limit ($3/$6 USD) - 2016/03/24 10:29:13 ET
Table 'Nunki II' 6-max Seat #3 is the button
Seat 3: Piparipoker ($35.26 in chips)
Seat 4: Mudager ($177 in chips)
Piparipoker: posts small blind $1
Mudager: posts big blind $3
*** HOLE CARDS ***
Piparipoker: raises $3 to $6
Mudager: raises $3 to $9
Piparipoker: calls $3
*** FLOP *** [3s 5h 2c]
Mudager: bets $3
Piparipoker: calls $3
*** TURN *** [3s 5h 2c] [2s]
Mudager: bets $6
Piparipoker: calls $6
*** RIVER *** [3s 5h 2c 2s] [Jc]
Mudager: bets $6
Piparipoker: folds
Uncalled bet ($6) returned to Mudager
Mudager collected $35.50 from pot
Mudager: doesn't show hand
*** SUMMARY ***
Total pot $36 | Rake $0.50
Board [3s 5h 2c 2s Jc]
Seat 3: Piparipoker (button) (small blind) folded on the River
Seat 4: Mudager (big blind) collected ($35.50)


