PokerStars Hand #173459386467:  Hold'em Limit ($3/$6 USD) - 2017/07/24 15:38:48 ET
Table 'Nunki' 6-max Seat #1 is the button
Seat 1: Zubasa07 ($300 in chips)
Seat 4: cabrinhakite ($77.99 in chips)
Zubasa07: posts small blind $1
cabrinhakite: posts big blind $3
*** HOLE CARDS ***
Zubasa07: raises $3 to $6
cabrinhakite: folds
Uncalled bet ($3) returned to Zubasa07
Zubasa07 collected $6 from pot
Zubasa07: doesn't show hand
*** SUMMARY ***
Total pot $6 | Rake $0
Seat 1: Zubasa07 (button) (small blind) collected ($6)
Seat 4: cabrinhakite (big blind) folded before Flop


PokerStars Hand #173459401146:  Hold'em Limit ($3/$6 USD) - 2017/07/24 15:39:05 ET
Table 'Nunki' 6-max Seat #4 is the button
Seat 1: Zubasa07 ($303 in chips)
Seat 4: cabrinhakite ($74.99 in chips)
cabrinhakite: posts small blind $1
Zubasa07: posts big blind $3
*** HOLE CARDS ***
cabrinhakite: raises $3 to $6
Zubasa07: raises $3 to $9
cabrinhakite: calls $3
*** FLOP *** [2d Qc 8h]
Zubasa07: bets $3
cabrinhakite: calls $3
*** TURN *** [2d Qc 8h] [7s]
Zubasa07: checks
cabrinhakite: bets $6
Zubasa07: calls $6
*** RIVER *** [2d Qc 8h 7s] [2c]
Zubasa07: checks
cabrinhakite: bets $6
Zubasa07: calls $6
*** SHOW DOWN ***
cabrinhakite: shows [3c 3h] (two pair, Threes and Deuces)
Zubasa07: mucks hand
cabrinhakite collected $47.50 from pot
*** SUMMARY ***
Total pot $48 | Rake $0.50
Board [2d Qc 8h 7s 2c]
Seat 1: Zubasa07 (big blind) mucked
Seat 4: cabrinhakite (button) (small blind) showed [3c 3h] and won ($47.50) with two pair, Threes and Deuces


PokerStars Hand #173459460457:  Hold'em Limit ($3/$6 USD) - 2017/07/24 15:40:15 ET
Table 'Nunki' 6-max Seat #1 is the button
Seat 1: Zubasa07 ($279 in chips)
Seat 4: cabrinhakite ($98.49 in chips)
Zubasa07: posts small blind $1
cabrinhakite: posts big blind $3
*** HOLE CARDS ***
Zubasa07: raises $3 to $6
cabrinhakite: calls $3
*** FLOP *** [5c 4d 5d]
cabrinhakite: checks
Zubasa07: checks
*** TURN *** [5c 4d 5d] [2c]
cabrinhakite: bets $6
Zubasa07: calls $6
*** RIVER *** [5c 4d 5d 2c] [Qc]
cabrinhakite: bets $6
Zubasa07: raises $6 to $12
cabrinhakite: calls $6
*** SHOW DOWN ***
Zubasa07: shows [Ah Ac] (two pair, Aces and Fives)
cabrinhakite: shows [5h Js] (three of a kind, Fives)
cabrinhakite collected $47.50 from pot
*** SUMMARY ***
Total pot $48 | Rake $0.50
Board [5c 4d 5d 2c Qc]
Seat 1: Zubasa07 (button) (small blind) showed [Ah Ac] and lost with two pair, Aces and Fives
Seat 4: cabrinhakite (big blind) showed [5h Js] and won ($47.50) with three of a kind, Fives


PokerStars Hand #173459488485:  Hold'em Limit ($3/$6 USD) - 2017/07/24 15:40:49 ET
Table 'Nunki' 6-max Seat #4 is the button
Seat 1: Zubasa07 ($255 in chips)
Seat 4: cabrinhakite ($121.99 in chips)
cabrinhakite: posts small blind $1
Zubasa07: posts big blind $3
*** HOLE CARDS ***
cabrinhakite: raises $3 to $6
Zubasa07: calls $3
*** FLOP *** [Jd Kd Qc]
Zubasa07: checks
cabrinhakite: bets $3
Zubasa07: folds
Uncalled bet ($3) returned to cabrinhakite
cabrinhakite collected $11.76 from pot
cabrinhakite: doesn't show hand
*** SUMMARY ***
Total pot $12 | Rake $0.24
Board [Jd Kd Qc]
Seat 1: Zubasa07 (big blind) folded on the Flop
Seat 4: cabrinhakite (button) (small blind) collected ($11.76)


PokerStars Hand #173459501430:  Hold'em Limit ($3/$6 USD) - 2017/07/24 15:41:04 ET
Table 'Nunki' 6-max Seat #1 is the button
Seat 1: Zubasa07 ($249 in chips)
Seat 4: cabrinhakite ($127.75 in chips)
Zubasa07: posts small blind $1
cabrinhakite: posts big blind $3
*** HOLE CARDS ***
Zubasa07: raises $3 to $6
cabrinhakite: calls $3
*** FLOP *** [6h 2d Qd]
cabrinhakite: checks
Zubasa07: bets $3
cabrinhakite: calls $3
*** TURN *** [6h 2d Qd] [Ts]
cabrinhakite: checks
Zubasa07: bets $6
cabrinhakite: calls $6
*** RIVER *** [6h 2d Qd Ts] [4c]
cabrinhakite: checks
Zubasa07: checks
*** SHOW DOWN ***
cabrinhakite: shows [Ah 3d] (high card Ace)
Zubasa07: mucks hand
cabrinhakite collected $29.50 from pot
*** SUMMARY ***
Total pot $30 | Rake $0.50
Board [6h 2d Qd Ts 4c]
Seat 1: Zubasa07 (button) (small blind) mucked
Seat 4: cabrinhakite (big blind) showed [Ah 3d] and won ($29.50) with high card Ace


PokerStars Hand #173459540584:  Hold'em Limit ($3/$6 USD) - 2017/07/24 15:41:51 ET
Table 'Nunki' 6-max Seat #4 is the button
Seat 1: Zubasa07 ($234 in chips)
Seat 4: cabrinhakite ($142.25 in chips)
cabrinhakite: posts small blind $1
Zubasa07: posts big blind $3
*** HOLE CARDS ***
cabrinhakite: raises $3 to $6
Zubasa07: raises $3 to $9
cabrinhakite: calls $3
*** FLOP *** [7d 6s 8d]
Zubasa07: bets $3
cabrinhakite: calls $3
*** TURN *** [7d 6s 8d] [Jc]
Zubasa07: bets $6
cabrinhakite: calls $6
*** RIVER *** [7d 6s 8d Jc] [6d]
Zubasa07: checks
cabrinhakite: bets $6
Zubasa07: calls $6
*** SHOW DOWN ***
cabrinhakite: shows [7s Kc] (two pair, Sevens and Sixes)
Zubasa07: shows [8s Ac] (two pair, Eights and Sixes)
Zubasa07 collected $47.50 from pot
SEQUOIA2012 joins the table at seat #3
*** SUMMARY ***
Total pot $48 | Rake $0.50
Board [7d 6s 8d Jc 6d]
Seat 1: Zubasa07 (big blind) showed [8s Ac] and won ($47.50) with two pair, Eights and Sixes
Seat 4: cabrinhakite (button) (small blind) showed [7s Kc] and lost with two pair, Sevens and Sixes


PokerStars Hand #173459582577:  Hold'em Limit ($3/$6 USD) - 2017/07/24 15:42:40 ET
Table 'Nunki' 6-max Seat #1 is the button
Seat 1: Zubasa07 ($257.50 in chips)
Seat 3: SEQUOIA2012 ($200 in chips)
Zubasa07: posts small blind $1
SEQUOIA2012: posts big blind $3
*** HOLE CARDS ***
Zubasa07: raises $3 to $6
SEQUOIA2012: calls $3
*** FLOP *** [Td 7h Jd]
SEQUOIA2012: checks
Zubasa07: bets $3
SEQUOIA2012: calls $3
*** TURN *** [Td 7h Jd] [Kh]
SEQUOIA2012: checks
Zubasa07: bets $6
SEQUOIA2012: calls $6
*** RIVER *** [Td 7h Jd Kh] [Ks]
SEQUOIA2012: checks
Zubasa07: checks
*** SHOW DOWN ***
SEQUOIA2012: shows [Tc 9c] (two pair, Kings and Tens)
Zubasa07: mucks hand
SEQUOIA2012 collected $29.50 from pot
*** SUMMARY ***
Total pot $30 | Rake $0.50
Board [Td 7h Jd Kh Ks]
Seat 1: Zubasa07 (button) (small blind) mucked
Seat 3: SEQUOIA2012 (big blind) showed [Tc 9c] and won ($29.50) with two pair, Kings and Tens


PokerStars Hand #173460611360:  Hold'em Limit ($3/$6 USD) - 2017/07/24 16:04:14 ET
Table 'Nunki' 6-max Seat #1 is the button
Seat 1: Vitalisek ($73.36 in chips)
Seat 5: Velbor107 ($372.50 in chips)
Vitalisek: posts small blind $1
boardrat: is sitting out
Velbor107: posts big blind $3
*** HOLE CARDS ***
Vitalisek: raises $3 to $6
Velbor107: folds
Uncalled bet ($3) returned to Vitalisek
boardrat leaves the table
Vitalisek collected $6 from pot
Vitalisek: doesn't show hand
*** SUMMARY ***
Total pot $6 | Rake $0
Seat 1: Vitalisek (button) (small blind) collected ($6)
Seat 5: Velbor107 (big blind) folded before Flop


PokerStars Hand #173460621908:  Hold'em Limit ($3/$6 USD) - 2017/07/24 16:04:26 ET
Table 'Nunki' 6-max Seat #5 is the button
Seat 1: Vitalisek ($76.36 in chips)
Seat 5: Velbor107 ($369.50 in chips)
Velbor107: posts small blind $1
Vitalisek: posts big blind $3
*** HOLE CARDS ***
Velbor107: raises $3 to $6
Vitalisek: calls $3
*** FLOP *** [7h 5h 7s]
Vitalisek: checks
Velbor107: bets $3
Vitalisek: raises $3 to $6
Velbor107: calls $3
*** TURN *** [7h 5h 7s] [Jd]
Vitalisek: checks
Velbor107: bets $6
Vitalisek: calls $6
*** RIVER *** [7h 5h 7s Jd] [Ad]
Vitalisek: checks
Velbor107: bets $6
Vitalisek: folds
Uncalled bet ($6) returned to Velbor107
Velbor107 collected $35.50 from pot
*** SUMMARY ***
Total pot $36 | Rake $0.50
Board [7h 5h 7s Jd Ad]
Seat 1: Vitalisek (big blind) folded on the River
Seat 5: Velbor107 (button) (small blind) collected ($35.50)


PokerStars Hand #173460703831:  Hold'em Limit ($3/$6 USD) - 2017/07/24 16:06:02 ET
Table 'Nunki' 6-max Seat #3 is the button
Seat 3: SEQUOIA2012 ($280.15 in chips)
Seat 5: Velbor107 ($386.67 in chips)
SEQUOIA2012: posts small blind $1
Velbor107: posts big blind $3
*** HOLE CARDS ***
SEQUOIA2012: raises $3 to $6
Velbor107: calls $3
*** FLOP *** [Jd 5d 2d]
Velbor107: checks
SEQUOIA2012: bets $3
Velbor107: calls $3
*** TURN *** [Jd 5d 2d] [As]
Velbor107: checks
SEQUOIA2012: bets $6
Velbor107: calls $6
*** RIVER *** [Jd 5d 2d As] [2h]
Velbor107: checks
SEQUOIA2012: bets $6
Velbor107: calls $6
*** SHOW DOWN ***
SEQUOIA2012: shows [7d 5h] (two pair, Fives and Deuces)
Velbor107: shows [Ac 4s] (two pair, Aces and Deuces)
Velbor107 collected $41.50 from pot
*** SUMMARY ***
Total pot $42 | Rake $0.50
Board [Jd 5d 2d As 2h]
Seat 3: SEQUOIA2012 (button) (small blind) showed [7d 5h] and lost with two pair, Fives and Deuces
Seat 5: Velbor107 (big blind) showed [Ac 4s] and won ($41.50) with two pair, Aces and Deuces


