PokerStars Hand #174427460947:  Hold'em Limit ($3/$6 USD) - 2017/08/16 20:17:00 ET
Table 'Nuwa' 6-max Seat #6 is the button
Seat 1: Velbor107 ($300 in chips)
Seat 6: ManuelSikora ($35.19 in chips)
ManuelSikora: posts small blind $1
Velbor107: posts big blind $3
*** HOLE CARDS ***
ManuelSikora: folds
Uncalled bet ($2) returned to Velbor107
Velbor107 collected $2 from pot
*** SUMMARY ***
Total pot $2 | Rake $0
Seat 1: Velbor107 (big blind) collected ($2)
Seat 6: ManuelSikora (button) (small blind) folded before Flop


PokerStars Hand #174427465466:  Hold'em Limit ($3/$6 USD) - 2017/08/16 20:17:10 ET
Table 'Nuwa' 6-max Seat #1 is the button
Seat 1: Velbor107 ($301 in chips)
Seat 6: ManuelSikora ($34.19 in chips)
Velbor107: posts small blind $1
ManuelSikora: posts big blind $3
*** HOLE CARDS ***
Velbor107: raises $3 to $6
ManuelSikora: calls $3
*** FLOP *** [2c 7c Ad]
ManuelSikora: checks
Velbor107: bets $3
ManuelSikora: raises $3 to $6
Velbor107: folds
Uncalled bet ($3) returned to ManuelSikora
ManuelSikora collected $17.64 from pot
ManuelSikora: doesn't show hand
*** SUMMARY ***
Total pot $18 | Rake $0.36
Board [2c 7c Ad]
Seat 1: Velbor107 (button) (small blind) folded on the Flop
Seat 6: ManuelSikora (big blind) collected ($17.64)


PokerStars Hand #174427478053:  Hold'em Limit ($3/$6 USD) - 2017/08/16 20:17:36 ET
Table 'Nuwa' 6-max Seat #1 is the button
Seat 1: Velbor107 ($293 in chips)
Seat 6: ManuelSikora ($41.83 in chips)
Velbor107: posts small blind $1
ManuelSikora: posts big blind $3
*** HOLE CARDS ***
Velbor107: raises $3 to $6
ManuelSikora: folds
Uncalled bet ($3) returned to Velbor107
Velbor107 collected $6 from pot
*** SUMMARY ***
Total pot $6 | Rake $0
Seat 1: Velbor107 (button) (small blind) collected ($6)
Seat 6: ManuelSikora (big blind) folded before Flop


PokerStars Hand #174427475030:  Hold'em Limit ($3/$6 USD) - 2017/08/16 20:17:30 ET
Table 'Nuwa' 6-max Seat #6 is the button
Seat 1: Velbor107 ($292 in chips)
Seat 6: ManuelSikora ($42.83 in chips)
ManuelSikora: posts small blind $1
Velbor107: posts big blind $3
*** HOLE CARDS ***
ManuelSikora: folds
Uncalled bet ($2) returned to Velbor107
Velbor107 collected $2 from pot
*** SUMMARY ***
Total pot $2 | Rake $0
Seat 1: Velbor107 (big blind) collected ($2)
Seat 6: ManuelSikora (button) (small blind) folded before Flop


PokerStars Hand #174427480871:  Hold'em Limit ($3/$6 USD) - 2017/08/16 20:17:42 ET
Table 'Nuwa' 6-max Seat #6 is the button
Seat 1: Velbor107 ($296 in chips)
Seat 6: ManuelSikora ($38.83 in chips)
ManuelSikora: posts small blind $1
Velbor107: posts big blind $3
*** HOLE CARDS ***
ManuelSikora: raises $3 to $6
Velbor107: calls $3
*** FLOP *** [6c 8c Ks]
Velbor107: checks
ManuelSikora: bets $3
Velbor107: calls $3
*** TURN *** [6c 8c Ks] [4c]
Velbor107: checks
ManuelSikora: bets $6
Velbor107: calls $6
*** RIVER *** [6c 8c Ks 4c] [Kc]
Velbor107: checks
ManuelSikora: checks
*** SHOW DOWN ***
Velbor107: shows [8h 5d] (two pair, Kings and Eights)
ManuelSikora: shows [Tc Ts] (a flush, King high)
ManuelSikora collected $29.50 from pot
*** SUMMARY ***
Total pot $30 | Rake $0.50
Board [6c 8c Ks 4c Kc]
Seat 1: Velbor107 (big blind) showed [8h 5d] and lost with two pair, Kings and Eights
Seat 6: ManuelSikora (button) (small blind) showed [Tc Ts] and won ($29.50) with a flush, King high


PokerStars Hand #174427511688:  Hold'em Limit ($3/$6 USD) - 2017/08/16 20:18:48 ET
Table 'Nuwa' 6-max Seat #1 is the button
Seat 1: Velbor107 ($262.88 in chips)
Seat 6: ManuelSikora ($70.83 in chips)
Velbor107: posts small blind $1
ManuelSikora: posts big blind $3
*** HOLE CARDS ***
Velbor107: raises $3 to $6
ManuelSikora: calls $3
*** FLOP *** [Qs 4d 5s]
ManuelSikora: checks
Velbor107: bets $3
ManuelSikora: calls $3
*** TURN *** [Qs 4d 5s] [Tc]
ManuelSikora: checks
Velbor107: bets $6
ManuelSikora: folds
Uncalled bet ($6) returned to Velbor107
Velbor107 collected $17.64 from pot
*** SUMMARY ***
Total pot $18 | Rake $0.36
Board [Qs 4d 5s Tc]
Seat 1: Velbor107 (button) (small blind) collected ($17.64)
Seat 6: ManuelSikora (big blind) folded on the Turn


PokerStars Hand #174427492823:  Hold'em Limit ($3/$6 USD) - 2017/08/16 20:18:08 ET
Table 'Nuwa' 6-max Seat #1 is the button
Seat 1: Velbor107 ($281 in chips)
Seat 6: ManuelSikora ($53.33 in chips)
Velbor107: posts small blind $1
ManuelSikora: posts big blind $3
*** HOLE CARDS ***
Velbor107: raises $3 to $6
ManuelSikora: calls $3
*** FLOP *** [Qc Jd Kc]
ManuelSikora: checks
Velbor107: bets $3
ManuelSikora: calls $3
*** TURN *** [Qc Jd Kc] [8d]
ManuelSikora: checks
Velbor107: bets $6
ManuelSikora: calls $6
*** RIVER *** [Qc Jd Kc 8d] [3d]
ManuelSikora: checks
Velbor107: bets $6
ManuelSikora: calls $6
*** SHOW DOWN ***
Velbor107: shows [7s Ts] (high card King)
ManuelSikora: shows [9h 9d] (a pair of Nines)
ManuelSikora collected $41.50 from pot
*** SUMMARY ***
Total pot $42 | Rake $0.50
Board [Qc Jd Kc 8d 3d]
Seat 1: Velbor107 (button) (small blind) showed [7s Ts] and lost with high card King
Seat 6: ManuelSikora (big blind) showed [9h 9d] and won ($41.50) with a pair of Nines


PokerStars Hand #174427502766:  Hold'em Limit ($3/$6 USD) - 2017/08/16 20:18:29 ET
Table 'Nuwa' 6-max Seat #6 is the button
Seat 1: Velbor107 ($260 in chips)
Seat 6: ManuelSikora ($73.83 in chips)
ManuelSikora: posts small blind $1
Velbor107: posts big blind $3
*** HOLE CARDS ***
ManuelSikora: calls $2
Velbor107: checks
*** FLOP *** [2c 6d 7s]
Velbor107: checks
ManuelSikora: checks
*** TURN *** [2c 6d 7s] [Jd]
Velbor107: checks
ManuelSikora: checks
*** RIVER *** [2c 6d 7s Jd] [8c]
Velbor107: checks
ManuelSikora: checks
*** SHOW DOWN ***
Velbor107: shows [2d Ts] (a pair of Deuces)
ManuelSikora: mucks hand
Velbor107 collected $5.88 from pot
*** SUMMARY ***
Total pot $6 | Rake $0.12
Board [2c 6d 7s Jd 8c]
Seat 1: Velbor107 (big blind) showed [2d Ts] and won ($5.88) with a pair of Deuces
Seat 6: ManuelSikora (button) (small blind) mucked


PokerStars Hand #174427530566:  Hold'em Limit ($3/$6 USD) - 2017/08/16 20:19:28 ET
Table 'Nuwa' 6-max Seat #1 is the button
Seat 1: Velbor107 ($256.52 in chips)
Seat 6: ManuelSikora ($76.33 in chips)
Velbor107: posts small blind $1
ManuelSikora: posts big blind $3
*** HOLE CARDS ***
Velbor107: raises $3 to $6
ManuelSikora: raises $3 to $9
Velbor107: calls $3
*** FLOP *** [9h 5c 5d]
ManuelSikora: bets $3
Velbor107: calls $3
*** TURN *** [9h 5c 5d] [Qd]
ManuelSikora: bets $6
Velbor107: calls $6
*** RIVER *** [9h 5c 5d Qd] [Jh]
ManuelSikora: bets $6
Velbor107: calls $6
*** SHOW DOWN ***
ManuelSikora: shows [2s 2h] (two pair, Fives and Deuces)
Velbor107: mucks hand
ManuelSikora collected $47.50 from pot
*** SUMMARY ***
Total pot $48 | Rake $0.50
Board [9h 5c 5d Qd Jh]
Seat 1: Velbor107 (button) (small blind) mucked
Seat 6: ManuelSikora (big blind) showed [2s 2h] and won ($47.50) with two pair, Fives and Deuces


PokerStars Hand #174427540528:  Hold'em Limit ($3/$6 USD) - 2017/08/16 20:19:49 ET
Table 'Nuwa' 6-max Seat #6 is the button
Seat 1: Velbor107 ($232.52 in chips)
Seat 6: ManuelSikora ($99.83 in chips)
ManuelSikora: posts small blind $1
Velbor107: posts big blind $3
*** HOLE CARDS ***
ManuelSikora: raises $3 to $6
Velbor107: calls $3
*** FLOP *** [Tc Qs 8c]
Velbor107: checks
ManuelSikora: bets $3
Velbor107: folds
Uncalled bet ($3) returned to ManuelSikora
ManuelSikora collected $11.76 from pot
ManuelSikora: doesn't show hand
*** SUMMARY ***
Total pot $12 | Rake $0.24
Board [Tc Qs 8c]
Seat 1: Velbor107 (big blind) folded on the Flop
Seat 6: ManuelSikora (button) (small blind) collected ($11.76)


PokerStars Hand #174427519158:  Hold'em Limit ($3/$6 USD) - 2017/08/16 20:19:04 ET
Table 'Nuwa' 6-max Seat #6 is the button
Seat 1: Velbor107 ($271.52 in chips)
Seat 6: ManuelSikora ($61.83 in chips)
ManuelSikora: posts small blind $1
Velbor107: posts big blind $3
*** HOLE CARDS ***
ManuelSikora: raises $3 to $6
Velbor107: calls $3
*** FLOP *** [2s 8s 5s]
Velbor107: checks
ManuelSikora: bets $3
Velbor107: calls $3
*** TURN *** [2s 8s 5s] [3d]
Velbor107: checks
ManuelSikora: bets $6
Velbor107: calls $6
*** RIVER *** [2s 8s 5s 3d] [7s]
Velbor107: checks
ManuelSikora: bets $6
Velbor107: folds
Uncalled bet ($6) returned to ManuelSikora
ManuelSikora collected $29.50 from pot
ManuelSikora: doesn't show hand
*** SUMMARY ***
Total pot $30 | Rake $0.50
Board [2s 8s 5s 3d 7s]
Seat 1: Velbor107 (big blind) folded on the River
Seat 6: ManuelSikora (button) (small blind) collected ($29.50)


PokerStars Hand #174427547291:  Hold'em Limit ($3/$6 USD) - 2017/08/16 20:20:04 ET
Table 'Nuwa' 6-max Seat #1 is the button
Seat 1: Velbor107 ($226.52 in chips)
Seat 6: ManuelSikora ($105.59 in chips)
Velbor107: posts small blind $1
ManuelSikora: posts big blind $3
*** HOLE CARDS ***
Velbor107: raises $3 to $6
ManuelSikora: raises $3 to $9
Velbor107: calls $3
*** FLOP *** [Jc Kh Qh]
ManuelSikora: bets $3
Velbor107: calls $3
*** TURN *** [Jc Kh Qh] [Jh]
ManuelSikora: bets $6
Velbor107: calls $6
*** RIVER *** [Jc Kh Qh Jh] [2h]
ManuelSikora: bets $6
Velbor107: calls $6
*** SHOW DOWN ***
ManuelSikora: shows [As Kc] (two pair, Kings and Jacks)
Velbor107: shows [Ac 6h] (a flush, King high)
Velbor107 collected $47.50 from pot
*** SUMMARY ***
Total pot $48 | Rake $0.50
Board [Jc Kh Qh Jh 2h]
Seat 1: Velbor107 (button) (small blind) showed [Ac 6h] and won ($47.50) with a flush, King high
Seat 6: ManuelSikora (big blind) showed [As Kc] and lost with two pair, Kings and Jacks


PokerStars Hand #174427558219:  Hold'em Limit ($3/$6 USD) - 2017/08/16 20:20:27 ET
Table 'Nuwa' 6-max Seat #6 is the button
Seat 1: Velbor107 ($250.02 in chips)
Seat 6: ManuelSikora ($81.59 in chips)
ManuelSikora: posts small blind $1
Velbor107: posts big blind $3
*** HOLE CARDS ***
ManuelSikora: raises $3 to $6
Velbor107: calls $3
*** FLOP *** [6s As 7d]
Velbor107: checks
ManuelSikora: bets $3
Velbor107: calls $3
*** TURN *** [6s As 7d] [3d]
Velbor107: checks
ManuelSikora: bets $6
Velbor107: calls $6
*** RIVER *** [6s As 7d 3d] [9s]
Velbor107: bets $6
ManuelSikora: folds
Uncalled bet ($6) returned to Velbor107
Velbor107 collected $29.50 from pot
*** SUMMARY ***
Total pot $30 | Rake $0.50
Board [6s As 7d 3d 9s]
Seat 1: Velbor107 (big blind) collected ($29.50)
Seat 6: ManuelSikora (button) (small blind) folded on the River


PokerStars Hand #174427582029:  Hold'em Limit ($3/$6 USD) - 2017/08/16 20:21:18 ET
Table 'Nuwa' 6-max Seat #6 is the button
Seat 1: Velbor107 ($249.52 in chips)
Seat 6: ManuelSikora ($81.09 in chips)
ManuelSikora: posts small blind $1
Velbor107: posts big blind $3
*** HOLE CARDS ***
ManuelSikora: raises $3 to $6
Velbor107: calls $3
*** FLOP *** [As 8s Jh]
Velbor107: checks
ManuelSikora: bets $3
Velbor107: calls $3
*** TURN *** [As 8s Jh] [9c]
Velbor107: checks
ManuelSikora: bets $6
Velbor107: calls $6
*** RIVER *** [As 8s Jh 9c] [4h]
Velbor107: checks
ManuelSikora: bets $6
Velbor107: calls $6
*** SHOW DOWN ***
ManuelSikora: shows [Qh Ac] (a pair of Aces)
Velbor107: mucks hand
ManuelSikora collected $41.50 from pot
*** SUMMARY ***
Total pot $42 | Rake $0.50
Board [As 8s Jh 9c 4h]
Seat 1: Velbor107 (big blind) mucked
Seat 6: ManuelSikora (button) (small blind) showed [Qh Ac] and won ($41.50) with a pair of Aces


PokerStars Hand #174427571472:  Hold'em Limit ($3/$6 USD) - 2017/08/16 20:20:55 ET
Table 'Nuwa' 6-max Seat #1 is the button
Seat 1: Velbor107 ($264.52 in chips)
Seat 6: ManuelSikora ($66.59 in chips)
Velbor107: posts small blind $1
ManuelSikora: posts big blind $3
*** HOLE CARDS ***
Velbor107: raises $3 to $6
ManuelSikora: calls $3
*** FLOP *** [Ks 7s 9d]
ManuelSikora: checks
Velbor107: bets $3
ManuelSikora: calls $3
*** TURN *** [Ks 7s 9d] [5s]
ManuelSikora: checks
Velbor107: checks
*** RIVER *** [Ks 7s 9d 5s] [2d]
ManuelSikora: bets $6
Velbor107: calls $6
*** SHOW DOWN ***
ManuelSikora: shows [9c Kd] (two pair, Kings and Nines)
Velbor107: mucks hand
ManuelSikora collected $29.50 from pot
*** SUMMARY ***
Total pot $30 | Rake $0.50
Board [Ks 7s 9d 5s 2d]
Seat 1: Velbor107 (button) (small blind) mucked
Seat 6: ManuelSikora (big blind) showed [9c Kd] and won ($29.50) with two pair, Kings and Nines


PokerStars Hand #174427598193:  Hold'em Limit ($3/$6 USD) - 2017/08/16 20:21:53 ET
Table 'Nuwa' 6-max Seat #1 is the button
Seat 1: Velbor107 ($228.52 in chips)
Seat 6: ManuelSikora ($101.59 in chips)
Velbor107: posts small blind $1
ManuelSikora: posts big blind $3
*** HOLE CARDS ***
Velbor107: folds
Uncalled bet ($2) returned to ManuelSikora
ManuelSikora collected $2 from pot
ManuelSikora: doesn't show hand
*** SUMMARY ***
Total pot $2 | Rake $0
Seat 1: Velbor107 (button) (small blind) folded before Flop
Seat 6: ManuelSikora (big blind) collected ($2)


PokerStars Hand #174427601015:  Hold'em Limit ($3/$6 USD) - 2017/08/16 20:21:59 ET
Table 'Nuwa' 6-max Seat #6 is the button
Seat 1: Velbor107 ($227.52 in chips)
Seat 6: ManuelSikora ($102.59 in chips)
ManuelSikora: posts small blind $1
Velbor107: posts big blind $3
*** HOLE CARDS ***
ManuelSikora: raises $3 to $6
Velbor107: calls $3
*** FLOP *** [Ks 6h 2s]
Velbor107: checks
ManuelSikora: checks
*** TURN *** [Ks 6h 2s] [Jc]
Velbor107: bets $6
ManuelSikora: folds
Uncalled bet ($6) returned to Velbor107
Velbor107 collected $11.76 from pot
*** SUMMARY ***
Total pot $12 | Rake $0.24
Board [Ks 6h 2s Jc]
Seat 1: Velbor107 (big blind) collected ($11.76)
Seat 6: ManuelSikora (button) (small blind) folded on the Turn


PokerStars Hand #174427611855:  Hold'em Limit ($3/$6 USD) - 2017/08/16 20:22:22 ET
Table 'Nuwa' 6-max Seat #1 is the button
Seat 1: Velbor107 ($233.28 in chips)
Seat 6: ManuelSikora ($96.59 in chips)
Velbor107: posts small blind $1
ManuelSikora: posts big blind $3
*** HOLE CARDS ***
Velbor107: raises $3 to $6
ManuelSikora: calls $3
*** FLOP *** [6d 9s 4c]
ManuelSikora: checks
Velbor107: bets $3
ManuelSikora: folds
Uncalled bet ($3) returned to Velbor107
Velbor107 collected $11.76 from pot
*** SUMMARY ***
Total pot $12 | Rake $0.24
Board [6d 9s 4c]
Seat 1: Velbor107 (button) (small blind) collected ($11.76)
Seat 6: ManuelSikora (big blind) folded on the Flop


PokerStars Hand #174429011555:  Hold'em Limit ($3/$6 USD) - 2017/08/16 21:15:15 ET
Table 'Nuwa' 6-max Seat #2 is the button
Seat 2: apx0surry9 ($120 in chips)
Seat 3: B_loJkl ($150 in chips)
apx0surry9: posts small blind $1
Velbor107 leaves the table
B_loJkl: posts big blind $3
*** HOLE CARDS ***
apx0surry9: raises $3 to $6
B_loJkl: calls $3
*** FLOP *** [Ah 4d 8c]
B_loJkl: checks
apx0surry9: bets $3
B_loJkl: calls $3
*** TURN *** [Ah 4d 8c] [Qd]
B_loJkl: checks
apx0surry9: checks
*** RIVER *** [Ah 4d 8c Qd] [5c]
B_loJkl: checks
apx0surry9: checks
*** SHOW DOWN ***
B_loJkl: shows [6s Kc] (high card Ace)
apx0surry9: mucks hand
B_loJkl collected $17.64 from pot
*** SUMMARY ***
Total pot $18 | Rake $0.36
Board [Ah 4d 8c Qd 5c]
Seat 2: apx0surry9 (button) (small blind) mucked
Seat 3: B_loJkl (big blind) showed [6s Kc] and won ($17.64) with high card Ace


PokerStars Hand #174429028764:  Hold'em Limit ($3/$6 USD) - 2017/08/16 21:15:57 ET
Table 'Nuwa' 6-max Seat #3 is the button
Seat 2: apx0surry9 ($111 in chips)
Seat 3: B_loJkl ($158.64 in chips)
B_loJkl: posts small blind $1
apx0surry9: posts big blind $3
*** HOLE CARDS ***
B_loJkl: raises $3 to $6
apx0surry9: calls $3
*** FLOP *** [Qh Jh Ah]
apx0surry9: checks
B_loJkl: bets $3
apx0surry9: calls $3
*** TURN *** [Qh Jh Ah] [5c]
apx0surry9: checks
pierrette56 joins the table at seat #4
B_loJkl: bets $6
apx0surry9: calls $6
*** RIVER *** [Qh Jh Ah 5c] [5h]
apx0surry9: checks
B_loJkl: checks
*** SHOW DOWN ***
apx0surry9: shows [2c As] (two pair, Aces and Fives)
B_loJkl: shows [5s 6d] (three of a kind, Fives)
B_loJkl collected $29.50 from pot
*** SUMMARY ***
Total pot $30 | Rake $0.50
Board [Qh Jh Ah 5c 5h]
Seat 2: apx0surry9 (big blind) showed [2c As] and lost with two pair, Aces and Fives
Seat 3: B_loJkl (button) (small blind) showed [5s 6d] and won ($29.50) with three of a kind, Fives


PokerStars Hand #174429041980:  Hold'em Limit ($3/$6 USD) - 2017/08/16 21:16:28 ET
Table 'Nuwa' 6-max Seat #2 is the button
Seat 2: apx0surry9 ($96 in chips)
Seat 3: B_loJkl ($173.14 in chips)
apx0surry9: posts small blind $1
B_loJkl: posts big blind $3
*** HOLE CARDS ***
apx0surry9: raises $3 to $6
B_loJkl: calls $3
*** FLOP *** [9h 2h 9d]
B_loJkl: checks
carmello774 joins the table at seat #5
apx0surry9: bets $3
B_loJkl: folds
Uncalled bet ($3) returned to apx0surry9
apx0surry9 collected $11.76 from pot
apx0surry9: doesn't show hand
*** SUMMARY ***
Total pot $12 | Rake $0.24
Board [9h 2h 9d]
Seat 2: apx0surry9 (button) (small blind) collected ($11.76)
Seat 3: B_loJkl (big blind) folded on the Flop


PokerStars Hand #174435980687:  Hold'em Limit ($3/$6 USD) - 2017/08/17 4:05:03 ET
Table 'Nuwa' 6-max Seat #2 is the button
Seat 2: krytalex ($127.01 in chips)
Seat 5: Wurst3 ($437.31 in chips)
krytalex: posts small blind $1
Wurst3: posts big blind $3
*** HOLE CARDS ***
krytalex: raises $3 to $6
Wurst3: folds
Uncalled bet ($3) returned to krytalex
krytalex collected $6 from pot
*** SUMMARY ***
Total pot $6 | Rake $0
Seat 2: krytalex (button) (small blind) collected ($6)
Seat 5: Wurst3 (big blind) folded before Flop


PokerStars Hand #174435983613:  Hold'em Limit ($3/$6 USD) - 2017/08/17 4:05:13 ET
Table 'Nuwa' 6-max Seat #5 is the button
Seat 2: krytalex ($130.01 in chips)
Seat 5: Wurst3 ($434.31 in chips)
Wurst3: posts small blind $1
krytalex: posts big blind $3
*** HOLE CARDS ***
Wurst3: folds
Uncalled bet ($2) returned to krytalex
krytalex collected $2 from pot
*** SUMMARY ***
Total pot $2 | Rake $0
Seat 2: krytalex (big blind) collected ($2)
Seat 5: Wurst3 (button) (small blind) folded before Flop


