PokerStars Hand #144954157060:  Hold'em Limit ($3/$6 USD) - 2015/12/07 3:54:44 ET
Table 'Nuwa II' 2-max Seat #2 is the button
Seat 1: scorpio04 ($72 in chips)
Seat 2: hughes218 ($131.50 in chips)
hughes218: posts small blind $1
scorpio04: posts big blind $3
*** HOLE CARDS ***
hughes218: raises $3 to $6
scorpio04: raises $3 to $9
hughes218: calls $3
*** FLOP *** [8h Qd 9s]
scorpio04: bets $3
hughes218: folds
Uncalled bet ($3) returned to scorpio04
scorpio04 collected $17.64 from pot
scorpio04: doesn't show hand
*** SUMMARY ***
Total pot $18 | Rake $0.36
Board [8h Qd 9s]
Seat 1: scorpio04 (big blind) collected ($17.64)
Seat 2: hughes218 (button) (small blind) folded on the Flop


PokerStars Hand #144954164628:  Hold'em Limit ($3/$6 USD) - 2015/12/07 3:55:03 ET
Table 'Nuwa II' 2-max Seat #1 is the button
Seat 1: scorpio04 ($80.64 in chips)
Seat 2: hughes218 ($122.50 in chips)
scorpio04: posts small blind $1
hughes218: posts big blind $3
*** HOLE CARDS ***
scorpio04: folds
Uncalled bet ($2) returned to hughes218
hughes218 collected $2 from pot
hughes218: doesn't show hand
*** SUMMARY ***
Total pot $2 | Rake $0
Seat 1: scorpio04 (button) (small blind) folded before Flop
Seat 2: hughes218 (big blind) collected ($2)


PokerStars Hand #144954154592:  Hold'em Limit ($3/$6 USD) - 2015/12/07 3:54:37 ET
Table 'Nuwa II' 2-max Seat #1 is the button
Seat 1: scorpio04 ($73 in chips)
Seat 2: hughes218 ($130.50 in chips)
scorpio04: posts small blind $1
hughes218: posts big blind $3
*** HOLE CARDS ***
scorpio04: folds
Uncalled bet ($2) returned to hughes218
hughes218 collected $2 from pot
hughes218: doesn't show hand
*** SUMMARY ***
Total pot $2 | Rake $0
Seat 1: scorpio04 (button) (small blind) folded before Flop
Seat 2: hughes218 (big blind) collected ($2)


PokerStars Hand #144954152471:  Hold'em Limit ($3/$6 USD) - 2015/12/07 3:54:32 ET
Table 'Nuwa II' 2-max Seat #2 is the button
Seat 1: scorpio04 ($72 in chips)
Seat 2: hughes218 ($131.50 in chips)
hughes218: posts small blind $1
scorpio04: posts big blind $3
*** HOLE CARDS ***
hughes218: folds
Uncalled bet ($2) returned to scorpio04
scorpio04 collected $2 from pot
scorpio04: doesn't show hand
*** SUMMARY ***
Total pot $2 | Rake $0
Seat 1: scorpio04 (big blind) collected ($2)
Seat 2: hughes218 (button) (small blind) folded before Flop


PokerStars Hand #144954133500:  Hold'em Limit ($3/$6 USD) - 2015/12/07 3:53:43 ET
Table 'Nuwa II' 2-max Seat #1 is the button
Seat 1: scorpio04 ($83.52 in chips)
Seat 2: hughes218 ($108 in chips)
scorpio04: posts small blind $1
hughes218: posts big blind $3
*** HOLE CARDS ***
scorpio04: raises $3 to $6
hughes218: raises $3 to $9
scorpio04: calls $3
*** FLOP *** [5c 8h 2h]
hughes218: bets $3
scorpio04: calls $3
*** TURN *** [5c 8h 2h] [3d]
hughes218: bets $6
scorpio04: calls $6
*** RIVER *** [5c 8h 2h 3d] [Ts]
hughes218: bets $6
scorpio04: calls $6
*** SHOW DOWN ***
hughes218: shows [Ad Ah] (a pair of Aces)
scorpio04: mucks hand
hughes218 collected $47.50 from pot
*** SUMMARY ***
Total pot $48 | Rake $0.50
Board [5c 8h 2h 3d Ts]
Seat 1: scorpio04 (button) (small blind) mucked
Seat 2: hughes218 (big blind) showed [Ad Ah] and won ($47.50) with a pair of Aces


PokerStars Hand #144954167822:  Hold'em Limit ($3/$6 USD) - 2015/12/07 3:55:12 ET
Table 'Nuwa II' 2-max Seat #2 is the button
Seat 1: scorpio04 ($79.64 in chips)
Seat 2: hughes218 ($123.50 in chips)
hughes218: posts small blind $1
scorpio04: posts big blind $3
*** HOLE CARDS ***
hughes218: raises $3 to $6
scorpio04: raises $3 to $9
hughes218: calls $3
*** FLOP *** [As Td 7h]
scorpio04: bets $3
hughes218: calls $3
*** TURN *** [As Td 7h] [2d]
scorpio04: checks
hughes218: bets $6
scorpio04: calls $6
*** RIVER *** [As Td 7h 2d] [Ah]
scorpio04: checks
hughes218: bets $6
scorpio04: calls $6
*** SHOW DOWN ***
hughes218: shows [Kd 5c] (a pair of Aces)
scorpio04: shows [7s 9c] (two pair, Aces and Sevens)
scorpio04 collected $47.50 from pot
*** SUMMARY ***
Total pot $48 | Rake $0.50
Board [As Td 7h 2d Ah]
Seat 1: scorpio04 (big blind) showed [7s 9c] and won ($47.50) with two pair, Aces and Sevens
Seat 2: hughes218 (button) (small blind) showed [Kd 5c] and lost with a pair of Aces


PokerStars Hand #144954182599:  Hold'em Limit ($3/$6 USD) - 2015/12/07 3:55:54 ET
Table 'Nuwa II' 2-max Seat #1 is the button
Seat 1: scorpio04 ($103.14 in chips)
Seat 2: hughes218 ($99.50 in chips)
scorpio04: posts small blind $1
hughes218: posts big blind $3
*** HOLE CARDS ***
scorpio04: raises $3 to $6
hughes218: folds
Uncalled bet ($3) returned to scorpio04
scorpio04 collected $6 from pot
scorpio04: doesn't show hand
*** SUMMARY ***
Total pot $6 | Rake $0
Seat 1: scorpio04 (button) (small blind) collected ($6)
Seat 2: hughes218 (big blind) folded before Flop


PokerStars Hand #144954187459:  Hold'em Limit ($3/$6 USD) - 2015/12/07 3:56:08 ET
Table 'Nuwa II' 2-max Seat #2 is the button
Seat 1: scorpio04 ($106.14 in chips)
Seat 2: hughes218 ($96.50 in chips)
hughes218: posts small blind $1
scorpio04: posts big blind $3
*** HOLE CARDS ***
hughes218: raises $3 to $6
scorpio04: calls $3
*** FLOP *** [Ts Td Ah]
scorpio04: checks
hughes218: bets $3
scorpio04: folds
Uncalled bet ($3) returned to hughes218
hughes218 collected $11.76 from pot
hughes218: doesn't show hand
*** SUMMARY ***
Total pot $12 | Rake $0.24
Board [Ts Td Ah]
Seat 1: scorpio04 (big blind) folded on the Flop
Seat 2: hughes218 (button) (small blind) collected ($11.76)


PokerStars Hand #144954193890:  Hold'em Limit ($3/$6 USD) - 2015/12/07 3:56:27 ET
Table 'Nuwa II' 2-max Seat #1 is the button
Seat 1: scorpio04 ($100.14 in chips)
Seat 2: hughes218 ($102.26 in chips)
scorpio04: posts small blind $1
hughes218: posts big blind $3
*** HOLE CARDS ***
scorpio04: folds
Uncalled bet ($2) returned to hughes218
hughes218 collected $2 from pot
hughes218: doesn't show hand
*** SUMMARY ***
Total pot $2 | Rake $0
Seat 1: scorpio04 (button) (small blind) folded before Flop
Seat 2: hughes218 (big blind) collected ($2)


PokerStars Hand #144954205391:  Hold'em Limit ($3/$6 USD) - 2015/12/07 3:56:59 ET
Table 'Nuwa II' 2-max Seat #1 is the button
Seat 1: scorpio04 ($87.14 in chips)
Seat 2: hughes218 ($114.78 in chips)
scorpio04: posts small blind $1
hughes218: posts big blind $3
*** HOLE CARDS ***
scorpio04: raises $3 to $6
hughes218: calls $3
*** FLOP *** [2h 2s Kh]
hughes218: checks
scorpio04: bets $3
hughes218: calls $3
*** TURN *** [2h 2s Kh] [5d]
hughes218: checks
scorpio04: checks
*** RIVER *** [2h 2s Kh 5d] [Jd]
hughes218: bets $6
scorpio04: folds
Uncalled bet ($6) returned to hughes218
hughes218 collected $17.64 from pot
hughes218: doesn't show hand
*** SUMMARY ***
Total pot $18 | Rake $0.36
Board [2h 2s Kh 5d Jd]
Seat 1: scorpio04 (button) (small blind) folded on the River
Seat 2: hughes218 (big blind) collected ($17.64)


PokerStars Hand #144954233177:  Hold'em Limit ($3/$6 USD) - 2015/12/07 3:58:18 ET
Table 'Nuwa II' 2-max Seat #1 is the button
Seat 1: scorpio04 ($72 in chips)
Seat 2: hughes218 ($132.06 in chips)
scorpio04: posts small blind $1
hughes218: posts big blind $3
*** HOLE CARDS ***
scorpio04: raises $3 to $6
hughes218: calls $3
*** FLOP *** [Kh Ks 2d]
hughes218: checks
scorpio04: bets $3
hughes218: calls $3
*** TURN *** [Kh Ks 2d] [6c]
hughes218: checks
scorpio04: checks
*** RIVER *** [Kh Ks 2d 6c] [Jc]
hughes218: bets $6
scorpio04: folds
Uncalled bet ($6) returned to hughes218
hughes218 collected $17.64 from pot
hughes218: doesn't show hand
*** SUMMARY ***
Total pot $18 | Rake $0.36
Board [Kh Ks 2d 6c Jc]
Seat 1: scorpio04 (button) (small blind) folded on the River
Seat 2: hughes218 (big blind) collected ($17.64)


PokerStars Hand #144954265678:  Hold'em Limit ($3/$6 USD) - 2015/12/07 3:59:51 ET
Table 'Nuwa II' 2-max Seat #1 is the button
Seat 1: scorpio04 ($80.64 in chips)
Seat 2: hughes218 ($131.70 in chips)
scorpio04: posts small blind $1
hughes218: posts big blind $3
*** HOLE CARDS ***
scorpio04: raises $3 to $6
hughes218: calls $3
*** FLOP *** [Th 4s 9h]
hughes218: checks
scorpio04: checks
*** TURN *** [Th 4s 9h] [Qh]
hughes218: bets $6
scorpio04: calls $6
*** RIVER *** [Th 4s 9h Qh] [Qc]
hughes218: bets $6
scorpio04: raises $6 to $12
hughes218: calls $6
*** SHOW DOWN ***
scorpio04: shows [Qs 3s] (three of a kind, Queens)
hughes218: mucks hand
scorpio04 collected $47.50 from pot
*** SUMMARY ***
Total pot $48 | Rake $0.50
Board [Th 4s 9h Qh Qc]
Seat 1: scorpio04 (button) (small blind) showed [Qs 3s] and won ($47.50) with three of a kind, Queens
Seat 2: hughes218 (big blind) mucked


PokerStars Hand #144954254537:  Hold'em Limit ($3/$6 USD) - 2015/12/07 3:59:19 ET
Table 'Nuwa II' 2-max Seat #2 is the button
Seat 1: scorpio04 ($72 in chips)
Seat 2: hughes218 ($140.70 in chips)
hughes218: posts small blind $1
scorpio04: posts big blind $3
*** HOLE CARDS ***
hughes218: raises $3 to $6
scorpio04: calls $3
*** FLOP *** [Qd Qc 8d]
scorpio04: checks
hughes218: bets $3
scorpio04: calls $3
*** TURN *** [Qd Qc 8d] [9c]
scorpio04: checks
hughes218: checks
*** RIVER *** [Qd Qc 8d 9c] [6h]
scorpio04: bets $6
hughes218: folds
Uncalled bet ($6) returned to scorpio04
scorpio04 collected $17.64 from pot
scorpio04: doesn't show hand
*** SUMMARY ***
Total pot $18 | Rake $0.36
Board [Qd Qc 8d 9c 6h]
Seat 1: scorpio04 (big blind) collected ($17.64)
Seat 2: hughes218 (button) (small blind) folded on the River


PokerStars Hand #144954288666:  Hold'em Limit ($3/$6 USD) - 2015/12/07 4:00:53 ET
Table 'Nuwa II' 2-max Seat #1 is the button
Seat 1: scorpio04 ($112.78 in chips)
Seat 2: hughes218 ($98.70 in chips)
scorpio04: posts small blind $1
hughes218: posts big blind $3
*** HOLE CARDS ***
scorpio04: raises $3 to $6
hughes218: folds
Uncalled bet ($3) returned to scorpio04
scorpio04 collected $6 from pot
scorpio04: doesn't show hand
*** SUMMARY ***
Total pot $6 | Rake $0
Seat 1: scorpio04 (button) (small blind) collected ($6)
Seat 2: hughes218 (big blind) folded before Flop


PokerStars Hand #144954279426:  Hold'em Limit ($3/$6 USD) - 2015/12/07 4:00:27 ET
Table 'Nuwa II' 2-max Seat #2 is the button
Seat 1: scorpio04 ($104.14 in chips)
Seat 2: hughes218 ($107.70 in chips)
hughes218: posts small blind $1
scorpio04: posts big blind $3
*** HOLE CARDS ***
hughes218: raises $3 to $6
scorpio04: raises $3 to $9
hughes218: calls $3
*** FLOP *** [9d 9s 2h]
scorpio04: bets $3
hughes218: folds
Uncalled bet ($3) returned to scorpio04
scorpio04 collected $17.64 from pot
scorpio04: doesn't show hand
*** SUMMARY ***
Total pot $18 | Rake $0.36
Board [9d 9s 2h]
Seat 1: scorpio04 (big blind) collected ($17.64)
Seat 2: hughes218 (button) (small blind) folded on the Flop


PokerStars Hand #144954300572:  Hold'em Limit ($3/$6 USD) - 2015/12/07 4:01:24 ET
Table 'Nuwa II' 2-max Seat #1 is the button
Seat 1: scorpio04 ($103.78 in chips)
Seat 2: hughes218 ($107.22 in chips)
scorpio04: posts small blind $1
hughes218: posts big blind $3
*** HOLE CARDS ***
scorpio04: raises $3 to $6
hughes218: folds
Uncalled bet ($3) returned to scorpio04
scorpio04 collected $6 from pot
scorpio04: doesn't show hand
*** SUMMARY ***
Total pot $6 | Rake $0
Seat 1: scorpio04 (button) (small blind) collected ($6)
Seat 2: hughes218 (big blind) folded before Flop


PokerStars Hand #144954302825:  Hold'em Limit ($3/$6 USD) - 2015/12/07 4:01:30 ET
Table 'Nuwa II' 2-max Seat #2 is the button
Seat 1: scorpio04 ($106.78 in chips)
Seat 2: hughes218 ($104.22 in chips)
hughes218: posts small blind $1
scorpio04: posts big blind $3
*** HOLE CARDS ***
hughes218: raises $3 to $6
scorpio04: raises $3 to $9
hughes218: calls $3
*** FLOP *** [Th 9d Kc]
scorpio04: bets $3
hughes218: raises $3 to $6
scorpio04: calls $3
*** TURN *** [Th 9d Kc] [3c]
scorpio04: checks
hughes218: bets $6
scorpio04: raises $6 to $12
hughes218: folds
Uncalled bet ($6) returned to scorpio04
scorpio04 collected $41.50 from pot
scorpio04: doesn't show hand
*** SUMMARY ***
Total pot $42 | Rake $0.50
Board [Th 9d Kc 3c]
Seat 1: scorpio04 (big blind) collected ($41.50)
Seat 2: hughes218 (button) (small blind) folded on the Turn


PokerStars Hand #144954313313:  Hold'em Limit ($3/$6 USD) - 2015/12/07 4:01:57 ET
Table 'Nuwa II' 2-max Seat #1 is the button
Seat 1: scorpio04 ($127.28 in chips)
Seat 2: hughes218 ($83.22 in chips)
scorpio04: posts small blind $1
hughes218: posts big blind $3
*** HOLE CARDS ***
scorpio04: raises $3 to $6
hughes218: folds
Uncalled bet ($3) returned to scorpio04
scorpio04 collected $6 from pot
scorpio04: doesn't show hand
*** SUMMARY ***
Total pot $6 | Rake $0
Seat 1: scorpio04 (button) (small blind) collected ($6)
Seat 2: hughes218 (big blind) folded before Flop


PokerStars Hand #144954319548:  Hold'em Limit ($3/$6 USD) - 2015/12/07 4:02:12 ET
Table 'Nuwa II' 2-max Seat #2 is the button
Seat 1: scorpio04 ($130.28 in chips)
Seat 2: hughes218 ($80.22 in chips)
hughes218: posts small blind $1
scorpio04: posts big blind $3
*** HOLE CARDS ***
hughes218: raises $3 to $6
scorpio04: calls $3
*** FLOP *** [8c 5s Ts]
scorpio04: checks
hughes218: bets $3
scorpio04: calls $3
*** TURN *** [8c 5s Ts] [9c]
scorpio04: checks
hughes218: checks
*** RIVER *** [8c 5s Ts 9c] [Qh]
scorpio04: checks
hughes218: bets $6
scorpio04: calls $6
*** SHOW DOWN ***
hughes218: shows [Kd 7h] (high card King)
scorpio04: shows [7s 5h] (a pair of Fives)
scorpio04 collected $29.50 from pot
*** SUMMARY ***
Total pot $30 | Rake $0.50
Board [8c 5s Ts 9c Qh]
Seat 1: scorpio04 (big blind) showed [7s 5h] and won ($29.50) with a pair of Fives
Seat 2: hughes218 (button) (small blind) showed [Kd 7h] and lost with high card King


PokerStars Hand #144954348973:  Hold'em Limit ($3/$6 USD) - 2015/12/07 4:03:25 ET
Table 'Nuwa II' 2-max Seat #1 is the button
Seat 1: scorpio04 ($144.78 in chips)
Seat 2: hughes218 ($65.22 in chips)
scorpio04: posts small blind $1
hughes218: posts big blind $3
*** HOLE CARDS ***
scorpio04: folds
Uncalled bet ($2) returned to hughes218
hughes218 collected $2 from pot
hughes218: doesn't show hand
*** SUMMARY ***
Total pot $2 | Rake $0
Seat 1: scorpio04 (button) (small blind) folded before Flop
Seat 2: hughes218 (big blind) collected ($2)


PokerStars Hand #144954351805:  Hold'em Limit ($3/$6 USD) - 2015/12/07 4:03:32 ET
Table 'Nuwa II' 2-max Seat #2 is the button
Seat 1: scorpio04 ($143.78 in chips)
Seat 2: hughes218 ($66.22 in chips)
hughes218: posts small blind $1
scorpio04: posts big blind $3
*** HOLE CARDS ***
hughes218: raises $3 to $6
scorpio04: calls $3
*** FLOP *** [Ad 5s 5d]
scorpio04: checks
hughes218 said, "faster pls?"
hughes218: checks
*** TURN *** [Ad 5s 5d] [6s]
scorpio04: checks
hughes218: checks
*** RIVER *** [Ad 5s 5d 6s] [9h]
scorpio04: bets $6
hughes218: calls $6
*** SHOW DOWN ***
scorpio04: shows [9c 3s] (two pair, Nines and Fives)
hughes218: shows [9s 8h] (two pair, Nines and Fives)
scorpio04 collected $11.76 from pot
hughes218 collected $11.76 from pot
*** SUMMARY ***
Total pot $24 | Rake $0.48
Board [Ad 5s 5d 6s 9h]
Seat 1: scorpio04 (big blind) showed [9c 3s] and won ($11.76) with two pair, Nines and Fives
Seat 2: hughes218 (button) (small blind) showed [9s 8h] and won ($11.76) with two pair, Nines and Fives


PokerStars Hand #144954372767:  Hold'em Limit ($3/$6 USD) - 2015/12/07 4:04:24 ET
Table 'Nuwa II' 2-max Seat #1 is the button
Seat 1: scorpio04 ($143.54 in chips)
Seat 2: hughes218 ($65.98 in chips)
scorpio04: posts small blind $1
hughes218: posts big blind $3
*** HOLE CARDS ***
scorpio04: raises $3 to $6
hughes218: calls $3
*** FLOP *** [7h Td 9h]
hughes218: checks
scorpio04: bets $3
hughes218: folds
Uncalled bet ($3) returned to scorpio04
scorpio04 collected $11.76 from pot
scorpio04: doesn't show hand
*** SUMMARY ***
Total pot $12 | Rake $0.24
Board [7h Td 9h]
Seat 1: scorpio04 (button) (small blind) collected ($11.76)
Seat 2: hughes218 (big blind) folded on the Flop


PokerStars Hand #144954389950:  Hold'em Limit ($3/$6 USD) - 2015/12/07 4:05:06 ET
Table 'Nuwa II' 2-max Seat #2 is the button
Seat 1: scorpio04 ($149.30 in chips)
Seat 2: hughes218 ($59.98 in chips)
hughes218: posts small blind $1
scorpio04: posts big blind $3
*** HOLE CARDS ***
hughes218: folds
Uncalled bet ($2) returned to scorpio04
scorpio04 collected $2 from pot
scorpio04: doesn't show hand
*** SUMMARY ***
Total pot $2 | Rake $0
Seat 1: scorpio04 (big blind) collected ($2)
Seat 2: hughes218 (button) (small blind) folded before Flop


PokerStars Hand #144954401717:  Hold'em Limit ($3/$6 USD) - 2015/12/07 4:05:34 ET
Table 'Nuwa II' 2-max Seat #2 is the button
Seat 1: scorpio04 ($167.80 in chips)
Seat 2: hughes218 ($40.98 in chips)
hughes218: posts small blind $1
scorpio04: posts big blind $3
*** HOLE CARDS ***
hughes218: raises $3 to $6
scorpio04: calls $3
*** FLOP *** [2h 6s Qs]
scorpio04: checks
hughes218: bets $3
scorpio04: folds
Uncalled bet ($3) returned to hughes218
hughes218 collected $11.76 from pot
hughes218: doesn't show hand
*** SUMMARY ***
Total pot $12 | Rake $0.24
Board [2h 6s Qs]
Seat 1: scorpio04 (big blind) folded on the Flop
Seat 2: hughes218 (button) (small blind) collected ($11.76)


PokerStars Hand #144954392008:  Hold'em Limit ($3/$6 USD) - 2015/12/07 4:05:11 ET
Table 'Nuwa II' 2-max Seat #1 is the button
Seat 1: scorpio04 ($150.30 in chips)
Seat 2: hughes218 ($58.98 in chips)
scorpio04: posts small blind $1
hughes218: posts big blind $3
*** HOLE CARDS ***
scorpio04: raises $3 to $6
hughes218: calls $3
*** FLOP *** [Ts 9h 5d]
hughes218: checks
scorpio04: bets $3
hughes218: raises $3 to $6
scorpio04: calls $3
*** TURN *** [Ts 9h 5d] [6d]
hughes218: bets $6
scorpio04: raises $6 to $12
hughes218: folds
Uncalled bet ($6) returned to scorpio04
scorpio04 collected $35.50 from pot
scorpio04: doesn't show hand
*** SUMMARY ***
Total pot $36 | Rake $0.50
Board [Ts 9h 5d 6d]
Seat 1: scorpio04 (button) (small blind) collected ($35.50)
Seat 2: hughes218 (big blind) folded on the Turn


PokerStars Hand #144954413711:  Hold'em Limit ($3/$6 USD) - 2015/12/07 4:06:03 ET
Table 'Nuwa II' 2-max Seat #2 is the button
Seat 1: scorpio04 ($160.80 in chips)
Seat 2: hughes218 ($107.74 in chips)
hughes218: posts small blind $1
scorpio04: posts big blind $3
*** HOLE CARDS ***
hughes218: raises $3 to $6
scorpio04: raises $3 to $9
hughes218: calls $3
*** FLOP *** [2c 6s Jc]
scorpio04: bets $3
hughes218: calls $3
*** TURN *** [2c 6s Jc] [Th]
scorpio04: bets $6
hughes218: folds
Uncalled bet ($6) returned to scorpio04
scorpio04 collected $23.52 from pot
scorpio04: doesn't show hand
*** SUMMARY ***
Total pot $24 | Rake $0.48
Board [2c 6s Jc Th]
Seat 1: scorpio04 (big blind) collected ($23.52)
Seat 2: hughes218 (button) (small blind) folded on the Turn


PokerStars Hand #144954410747:  Hold'em Limit ($3/$6 USD) - 2015/12/07 4:05:56 ET
Table 'Nuwa II' 2-max Seat #1 is the button
Seat 1: scorpio04 ($161.80 in chips)
Seat 2: hughes218 ($106.74 in chips)
scorpio04: posts small blind $1
hughes218: posts big blind $3
*** HOLE CARDS ***
scorpio04: folds
Uncalled bet ($2) returned to hughes218
hughes218 collected $2 from pot
hughes218: doesn't show hand
*** SUMMARY ***
Total pot $2 | Rake $0
Seat 1: scorpio04 (button) (small blind) folded before Flop
Seat 2: hughes218 (big blind) collected ($2)


PokerStars Hand #144954424896:  Hold'em Limit ($3/$6 USD) - 2015/12/07 4:06:31 ET
Table 'Nuwa II' 2-max Seat #2 is the button
Seat 1: scorpio04 ($175.32 in chips)
Seat 2: hughes218 ($92.74 in chips)
hughes218: posts small blind $1
scorpio04: posts big blind $3
*** HOLE CARDS ***
hughes218: raises $3 to $6
scorpio04: calls $3
*** FLOP *** [9c 5s 9d]
scorpio04: checks
hughes218: bets $3
scorpio04: folds
Uncalled bet ($3) returned to hughes218
hughes218 collected $11.76 from pot
hughes218: doesn't show hand
*** SUMMARY ***
Total pot $12 | Rake $0.24
Board [9c 5s 9d]
Seat 1: scorpio04 (big blind) folded on the Flop
Seat 2: hughes218 (button) (small blind) collected ($11.76)


PokerStars Hand #144954420428:  Hold'em Limit ($3/$6 USD) - 2015/12/07 4:06:20 ET
Table 'Nuwa II' 2-max Seat #1 is the button
Seat 1: scorpio04 ($172.32 in chips)
Seat 2: hughes218 ($95.74 in chips)
scorpio04: posts small blind $1
hughes218: posts big blind $3
*** HOLE CARDS ***
scorpio04: raises $3 to $6
hughes218: folds
Uncalled bet ($3) returned to scorpio04
scorpio04 collected $6 from pot
scorpio04: doesn't show hand
*** SUMMARY ***
Total pot $6 | Rake $0
Seat 1: scorpio04 (button) (small blind) collected ($6)
Seat 2: hughes218 (big blind) folded before Flop


PokerStars Hand #144954432891:  Hold'em Limit ($3/$6 USD) - 2015/12/07 4:06:50 ET
Table 'Nuwa II' 2-max Seat #1 is the button
Seat 1: scorpio04 ($169.32 in chips)
Seat 2: hughes218 ($98.50 in chips)
scorpio04: posts small blind $1
hughes218: posts big blind $3
*** HOLE CARDS ***
scorpio04: raises $3 to $6
hughes218: calls $3
*** FLOP *** [Ac 4c 5s]
hughes218: checks
scorpio04: bets $3
hughes218: folds
Uncalled bet ($3) returned to scorpio04
scorpio04 collected $11.76 from pot
scorpio04: doesn't show hand
*** SUMMARY ***
Total pot $12 | Rake $0.24
Board [Ac 4c 5s]
Seat 1: scorpio04 (button) (small blind) collected ($11.76)
Seat 2: hughes218 (big blind) folded on the Flop


PokerStars Hand #144954452338:  Hold'em Limit ($3/$6 USD) - 2015/12/07 4:07:36 ET
Table 'Nuwa II' 2-max Seat #1 is the button
Seat 1: scorpio04 ($183.72 in chips)
Seat 2: hughes218 ($83.50 in chips)
scorpio04: posts small blind $1
hughes218: posts big blind $3
*** HOLE CARDS ***
scorpio04: folds
Uncalled bet ($2) returned to hughes218
hughes218 collected $2 from pot
hughes218: doesn't show hand
*** SUMMARY ***
Total pot $2 | Rake $0
Seat 1: scorpio04 (button) (small blind) folded before Flop
Seat 2: hughes218 (big blind) collected ($2)


PokerStars Hand #144954443728:  Hold'em Limit ($3/$6 USD) - 2015/12/07 4:07:16 ET
Table 'Nuwa II' 2-max Seat #2 is the button
Seat 1: scorpio04 ($175.08 in chips)
Seat 2: hughes218 ($92.50 in chips)
hughes218: posts small blind $1
scorpio04: posts big blind $3
*** HOLE CARDS ***
hughes218: raises $3 to $6
scorpio04: calls $3
*** FLOP *** [6s 4s 6c]
scorpio04: checks
hughes218: bets $3
scorpio04: calls $3
*** TURN *** [6s 4s 6c] [Ks]
scorpio04: checks
hughes218: checks
*** RIVER *** [6s 4s 6c Ks] [7c]
scorpio04: bets $6
hughes218: folds
Uncalled bet ($6) returned to scorpio04
scorpio04 collected $17.64 from pot
scorpio04: doesn't show hand
*** SUMMARY ***
Total pot $18 | Rake $0.36
Board [6s 4s 6c Ks 7c]
Seat 1: scorpio04 (big blind) collected ($17.64)
Seat 2: hughes218 (button) (small blind) folded on the River


PokerStars Hand #144954457242:  Hold'em Limit ($3/$6 USD) - 2015/12/07 4:07:48 ET
Table 'Nuwa II' 2-max Seat #2 is the button
Seat 1: scorpio04 ($182.72 in chips)
Seat 2: hughes218 ($84.50 in chips)
hughes218: posts small blind $1
scorpio04: posts big blind $3
*** HOLE CARDS ***
hughes218: raises $3 to $6
scorpio04: calls $3
*** FLOP *** [8c 2h As]
scorpio04: checks
hughes218: bets $3
scorpio04: calls $3
*** TURN *** [8c 2h As] [3h]
scorpio04: checks
hughes218: bets $6
scorpio04: calls $6
*** RIVER *** [8c 2h As 3h] [9s]
scorpio04: checks
hughes218: bets $6
scorpio04: calls $6
*** SHOW DOWN ***
hughes218: shows [Ah Js] (a pair of Aces)
scorpio04: mucks hand
hughes218 collected $41.50 from pot
*** SUMMARY ***
Total pot $42 | Rake $0.50
Board [8c 2h As 3h 9s]
Seat 1: scorpio04 (big blind) mucked
Seat 2: hughes218 (button) (small blind) showed [Ah Js] and won ($41.50) with a pair of Aces


PokerStars Hand #144954482224:  Hold'em Limit ($3/$6 USD) - 2015/12/07 4:08:48 ET
Table 'Nuwa II' 2-max Seat #1 is the button
Seat 1: scorpio04 ($147.72 in chips)
Seat 2: hughes218 ($118.50 in chips)
scorpio04: posts small blind $1
hughes218: posts big blind $3
*** HOLE CARDS ***
scorpio04: raises $3 to $6
hughes218: calls $3
*** FLOP *** [7s 9c 9s]
hughes218: checks
scorpio04: checks
*** TURN *** [7s 9c 9s] [Tc]
hughes218: bets $6
scorpio04: folds
Uncalled bet ($6) returned to hughes218
hughes218 collected $11.76 from pot
hughes218: doesn't show hand
*** SUMMARY ***
Total pot $12 | Rake $0.24
Board [7s 9c 9s Tc]
Seat 1: scorpio04 (button) (small blind) folded on the Turn
Seat 2: hughes218 (big blind) collected ($11.76)


PokerStars Hand #144954479948:  Hold'em Limit ($3/$6 USD) - 2015/12/07 4:08:43 ET
Table 'Nuwa II' 2-max Seat #2 is the button
Seat 1: scorpio04 ($146.72 in chips)
Seat 2: hughes218 ($119.50 in chips)
hughes218: posts small blind $1
scorpio04: posts big blind $3
*** HOLE CARDS ***
hughes218: folds
Uncalled bet ($2) returned to scorpio04
scorpio04 collected $2 from pot
scorpio04: doesn't show hand
*** SUMMARY ***
Total pot $2 | Rake $0
Seat 1: scorpio04 (big blind) collected ($2)
Seat 2: hughes218 (button) (small blind) folded before Flop


PokerStars Hand #144954488304:  Hold'em Limit ($3/$6 USD) - 2015/12/07 4:09:03 ET
Table 'Nuwa II' 2-max Seat #2 is the button
Seat 1: scorpio04 ($141.72 in chips)
Seat 2: hughes218 ($124.26 in chips)
hughes218: posts small blind $1
scorpio04: posts big blind $3
*** HOLE CARDS ***
hughes218: raises $3 to $6
scorpio04: raises $3 to $9
hughes218: calls $3
*** FLOP *** [Ad Jd Ah]
scorpio04: bets $3
hughes218: calls $3
*** TURN *** [Ad Jd Ah] [2h]
scorpio04: bets $6
hughes218: folds
Uncalled bet ($6) returned to scorpio04
scorpio04 collected $23.52 from pot
scorpio04: doesn't show hand
*** SUMMARY ***
Total pot $24 | Rake $0.48
Board [Ad Jd Ah 2h]
Seat 1: scorpio04 (big blind) collected ($23.52)
Seat 2: hughes218 (button) (small blind) folded on the Turn


PokerStars Hand #144954500269:  Hold'em Limit ($3/$6 USD) - 2015/12/07 4:09:32 ET
Table 'Nuwa II' 2-max Seat #1 is the button
Seat 1: scorpio04 ($153.24 in chips)
Seat 2: hughes218 ($112.26 in chips)
scorpio04: posts small blind $1
hughes218: posts big blind $3
*** HOLE CARDS ***
scorpio04: raises $3 to $6
hughes218: raises $3 to $9
scorpio04: calls $3
*** FLOP *** [Jd 6s 8h]
hughes218: bets $3
scorpio04: calls $3
*** TURN *** [Jd 6s 8h] [5s]
hughes218: bets $6
scorpio04: calls $6
*** RIVER *** [Jd 6s 8h 5s] [2s]
hughes218: bets $6
scorpio04: calls $6
*** SHOW DOWN ***
hughes218: shows [7s Ah] (high card Ace)
scorpio04: shows [Ks 6h] (a pair of Sixes)
scorpio04 collected $47.50 from pot
*** SUMMARY ***
Total pot $48 | Rake $0.50
Board [Jd 6s 8h 5s 2s]
Seat 1: scorpio04 (button) (small blind) showed [Ks 6h] and won ($47.50) with a pair of Sixes
Seat 2: hughes218 (big blind) showed [7s Ah] and lost with high card Ace


PokerStars Hand #144954521193:  Hold'em Limit ($3/$6 USD) - 2015/12/07 4:10:23 ET
Table 'Nuwa II' 2-max Seat #1 is the button
Seat 1: scorpio04 ($200.24 in chips)
Seat 2: hughes218 ($64.26 in chips)
scorpio04: posts small blind $1
hughes218: posts big blind $3
*** HOLE CARDS ***
scorpio04: raises $3 to $6
hughes218: calls $3
*** FLOP *** [6c 2c 8h]
hughes218: checks
scorpio04: bets $3
hughes218: raises $3 to $6
scorpio04: calls $3
*** TURN *** [6c 2c 8h] [5c]
hughes218: bets $6
scorpio04: calls $6
*** RIVER *** [6c 2c 8h 5c] [Jh]
hughes218: bets $6
scorpio04: folds
Uncalled bet ($6) returned to hughes218
hughes218 collected $35.50 from pot
hughes218: doesn't show hand
*** SUMMARY ***
Total pot $36 | Rake $0.50
Board [6c 2c 8h 5c Jh]
Seat 1: scorpio04 (button) (small blind) folded on the River
Seat 2: hughes218 (big blind) collected ($35.50)


PokerStars Hand #144954509949:  Hold'em Limit ($3/$6 USD) - 2015/12/07 4:09:55 ET
Table 'Nuwa II' 2-max Seat #2 is the button
Seat 1: scorpio04 ($176.74 in chips)
Seat 2: hughes218 ($88.26 in chips)
hughes218: posts small blind $1
scorpio04: posts big blind $3
*** HOLE CARDS ***
hughes218: raises $3 to $6
scorpio04: calls $3
*** FLOP *** [5d Jh 4s]
scorpio04: checks
hughes218: bets $3
scorpio04: raises $3 to $6
hughes218: calls $3
*** TURN *** [5d Jh 4s] [4d]
scorpio04: bets $6
hughes218: calls $6
*** RIVER *** [5d Jh 4s 4d] [Qc]
scorpio04: bets $6
hughes218: calls $6
*** SHOW DOWN ***
scorpio04: shows [Jd 7s] (two pair, Jacks and Fours)
hughes218: mucks hand
scorpio04 collected $47.50 from pot
*** SUMMARY ***
Total pot $48 | Rake $0.50
Board [5d Jh 4s 4d Qc]
Seat 1: scorpio04 (big blind) showed [Jd 7s] and won ($47.50) with two pair, Jacks and Fours
Seat 2: hughes218 (button) (small blind) mucked


PokerStars Hand #144954529287:  Hold'em Limit ($3/$6 USD) - 2015/12/07 4:10:42 ET
Table 'Nuwa II' 2-max Seat #2 is the button
Seat 1: scorpio04 ($182.24 in chips)
Seat 2: hughes218 ($81.76 in chips)
hughes218: posts small blind $1
scorpio04: posts big blind $3
*** HOLE CARDS ***
hughes218: raises $3 to $6
scorpio04: calls $3
*** FLOP *** [3c 4h 4c]
scorpio04: checks
hughes218: bets $3
scorpio04: raises $3 to $6
hughes218: calls $3
*** TURN *** [3c 4h 4c] [As]
scorpio04: bets $6
hughes218: calls $6
*** RIVER *** [3c 4h 4c As] [8d]
scorpio04: bets $6
hughes218: calls $6
*** SHOW DOWN ***
scorpio04: shows [Jd 4d] (three of a kind, Fours)
hughes218: mucks hand
scorpio04 collected $47.50 from pot
*** SUMMARY ***
Total pot $48 | Rake $0.50
Board [3c 4h 4c As 8d]
Seat 1: scorpio04 (big blind) showed [Jd 4d] and won ($47.50) with three of a kind, Fours
Seat 2: hughes218 (button) (small blind) mucked


PokerStars Hand #144954567323:  Hold'em Limit ($3/$6 USD) - 2015/12/07 4:12:13 ET
Table 'Nuwa II' 2-max Seat #1 is the button
Seat 1: scorpio04 ($233.88 in chips)
Seat 2: hughes218 ($88.76 in chips)
scorpio04: posts small blind $1
hughes218: posts big blind $3
*** HOLE CARDS ***
scorpio04: raises $3 to $6
hughes218: folds
Uncalled bet ($3) returned to scorpio04
scorpio04 collected $6 from pot
scorpio04: doesn't show hand
*** SUMMARY ***
Total pot $6 | Rake $0
Seat 1: scorpio04 (button) (small blind) collected ($6)
Seat 2: hughes218 (big blind) folded before Flop


PokerStars Hand #144954559759:  Hold'em Limit ($3/$6 USD) - 2015/12/07 4:11:55 ET
Table 'Nuwa II' 2-max Seat #2 is the button
Seat 1: scorpio04 ($216.38 in chips)
Seat 2: hughes218 ($106.76 in chips)
hughes218: posts small blind $1
scorpio04: posts big blind $3
*** HOLE CARDS ***
hughes218: raises $3 to $6
scorpio04: calls $3
*** FLOP *** [Tc 9s 5d]
scorpio04: checks
hughes218: bets $3
scorpio04: raises $3 to $6
hughes218: calls $3
*** TURN *** [Tc 9s 5d] [Qd]
scorpio04: bets $6
hughes218: calls $6
*** RIVER *** [Tc 9s 5d Qd] [2c]
scorpio04: bets $6
hughes218: folds
Uncalled bet ($6) returned to scorpio04
scorpio04 collected $35.50 from pot
scorpio04: doesn't show hand
*** SUMMARY ***
Total pot $36 | Rake $0.50
Board [Tc 9s 5d Qd 2c]
Seat 1: scorpio04 (big blind) collected ($35.50)
Seat 2: hughes218 (button) (small blind) folded on the River


PokerStars Hand #144954542961:  Hold'em Limit ($3/$6 USD) - 2015/12/07 4:11:15 ET
Table 'Nuwa II' 2-max Seat #1 is the button
Seat 1: scorpio04 ($205.74 in chips)
Seat 2: hughes218 ($57.76 in chips)
scorpio04: posts small blind $1
hughes218: posts big blind $3
*** HOLE CARDS ***
scorpio04: raises $3 to $6
hughes218: folds
Uncalled bet ($3) returned to scorpio04
scorpio04 collected $6 from pot
scorpio04: doesn't show hand
*** SUMMARY ***
Total pot $6 | Rake $0
Seat 1: scorpio04 (button) (small blind) collected ($6)
Seat 2: hughes218 (big blind) folded before Flop


PokerStars Hand #144954553842:  Hold'em Limit ($3/$6 USD) - 2015/12/07 4:11:41 ET
Table 'Nuwa II' 2-max Seat #1 is the button
Seat 1: scorpio04 ($217.38 in chips)
Seat 2: hughes218 ($105.76 in chips)
scorpio04: posts small blind $1
hughes218: posts big blind $3
*** HOLE CARDS ***
scorpio04: folds
Uncalled bet ($2) returned to hughes218
hughes218 collected $2 from pot
hughes218: doesn't show hand
*** SUMMARY ***
Total pot $2 | Rake $0
Seat 1: scorpio04 (button) (small blind) folded before Flop
Seat 2: hughes218 (big blind) collected ($2)


PokerStars Hand #144954547173:  Hold'em Limit ($3/$6 USD) - 2015/12/07 4:11:25 ET
Table 'Nuwa II' 2-max Seat #2 is the button
Seat 1: scorpio04 ($208.74 in chips)
Seat 2: hughes218 ($54.76 in chips)
hughes218: posts small blind $1
scorpio04: posts big blind $3
*** HOLE CARDS ***
hughes218: raises $3 to $6
scorpio04: calls $3
*** FLOP *** [3h 2s Qd]
scorpio04: checks
hughes218: bets $3
scorpio04: raises $3 to $6
hughes218: folds
Uncalled bet ($3) returned to scorpio04
scorpio04 collected $17.64 from pot
scorpio04: doesn't show hand
*** SUMMARY ***
Total pot $18 | Rake $0.36
Board [3h 2s Qd]
Seat 1: scorpio04 (big blind) collected ($17.64)
Seat 2: hughes218 (button) (small blind) folded on the Flop


PokerStars Hand #144954581853:  Hold'em Limit ($3/$6 USD) - 2015/12/07 4:12:49 ET
Table 'Nuwa II' 2-max Seat #1 is the button
Seat 1: scorpio04 ($260.38 in chips)
Seat 2: hughes218 ($106.60 in chips)
scorpio04: posts small blind $1
hughes218: posts big blind $3
*** HOLE CARDS ***
scorpio04: raises $3 to $6
hughes218: raises $3 to $9
scorpio04: calls $3
*** FLOP *** [7s 4s 5d]
hughes218: bets $3
scorpio04: calls $3
*** TURN *** [7s 4s 5d] [Jh]
hughes218: bets $6
scorpio04: calls $6
*** RIVER *** [7s 4s 5d Jh] [Ad]
hughes218: bets $6
scorpio04: calls $6
*** SHOW DOWN ***
hughes218: shows [8s 8h] (a pair of Eights)
scorpio04: mucks hand
hughes218 collected $47.50 from pot
*** SUMMARY ***
Total pot $48 | Rake $0.50
Board [7s 4s 5d Jh Ad]
Seat 1: scorpio04 (button) (small blind) mucked
Seat 2: hughes218 (big blind) showed [8s 8h] and won ($47.50) with a pair of Eights


PokerStars Hand #144954569815:  Hold'em Limit ($3/$6 USD) - 2015/12/07 4:12:19 ET
Table 'Nuwa II' 2-max Seat #2 is the button
Seat 1: scorpio04 ($236.88 in chips)
Seat 2: hughes218 ($85.76 in chips)
hughes218: posts small blind $1
scorpio04: posts big blind $3
*** HOLE CARDS ***
hughes218: raises $3 to $6
scorpio04: raises $3 to $9
hughes218: calls $3
*** FLOP *** [Ah 4s Jc]
scorpio04: bets $3
hughes218: calls $3
*** TURN *** [Ah 4s Jc] [5c]
scorpio04: bets $6
hughes218: calls $6
*** RIVER *** [Ah 4s Jc 5c] [6d]
scorpio04: bets $6
hughes218: calls $6
*** SHOW DOWN ***
scorpio04: shows [Ac 8c] (a pair of Aces)
hughes218: mucks hand
scorpio04 collected $47.50 from pot
*** SUMMARY ***
Total pot $48 | Rake $0.50
Board [Ah 4s Jc 5c 6d]
Seat 1: scorpio04 (big blind) showed [Ac 8c] and won ($47.50) with a pair of Aces
Seat 2: hughes218 (button) (small blind) mucked


PokerStars Hand #144954603884:  Hold'em Limit ($3/$6 USD) - 2015/12/07 4:13:42 ET
Table 'Nuwa II' 2-max Seat #1 is the button
Seat 1: scorpio04 ($224.38 in chips)
Seat 2: hughes218 ($141.62 in chips)
scorpio04: posts small blind $1
hughes218: posts big blind $3
*** HOLE CARDS ***
scorpio04: raises $3 to $6
hughes218: calls $3
*** FLOP *** [4d 2s 3h]
hughes218: checks
scorpio04: bets $3
hughes218: calls $3
*** TURN *** [4d 2s 3h] [6s]
hughes218: checks
scorpio04: checks
*** RIVER *** [4d 2s 3h 6s] [6c]
hughes218: checks
scorpio04: bets $6
hughes218: calls $6
*** SHOW DOWN ***
scorpio04: shows [3d As] (two pair, Sixes and Threes)
hughes218: mucks hand
scorpio04 collected $29.50 from pot
*** SUMMARY ***
Total pot $30 | Rake $0.50
Board [4d 2s 3h 6s 6c]
Seat 1: scorpio04 (button) (small blind) showed [3d As] and won ($29.50) with two pair, Sixes and Threes
Seat 2: hughes218 (big blind) mucked


PokerStars Hand #144954593859:  Hold'em Limit ($3/$6 USD) - 2015/12/07 4:13:18 ET
Table 'Nuwa II' 2-max Seat #2 is the button
Seat 1: scorpio04 ($236.38 in chips)
Seat 2: hughes218 ($130.10 in chips)
hughes218: posts small blind $1
scorpio04: posts big blind $3
*** HOLE CARDS ***
hughes218: raises $3 to $6
scorpio04: calls $3
*** FLOP *** [Ts Kd Jd]
scorpio04: checks
hughes218: checks
*** TURN *** [Ts Kd Jd] [9h]
scorpio04: bets $6
hughes218: calls $6
*** RIVER *** [Ts Kd Jd 9h] [6d]
scorpio04: checks
hughes218: checks
*** SHOW DOWN ***
scorpio04: shows [4c Ah] (high card Ace)
hughes218: shows [Tc 7d] (a pair of Tens)
hughes218 collected $23.52 from pot
*** SUMMARY ***
Total pot $24 | Rake $0.48
Board [Ts Kd Jd 9h 6d]
Seat 1: scorpio04 (big blind) showed [4c Ah] and lost with high card Ace
Seat 2: hughes218 (button) (small blind) showed [Tc 7d] and won ($23.52) with a pair of Tens


PokerStars Hand #144954639872:  Hold'em Limit ($3/$6 USD) - 2015/12/07 4:15:09 ET
Table 'Nuwa II' 2-max Seat #2 is the button
Seat 1: scorpio04 ($228.64 in chips)
Seat 2: hughes218 ($136.14 in chips)
hughes218: posts small blind $1
scorpio04: posts big blind $3
*** HOLE CARDS ***
hughes218: raises $3 to $6
scorpio04: calls $3
*** FLOP *** [Tc 3s 4c]
scorpio04: checks
hughes218: bets $3
scorpio04: folds
Uncalled bet ($3) returned to hughes218
hughes218 collected $11.76 from pot
hughes218: doesn't show hand
*** SUMMARY ***
Total pot $12 | Rake $0.24
Board [Tc 3s 4c]
Seat 1: scorpio04 (big blind) folded on the Flop
Seat 2: hughes218 (button) (small blind) collected ($11.76)


PokerStars Hand #144954629655:  Hold'em Limit ($3/$6 USD) - 2015/12/07 4:14:45 ET
Table 'Nuwa II' 2-max Seat #2 is the button
Seat 1: scorpio04 ($225.88 in chips)
Seat 2: hughes218 ($139.14 in chips)
hughes218: posts small blind $1
scorpio04: posts big blind $3
*** HOLE CARDS ***
hughes218: raises $3 to $6
scorpio04: folds
Uncalled bet ($3) returned to hughes218
hughes218 collected $6 from pot
hughes218: doesn't show hand
*** SUMMARY ***
Total pot $6 | Rake $0
Seat 1: scorpio04 (big blind) folded before Flop
Seat 2: hughes218 (button) (small blind) collected ($6)


PokerStars Hand #144954627442:  Hold'em Limit ($3/$6 USD) - 2015/12/07 4:14:39 ET
Table 'Nuwa II' 2-max Seat #1 is the button
Seat 1: scorpio04 ($226.88 in chips)
Seat 2: hughes218 ($138.14 in chips)
scorpio04: posts small blind $1
hughes218: posts big blind $3
*** HOLE CARDS ***
scorpio04: folds
Uncalled bet ($2) returned to hughes218
hughes218 collected $2 from pot
hughes218: doesn't show hand
*** SUMMARY ***
Total pot $2 | Rake $0
Seat 1: scorpio04 (button) (small blind) folded before Flop
Seat 2: hughes218 (big blind) collected ($2)


PokerStars Hand #144954618471:  Hold'em Limit ($3/$6 USD) - 2015/12/07 4:14:17 ET
Table 'Nuwa II' 2-max Seat #2 is the button
Seat 1: scorpio04 ($238.88 in chips)
Seat 2: hughes218 ($126.62 in chips)
hughes218: posts small blind $1
scorpio04: posts big blind $3
*** HOLE CARDS ***
hughes218: raises $3 to $6
scorpio04: raises $3 to $9
hughes218: calls $3
*** FLOP *** [Ad Th Qd]
scorpio04: bets $3
hughes218: raises $3 to $6
scorpio04: folds
Uncalled bet ($3) returned to hughes218
hughes218 collected $23.52 from pot
hughes218: doesn't show hand
*** SUMMARY ***
Total pot $24 | Rake $0.48
Board [Ad Th Qd]
Seat 1: scorpio04 (big blind) folded on the Flop
Seat 2: hughes218 (button) (small blind) collected ($23.52)


PokerStars Hand #144954633402:  Hold'em Limit ($3/$6 USD) - 2015/12/07 4:14:53 ET
Table 'Nuwa II' 2-max Seat #1 is the button
Seat 1: scorpio04 ($222.88 in chips)
Seat 2: hughes218 ($142.14 in chips)
scorpio04: posts small blind $1
hughes218: posts big blind $3
*** HOLE CARDS ***
scorpio04: raises $3 to $6
hughes218: calls $3
*** FLOP *** [Ad 2h 2c]
hughes218: checks
scorpio04: bets $3
hughes218: folds
Uncalled bet ($3) returned to scorpio04
scorpio04 collected $11.76 from pot
scorpio04: doesn't show hand
*** SUMMARY ***
Total pot $12 | Rake $0.24
Board [Ad 2h 2c]
Seat 1: scorpio04 (button) (small blind) collected ($11.76)
Seat 2: hughes218 (big blind) folded on the Flop


PokerStars Hand #144954662340:  Hold'em Limit ($3/$6 USD) - 2015/12/07 4:16:03 ET
Table 'Nuwa II' 2-max Seat #2 is the button
Seat 1: scorpio04 ($213.64 in chips)
Seat 2: hughes218 ($150.54 in chips)
hughes218: posts small blind $1
scorpio04: posts big blind $3
*** HOLE CARDS ***
hughes218: folds
Uncalled bet ($2) returned to scorpio04
scorpio04 collected $2 from pot
scorpio04: doesn't show hand
*** SUMMARY ***
Total pot $2 | Rake $0
Seat 1: scorpio04 (big blind) collected ($2)
Seat 2: hughes218 (button) (small blind) folded before Flop


PokerStars Hand #144954643716:  Hold'em Limit ($3/$6 USD) - 2015/12/07 4:15:18 ET
Table 'Nuwa II' 2-max Seat #1 is the button
Seat 1: scorpio04 ($222.64 in chips)
Seat 2: hughes218 ($141.90 in chips)
scorpio04: posts small blind $1
hughes218: posts big blind $3
*** HOLE CARDS ***
scorpio04: raises $3 to $6
hughes218: calls $3
*** FLOP *** [5d 2h Jc]
hughes218: checks
scorpio04: bets $3
hughes218: calls $3
*** TURN *** [5d 2h Jc] [3s]
hughes218: checks
scorpio04: checks
*** RIVER *** [5d 2h Jc 3s] [8d]
hughes218: bets $6
scorpio04: folds
Uncalled bet ($6) returned to hughes218
hughes218 collected $17.64 from pot
hughes218: doesn't show hand
*** SUMMARY ***
Total pot $18 | Rake $0.36
Board [5d 2h Jc 3s 8d]
Seat 1: scorpio04 (button) (small blind) folded on the River
Seat 2: hughes218 (big blind) collected ($17.64)


PokerStars Hand #144954664465:  Hold'em Limit ($3/$6 USD) - 2015/12/07 4:16:08 ET
Table 'Nuwa II' 2-max Seat #1 is the button
Seat 1: scorpio04 ($214.64 in chips)
Seat 2: hughes218 ($149.54 in chips)
scorpio04: posts small blind $1
hughes218: posts big blind $3
*** HOLE CARDS ***
scorpio04: raises $3 to $6
hughes218: folds
Uncalled bet ($3) returned to scorpio04
scorpio04 collected $6 from pot
scorpio04: doesn't show hand
*** SUMMARY ***
Total pot $6 | Rake $0
Seat 1: scorpio04 (button) (small blind) collected ($6)
Seat 2: hughes218 (big blind) folded before Flop


PokerStars Hand #144954691508:  Hold'em Limit ($3/$6 USD) - 2015/12/07 4:17:12 ET
Table 'Nuwa II' 2-max Seat #2 is the button
Seat 1: scorpio04 ($211.40 in chips)
Seat 2: hughes218 ($152.06 in chips)
hughes218: posts small blind $1
scorpio04: posts big blind $3
*** HOLE CARDS ***
hughes218: folds
Uncalled bet ($2) returned to scorpio04
scorpio04 collected $2 from pot
scorpio04: doesn't show hand
*** SUMMARY ***
Total pot $2 | Rake $0
Seat 1: scorpio04 (big blind) collected ($2)
Seat 2: hughes218 (button) (small blind) folded before Flop


PokerStars Hand #144954685103:  Hold'em Limit ($3/$6 USD) - 2015/12/07 4:16:57 ET
Table 'Nuwa II' 2-max Seat #1 is the button
Seat 1: scorpio04 ($205.64 in chips)
Seat 2: hughes218 ($158.06 in chips)
scorpio04: posts small blind $1
hughes218: posts big blind $3
*** HOLE CARDS ***
scorpio04: raises $3 to $6
hughes218: calls $3
*** FLOP *** [Tc Ad As]
hughes218: checks
scorpio04: bets $3
hughes218: folds
Uncalled bet ($3) returned to scorpio04
scorpio04 collected $11.76 from pot
scorpio04: doesn't show hand
*** SUMMARY ***
Total pot $12 | Rake $0.24
Board [Tc Ad As]
Seat 1: scorpio04 (button) (small blind) collected ($11.76)
Seat 2: hughes218 (big blind) folded on the Flop


PokerStars Hand #144954668273:  Hold'em Limit ($3/$6 USD) - 2015/12/07 4:16:17 ET
Table 'Nuwa II' 2-max Seat #2 is the button
Seat 1: scorpio04 ($217.64 in chips)
Seat 2: hughes218 ($146.54 in chips)
hughes218: posts small blind $1
scorpio04: posts big blind $3
*** HOLE CARDS ***
hughes218: raises $3 to $6
scorpio04: calls $3
*** FLOP *** [8d Qh 4d]
scorpio04: checks
hughes218: checks
*** TURN *** [8d Qh 4d] [Ac]
scorpio04: checks
hughes218: checks
*** RIVER *** [8d Qh 4d Ac] [9s]
scorpio04: checks
hughes218: bets $6
scorpio04: calls $6
*** SHOW DOWN ***
hughes218: shows [9h 6h] (a pair of Nines)
scorpio04: mucks hand
hughes218 collected $23.52 from pot
*** SUMMARY ***
Total pot $24 | Rake $0.48
Board [8d Qh 4d Ac 9s]
Seat 1: scorpio04 (big blind) mucked
Seat 2: hughes218 (button) (small blind) showed [9h 6h] and won ($23.52) with a pair of Nines


PokerStars Hand #144954708182:  Hold'em Limit ($3/$6 USD) - 2015/12/07 4:17:53 ET
Table 'Nuwa II' 2-max Seat #2 is the button
Seat 1: scorpio04 ($215.16 in chips)
Seat 2: hughes218 ($147.82 in chips)
hughes218: posts small blind $1
scorpio04: posts big blind $3
*** HOLE CARDS ***
hughes218: folds
Uncalled bet ($2) returned to scorpio04
scorpio04 collected $2 from pot
scorpio04: doesn't show hand
*** SUMMARY ***
Total pot $2 | Rake $0
Seat 1: scorpio04 (big blind) collected ($2)
Seat 2: hughes218 (button) (small blind) folded before Flop


PokerStars Hand #144954700631:  Hold'em Limit ($3/$6 USD) - 2015/12/07 4:17:34 ET
Table 'Nuwa II' 2-max Seat #1 is the button
Seat 1: scorpio04 ($209.40 in chips)
Seat 2: hughes218 ($153.82 in chips)
scorpio04: posts small blind $1
hughes218: posts big blind $3
*** HOLE CARDS ***
scorpio04: raises $3 to $6
hughes218: calls $3
*** FLOP *** [4s 2s Ts]
hughes218: checks
scorpio04: bets $3
hughes218: folds
Uncalled bet ($3) returned to scorpio04
scorpio04 collected $11.76 from pot
scorpio04: doesn't show hand
*** SUMMARY ***
Total pot $12 | Rake $0.24
Board [4s 2s Ts]
Seat 1: scorpio04 (button) (small blind) collected ($11.76)
Seat 2: hughes218 (big blind) folded on the Flop


PokerStars Hand #144954696338:  Hold'em Limit ($3/$6 USD) - 2015/12/07 4:17:24 ET
Table 'Nuwa II' 2-max Seat #2 is the button
Seat 1: scorpio04 ($215.40 in chips)
Seat 2: hughes218 ($148.06 in chips)
hughes218: posts small blind $1
scorpio04: posts big blind $3
*** HOLE CARDS ***
hughes218: raises $3 to $6
scorpio04: calls $3
*** FLOP *** [3d 6d Th]
scorpio04: checks
hughes218: bets $3
scorpio04: folds
Uncalled bet ($3) returned to hughes218
hughes218 collected $11.76 from pot
hughes218: doesn't show hand
*** SUMMARY ***
Total pot $12 | Rake $0.24
Board [3d 6d Th]
Seat 1: scorpio04 (big blind) folded on the Flop
Seat 2: hughes218 (button) (small blind) collected ($11.76)


PokerStars Hand #144954693853:  Hold'em Limit ($3/$6 USD) - 2015/12/07 4:17:18 ET
Table 'Nuwa II' 2-max Seat #1 is the button
Seat 1: scorpio04 ($212.40 in chips)
Seat 2: hughes218 ($151.06 in chips)
scorpio04: posts small blind $1
hughes218: posts big blind $3
*** HOLE CARDS ***
scorpio04: raises $3 to $6
hughes218: folds
Uncalled bet ($3) returned to scorpio04
scorpio04 collected $6 from pot
scorpio04: doesn't show hand
*** SUMMARY ***
Total pot $6 | Rake $0
Seat 1: scorpio04 (button) (small blind) collected ($6)
Seat 2: hughes218 (big blind) folded before Flop


PokerStars Hand #144954729240:  Hold'em Limit ($3/$6 USD) - 2015/12/07 4:18:43 ET
Table 'Nuwa II' 2-max Seat #2 is the button
Seat 1: scorpio04 ($245.66 in chips)
Seat 2: hughes218 ($116.82 in chips)
hughes218: posts small blind $1
scorpio04: posts big blind $3
*** HOLE CARDS ***
hughes218: raises $3 to $6
scorpio04: raises $3 to $9
hughes218: calls $3
*** FLOP *** [5d Js 4d]
scorpio04: bets $3
hughes218: raises $3 to $6
scorpio04: calls $3
*** TURN *** [5d Js 4d] [Tc]
scorpio04: checks
hughes218: bets $6
scorpio04: folds
Uncalled bet ($6) returned to hughes218
hughes218 collected $29.50 from pot
hughes218: doesn't show hand
*** SUMMARY ***
Total pot $30 | Rake $0.50
Board [5d Js 4d Tc]
Seat 1: scorpio04 (big blind) folded on the Turn
Seat 2: hughes218 (button) (small blind) collected ($29.50)


PokerStars Hand #144954726601:  Hold'em Limit ($3/$6 USD) - 2015/12/07 4:18:36 ET
Table 'Nuwa II' 2-max Seat #1 is the button
Seat 1: scorpio04 ($246.66 in chips)
Seat 2: hughes218 ($115.82 in chips)
scorpio04: posts small blind $1
hughes218: posts big blind $3
*** HOLE CARDS ***
scorpio04: folds
Uncalled bet ($2) returned to hughes218
hughes218 collected $2 from pot
hughes218: doesn't show hand
*** SUMMARY ***
Total pot $2 | Rake $0
Seat 1: scorpio04 (button) (small blind) folded before Flop
Seat 2: hughes218 (big blind) collected ($2)


PokerStars Hand #144954724393:  Hold'em Limit ($3/$6 USD) - 2015/12/07 4:18:31 ET
Table 'Nuwa II' 2-max Seat #2 is the button
Seat 1: scorpio04 ($245.66 in chips)
Seat 2: hughes218 ($116.82 in chips)
hughes218: posts small blind $1
scorpio04: posts big blind $3
*** HOLE CARDS ***
hughes218: folds
Uncalled bet ($2) returned to scorpio04
scorpio04 collected $2 from pot
scorpio04: doesn't show hand
*** SUMMARY ***
Total pot $2 | Rake $0
Seat 1: scorpio04 (big blind) collected ($2)
Seat 2: hughes218 (button) (small blind) folded before Flop


PokerStars Hand #144954710663:  Hold'em Limit ($3/$6 USD) - 2015/12/07 4:17:58 ET
Table 'Nuwa II' 2-max Seat #1 is the button
Seat 1: scorpio04 ($216.16 in chips)
Seat 2: hughes218 ($146.82 in chips)
scorpio04: posts small blind $1
hughes218: posts big blind $3
*** HOLE CARDS ***
scorpio04: raises $3 to $6
hughes218: raises $3 to $9
scorpio04: calls $3
*** FLOP *** [Jc 5c Kh]
hughes218: bets $3
scorpio04: calls $3
*** TURN *** [Jc 5c Kh] [6s]
hughes218: bets $6
scorpio04: raises $6 to $12
hughes218: calls $6
*** RIVER *** [Jc 5c Kh 6s] [Qs]
hughes218: checks
scorpio04: bets $6
hughes218: calls $6
*** SHOW DOWN ***
scorpio04: shows [6h 6d] (three of a kind, Sixes)
hughes218: mucks hand
scorpio04 collected $59.50 from pot
*** SUMMARY ***
Total pot $60 | Rake $0.50
Board [Jc 5c Kh 6s Qs]
Seat 1: scorpio04 (button) (small blind) showed [6h 6d] and won ($59.50) with three of a kind, Sixes
Seat 2: hughes218 (big blind) mucked


PokerStars Hand #144954749968:  Hold'em Limit ($3/$6 USD) - 2015/12/07 4:19:31 ET
Table 'Nuwa II' 2-max Seat #1 is the button
Seat 1: scorpio04 ($222.66 in chips)
Seat 2: hughes218 ($138.96 in chips)
scorpio04: posts small blind $1
hughes218: posts big blind $3
*** HOLE CARDS ***
scorpio04: raises $3 to $6
hughes218: raises $3 to $9
scorpio04: calls $3
*** FLOP *** [Jd Jc 4s]
hughes218: bets $3
scorpio04: folds
Uncalled bet ($3) returned to hughes218
hughes218 collected $17.64 from pot
hughes218: doesn't show hand
*** SUMMARY ***
Total pot $18 | Rake $0.36
Board [Jd Jc 4s]
Seat 1: scorpio04 (button) (small blind) folded on the Flop
Seat 2: hughes218 (big blind) collected ($17.64)


PokerStars Hand #144954756699:  Hold'em Limit ($3/$6 USD) - 2015/12/07 4:19:47 ET
Table 'Nuwa II' 2-max Seat #2 is the button
Seat 1: scorpio04 ($213.66 in chips)
Seat 2: hughes218 ($147.60 in chips)
hughes218: posts small blind $1
scorpio04: posts big blind $3
*** HOLE CARDS ***
hughes218: raises $3 to $6
scorpio04: calls $3
*** FLOP *** [Jd 2d 3s]
scorpio04: checks
hughes218: bets $3
scorpio04: calls $3
*** TURN *** [Jd 2d 3s] [6c]
scorpio04: checks
hughes218: checks
*** RIVER *** [Jd 2d 3s 6c] [3h]
scorpio04: bets $6
hughes218: folds
Uncalled bet ($6) returned to scorpio04
scorpio04 collected $17.64 from pot
scorpio04: doesn't show hand
*** SUMMARY ***
Total pot $18 | Rake $0.36
Board [Jd 2d 3s 6c 3h]
Seat 1: scorpio04 (big blind) collected ($17.64)
Seat 2: hughes218 (button) (small blind) folded on the River


PokerStars Hand #144954766344:  Hold'em Limit ($3/$6 USD) - 2015/12/07 4:20:10 ET
Table 'Nuwa II' 2-max Seat #1 is the button
Seat 1: scorpio04 ($222.30 in chips)
Seat 2: hughes218 ($138.60 in chips)
scorpio04: posts small blind $1
hughes218: posts big blind $3
*** HOLE CARDS ***
scorpio04: folds
Uncalled bet ($2) returned to hughes218
hughes218 collected $2 from pot
hughes218: doesn't show hand
*** SUMMARY ***
Total pot $2 | Rake $0
Seat 1: scorpio04 (button) (small blind) folded before Flop
Seat 2: hughes218 (big blind) collected ($2)


PokerStars Hand #144954747653:  Hold'em Limit ($3/$6 USD) - 2015/12/07 4:19:26 ET
Table 'Nuwa II' 2-max Seat #2 is the button
Seat 1: scorpio04 ($221.66 in chips)
Seat 2: hughes218 ($139.96 in chips)
hughes218: posts small blind $1
scorpio04: posts big blind $3
*** HOLE CARDS ***
hughes218: folds
Uncalled bet ($2) returned to scorpio04
scorpio04 collected $2 from pot
scorpio04: doesn't show hand
*** SUMMARY ***
Total pot $2 | Rake $0
Seat 1: scorpio04 (big blind) collected ($2)
Seat 2: hughes218 (button) (small blind) folded before Flop


PokerStars Hand #144954740886:  Hold'em Limit ($3/$6 USD) - 2015/12/07 4:19:10 ET
Table 'Nuwa II' 2-max Seat #1 is the button
Seat 1: scorpio04 ($230.66 in chips)
Seat 2: hughes218 ($131.32 in chips)
scorpio04: posts small blind $1
hughes218: posts big blind $3
*** HOLE CARDS ***
scorpio04: raises $3 to $6
hughes218: calls $3
*** FLOP *** [As Jc 3h]
hughes218: checks
scorpio04: bets $3
hughes218: raises $3 to $6
scorpio04: folds
Uncalled bet ($3) returned to hughes218
hughes218 collected $17.64 from pot
hughes218: doesn't show hand
*** SUMMARY ***
Total pot $18 | Rake $0.36
Board [As Jc 3h]
Seat 1: scorpio04 (button) (small blind) folded on the Flop
Seat 2: hughes218 (big blind) collected ($17.64)


PokerStars Hand #144954781000:  Hold'em Limit ($3/$6 USD) - 2015/12/07 4:20:44 ET
Table 'Nuwa II' 2-max Seat #2 is the button
Seat 1: scorpio04 ($218.30 in chips)
Seat 2: hughes218 ($142.36 in chips)
hughes218: posts small blind $1
scorpio04: posts big blind $3
*** HOLE CARDS ***
hughes218: raises $3 to $6
scorpio04: calls $3
*** FLOP *** [3s Jc 3c]
scorpio04: checks
hughes218: bets $3
scorpio04: folds
Uncalled bet ($3) returned to hughes218
hughes218 collected $11.76 from pot
hughes218: doesn't show hand
*** SUMMARY ***
Total pot $12 | Rake $0.24
Board [3s Jc 3c]
Seat 1: scorpio04 (big blind) folded on the Flop
Seat 2: hughes218 (button) (small blind) collected ($11.76)


PokerStars Hand #144954769887:  Hold'em Limit ($3/$6 USD) - 2015/12/07 4:20:18 ET
Table 'Nuwa II' 2-max Seat #2 is the button
Seat 1: scorpio04 ($221.30 in chips)
Seat 2: hughes218 ($139.60 in chips)
hughes218: posts small blind $1
scorpio04: posts big blind $3
*** HOLE CARDS ***
hughes218: raises $3 to $6
scorpio04: calls $3
*** FLOP *** [Kd 6s As]
scorpio04: checks
hughes218: bets $3
scorpio04: folds
Uncalled bet ($3) returned to hughes218
hughes218 collected $11.76 from pot
hughes218: doesn't show hand
*** SUMMARY ***
Total pot $12 | Rake $0.24
Board [Kd 6s As]
Seat 1: scorpio04 (big blind) folded on the Flop
Seat 2: hughes218 (button) (small blind) collected ($11.76)


PokerStars Hand #144954778095:  Hold'em Limit ($3/$6 USD) - 2015/12/07 4:20:37 ET
Table 'Nuwa II' 2-max Seat #1 is the button
Seat 1: scorpio04 ($215.30 in chips)
Seat 2: hughes218 ($145.36 in chips)
scorpio04: posts small blind $1
hughes218: posts big blind $3
*** HOLE CARDS ***
scorpio04: raises $3 to $6
hughes218: folds
Uncalled bet ($3) returned to scorpio04
scorpio04 collected $6 from pot
scorpio04: doesn't show hand
*** SUMMARY ***
Total pot $6 | Rake $0
Seat 1: scorpio04 (button) (small blind) collected ($6)
Seat 2: hughes218 (big blind) folded before Flop


PokerStars Hand #144954789455:  Hold'em Limit ($3/$6 USD) - 2015/12/07 4:21:04 ET
Table 'Nuwa II' 2-max Seat #1 is the button
Seat 1: scorpio04 ($212.30 in chips)
Seat 2: hughes218 ($148.12 in chips)
scorpio04: posts small blind $1
hughes218: posts big blind $3
*** HOLE CARDS ***
scorpio04: raises $3 to $6
hughes218: calls $3
*** FLOP *** [6h Tc 4c]
hughes218: checks
scorpio04: bets $3
hughes218: raises $3 to $6
scorpio04: calls $3
*** TURN *** [6h Tc 4c] [Js]
hughes218: checks
scorpio04: checks
*** RIVER *** [6h Tc 4c Js] [2c]
hughes218: bets $6
scorpio04: calls $6
*** SHOW DOWN ***
hughes218: shows [5d 7h] (high card Jack)
scorpio04: shows [Qh Ah] (high card Ace)
scorpio04 collected $35.50 from pot
*** SUMMARY ***
Total pot $36 | Rake $0.50
Board [6h Tc 4c Js 2c]
Seat 1: scorpio04 (button) (small blind) showed [Qh Ah] and won ($35.50) with high card Ace
Seat 2: hughes218 (big blind) showed [5d 7h] and lost with high card Jack


PokerStars Hand #144954814172:  Hold'em Limit ($3/$6 USD) - 2015/12/07 4:22:02 ET
Table 'Nuwa II' 2-max Seat #2 is the button
Seat 1: scorpio04 ($229.80 in chips)
Seat 2: hughes218 ($130.12 in chips)
hughes218: posts small blind $1
scorpio04: posts big blind $3
*** HOLE CARDS ***
hughes218: folds
Uncalled bet ($2) returned to scorpio04
scorpio04 collected $2 from pot
scorpio04: doesn't show hand
*** SUMMARY ***
Total pot $2 | Rake $0
Seat 1: scorpio04 (big blind) collected ($2)
Seat 2: hughes218 (button) (small blind) folded before Flop


PokerStars Hand #144954825431:  Hold'em Limit ($3/$6 USD) - 2015/12/07 4:22:28 ET
Table 'Nuwa II' 2-max Seat #1 is the button
Seat 1: scorpio04 ($240.44 in chips)
Seat 2: hughes218 ($119.12 in chips)
scorpio04: posts small blind $1
hughes218: posts big blind $3
*** HOLE CARDS ***
scorpio04: raises $3 to $6
hughes218: calls $3
*** FLOP *** [Kd 6s 6h]
hughes218: checks
scorpio04: bets $3
hughes218: calls $3
*** TURN *** [Kd 6s 6h] [Kc]
hughes218: checks
scorpio04: checks
*** RIVER *** [Kd 6s 6h Kc] [9s]
hughes218: bets $6
scorpio04: folds
Uncalled bet ($6) returned to hughes218
hughes218 collected $17.64 from pot
hughes218: doesn't show hand
*** SUMMARY ***
Total pot $18 | Rake $0.36
Board [Kd 6s 6h Kc 9s]
Seat 1: scorpio04 (button) (small blind) folded on the River
Seat 2: hughes218 (big blind) collected ($17.64)


PokerStars Hand #144954823202:  Hold'em Limit ($3/$6 USD) - 2015/12/07 4:22:23 ET
Table 'Nuwa II' 2-max Seat #2 is the button
Seat 1: scorpio04 ($239.44 in chips)
Seat 2: hughes218 ($120.12 in chips)
hughes218: posts small blind $1
scorpio04: posts big blind $3
*** HOLE CARDS ***
hughes218: folds
Uncalled bet ($2) returned to scorpio04
scorpio04 collected $2 from pot
scorpio04: doesn't show hand
*** SUMMARY ***
Total pot $2 | Rake $0
Seat 1: scorpio04 (big blind) collected ($2)
Seat 2: hughes218 (button) (small blind) folded before Flop


PokerStars Hand #144954816507:  Hold'em Limit ($3/$6 USD) - 2015/12/07 4:22:07 ET
Table 'Nuwa II' 2-max Seat #1 is the button
Seat 1: scorpio04 ($230.80 in chips)
Seat 2: hughes218 ($129.12 in chips)
scorpio04: posts small blind $1
hughes218: posts big blind $3
*** HOLE CARDS ***
scorpio04: raises $3 to $6
hughes218: calls $3
*** FLOP *** [4c 5s 6c]
hughes218: checks
scorpio04: bets $3
hughes218: calls $3
*** TURN *** [4c 5s 6c] [3c]
hughes218: checks
scorpio04: bets $6
hughes218: folds
Uncalled bet ($6) returned to scorpio04
scorpio04 collected $17.64 from pot
scorpio04: doesn't show hand
*** SUMMARY ***
Total pot $18 | Rake $0.36
Board [4c 5s 6c 3c]
Seat 1: scorpio04 (button) (small blind) collected ($17.64)
Seat 2: hughes218 (big blind) folded on the Turn


PokerStars Hand #144954853782:  Hold'em Limit ($3/$6 USD) - 2015/12/07 4:23:35 ET
Table 'Nuwa II' 2-max Seat #2 is the button
Seat 1: scorpio04 ($210.44 in chips)
Seat 2: hughes218 ($148.26 in chips)
hughes218: posts small blind $1
scorpio04: posts big blind $3
*** HOLE CARDS ***
hughes218: raises $3 to $6
scorpio04: calls $3
*** FLOP *** [Ks Qs 5h]
scorpio04: checks
hughes218: bets $3
scorpio04: folds
Uncalled bet ($3) returned to hughes218
hughes218 collected $11.76 from pot
*** SUMMARY ***
Total pot $12 | Rake $0.24
Board [Ks Qs 5h]
Seat 1: scorpio04 (big blind) folded on the Flop
Seat 2: hughes218 (button) (small blind) collected ($11.76)


PokerStars Hand #144954838447:  Hold'em Limit ($3/$6 USD) - 2015/12/07 4:22:59 ET
Table 'Nuwa II' 2-max Seat #2 is the button
Seat 1: scorpio04 ($231.44 in chips)
Seat 2: hughes218 ($127.76 in chips)
hughes218: posts small blind $1
scorpio04: posts big blind $3
*** HOLE CARDS ***
hughes218: raises $3 to $6
scorpio04: raises $3 to $9
hughes218: calls $3
*** FLOP *** [2c 9h Js]
scorpio04: bets $3
hughes218: calls $3
*** TURN *** [2c 9h Js] [5h]
scorpio04: bets $6
hughes218: raises $6 to $12
scorpio04: calls $6
*** RIVER *** [2c 9h Js 5h] [7s]
scorpio04: checks
hughes218: checks
*** SHOW DOWN ***
scorpio04: shows [Td Ks] (high card King)
hughes218: shows [2d Qd] (a pair of Deuces)
hughes218 collected $47.50 from pot
*** SUMMARY ***
Total pot $48 | Rake $0.50
Board [2c 9h Js 5h 7s]
Seat 1: scorpio04 (big blind) showed [Td Ks] and lost with high card King
Seat 2: hughes218 (button) (small blind) showed [2d Qd] and won ($47.50) with a pair of Deuces


PokerStars Hand #144954851534:  Hold'em Limit ($3/$6 USD) - 2015/12/07 4:23:30 ET
Table 'Nuwa II' 2-max Seat #1 is the button
Seat 1: scorpio04 ($207.44 in chips)
Seat 2: hughes218 ($151.26 in chips)
scorpio04: posts small blind $1
hughes218: posts big blind $3
*** HOLE CARDS ***
scorpio04: raises $3 to $6
hughes218: folds
Uncalled bet ($3) returned to scorpio04
scorpio04 collected $6 from pot
scorpio04: doesn't show hand
*** SUMMARY ***
Total pot $6 | Rake $0
Seat 1: scorpio04 (button) (small blind) collected ($6)
Seat 2: hughes218 (big blind) folded before Flop


PokerStars Hand #144954873853:  Hold'em Limit ($3/$6 USD) - 2015/12/07 4:24:23 ET
Table 'Nuwa II' 2-max Seat #2 is the button
Seat 1: scorpio04 ($204.26 in chips)
Seat 2: hughes218 ($153.84 in chips)
hughes218: posts small blind $1
scorpio04: posts big blind $3
*** HOLE CARDS ***
hughes218: raises $3 to $6
scorpio04: raises $3 to $9
hughes218: calls $3
*** FLOP *** [Kd 7s 2d]
scorpio04: bets $3
hughes218: calls $3
*** TURN *** [Kd 7s 2d] [Th]
scorpio04: checks
hughes218: bets $6
scorpio04: folds
Uncalled bet ($6) returned to hughes218
hughes218 collected $23.52 from pot
hughes218: doesn't show hand
*** SUMMARY ***
Total pot $24 | Rake $0.48
Board [Kd 7s 2d Th]
Seat 1: scorpio04 (big blind) folded on the Turn
Seat 2: hughes218 (button) (small blind) collected ($23.52)


PokerStars Hand #144954860234:  Hold'em Limit ($3/$6 USD) - 2015/12/07 4:23:50 ET
Table 'Nuwa II' 2-max Seat #1 is the button
Seat 1: scorpio04 ($204.44 in chips)
Seat 2: hughes218 ($154.02 in chips)
scorpio04: posts small blind $1
hughes218: posts big blind $3
*** HOLE CARDS ***
scorpio04: raises $3 to $6
hughes218: calls $3
*** FLOP *** [9h 8c Ts]
hughes218: checks
scorpio04: bets $3
hughes218: calls $3
*** TURN *** [9h 8c Ts] [Js]
hughes218: checks
scorpio04: checks
*** RIVER *** [9h 8c Ts Js] [7h]
hughes218: checks
scorpio04: checks
*** SHOW DOWN ***
hughes218: shows [Ks 9d] (a straight, Seven to Jack)
scorpio04: shows [Ah 4h] (a straight, Seven to Jack)
hughes218 collected $8.82 from pot
scorpio04 collected $8.82 from pot
*** SUMMARY ***
Total pot $18 | Rake $0.36
Board [9h 8c Ts Js 7h]
Seat 1: scorpio04 (button) (small blind) showed [Ah 4h] and won ($8.82) with a straight, Seven to Jack
Seat 2: hughes218 (big blind) showed [Ks 9d] and won ($8.82) with a straight, Seven to Jack


PokerStars Hand #144954883927:  Hold'em Limit ($3/$6 USD) - 2015/12/07 4:24:46 ET
Table 'Nuwa II' 2-max Seat #1 is the button
Seat 1: scorpio04 ($192.26 in chips)
Seat 2: hughes218 ($165.36 in chips)
scorpio04: posts small blind $1
hughes218: posts big blind $3
*** HOLE CARDS ***
scorpio04: folds
Uncalled bet ($2) returned to hughes218
hughes218 collected $2 from pot
hughes218: doesn't show hand
*** SUMMARY ***
Total pot $2 | Rake $0
Seat 1: scorpio04 (button) (small blind) folded before Flop
Seat 2: hughes218 (big blind) collected ($2)


PokerStars Hand #144954888039:  Hold'em Limit ($3/$6 USD) - 2015/12/07 4:24:56 ET
Table 'Nuwa II' 2-max Seat #2 is the button
Seat 1: scorpio04 ($191.26 in chips)
Seat 2: hughes218 ($166.36 in chips)
hughes218: posts small blind $1
scorpio04: posts big blind $3
*** HOLE CARDS ***
hughes218: raises $3 to $6
scorpio04: calls $3
*** FLOP *** [2d 4s Ts]
scorpio04: checks
hughes218: bets $3
scorpio04: raises $3 to $6
hughes218: calls $3
*** TURN *** [2d 4s Ts] [5h]
scorpio04: bets $6
hughes218: raises $6 to $12
scorpio04: calls $6
*** RIVER *** [2d 4s Ts 5h] [Qs]
scorpio04: checks
hughes218: checks
*** SHOW DOWN ***
scorpio04: shows [Tc 3d] (a pair of Tens)
hughes218: mucks hand
scorpio04 collected $47.50 from pot
*** SUMMARY ***
Total pot $48 | Rake $0.50
Board [2d 4s Ts 5h Qs]
Seat 1: scorpio04 (big blind) showed [Tc 3d] and won ($47.50) with a pair of Tens
Seat 2: hughes218 (button) (small blind) mucked


PokerStars Hand #144954904779:  Hold'em Limit ($3/$6 USD) - 2015/12/07 4:25:35 ET
Table 'Nuwa II' 2-max Seat #2 is the button
Seat 1: scorpio04 ($213.76 in chips)
Seat 2: hughes218 ($143.36 in chips)
hughes218: posts small blind $1
scorpio04: posts big blind $3
*** HOLE CARDS ***
hughes218: raises $3 to $6
scorpio04: calls $3
*** FLOP *** [3h Ad 5s]
scorpio04: checks
hughes218: bets $3
scorpio04: calls $3
*** TURN *** [3h Ad 5s] [Jc]
scorpio04: checks
hughes218: bets $6
scorpio04: calls $6
*** RIVER *** [3h Ad 5s Jc] [3s]
scorpio04: bets $6
hughes218: calls $6
*** SHOW DOWN ***
scorpio04: shows [3d 8s] (three of a kind, Threes)
hughes218: mucks hand
scorpio04 collected $41.50 from pot
*** SUMMARY ***
Total pot $42 | Rake $0.50
Board [3h Ad 5s Jc 3s]
Seat 1: scorpio04 (big blind) showed [3d 8s] and won ($41.50) with three of a kind, Threes
Seat 2: hughes218 (button) (small blind) mucked


PokerStars Hand #144954902632:  Hold'em Limit ($3/$6 USD) - 2015/12/07 4:25:30 ET
Table 'Nuwa II' 2-max Seat #1 is the button
Seat 1: scorpio04 ($214.76 in chips)
Seat 2: hughes218 ($142.36 in chips)
scorpio04: posts small blind $1
hughes218: posts big blind $3
*** HOLE CARDS ***
scorpio04: folds
Uncalled bet ($2) returned to hughes218
hughes218 collected $2 from pot
hughes218: doesn't show hand
*** SUMMARY ***
Total pot $2 | Rake $0
Seat 1: scorpio04 (button) (small blind) folded before Flop
Seat 2: hughes218 (big blind) collected ($2)


PokerStars Hand #144954922554:  Hold'em Limit ($3/$6 USD) - 2015/12/07 4:26:17 ET
Table 'Nuwa II' 2-max Seat #1 is the button
Seat 1: scorpio04 ($234.26 in chips)
Seat 2: hughes218 ($122.36 in chips)
scorpio04: posts small blind $1
hughes218: posts big blind $3
*** HOLE CARDS ***
scorpio04: raises $3 to $6
hughes218: folds
Uncalled bet ($3) returned to scorpio04
scorpio04 collected $6 from pot
scorpio04: doesn't show hand
*** SUMMARY ***
Total pot $6 | Rake $0
Seat 1: scorpio04 (button) (small blind) collected ($6)
Seat 2: hughes218 (big blind) folded before Flop


PokerStars Hand #144954938054:  Hold'em Limit ($3/$6 USD) - 2015/12/07 4:26:54 ET
Table 'Nuwa II' 2-max Seat #1 is the button
Seat 1: scorpio04 ($231.26 in chips)
Seat 2: hughes218 ($125.12 in chips)
scorpio04: posts small blind $1
hughes218: posts big blind $3
*** HOLE CARDS ***
scorpio04: folds
Uncalled bet ($2) returned to hughes218
hughes218 collected $2 from pot
hughes218: doesn't show hand
*** SUMMARY ***
Total pot $2 | Rake $0
Seat 1: scorpio04 (button) (small blind) folded before Flop
Seat 2: hughes218 (big blind) collected ($2)


PokerStars Hand #144954929121:  Hold'em Limit ($3/$6 USD) - 2015/12/07 4:26:33 ET
Table 'Nuwa II' 2-max Seat #2 is the button
Seat 1: scorpio04 ($237.26 in chips)
Seat 2: hughes218 ($119.36 in chips)
hughes218: posts small blind $1
scorpio04: posts big blind $3
*** HOLE CARDS ***
hughes218: raises $3 to $6
scorpio04: calls $3
*** FLOP *** [Tc 5c 9d]
scorpio04: checks
hughes218: bets $3
scorpio04: folds
Uncalled bet ($3) returned to hughes218
hughes218 collected $11.76 from pot
hughes218: doesn't show hand
*** SUMMARY ***
Total pot $12 | Rake $0.24
Board [Tc 5c 9d]
Seat 1: scorpio04 (big blind) folded on the Flop
Seat 2: hughes218 (button) (small blind) collected ($11.76)


PokerStars Hand #144954949657:  Hold'em Limit ($3/$6 USD) - 2015/12/07 4:27:21 ET
Table 'Nuwa II' 2-max Seat #1 is the button
Seat 1: scorpio04 ($221.26 in chips)
Seat 2: hughes218 ($134.76 in chips)
scorpio04: posts small blind $1
hughes218: posts big blind $3
*** HOLE CARDS ***
scorpio04: raises $3 to $6
hughes218: folds
Uncalled bet ($3) returned to scorpio04
scorpio04 collected $6 from pot
scorpio04: doesn't show hand
*** SUMMARY ***
Total pot $6 | Rake $0
Seat 1: scorpio04 (button) (small blind) collected ($6)
Seat 2: hughes218 (big blind) folded before Flop


PokerStars Hand #144954954185:  Hold'em Limit ($3/$6 USD) - 2015/12/07 4:27:32 ET
Table 'Nuwa II' 2-max Seat #2 is the button
Seat 1: scorpio04 ($224.26 in chips)
Seat 2: hughes218 ($131.76 in chips)
hughes218: posts small blind $1
scorpio04: posts big blind $3
*** HOLE CARDS ***
hughes218: raises $3 to $6
scorpio04: raises $3 to $9
hughes218: calls $3
*** FLOP *** [3d 4c 8s]
scorpio04: bets $3
hughes218: raises $3 to $6
scorpio04: raises $3 to $9
hughes218: calls $3
*** TURN *** [3d 4c 8s] [7s]
scorpio04: bets $6
hughes218: calls $6
*** RIVER *** [3d 4c 8s 7s] [2d]
scorpio04: bets $6
hughes218: calls $6
*** SHOW DOWN ***
scorpio04: shows [8d Ah] (a pair of Eights)
hughes218: mucks hand
scorpio04 collected $59.50 from pot
*** SUMMARY ***
Total pot $60 | Rake $0.50
Board [3d 4c 8s 7s 2d]
Seat 1: scorpio04 (big blind) showed [8d Ah] and won ($59.50) with a pair of Eights
Seat 2: hughes218 (button) (small blind) mucked


PokerStars Hand #144954966816:  Hold'em Limit ($3/$6 USD) - 2015/12/07 4:28:01 ET
Table 'Nuwa II' 2-max Seat #1 is the button
Seat 1: scorpio04 ($253.76 in chips)
Seat 2: hughes218 ($101.76 in chips)
scorpio04: posts small blind $1
hughes218: posts big blind $3
*** HOLE CARDS ***
scorpio04: raises $3 to $6
hughes218: calls $3
*** FLOP *** [Ac Jd 2s]
hughes218: checks
scorpio04: bets $3
hughes218: raises $3 to $6
scorpio04: folds
Uncalled bet ($3) returned to hughes218
hughes218 collected $17.64 from pot
hughes218: doesn't show hand
*** SUMMARY ***
Total pot $18 | Rake $0.36
Board [Ac Jd 2s]
Seat 1: scorpio04 (button) (small blind) folded on the Flop
Seat 2: hughes218 (big blind) collected ($17.64)


PokerStars Hand #144954974611:  Hold'em Limit ($3/$6 USD) - 2015/12/07 4:28:20 ET
Table 'Nuwa II' 2-max Seat #2 is the button
Seat 1: scorpio04 ($244.76 in chips)
Seat 2: hughes218 ($110.40 in chips)
hughes218: posts small blind $1
scorpio04: posts big blind $3
*** HOLE CARDS ***
hughes218: raises $3 to $6
scorpio04: folds
Uncalled bet ($3) returned to hughes218
hughes218 collected $6 from pot
hughes218: doesn't show hand
*** SUMMARY ***
Total pot $6 | Rake $0
Seat 1: scorpio04 (big blind) folded before Flop
Seat 2: hughes218 (button) (small blind) collected ($6)


PokerStars Hand #144954981498:  Hold'em Limit ($3/$6 USD) - 2015/12/07 4:28:36 ET
Table 'Nuwa II' 2-max Seat #2 is the button
Seat 1: scorpio04 ($240.76 in chips)
Seat 2: hughes218 ($114.40 in chips)
hughes218: posts small blind $1
scorpio04: posts big blind $3
*** HOLE CARDS ***
hughes218: raises $3 to $6
scorpio04: raises $3 to $9
hughes218: calls $3
*** FLOP *** [6s 6h 8d]
scorpio04: bets $3
hughes218: calls $3
*** TURN *** [6s 6h 8d] [8h]
scorpio04: bets $6
hughes218: folds
Uncalled bet ($6) returned to scorpio04
scorpio04 collected $23.52 from pot
scorpio04: doesn't show hand
*** SUMMARY ***
Total pot $24 | Rake $0.48
Board [6s 6h 8d 8h]
Seat 1: scorpio04 (big blind) collected ($23.52)
Seat 2: hughes218 (button) (small blind) folded on the Turn


PokerStars Hand #144954978247:  Hold'em Limit ($3/$6 USD) - 2015/12/07 4:28:28 ET
Table 'Nuwa II' 2-max Seat #1 is the button
Seat 1: scorpio04 ($241.76 in chips)
Seat 2: hughes218 ($113.40 in chips)
scorpio04: posts small blind $1
hughes218: posts big blind $3
*** HOLE CARDS ***
scorpio04: folds
Uncalled bet ($2) returned to hughes218
hughes218 collected $2 from pot
hughes218: doesn't show hand
*** SUMMARY ***
Total pot $2 | Rake $0
Seat 1: scorpio04 (button) (small blind) folded before Flop
Seat 2: hughes218 (big blind) collected ($2)


PokerStars Hand #144955005452:  Hold'em Limit ($3/$6 USD) - 2015/12/07 4:29:32 ET
Table 'Nuwa II' 2-max Seat #2 is the button
Seat 1: scorpio04 ($267.80 in chips)
Seat 2: hughes218 ($86.40 in chips)
hughes218: posts small blind $1
scorpio04: posts big blind $3
*** HOLE CARDS ***
hughes218: raises $3 to $6
scorpio04: calls $3
*** FLOP *** [3s 4d 3c]
scorpio04: checks
hughes218: bets $3
scorpio04: raises $3 to $6
hughes218: calls $3
*** TURN *** [3s 4d 3c] [Jc]
scorpio04: bets $6
hughes218: raises $6 to $12
scorpio04: raises $6 to $18
hughes218: folds
Uncalled bet ($6) returned to scorpio04
scorpio04 collected $47.50 from pot
scorpio04: doesn't show hand
*** SUMMARY ***
Total pot $48 | Rake $0.50
Board [3s 4d 3c Jc]
Seat 1: scorpio04 (big blind) collected ($47.50)
Seat 2: hughes218 (button) (small blind) folded on the Turn


PokerStars Hand #144955017631:  Hold'em Limit ($3/$6 USD) - 2015/12/07 4:30:00 ET
Table 'Nuwa II' 2-max Seat #1 is the button
Seat 1: scorpio04 ($291.30 in chips)
Seat 2: hughes218 ($62.40 in chips)
scorpio04: posts small blind $1
hughes218: posts big blind $3
*** HOLE CARDS ***
scorpio04: raises $3 to $6
hughes218: calls $3
*** FLOP *** [Td Ac 7h]
hughes218: checks
scorpio04: bets $3
hughes218: folds
Uncalled bet ($3) returned to scorpio04
scorpio04 collected $11.76 from pot
scorpio04: doesn't show hand
*** SUMMARY ***
Total pot $12 | Rake $0.24
Board [Td Ac 7h]
Seat 1: scorpio04 (button) (small blind) collected ($11.76)
Seat 2: hughes218 (big blind) folded on the Flop


PokerStars Hand #144955022221:  Hold'em Limit ($3/$6 USD) - 2015/12/07 4:30:11 ET
Table 'Nuwa II' 2-max Seat #2 is the button
Seat 1: scorpio04 ($297.06 in chips)
Seat 2: hughes218 ($56.40 in chips)
hughes218: posts small blind $1
scorpio04: posts big blind $3
*** HOLE CARDS ***
hughes218: folds
Uncalled bet ($2) returned to scorpio04
scorpio04 collected $2 from pot
scorpio04: doesn't show hand
*** SUMMARY ***
Total pot $2 | Rake $0
Seat 1: scorpio04 (big blind) collected ($2)
Seat 2: hughes218 (button) (small blind) folded before Flop


PokerStars Hand #144955002892:  Hold'em Limit ($3/$6 USD) - 2015/12/07 4:29:26 ET
Table 'Nuwa II' 2-max Seat #1 is the button
Seat 1: scorpio04 ($264.80 in chips)
Seat 2: hughes218 ($89.40 in chips)
scorpio04: posts small blind $1
hughes218: posts big blind $3
*** HOLE CARDS ***
scorpio04: raises $3 to $6
hughes218: folds
Uncalled bet ($3) returned to scorpio04
scorpio04 collected $6 from pot
scorpio04: doesn't show hand
*** SUMMARY ***
Total pot $6 | Rake $0
Seat 1: scorpio04 (button) (small blind) collected ($6)
Seat 2: hughes218 (big blind) folded before Flop


PokerStars Hand #144955000695:  Hold'em Limit ($3/$6 USD) - 2015/12/07 4:29:21 ET
Table 'Nuwa II' 2-max Seat #2 is the button
Seat 1: scorpio04 ($263.80 in chips)
Seat 2: hughes218 ($90.40 in chips)
hughes218: posts small blind $1
scorpio04: posts big blind $3
*** HOLE CARDS ***
hughes218: folds
Uncalled bet ($2) returned to scorpio04
scorpio04 collected $2 from pot
scorpio04: doesn't show hand
*** SUMMARY ***
Total pot $2 | Rake $0
Seat 1: scorpio04 (big blind) collected ($2)
Seat 2: hughes218 (button) (small blind) folded before Flop


PokerStars Hand #144955044832:  Hold'em Limit ($3/$6 USD) - 2015/12/07 4:31:03 ET
Table 'Nuwa II' 2-max Seat #2 is the button
Seat 1: scorpio04 ($335.20 in chips)
Seat 2: hughes218 ($17.40 in chips)
hughes218: posts small blind $1
scorpio04: posts big blind $3
*** HOLE CARDS ***
hughes218: folds
Uncalled bet ($2) returned to scorpio04
scorpio04 collected $2 from pot
scorpio04: doesn't show hand
*** SUMMARY ***
Total pot $2 | Rake $0
Seat 1: scorpio04 (big blind) collected ($2)
Seat 2: hughes218 (button) (small blind) folded before Flop


PokerStars Hand #144955047144:  Hold'em Limit ($3/$6 USD) - 2015/12/07 4:31:09 ET
Table 'Nuwa II' 2-max Seat #1 is the button
Seat 1: scorpio04 ($336.20 in chips)
Seat 2: hughes218 ($16.40 in chips)
scorpio04: posts small blind $1
hughes218: posts big blind $3
*** HOLE CARDS ***
scorpio04: folds
Uncalled bet ($2) returned to hughes218
hughes218 collected $2 from pot
hughes218: doesn't show hand
*** SUMMARY ***
Total pot $2 | Rake $0
Seat 1: scorpio04 (button) (small blind) folded before Flop
Seat 2: hughes218 (big blind) collected ($2)


PokerStars Hand #144955037898:  Hold'em Limit ($3/$6 USD) - 2015/12/07 4:30:47 ET
Table 'Nuwa II' 2-max Seat #1 is the button
Seat 1: scorpio04 ($336.20 in chips)
Seat 2: hughes218 ($16.40 in chips)
scorpio04: posts small blind $1
hughes218: posts big blind $3
*** HOLE CARDS ***
scorpio04: folds
Uncalled bet ($2) returned to hughes218
hughes218 collected $2 from pot
hughes218: doesn't show hand
*** SUMMARY ***
Total pot $2 | Rake $0
Seat 1: scorpio04 (button) (small blind) folded before Flop
Seat 2: hughes218 (big blind) collected ($2)


PokerStars Hand #144955033957:  Hold'em Limit ($3/$6 USD) - 2015/12/07 4:30:38 ET
Table 'Nuwa II' 2-max Seat #2 is the button
Seat 1: scorpio04 ($327.56 in chips)
Seat 2: hughes218 ($25.40 in chips)
hughes218: posts small blind $1
scorpio04: posts big blind $3
*** HOLE CARDS ***
hughes218: raises $3 to $6
scorpio04: raises $3 to $9
hughes218: calls $3
*** FLOP *** [2s Jd 2h]
scorpio04: bets $3
hughes218: folds
Uncalled bet ($3) returned to scorpio04
scorpio04 collected $17.64 from pot
scorpio04: doesn't show hand
*** SUMMARY ***
Total pot $18 | Rake $0.36
Board [2s Jd 2h]
Seat 1: scorpio04 (big blind) collected ($17.64)
Seat 2: hughes218 (button) (small blind) folded on the Flop


PokerStars Hand #144955042358:  Hold'em Limit ($3/$6 USD) - 2015/12/07 4:30:58 ET
Table 'Nuwa II' 2-max Seat #1 is the button
Seat 1: scorpio04 ($336.20 in chips)
Seat 2: hughes218 ($16.40 in chips)
scorpio04: posts small blind $1
hughes218: posts big blind $3
*** HOLE CARDS ***
scorpio04: folds
Uncalled bet ($2) returned to hughes218
hughes218 collected $2 from pot
hughes218: doesn't show hand
*** SUMMARY ***
Total pot $2 | Rake $0
Seat 1: scorpio04 (button) (small blind) folded before Flop
Seat 2: hughes218 (big blind) collected ($2)


PokerStars Hand #144955039906:  Hold'em Limit ($3/$6 USD) - 2015/12/07 4:30:52 ET
Table 'Nuwa II' 2-max Seat #2 is the button
Seat 1: scorpio04 ($335.20 in chips)
Seat 2: hughes218 ($17.40 in chips)
hughes218: posts small blind $1
scorpio04: posts big blind $3
*** HOLE CARDS ***
hughes218: folds
Uncalled bet ($2) returned to scorpio04
scorpio04 collected $2 from pot
scorpio04: doesn't show hand
*** SUMMARY ***
Total pot $2 | Rake $0
Seat 1: scorpio04 (big blind) collected ($2)
Seat 2: hughes218 (button) (small blind) folded before Flop


PokerStars Hand #144955025033:  Hold'em Limit ($3/$6 USD) - 2015/12/07 4:30:17 ET
Table 'Nuwa II' 2-max Seat #1 is the button
Seat 1: scorpio04 ($298.06 in chips)
Seat 2: hughes218 ($55.40 in chips)
scorpio04: posts small blind $1
hughes218: posts big blind $3
*** HOLE CARDS ***
scorpio04: raises $3 to $6
hughes218: calls $3
*** FLOP *** [Jd 3h Ks]
hughes218: checks
scorpio04: checks
*** TURN *** [Jd 3h Ks] [5h]
hughes218: checks
scorpio04: bets $6
hughes218: raises $6 to $12
scorpio04: raises $6 to $18
hughes218: calls $6
*** RIVER *** [Jd 3h Ks 5h] [7h]
hughes218: checks
scorpio04: bets $6
hughes218: calls $6
*** SHOW DOWN ***
scorpio04: shows [Kh 3s] (two pair, Kings and Threes)
hughes218: mucks hand
scorpio04 collected $59.50 from pot
*** SUMMARY ***
Total pot $60 | Rake $0.50
Board [Jd 3h Ks 5h 7h]
Seat 1: scorpio04 (button) (small blind) showed [Kh 3s] and won ($59.50) with two pair, Kings and Threes
Seat 2: hughes218 (big blind) mucked


PokerStars Hand #144955049524:  Hold'em Limit ($3/$6 USD) - 2015/12/07 4:31:14 ET
Table 'Nuwa II' 2-max Seat #2 is the button
Seat 1: scorpio04 ($335.20 in chips)
Seat 2: hughes218 ($17.40 in chips)
hughes218: posts small blind $1
scorpio04: posts big blind $3
*** HOLE CARDS ***
hughes218: raises $3 to $6
scorpio04: raises $3 to $9
hughes218: calls $3
*** FLOP *** [Kd 7s Jc]
scorpio04: bets $3
hughes218: raises $3 to $6
scorpio04: raises $3 to $9
hughes218: calls $2.40 and is all-in
Uncalled bet ($0.60) returned to scorpio04
*** TURN *** [Kd 7s Jc] [6d]
*** RIVER *** [Kd 7s Jc 6d] [9d]
*** SHOW DOWN ***
scorpio04: shows [8d 8s] (a pair of Eights)
hughes218: shows [Kh Qc] (a pair of Kings)
hughes218 collected $34.30 from pot
*** SUMMARY ***
Total pot $34.80 | Rake $0.50
Board [Kd 7s Jc 6d 9d]
Seat 1: scorpio04 (big blind) showed [8d 8s] and lost with a pair of Eights
Seat 2: hughes218 (button) (small blind) showed [Kh Qc] and won ($34.30) with a pair of Kings


PokerStars Hand #144955066276:  Hold'em Limit ($3/$6 USD) - 2015/12/07 4:31:53 ET
Table 'Nuwa II' 2-max Seat #2 is the button
Seat 1: scorpio04 ($308.80 in chips)
Seat 2: hughes218 ($42.94 in chips)
hughes218: posts small blind $1
scorpio04: posts big blind $3
*** HOLE CARDS ***
hughes218: raises $3 to $6
scorpio04: raises $3 to $9
hughes218: calls $3
*** FLOP *** [Th Js 2c]
scorpio04: bets $3
hughes218: calls $3
*** TURN *** [Th Js 2c] [2s]
scorpio04: bets $6
hughes218: calls $6
*** RIVER *** [Th Js 2c 2s] [8d]
scorpio04: checks
hughes218: checks
*** SHOW DOWN ***
scorpio04: shows [3c Ac] (a pair of Deuces)
hughes218: shows [4s Ah] (a pair of Deuces)
scorpio04 collected $17.75 from pot
hughes218 collected $17.75 from pot
*** SUMMARY ***
Total pot $36 | Rake $0.50
Board [Th Js 2c 2s 8d]
Seat 1: scorpio04 (big blind) showed [3c Ac] and won ($17.75) with a pair of Deuces
Seat 2: hughes218 (button) (small blind) showed [4s Ah] and won ($17.75) with a pair of Deuces


PokerStars Hand #144955074105:  Hold'em Limit ($3/$6 USD) - 2015/12/07 4:32:11 ET
Table 'Nuwa II' 2-max Seat #1 is the button
Seat 1: scorpio04 ($308.55 in chips)
Seat 2: hughes218 ($42.69 in chips)
scorpio04: posts small blind $1
hughes218: posts big blind $3
*** HOLE CARDS ***
scorpio04: raises $3 to $6
hughes218: folds
Uncalled bet ($3) returned to scorpio04
scorpio04 collected $6 from pot
scorpio04: doesn't show hand
*** SUMMARY ***
Total pot $6 | Rake $0
Seat 1: scorpio04 (button) (small blind) collected ($6)
Seat 2: hughes218 (big blind) folded before Flop


PokerStars Hand #144955058787:  Hold'em Limit ($3/$6 USD) - 2015/12/07 4:31:36 ET
Table 'Nuwa II' 2-max Seat #1 is the button
Seat 1: scorpio04 ($317.80 in chips)
Seat 2: hughes218 ($34.30 in chips)
scorpio04: posts small blind $1
hughes218: posts big blind $3
*** HOLE CARDS ***
scorpio04: raises $3 to $6
hughes218: calls $3
*** FLOP *** [3s 7h Ad]
hughes218: checks
scorpio04: bets $3
hughes218: raises $3 to $6
scorpio04: folds
Uncalled bet ($3) returned to hughes218
hughes218 collected $17.64 from pot
hughes218: doesn't show hand
*** SUMMARY ***
Total pot $18 | Rake $0.36
Board [3s 7h Ad]
Seat 1: scorpio04 (button) (small blind) folded on the Flop
Seat 2: hughes218 (big blind) collected ($17.64)


PokerStars Hand #144955087904:  Hold'em Limit ($3/$6 USD) - 2015/12/07 4:32:43 ET
Table 'Nuwa II' 2-max Seat #1 is the button
Seat 1: scorpio04 ($305.55 in chips)
Seat 2: hughes218 ($45.45 in chips)
scorpio04: posts small blind $1
hughes218: posts big blind $3
*** HOLE CARDS ***
scorpio04: folds
Uncalled bet ($2) returned to hughes218
hughes218 collected $2 from pot
hughes218: doesn't show hand
*** SUMMARY ***
Total pot $2 | Rake $0
Seat 1: scorpio04 (button) (small blind) folded before Flop
Seat 2: hughes218 (big blind) collected ($2)


PokerStars Hand #144955076464:  Hold'em Limit ($3/$6 USD) - 2015/12/07 4:32:16 ET
Table 'Nuwa II' 2-max Seat #2 is the button
Seat 1: scorpio04 ($311.55 in chips)
Seat 2: hughes218 ($39.69 in chips)
hughes218: posts small blind $1
scorpio04: posts big blind $3
*** HOLE CARDS ***
hughes218: raises $3 to $6
scorpio04: calls $3
*** FLOP *** [5h Ts Kh]
scorpio04: checks
hughes218: bets $3
scorpio04: folds
Uncalled bet ($3) returned to hughes218
hughes218 collected $11.76 from pot
hughes218: doesn't show hand
*** SUMMARY ***
Total pot $12 | Rake $0.24
Board [5h Ts Kh]
Seat 1: scorpio04 (big blind) folded on the Flop
Seat 2: hughes218 (button) (small blind) collected ($11.76)


PokerStars Hand #144955111407:  Hold'em Limit ($3/$6 USD) - 2015/12/07 4:33:37 ET
Table 'Nuwa II' 2-max Seat #2 is the button
Seat 1: scorpio04 ($298.55 in chips)
Seat 2: hughes218 ($52.09 in chips)
hughes218: posts small blind $1
scorpio04: posts big blind $3
*** HOLE CARDS ***
hughes218: raises $3 to $6
scorpio04: calls $3
*** FLOP *** [Ah 8s 2d]
scorpio04: checks
hughes218: checks
*** TURN *** [Ah 8s 2d] [As]
scorpio04: bets $6
hughes218: calls $6
*** RIVER *** [Ah 8s 2d As] [Ac]
scorpio04: bets $6
hughes218: calls $6
*** SHOW DOWN ***
scorpio04: shows [2h Kd] (a full house, Aces full of Deuces)
hughes218: mucks hand
scorpio04 collected $35.50 from pot
*** SUMMARY ***
Total pot $36 | Rake $0.50
Board [Ah 8s 2d As Ac]
Seat 1: scorpio04 (big blind) showed [2h Kd] and won ($35.50) with a full house, Aces full of Deuces
Seat 2: hughes218 (button) (small blind) mucked


PokerStars Hand #144955108574:  Hold'em Limit ($3/$6 USD) - 2015/12/07 4:33:30 ET
Table 'Nuwa II' 2-max Seat #1 is the button
Seat 1: scorpio04 ($295.55 in chips)
Seat 2: hughes218 ($55.09 in chips)
scorpio04: posts small blind $1
hughes218: posts big blind $3
*** HOLE CARDS ***
scorpio04: raises $3 to $6
hughes218: folds
Uncalled bet ($3) returned to scorpio04
scorpio04 collected $6 from pot
scorpio04: doesn't show hand
*** SUMMARY ***
Total pot $6 | Rake $0
Seat 1: scorpio04 (button) (small blind) collected ($6)
Seat 2: hughes218 (big blind) folded before Flop


PokerStars Hand #144955090429:  Hold'em Limit ($3/$6 USD) - 2015/12/07 4:32:49 ET
Table 'Nuwa II' 2-max Seat #2 is the button
Seat 1: scorpio04 ($304.55 in chips)
Seat 2: hughes218 ($46.45 in chips)
hughes218: posts small blind $1
scorpio04: posts big blind $3
*** HOLE CARDS ***
hughes218: raises $3 to $6
scorpio04: calls $3
*** FLOP *** [Qh Kd Ah]
scorpio04: checks
hughes218: bets $3
scorpio04: calls $3
*** TURN *** [Qh Kd Ah] [7c]
scorpio04: checks
hughes218: bets $6
scorpio04: folds
Uncalled bet ($6) returned to hughes218
hughes218 collected $17.64 from pot
hughes218: doesn't show hand
*** SUMMARY ***
Total pot $18 | Rake $0.36
Board [Qh Kd Ah 7c]
Seat 1: scorpio04 (big blind) folded on the Turn
Seat 2: hughes218 (button) (small blind) collected ($17.64)


PokerStars Hand #144955144934:  Hold'em Limit ($3/$6 USD) - 2015/12/07 4:34:53 ET
Table 'Nuwa II' 2-max Seat #2 is the button
Seat 1: scorpio04 ($318.57 in chips)
Seat 2: hughes218 ($30.61 in chips)
hughes218: posts small blind $1
scorpio04: posts big blind $3
*** HOLE CARDS ***
hughes218: raises $3 to $6
scorpio04: calls $3
*** FLOP *** [Ts Ad As]
scorpio04: checks
hughes218: checks
*** TURN *** [Ts Ad As] [2d]
scorpio04: checks
hughes218: bets $6
scorpio04: calls $6
*** RIVER *** [Ts Ad As 2d] [6d]
scorpio04: checks
hughes218: checks
*** SHOW DOWN ***
scorpio04: shows [Tc 3d] (two pair, Aces and Tens)
hughes218: mucks hand
scorpio04 collected $23.52 from pot
*** SUMMARY ***
Total pot $24 | Rake $0.48
Board [Ts Ad As 2d 6d]
Seat 1: scorpio04 (big blind) showed [Tc 3d] and won ($23.52) with two pair, Aces and Tens
Seat 2: hughes218 (button) (small blind) mucked


PokerStars Hand #144955142121:  Hold'em Limit ($3/$6 USD) - 2015/12/07 4:34:47 ET
Table 'Nuwa II' 2-max Seat #1 is the button
Seat 1: scorpio04 ($315.57 in chips)
Seat 2: hughes218 ($33.61 in chips)
scorpio04: posts small blind $1
hughes218: posts big blind $3
*** HOLE CARDS ***
scorpio04: raises $3 to $6
hughes218: folds
Uncalled bet ($3) returned to scorpio04
scorpio04 collected $6 from pot
scorpio04: doesn't show hand
*** SUMMARY ***
Total pot $6 | Rake $0
Seat 1: scorpio04 (button) (small blind) collected ($6)
Seat 2: hughes218 (big blind) folded before Flop


PokerStars Hand #144955132427:  Hold'em Limit ($3/$6 USD) - 2015/12/07 4:34:25 ET
Table 'Nuwa II' 2-max Seat #2 is the button
Seat 1: scorpio04 ($304.05 in chips)
Seat 2: hughes218 ($45.61 in chips)
hughes218: posts small blind $1
scorpio04: posts big blind $3
*** HOLE CARDS ***
hughes218: raises $3 to $6
scorpio04: raises $3 to $9
hughes218: calls $3
*** FLOP *** [9s Kd Jh]
scorpio04: bets $3
hughes218: calls $3
*** TURN *** [9s Kd Jh] [5h]
scorpio04: bets $6
hughes218: folds
Uncalled bet ($6) returned to scorpio04
scorpio04 collected $23.52 from pot
scorpio04: doesn't show hand
*** SUMMARY ***
Total pot $24 | Rake $0.48
Board [9s Kd Jh 5h]
Seat 1: scorpio04 (big blind) collected ($23.52)
Seat 2: hughes218 (button) (small blind) folded on the Turn


PokerStars Hand #144955121434:  Hold'em Limit ($3/$6 USD) - 2015/12/07 4:34:00 ET
Table 'Nuwa II' 2-max Seat #1 is the button
Seat 1: scorpio04 ($316.05 in chips)
Seat 2: hughes218 ($34.09 in chips)
scorpio04: posts small blind $1
hughes218: posts big blind $3
*** HOLE CARDS ***
scorpio04: raises $3 to $6
hughes218: raises $3 to $9
scorpio04: calls $3
*** FLOP *** [7h 2c Td]
hughes218: bets $3
scorpio04: calls $3
*** TURN *** [7h 2c Td] [3h]
hughes218: checks
scorpio04: checks
*** RIVER *** [7h 2c Td 3h] [3d]
hughes218: checks
scorpio04: checks
*** SHOW DOWN ***
hughes218: shows [Qd Kc] (a pair of Threes)
scorpio04: mucks hand
hughes218 collected $23.52 from pot
*** SUMMARY ***
Total pot $24 | Rake $0.48
Board [7h 2c Td 3h 3d]
Seat 1: scorpio04 (button) (small blind) mucked
Seat 2: hughes218 (big blind) showed [Qd Kc] and won ($23.52) with a pair of Threes


PokerStars Hand #144955163401:  Hold'em Limit ($3/$6 USD) - 2015/12/07 4:35:36 ET
Table 'Nuwa II' 2-max Seat #2 is the button
Seat 1: scorpio04 ($311.48 in chips)
Seat 2: hughes218 ($36.72 in chips)
hughes218: posts small blind $1
scorpio04: posts big blind $3
*** HOLE CARDS ***
hughes218: raises $3 to $6
scorpio04: calls $3
*** FLOP *** [3d Qc Tc]
scorpio04: checks
hughes218: checks
*** TURN *** [3d Qc Tc] [Ad]
scorpio04: checks
hughes218: bets $6
scorpio04: folds
Uncalled bet ($6) returned to hughes218
hughes218 collected $11.76 from pot
hughes218: doesn't show hand
*** SUMMARY ***
Total pot $12 | Rake $0.24
Board [3d Qc Tc Ad]
Seat 1: scorpio04 (big blind) folded on the Turn
Seat 2: hughes218 (button) (small blind) collected ($11.76)


PokerStars Hand #144955152645:  Hold'em Limit ($3/$6 USD) - 2015/12/07 4:35:12 ET
Table 'Nuwa II' 2-max Seat #1 is the button
Seat 1: scorpio04 ($330.09 in chips)
Seat 2: hughes218 ($18.61 in chips)
scorpio04: posts small blind $1
hughes218: posts big blind $3
*** HOLE CARDS ***
scorpio04: raises $3 to $6
hughes218: raises $3 to $9
scorpio04: calls $3
*** FLOP *** [Tc As 9h]
hughes218: bets $3
scorpio04: calls $3
*** TURN *** [Tc As 9h] [9s]
hughes218: bets $6
scorpio04: calls $6
*** RIVER *** [Tc As 9h 9s] [5d]
hughes218: bets $0.61 and is all-in
scorpio04: calls $0.61
*** SHOW DOWN ***
hughes218: shows [Ks Ad] (two pair, Aces and Nines)
scorpio04: shows [3h Ah] (two pair, Aces and Nines - lower kicker)
hughes218 collected $36.72 from pot
*** SUMMARY ***
Total pot $37.22 | Rake $0.50
Board [Tc As 9h 9s 5d]
Seat 1: scorpio04 (button) (small blind) showed [3h Ah] and lost with two pair, Aces and Nines
Seat 2: hughes218 (big blind) showed [Ks Ad] and won ($36.72) with two pair, Aces and Nines


PokerStars Hand #144955175573:  Hold'em Limit ($3/$6 USD) - 2015/12/07 4:36:04 ET
Table 'Nuwa II' 2-max Seat #1 is the button
Seat 1: scorpio04 ($305.48 in chips)
Seat 2: hughes218 ($42.48 in chips)
scorpio04: posts small blind $1
hughes218: posts big blind $3
*** HOLE CARDS ***
scorpio04: folds
Uncalled bet ($2) returned to hughes218
hughes218 collected $2 from pot
hughes218: doesn't show hand
*** SUMMARY ***
Total pot $2 | Rake $0
Seat 1: scorpio04 (button) (small blind) folded before Flop
Seat 2: hughes218 (big blind) collected ($2)


PokerStars Hand #144955189921:  Hold'em Limit ($3/$6 USD) - 2015/12/07 4:36:37 ET
Table 'Nuwa II' 2-max Seat #1 is the button
Seat 1: scorpio04 ($324.98 in chips)
Seat 2: hughes218 ($22.48 in chips)
scorpio04: posts small blind $1
hughes218: posts big blind $3
*** HOLE CARDS ***
scorpio04: raises $3 to $6
hughes218: calls $3
*** FLOP *** [6c 5s 3s]
hughes218: checks
scorpio04: bets $3
hughes218: folds
Uncalled bet ($3) returned to scorpio04
scorpio04 collected $11.76 from pot
scorpio04: doesn't show hand
*** SUMMARY ***
Total pot $12 | Rake $0.24
Board [6c 5s 3s]
Seat 1: scorpio04 (button) (small blind) collected ($11.76)
Seat 2: hughes218 (big blind) folded on the Flop


PokerStars Hand #144955177646:  Hold'em Limit ($3/$6 USD) - 2015/12/07 4:36:09 ET
Table 'Nuwa II' 2-max Seat #2 is the button
Seat 1: scorpio04 ($304.48 in chips)
Seat 2: hughes218 ($43.48 in chips)
hughes218: posts small blind $1
scorpio04: posts big blind $3
*** HOLE CARDS ***
hughes218: raises $3 to $6
scorpio04: calls $3
*** FLOP *** [Jd Qc Js]
scorpio04: checks
hughes218: bets $3
scorpio04: calls $3
*** TURN *** [Jd Qc Js] [4d]
scorpio04: checks
hughes218: bets $6
scorpio04: calls $6
*** RIVER *** [Jd Qc Js 4d] [5c]
scorpio04: checks
hughes218: bets $6
scorpio04: calls $6
*** SHOW DOWN ***
hughes218: shows [4c 3c] (two pair, Jacks and Fours)
scorpio04: shows [Qs 8h] (two pair, Queens and Jacks)
scorpio04 collected $41.50 from pot
*** SUMMARY ***
Total pot $42 | Rake $0.50
Board [Jd Qc Js 4d 5c]
Seat 1: scorpio04 (big blind) showed [Qs 8h] and won ($41.50) with two pair, Queens and Jacks
Seat 2: hughes218 (button) (small blind) showed [4c 3c] and lost with two pair, Jacks and Fours


PokerStars Hand #144955195556:  Hold'em Limit ($3/$6 USD) - 2015/12/07 4:36:50 ET
Table 'Nuwa II' 2-max Seat #2 is the button
Seat 1: scorpio04 ($330.74 in chips)
Seat 2: hughes218 ($16.48 in chips)
hughes218: posts small blind $1
scorpio04: posts big blind $3
*** HOLE CARDS ***
hughes218: raises $3 to $6
scorpio04: raises $3 to $9
hughes218: raises $3 to $12
Betting is capped
scorpio04: calls $3
*** FLOP *** [Td 4s 7c]
scorpio04: bets $3
hughes218: raises $1.48 to $4.48 and is all-in
scorpio04: calls $1.48
*** TURN *** [Td 4s 7c] [Jc]
*** RIVER *** [Td 4s 7c Jc] [5h]
*** SHOW DOWN ***
scorpio04: shows [Jh Ah] (a pair of Jacks)
hughes218: shows [Tc Ad] (a pair of Tens)
scorpio04 collected $32.46 from pot
*** SUMMARY ***
Total pot $32.96 | Rake $0.50
Board [Td 4s 7c Jc 5h]
Seat 1: scorpio04 (big blind) showed [Jh Ah] and won ($32.46) with a pair of Jacks
Seat 2: hughes218 (button) (small blind) showed [Tc Ad] and lost with a pair of Tens


