PokerStars Hand #171365881342:  Hold'em Limit ($3/$6 USD) - 2017/06/05 6:15:41 ET
Table 'Nuwa II' 6-max Seat #3 is the button
Seat 3: chebob ($91.50 in chips)
Seat 4: VolkovDmitri ($120 in chips)
chebob: posts small blind $1
VolkovDmitri: posts big blind $3
*** HOLE CARDS ***
chebob: folds
Uncalled bet ($2) returned to VolkovDmitri
VolkovDmitri collected $2 from pot
VolkovDmitri: doesn't show hand
*** SUMMARY ***
Total pot $2 | Rake $0
Seat 3: chebob (button) (small blind) folded before Flop
Seat 4: VolkovDmitri (big blind) collected ($2)


PokerStars Hand #171365873018:  Hold'em Limit ($3/$6 USD) - 2017/06/05 6:15:21 ET
Table 'Nuwa II' 6-max Seat #4 is the button
Seat 3: chebob ($77 in chips)
Seat 4: VolkovDmitri ($121 in chips)
VolkovDmitri: posts small blind $1
chebob: posts big blind $3
*** HOLE CARDS ***
VolkovDmitri: raises $3 to $6
chebob: calls $3
*** FLOP *** [Qd 8h 2s]
chebob: checks
VolkovDmitri: bets $3
chebob: calls $3
*** TURN *** [Qd 8h 2s] [9c]
chebob: checks
VolkovDmitri: bets $6
chebob: raises $6 to $12
VolkovDmitri: folds
Uncalled bet ($6) returned to chebob
chebob collected $29.50 from pot
chebob: doesn't show hand
*** SUMMARY ***
Total pot $30 | Rake $0.50
Board [Qd 8h 2s 9c]
Seat 3: chebob (big blind) collected ($29.50)
Seat 4: VolkovDmitri (button) (small blind) folded on the Turn


PokerStars Hand #171365869313:  Hold'em Limit ($3/$6 USD) - 2017/06/05 6:15:12 ET
Table 'Nuwa II' 6-max Seat #3 is the button
Seat 3: chebob ($78 in chips)
Seat 4: VolkovDmitri ($120 in chips)
chebob: posts small blind $1
VolkovDmitri: posts big blind $3
*** HOLE CARDS ***
chebob: folds
Uncalled bet ($2) returned to VolkovDmitri
VolkovDmitri collected $2 from pot
VolkovDmitri: doesn't show hand
*** SUMMARY ***
Total pot $2 | Rake $0
Seat 3: chebob (button) (small blind) folded before Flop
Seat 4: VolkovDmitri (big blind) collected ($2)


PokerStars Hand #171365883844:  Hold'em Limit ($3/$6 USD) - 2017/06/05 6:15:47 ET
Table 'Nuwa II' 6-max Seat #4 is the button
Seat 3: chebob ($90.50 in chips)
Seat 4: VolkovDmitri ($121 in chips)
VolkovDmitri: posts small blind $1
chebob: posts big blind $3
*** HOLE CARDS ***
VolkovDmitri: calls $2
chebob: checks
*** FLOP *** [7h 8s Kd]
chebob: bets $3
VolkovDmitri: calls $3
*** TURN *** [7h 8s Kd] [5s]
chebob: checks
VolkovDmitri: checks
*** RIVER *** [7h 8s Kd 5s] [8d]
chebob: bets $6
VolkovDmitri: calls $6
*** SHOW DOWN ***
chebob: shows [8h 4h] (three of a kind, Eights)
VolkovDmitri: mucks hand
chebob collected $23.52 from pot
*** SUMMARY ***
Total pot $24 | Rake $0.48
Board [7h 8s Kd 5s 8d]
Seat 3: chebob (big blind) showed [8h 4h] and won ($23.52) with three of a kind, Eights
Seat 4: VolkovDmitri (button) (small blind) mucked


PokerStars Hand #171365905002:  Hold'em Limit ($3/$6 USD) - 2017/06/05 6:16:38 ET
Table 'Nuwa II' 6-max Seat #3 is the button
Seat 3: chebob ($102.02 in chips)
Seat 4: VolkovDmitri ($120 in chips)
chebob: posts small blind $1
VolkovDmitri: posts big blind $3
*** HOLE CARDS ***
chebob: raises $3 to $6
VolkovDmitri: calls $3
*** FLOP *** [9s Td Kd]
VolkovDmitri: checks
chebob: bets $3
VolkovDmitri: raises $3 to $6
chebob: calls $3
*** TURN *** [9s Td Kd] [9c]
VolkovDmitri: bets $6
chebob: raises $6 to $12
VolkovDmitri: calls $6
*** RIVER *** [9s Td Kd 9c] [4c]
VolkovDmitri: bets $6
chebob: raises $6 to $12
VolkovDmitri: calls $6
*** SHOW DOWN ***
chebob: shows [Jc Qc] (a straight, Nine to King)
VolkovDmitri: mucks hand
chebob collected $71.50 from pot
*** SUMMARY ***
Total pot $72 | Rake $0.50
Board [9s Td Kd 9c 4c]
Seat 3: chebob (button) (small blind) showed [Jc Qc] and won ($71.50) with a straight, Nine to King
Seat 4: VolkovDmitri (big blind) mucked


PokerStars Hand #171365956546:  Hold'em Limit ($3/$6 USD) - 2017/06/05 6:18:41 ET
Table 'Nuwa II' 6-max Seat #3 is the button
Seat 3: chebob ($146.16 in chips)
Seat 4: VolkovDmitri ($120 in chips)
chebob: posts small blind $1
VolkovDmitri: posts big blind $3
*** HOLE CARDS ***
chebob: folds
Uncalled bet ($2) returned to VolkovDmitri
VolkovDmitri collected $2 from pot
VolkovDmitri: doesn't show hand
*** SUMMARY ***
Total pot $2 | Rake $0
Seat 3: chebob (button) (small blind) folded before Flop
Seat 4: VolkovDmitri (big blind) collected ($2)


PokerStars Hand #171365940896:  Hold'em Limit ($3/$6 USD) - 2017/06/05 6:18:04 ET
Table 'Nuwa II' 6-max Seat #4 is the button
Seat 3: chebob ($137.52 in chips)
Seat 4: VolkovDmitri ($120 in chips)
VolkovDmitri: posts small blind $1
chebob: posts big blind $3
*** HOLE CARDS ***
VolkovDmitri: raises $3 to $6
chebob: calls $3
*** FLOP *** [Qd Kd 4h]
chebob: checks
VolkovDmitri: bets $3
chebob: calls $3
*** TURN *** [Qd Kd 4h] [4s]
chebob: checks
Anchig joins the table at seat #5
VolkovDmitri: checks
*** RIVER *** [Qd Kd 4h 4s] [9d]
chebob: bets $6
StakkAttakk joins the table at seat #1
VolkovDmitri: folds
Uncalled bet ($6) returned to chebob
chebob collected $17.64 from pot
chebob: doesn't show hand
*** SUMMARY ***
Total pot $18 | Rake $0.36
Board [Qd Kd 4h 4s 9d]
Seat 3: chebob (big blind) collected ($17.64)
Seat 4: VolkovDmitri (button) (small blind) folded on the River


PokerStars Hand #171366918684:  Hold'em Limit ($3/$6 USD) - 2017/06/05 6:55:50 ET
Table 'Nuwa II' 6-max Seat #5 is the button
Seat 3: chebob ($186.86 in chips)
Seat 5: Anchig ($74.01 in chips)
Anchig: posts small blind $1
chebob: posts big blind $3
*** HOLE CARDS ***
Anchig: raises $3 to $6
chebob: calls $3
*** FLOP *** [Th 6c Ts]
chebob: checks
Anchig: bets $3
chebob: calls $3
*** TURN *** [Th 6c Ts] [8d]
chebob: checks
Anchig: checks
*** RIVER *** [Th 6c Ts 8d] [9s]
chebob: bets $6
Anchig: raises $6 to $12
chebob: folds
Uncalled bet ($6) returned to Anchig
Anchig collected $29.50 from pot
Anchig: doesn't show hand
*** SUMMARY ***
Total pot $30 | Rake $0.50
Board [Th 6c Ts 8d 9s]
Seat 3: chebob (big blind) folded on the River
Seat 5: Anchig (button) (small blind) collected ($29.50)


PokerStars Hand #171366914582:  Hold'em Limit ($3/$6 USD) - 2017/06/05 6:55:40 ET
Table 'Nuwa II' 6-max Seat #3 is the button
Seat 3: chebob ($181.10 in chips)
Seat 5: Anchig ($80.01 in chips)
chebob: posts small blind $1
Anchig: posts big blind $3
*** HOLE CARDS ***
chebob: raises $3 to $6
Anchig: calls $3
*** FLOP *** [Kd 7c 6s]
Anchig: checks
chebob: bets $3
Anchig: folds
Uncalled bet ($3) returned to chebob
chebob collected $11.76 from pot
chebob: doesn't show hand
*** SUMMARY ***
Total pot $12 | Rake $0.24
Board [Kd 7c 6s]
Seat 3: chebob (button) (small blind) collected ($11.76)
Seat 5: Anchig (big blind) folded on the Flop


PokerStars Hand #171366912450:  Hold'em Limit ($3/$6 USD) - 2017/06/05 6:55:35 ET
Table 'Nuwa II' 6-max Seat #5 is the button
Seat 3: chebob ($180.10 in chips)
Seat 5: Anchig ($81.01 in chips)
Anchig: posts small blind $1
chebob: posts big blind $3
*** HOLE CARDS ***
Anchig: folds
Uncalled bet ($2) returned to chebob
chebob collected $2 from pot
chebob: doesn't show hand
*** SUMMARY ***
Total pot $2 | Rake $0
Seat 3: chebob (big blind) collected ($2)
Seat 5: Anchig (button) (small blind) folded before Flop


PokerStars Hand #171366910366:  Hold'em Limit ($3/$6 USD) - 2017/06/05 6:55:29 ET
Table 'Nuwa II' 6-max Seat #3 is the button
Seat 3: chebob ($177.10 in chips)
Seat 5: Anchig ($84.01 in chips)
chebob: posts small blind $1
Anchig: posts big blind $3
*** HOLE CARDS ***
chebob: raises $3 to $6
Anchig: folds
Uncalled bet ($3) returned to chebob
chebob collected $6 from pot
chebob: doesn't show hand
*** SUMMARY ***
Total pot $6 | Rake $0
Seat 3: chebob (button) (small blind) collected ($6)
Seat 5: Anchig (big blind) folded before Flop


PokerStars Hand #171366924258:  Hold'em Limit ($3/$6 USD) - 2017/06/05 6:56:04 ET
Table 'Nuwa II' 6-max Seat #3 is the button
Seat 3: chebob ($171.86 in chips)
Seat 5: Anchig ($88.51 in chips)
chebob: posts small blind $1
Anchig: posts big blind $3
*** HOLE CARDS ***
chebob: raises $3 to $6
Anchig: calls $3
*** FLOP *** [As Jh 4h]
Anchig: checks
chebob: bets $3
Anchig: calls $3
*** TURN *** [As Jh 4h] [5c]
Anchig: checks
chebob: bets $6
Anchig: calls $6
*** RIVER *** [As Jh 4h 5c] [Ac]
Anchig: checks
chebob: bets $6
Anchig: calls $6
*** SHOW DOWN ***
chebob: shows [Js Kd] (two pair, Aces and Jacks)
Anchig: mucks hand
chebob collected $41.50 from pot
*** SUMMARY ***
Total pot $42 | Rake $0.50
Board [As Jh 4h 5c Ac]
Seat 3: chebob (button) (small blind) showed [Js Kd] and won ($41.50) with two pair, Aces and Jacks
Seat 5: Anchig (big blind) mucked


PokerStars Hand #171366930167:  Hold'em Limit ($3/$6 USD) - 2017/06/05 6:56:19 ET
Table 'Nuwa II' 6-max Seat #5 is the button
Seat 3: chebob ($192.36 in chips)
Seat 5: Anchig ($67.51 in chips)
Anchig: posts small blind $1
chebob: posts big blind $3
*** HOLE CARDS ***
Anchig: raises $3 to $6
chebob: calls $3
*** FLOP *** [8s Kh 7c]
chebob: checks
Anchig: bets $3
chebob: raises $3 to $6
Anchig: calls $3
*** TURN *** [8s Kh 7c] [7h]
chebob: bets $6
Anchig: calls $6
*** RIVER *** [8s Kh 7c 7h] [5d]
chebob: bets $6
Anchig: calls $6
*** SHOW DOWN ***
chebob: shows [Kc 4s] (two pair, Kings and Sevens)
Anchig: mucks hand
chebob collected $47.50 from pot
*** SUMMARY ***
Total pot $48 | Rake $0.50
Board [8s Kh 7c 7h 5d]
Seat 3: chebob (big blind) showed [Kc 4s] and won ($47.50) with two pair, Kings and Sevens
Seat 5: Anchig (button) (small blind) mucked


PokerStars Hand #171366939090:  Hold'em Limit ($3/$6 USD) - 2017/06/05 6:56:42 ET
Table 'Nuwa II' 6-max Seat #3 is the button
Seat 3: chebob ($215.86 in chips)
Seat 5: Anchig ($43.51 in chips)
chebob: posts small blind $1
Anchig: posts big blind $3
*** HOLE CARDS ***
chebob: raises $3 to $6
Anchig: calls $3
*** FLOP *** [8c 6d Qh]
Anchig: checks
chebob: checks
*** TURN *** [8c 6d Qh] [7c]
Anchig: checks
chebob: bets $6
Anchig: folds
Uncalled bet ($6) returned to chebob
chebob collected $11.76 from pot
chebob: doesn't show hand
*** SUMMARY ***
Total pot $12 | Rake $0.24
Board [8c 6d Qh 7c]
Seat 3: chebob (button) (small blind) collected ($11.76)
Seat 5: Anchig (big blind) folded on the Turn


PokerStars Hand #171366944644:  Hold'em Limit ($3/$6 USD) - 2017/06/05 6:56:56 ET
Table 'Nuwa II' 6-max Seat #5 is the button
Seat 3: chebob ($221.62 in chips)
Seat 5: Anchig ($97.51 in chips)
Anchig: posts small blind $1
chebob: posts big blind $3
*** HOLE CARDS ***
Anchig: raises $3 to $6
chebob: calls $3
*** FLOP *** [4d Jc 9d]
chebob: checks
Anchig: bets $3
chebob: folds
Uncalled bet ($3) returned to Anchig
Anchig collected $11.76 from pot
Anchig: doesn't show hand
*** SUMMARY ***
Total pot $12 | Rake $0.24
Board [4d Jc 9d]
Seat 3: chebob (big blind) folded on the Flop
Seat 5: Anchig (button) (small blind) collected ($11.76)


PokerStars Hand #171366964831:  Hold'em Limit ($3/$6 USD) - 2017/06/05 6:57:47 ET
Table 'Nuwa II' 6-max Seat #5 is the button
Seat 3: chebob ($196.38 in chips)
Seat 5: Anchig ($121.77 in chips)
Anchig: posts small blind $1
chebob: posts big blind $3
*** HOLE CARDS ***
Anchig: raises $3 to $6
chebob: raises $3 to $9
Anchig: calls $3
*** FLOP *** [6h 8d 5s]
chebob: bets $3
Anchig: raises $3 to $6
chebob: calls $3
*** TURN *** [6h 8d 5s] [6d]
chebob: checks
Anchig: bets $6
chebob: calls $6
*** RIVER *** [6h 8d 5s 6d] [2h]
chebob: checks
Anchig: bets $6
chebob: calls $6
*** SHOW DOWN ***
Anchig: shows [9h 9d] (two pair, Nines and Sixes)
chebob: mucks hand
Anchig collected $53.50 from pot
*** SUMMARY ***
Total pot $54 | Rake $0.50
Board [6h 8d 5s 6d 2h]
Seat 3: chebob (big blind) mucked
Seat 5: Anchig (button) (small blind) showed [9h 9d] and won ($53.50) with two pair, Nines and Sixes


PokerStars Hand #171366949447:  Hold'em Limit ($3/$6 USD) - 2017/06/05 6:57:09 ET
Table 'Nuwa II' 6-max Seat #3 is the button
Seat 3: chebob ($215.62 in chips)
Seat 5: Anchig ($103.27 in chips)
chebob: posts small blind $1
Anchig: posts big blind $3
*** HOLE CARDS ***
chebob: folds
Uncalled bet ($2) returned to Anchig
Anchig collected $2 from pot
Anchig: doesn't show hand
*** SUMMARY ***
Total pot $2 | Rake $0
Seat 3: chebob (button) (small blind) folded before Flop
Seat 5: Anchig (big blind) collected ($2)


PokerStars Hand #171366951382:  Hold'em Limit ($3/$6 USD) - 2017/06/05 6:57:13 ET
Table 'Nuwa II' 6-max Seat #5 is the button
Seat 3: chebob ($214.62 in chips)
Seat 5: Anchig ($104.27 in chips)
Anchig: posts small blind $1
chebob: posts big blind $3
*** HOLE CARDS ***
Anchig: raises $3 to $6
chebob: raises $3 to $9
Anchig: calls $3
*** FLOP *** [Jh Js 9h]
chebob: bets $3
Anchig: calls $3
*** TURN *** [Jh Js 9h] [8c]
chebob: bets $6
Anchig: calls $6
*** RIVER *** [Jh Js 9h 8c] [8s]
chebob: bets $6
Anchig: calls $6
*** SHOW DOWN ***
chebob: shows [4s 6s] (two pair, Jacks and Eights)
Anchig: shows [6h Qc] (two pair, Jacks and Eights - Queen kicker)
Anchig collected $47.50 from pot
*** SUMMARY ***
Total pot $48 | Rake $0.50
Board [Jh Js 9h 8c 8s]
Seat 3: chebob (big blind) showed [4s 6s] and lost with two pair, Jacks and Eights
Seat 5: Anchig (button) (small blind) showed [6h Qc] and won ($47.50) with two pair, Jacks and Eights


PokerStars Hand #171366957471:  Hold'em Limit ($3/$6 USD) - 2017/06/05 6:57:29 ET
Table 'Nuwa II' 6-max Seat #3 is the button
Seat 3: chebob ($190.62 in chips)
Seat 5: Anchig ($127.77 in chips)
chebob: posts small blind $1
Anchig: posts big blind $3
*** HOLE CARDS ***
chebob: raises $3 to $6
Anchig: calls $3
*** FLOP *** [6s 9h Js]
Anchig: checks
chebob: bets $3
Anchig: folds
Uncalled bet ($3) returned to chebob
chebob collected $11.76 from pot
chebob: doesn't show hand
*** SUMMARY ***
Total pot $12 | Rake $0.24
Board [6s 9h Js]
Seat 3: chebob (button) (small blind) collected ($11.76)
Seat 5: Anchig (big blind) folded on the Flop


PokerStars Hand #171366962915:  Hold'em Limit ($3/$6 USD) - 2017/06/05 6:57:43 ET
Table 'Nuwa II' 6-max Seat #3 is the button
Seat 3: chebob ($197.38 in chips)
Seat 5: Anchig ($120.77 in chips)
chebob: posts small blind $1
Anchig: posts big blind $3
*** HOLE CARDS ***
chebob: folds
Uncalled bet ($2) returned to Anchig
Anchig collected $2 from pot
Anchig: doesn't show hand
*** SUMMARY ***
Total pot $2 | Rake $0
Seat 3: chebob (button) (small blind) folded before Flop
Seat 5: Anchig (big blind) collected ($2)


PokerStars Hand #171366961075:  Hold'em Limit ($3/$6 USD) - 2017/06/05 6:57:38 ET
Table 'Nuwa II' 6-max Seat #5 is the button
Seat 3: chebob ($196.38 in chips)
Seat 5: Anchig ($121.77 in chips)
Anchig: posts small blind $1
chebob: posts big blind $3
*** HOLE CARDS ***
Anchig: folds
Uncalled bet ($2) returned to chebob
chebob collected $2 from pot
chebob: doesn't show hand
*** SUMMARY ***
Total pot $2 | Rake $0
Seat 3: chebob (big blind) collected ($2)
Seat 5: Anchig (button) (small blind) folded before Flop


PokerStars Hand #171366989528:  Hold'em Limit ($3/$6 USD) - 2017/06/05 6:58:49 ET
Table 'Nuwa II' 6-max Seat #3 is the button
Seat 3: chebob ($181.88 in chips)
Seat 5: Anchig ($135.03 in chips)
chebob: posts small blind $1
Anchig: posts big blind $3
*** HOLE CARDS ***
chebob: raises $3 to $6
Anchig: raises $3 to $9
chebob: calls $3
*** FLOP *** [Qc 7d 9d]
Anchig: bets $3
chebob: raises $3 to $6
Anchig: raises $3 to $9
chebob: calls $3
*** TURN *** [Qc 7d 9d] [9c]
Anchig: checks
chebob: bets $6
Anchig: calls $6
*** RIVER *** [Qc 7d 9d 9c] [Ah]
Anchig: checks
chebob: bets $6
Anchig: calls $6
*** SHOW DOWN ***
chebob: shows [9h 5c] (three of a kind, Nines)
Anchig: mucks hand
chebob collected $59.50 from pot
*** SUMMARY ***
Total pot $60 | Rake $0.50
Board [Qc 7d 9d 9c Ah]
Seat 3: chebob (button) (small blind) showed [9h 5c] and won ($59.50) with three of a kind, Nines
Seat 5: Anchig (big blind) mucked


PokerStars Hand #171366972693:  Hold'em Limit ($3/$6 USD) - 2017/06/05 6:58:07 ET
Table 'Nuwa II' 6-max Seat #3 is the button
Seat 3: chebob ($169.38 in chips)
Seat 5: Anchig ($148.27 in chips)
chebob: posts small blind $1
Anchig: posts big blind $3
*** HOLE CARDS ***
chebob: raises $3 to $6
Anchig: calls $3
*** FLOP *** [Kc 3d Kd]
Anchig: checks
chebob: bets $3
Anchig: calls $3
*** TURN *** [Kc 3d Kd] [5s]
Anchig: checks
chebob: checks
*** RIVER *** [Kc 3d Kd 5s] [8c]
Anchig: bets $6
chebob: raises $6 to $12
Anchig: folds
Uncalled bet ($6) returned to chebob
chebob collected $29.50 from pot
chebob: doesn't show hand
*** SUMMARY ***
Total pot $30 | Rake $0.50
Board [Kc 3d Kd 5s 8c]
Seat 3: chebob (button) (small blind) collected ($29.50)
Seat 5: Anchig (big blind) folded on the River


PokerStars Hand #171366984222:  Hold'em Limit ($3/$6 USD) - 2017/06/05 6:58:36 ET
Table 'Nuwa II' 6-max Seat #3 is the button
Seat 3: chebob ($177.88 in chips)
Seat 5: Anchig ($139.03 in chips)
chebob: posts small blind $1
Anchig: posts big blind $3
*** HOLE CARDS ***
chebob: raises $3 to $6
Anchig: folds
Uncalled bet ($3) returned to chebob
chebob collected $6 from pot
chebob: doesn't show hand
*** SUMMARY ***
Total pot $6 | Rake $0
Seat 3: chebob (button) (small blind) collected ($6)
Seat 5: Anchig (big blind) folded before Flop


PokerStars Hand #171366978682:  Hold'em Limit ($3/$6 USD) - 2017/06/05 6:58:22 ET
Table 'Nuwa II' 6-max Seat #5 is the button
Seat 3: chebob ($183.88 in chips)
Seat 5: Anchig ($133.27 in chips)
Anchig: posts small blind $1
chebob: posts big blind $3
*** HOLE CARDS ***
Anchig: raises $3 to $6
chebob: calls $3
*** FLOP *** [2d 7c 3d]
chebob: checks
Anchig: checks
*** TURN *** [2d 7c 3d] [Ac]
chebob: checks
Anchig: checks
*** RIVER *** [2d 7c 3d Ac] [Ah]
chebob: checks
Anchig: bets $6
chebob: folds
Uncalled bet ($6) returned to Anchig
Anchig collected $11.76 from pot
Anchig: doesn't show hand
*** SUMMARY ***
Total pot $12 | Rake $0.24
Board [2d 7c 3d Ac Ah]
Seat 3: chebob (big blind) folded on the River
Seat 5: Anchig (button) (small blind) collected ($11.76)


PokerStars Hand #171366986198:  Hold'em Limit ($3/$6 USD) - 2017/06/05 6:58:41 ET
Table 'Nuwa II' 6-max Seat #5 is the button
Seat 3: chebob ($180.88 in chips)
Seat 5: Anchig ($136.03 in chips)
Anchig: posts small blind $1
chebob: posts big blind $3
*** HOLE CARDS ***
Anchig: folds
Uncalled bet ($2) returned to chebob
chebob collected $2 from pot
chebob: doesn't show hand
*** SUMMARY ***
Total pot $2 | Rake $0
Seat 3: chebob (big blind) collected ($2)
Seat 5: Anchig (button) (small blind) folded before Flop


PokerStars Hand #171367013532:  Hold'em Limit ($3/$6 USD) - 2017/06/05 6:59:49 ET
Table 'Nuwa II' 6-max Seat #5 is the button
Seat 3: chebob ($227.88 in chips)
Seat 5: Anchig ($88.03 in chips)
Anchig: posts small blind $1
chebob: posts big blind $3
*** HOLE CARDS ***
Anchig: raises $3 to $6
chebob: calls $3
*** FLOP *** [8d 9s 9h]
chebob: checks
Anchig: checks
*** TURN *** [8d 9s 9h] [Ks]
chebob: checks
Anchig: bets $6
chebob: calls $6
*** RIVER *** [8d 9s 9h Ks] [7d]
chebob: checks
Anchig: bets $6
chebob: folds
Uncalled bet ($6) returned to Anchig
Anchig collected $23.52 from pot
Anchig: doesn't show hand
*** SUMMARY ***
Total pot $24 | Rake $0.48
Board [8d 9s 9h Ks 7d]
Seat 3: chebob (big blind) folded on the River
Seat 5: Anchig (button) (small blind) collected ($23.52)


PokerStars Hand #171366999875:  Hold'em Limit ($3/$6 USD) - 2017/06/05 6:59:15 ET
Table 'Nuwa II' 6-max Seat #3 is the button
Seat 3: chebob ($212.38 in chips)
Seat 5: Anchig ($104.03 in chips)
chebob: posts small blind $1
Anchig: posts big blind $3
*** HOLE CARDS ***
chebob: folds
Uncalled bet ($2) returned to Anchig
Anchig collected $2 from pot
Anchig: doesn't show hand
*** SUMMARY ***
Total pot $2 | Rake $0
Seat 3: chebob (button) (small blind) folded before Flop
Seat 5: Anchig (big blind) collected ($2)


PokerStars Hand #171366997550:  Hold'em Limit ($3/$6 USD) - 2017/06/05 6:59:09 ET
Table 'Nuwa II' 6-max Seat #5 is the button
Seat 3: chebob ($211.38 in chips)
Seat 5: Anchig ($105.03 in chips)
Anchig: posts small blind $1
chebob: posts big blind $3
*** HOLE CARDS ***
Anchig: folds
Uncalled bet ($2) returned to chebob
chebob collected $2 from pot
chebob: doesn't show hand
*** SUMMARY ***
Total pot $2 | Rake $0
Seat 3: chebob (big blind) collected ($2)
Seat 5: Anchig (button) (small blind) folded before Flop


PokerStars Hand #171367011599:  Hold'em Limit ($3/$6 USD) - 2017/06/05 6:59:44 ET
Table 'Nuwa II' 6-max Seat #3 is the button
Seat 3: chebob ($228.88 in chips)
Seat 5: Anchig ($87.03 in chips)
chebob: posts small blind $1
Anchig: posts big blind $3
*** HOLE CARDS ***
chebob: folds
Uncalled bet ($2) returned to Anchig
Anchig collected $2 from pot
Anchig: doesn't show hand
*** SUMMARY ***
Total pot $2 | Rake $0
Seat 3: chebob (button) (small blind) folded before Flop
Seat 5: Anchig (big blind) collected ($2)


PokerStars Hand #171367001803:  Hold'em Limit ($3/$6 USD) - 2017/06/05 6:59:20 ET
Table 'Nuwa II' 6-max Seat #5 is the button
Seat 3: chebob ($211.38 in chips)
Seat 5: Anchig ($105.03 in chips)
Anchig: posts small blind $1
chebob: posts big blind $3
*** HOLE CARDS ***
Anchig: raises $3 to $6
chebob: calls $3
*** FLOP *** [8c 7s Kc]
chebob: checks
Anchig: bets $3
chebob: raises $3 to $6
Anchig: calls $3
*** TURN *** [8c 7s Kc] [Td]
chebob: bets $6
Anchig: calls $6
*** RIVER *** [8c 7s Kc Td] [Qd]
chebob: bets $6
Anchig: folds
Uncalled bet ($6) returned to chebob
chebob collected $35.50 from pot
chebob: doesn't show hand
*** SUMMARY ***
Total pot $36 | Rake $0.50
Board [8c 7s Kc Td Qd]
Seat 3: chebob (big blind) collected ($35.50)
Seat 5: Anchig (button) (small blind) folded on the River


PokerStars Hand #171367020597:  Hold'em Limit ($3/$6 USD) - 2017/06/05 7:00:07 ET
Table 'Nuwa II' 6-max Seat #3 is the button
Seat 3: chebob ($215.88 in chips)
Seat 5: Anchig ($99.55 in chips)
chebob: posts small blind $1
Anchig: posts big blind $3
*** HOLE CARDS ***
chebob: raises $3 to $6
Anchig: calls $3
*** FLOP *** [Tc As 4h]
Anchig: checks
chebob: bets $3
Anchig: raises $3 to $6
chebob: calls $3
*** TURN *** [Tc As 4h] [7h]
Anchig: bets $6
chebob: folds
Uncalled bet ($6) returned to Anchig
Anchig collected $23.52 from pot
Anchig: doesn't show hand
*** SUMMARY ***
Total pot $24 | Rake $0.48
Board [Tc As 4h 7h]
Seat 3: chebob (button) (small blind) folded on the Turn
Seat 5: Anchig (big blind) collected ($23.52)


PokerStars Hand #171367025769:  Hold'em Limit ($3/$6 USD) - 2017/06/05 7:00:19 ET
Table 'Nuwa II' 6-max Seat #5 is the button
Seat 3: chebob ($203.88 in chips)
Seat 5: Anchig ($111.07 in chips)
Anchig: posts small blind $1
chebob: posts big blind $3
*** HOLE CARDS ***
Anchig: folds
Uncalled bet ($2) returned to chebob
chebob collected $2 from pot
chebob: doesn't show hand
*** SUMMARY ***
Total pot $2 | Rake $0
Seat 3: chebob (big blind) collected ($2)
Seat 5: Anchig (button) (small blind) folded before Flop


PokerStars Hand #171367027796:  Hold'em Limit ($3/$6 USD) - 2017/06/05 7:00:24 ET
Table 'Nuwa II' 6-max Seat #3 is the button
Seat 3: chebob ($204.88 in chips)
Seat 5: Anchig ($110.07 in chips)
chebob: posts small blind $1
Anchig: posts big blind $3
*** HOLE CARDS ***
chebob: raises $3 to $6
Anchig: calls $3
*** FLOP *** [6d 2c Jh]
Anchig: checks
chebob: checks
*** TURN *** [6d 2c Jh] [8h]
Anchig: bets $6
chebob: folds
Uncalled bet ($6) returned to Anchig
Anchig collected $11.76 from pot
Anchig: doesn't show hand
*** SUMMARY ***
Total pot $12 | Rake $0.24
Board [6d 2c Jh 8h]
Seat 3: chebob (button) (small blind) folded on the Turn
Seat 5: Anchig (big blind) collected ($11.76)


PokerStars Hand #171367031599:  Hold'em Limit ($3/$6 USD) - 2017/06/05 7:00:34 ET
Table 'Nuwa II' 6-max Seat #5 is the button
Seat 3: chebob ($198.88 in chips)
Seat 5: Anchig ($115.83 in chips)
Anchig: posts small blind $1
chebob: posts big blind $3
*** HOLE CARDS ***
Anchig: raises $3 to $6
chebob: raises $3 to $9
Anchig: calls $3
*** FLOP *** [4c Qc 5d]
chebob: bets $3
Anchig: calls $3
*** TURN *** [4c Qc 5d] [3c]
chebob: bets $6
Anchig: calls $6
*** RIVER *** [4c Qc 5d 3c] [9c]
chebob: bets $6
Anchig: folds
Uncalled bet ($6) returned to chebob
chebob collected $35.50 from pot
chebob: doesn't show hand
*** SUMMARY ***
Total pot $36 | Rake $0.50
Board [4c Qc 5d 3c 9c]
Seat 3: chebob (big blind) collected ($35.50)
Seat 5: Anchig (button) (small blind) folded on the River


PokerStars Hand #171367040146:  Hold'em Limit ($3/$6 USD) - 2017/06/05 7:00:54 ET
Table 'Nuwa II' 6-max Seat #5 is the button
Seat 3: chebob ($215.38 in chips)
Seat 5: Anchig ($98.83 in chips)
Anchig: posts small blind $1
chebob: posts big blind $3
*** HOLE CARDS ***
Anchig: folds
Uncalled bet ($2) returned to chebob
chebob collected $2 from pot
chebob: doesn't show hand
*** SUMMARY ***
Total pot $2 | Rake $0
Seat 3: chebob (big blind) collected ($2)
Seat 5: Anchig (button) (small blind) folded before Flop


PokerStars Hand #171367038093:  Hold'em Limit ($3/$6 USD) - 2017/06/05 7:00:49 ET
Table 'Nuwa II' 6-max Seat #3 is the button
Seat 3: chebob ($216.38 in chips)
Seat 5: Anchig ($97.83 in chips)
chebob: posts small blind $1
Anchig: posts big blind $3
*** HOLE CARDS ***
chebob: folds
Uncalled bet ($2) returned to Anchig
Anchig collected $2 from pot
Anchig: doesn't show hand
*** SUMMARY ***
Total pot $2 | Rake $0
Seat 3: chebob (button) (small blind) folded before Flop
Seat 5: Anchig (big blind) collected ($2)


PokerStars Hand #171367042313:  Hold'em Limit ($3/$6 USD) - 2017/06/05 7:00:59 ET
Table 'Nuwa II' 6-max Seat #3 is the button
Seat 3: chebob ($216.38 in chips)
Seat 5: Anchig ($97.83 in chips)
chebob: posts small blind $1
Anchig: posts big blind $3
*** HOLE CARDS ***
chebob: raises $3 to $6
Anchig: calls $3
*** FLOP *** [6c Ah As]
Anchig: checks
chebob: bets $3
Anchig: calls $3
*** TURN *** [6c Ah As] [3s]
Anchig: checks
chebob: checks
*** RIVER *** [6c Ah As 3s] [Qd]
Anchig: checks
chebob: checks
*** SHOW DOWN ***
Anchig: shows [Kd 8c] (a pair of Aces)
chebob: mucks hand
Anchig collected $17.64 from pot
*** SUMMARY ***
Total pot $18 | Rake $0.36
Board [6c Ah As 3s Qd]
Seat 3: chebob (button) (small blind) mucked
Seat 5: Anchig (big blind) showed [Kd 8c] and won ($17.64) with a pair of Aces


PokerStars Hand #171367057879:  Hold'em Limit ($3/$6 USD) - 2017/06/05 7:01:36 ET
Table 'Nuwa II' 6-max Seat #3 is the button
Seat 3: chebob ($177.38 in chips)
Seat 5: Anchig ($135.97 in chips)
chebob: posts small blind $1
Anchig: posts big blind $3
*** HOLE CARDS ***
chebob: folds
Uncalled bet ($2) returned to Anchig
Anchig collected $2 from pot
Anchig: doesn't show hand
*** SUMMARY ***
Total pot $2 | Rake $0
Seat 3: chebob (button) (small blind) folded before Flop
Seat 5: Anchig (big blind) collected ($2)


PokerStars Hand #171367049494:  Hold'em Limit ($3/$6 USD) - 2017/06/05 7:01:16 ET
Table 'Nuwa II' 6-max Seat #5 is the button
Seat 3: chebob ($207.38 in chips)
Seat 5: Anchig ($106.47 in chips)
Anchig: posts small blind $1
chebob: posts big blind $3
*** HOLE CARDS ***
Anchig: raises $3 to $6
chebob: calls $3
*** FLOP *** [Js 8d 2c]
chebob: checks
Anchig: bets $3
chebob: raises $3 to $6
Anchig: calls $3
*** TURN *** [Js 8d 2c] [Td]
chebob: bets $6
Anchig: raises $6 to $12
chebob: calls $6
*** RIVER *** [Js 8d 2c Td] [2s]
chebob: checks
Anchig: bets $6
chebob: calls $6
*** SHOW DOWN ***
Anchig: shows [Th Tc] (a full house, Tens full of Deuces)
chebob: mucks hand
Anchig collected $59.50 from pot
*** SUMMARY ***
Total pot $60 | Rake $0.50
Board [Js 8d 2c Td 2s]
Seat 3: chebob (big blind) mucked
Seat 5: Anchig (button) (small blind) showed [Th Tc] and won ($59.50) with a full house, Tens full of Deuces


PokerStars Hand #171367066266:  Hold'em Limit ($3/$6 USD) - 2017/06/05 7:01:54 ET
Table 'Nuwa II' 6-max Seat #3 is the button
Seat 3: chebob ($190.88 in chips)
Seat 5: Anchig ($121.97 in chips)
chebob: posts small blind $1
Anchig: posts big blind $3
*** HOLE CARDS ***
chebob: folds
Uncalled bet ($2) returned to Anchig
Anchig collected $2 from pot
Anchig: doesn't show hand
*** SUMMARY ***
Total pot $2 | Rake $0
Seat 3: chebob (button) (small blind) folded before Flop
Seat 5: Anchig (big blind) collected ($2)


PokerStars Hand #171367060074:  Hold'em Limit ($3/$6 USD) - 2017/06/05 7:01:41 ET
Table 'Nuwa II' 6-max Seat #5 is the button
Seat 3: chebob ($176.38 in chips)
Seat 5: Anchig ($136.97 in chips)
Anchig: posts small blind $1
chebob: posts big blind $3
*** HOLE CARDS ***
Anchig: raises $3 to $6
chebob: calls $3
*** FLOP *** [Ks 4c Jh]
chebob: checks
Anchig: bets $3
chebob: calls $3
*** TURN *** [Ks 4c Jh] [Ad]
chebob: checks
Anchig: checks
*** RIVER *** [Ks 4c Jh Ad] [7s]
chebob: bets $6
Anchig: calls $6
*** SHOW DOWN ***
chebob: shows [Jc 6d] (a pair of Jacks)
Anchig: mucks hand
chebob collected $29.50 from pot
*** SUMMARY ***
Total pot $30 | Rake $0.50
Board [Ks 4c Jh Ad 7s]
Seat 3: chebob (big blind) showed [Jc 6d] and won ($29.50) with a pair of Jacks
Seat 5: Anchig (button) (small blind) mucked


PokerStars Hand #171367068336:  Hold'em Limit ($3/$6 USD) - 2017/06/05 7:01:59 ET
Table 'Nuwa II' 6-max Seat #5 is the button
Seat 3: chebob ($189.88 in chips)
Seat 5: Anchig ($122.97 in chips)
Anchig: posts small blind $1
chebob: posts big blind $3
*** HOLE CARDS ***
Anchig: raises $3 to $6
chebob: calls $3
*** FLOP *** [6h Ts 5s]
chebob: checks
Anchig: checks
*** TURN *** [6h Ts 5s] [8s]
chebob: bets $6
Anchig: raises $6 to $12
chebob: folds
Uncalled bet ($6) returned to Anchig
Anchig collected $23.52 from pot
Anchig: doesn't show hand
*** SUMMARY ***
Total pot $24 | Rake $0.48
Board [6h Ts 5s 8s]
Seat 3: chebob (big blind) folded on the Turn
Seat 5: Anchig (button) (small blind) collected ($23.52)


PokerStars Hand #171367074279:  Hold'em Limit ($3/$6 USD) - 2017/06/05 7:02:13 ET
Table 'Nuwa II' 6-max Seat #3 is the button
Seat 3: chebob ($177.88 in chips)
Seat 5: Anchig ($134.49 in chips)
chebob: posts small blind $1
Anchig: posts big blind $3
*** HOLE CARDS ***
chebob: raises $3 to $6
Anchig: calls $3
*** FLOP *** [5h 5d Kd]
Anchig: checks
chebob: bets $3
Anchig: calls $3
*** TURN *** [5h 5d Kd] [Jh]
Anchig: checks
chebob: bets $6
Anchig: raises $6 to $12
chebob: raises $6 to $18
Anchig: calls $6
*** RIVER *** [5h 5d Kd Jh] [Kc]
Anchig: checks
chebob: bets $6
Anchig: folds
Uncalled bet ($6) returned to chebob
chebob collected $53.50 from pot
chebob: doesn't show hand
*** SUMMARY ***
Total pot $54 | Rake $0.50
Board [5h 5d Kd Jh Kc]
Seat 3: chebob (button) (small blind) collected ($53.50)
Seat 5: Anchig (big blind) folded on the River


PokerStars Hand #171367083071:  Hold'em Limit ($3/$6 USD) - 2017/06/05 7:02:33 ET
Table 'Nuwa II' 6-max Seat #5 is the button
Seat 3: chebob ($204.38 in chips)
Seat 5: Anchig ($107.49 in chips)
Anchig: posts small blind $1
chebob: posts big blind $3
*** HOLE CARDS ***
Anchig: raises $3 to $6
chebob: calls $3
*** FLOP *** [6c 4h 9c]
chebob: checks
Anchig: bets $3
chebob: calls $3
*** TURN *** [6c 4h 9c] [9h]
chebob: checks
Anchig: bets $6
chebob: folds
Uncalled bet ($6) returned to Anchig
Anchig collected $17.64 from pot
Anchig: doesn't show hand
*** SUMMARY ***
Total pot $18 | Rake $0.36
Board [6c 4h 9c 9h]
Seat 3: chebob (big blind) folded on the Turn
Seat 5: Anchig (button) (small blind) collected ($17.64)


PokerStars Hand #171367088647:  Hold'em Limit ($3/$6 USD) - 2017/06/05 7:02:46 ET
Table 'Nuwa II' 6-max Seat #3 is the button
Seat 3: chebob ($195.38 in chips)
Seat 5: Anchig ($116.13 in chips)
chebob: posts small blind $1
Anchig: posts big blind $3
*** HOLE CARDS ***
chebob: raises $3 to $6
Anchig: calls $3
*** FLOP *** [Jh 9d 5h]
Anchig: checks
chebob: bets $3
Anchig: folds
Uncalled bet ($3) returned to chebob
chebob collected $11.76 from pot
chebob: doesn't show hand
*** SUMMARY ***
Total pot $12 | Rake $0.24
Board [Jh 9d 5h]
Seat 3: chebob (button) (small blind) collected ($11.76)
Seat 5: Anchig (big blind) folded on the Flop


PokerStars Hand #171367097622:  Hold'em Limit ($3/$6 USD) - 2017/06/05 7:03:06 ET
Table 'Nuwa II' 6-max Seat #3 is the button
Seat 3: chebob ($212.66 in chips)
Seat 5: Anchig ($98.13 in chips)
chebob: posts small blind $1
Anchig: posts big blind $3
*** HOLE CARDS ***
chebob: raises $3 to $6
Anchig: folds
Uncalled bet ($3) returned to chebob
chebob collected $6 from pot
chebob: doesn't show hand
*** SUMMARY ***
Total pot $6 | Rake $0
Seat 3: chebob (button) (small blind) collected ($6)
Seat 5: Anchig (big blind) folded before Flop


PokerStars Hand #171367092315:  Hold'em Limit ($3/$6 USD) - 2017/06/05 7:02:54 ET
Table 'Nuwa II' 6-max Seat #5 is the button
Seat 3: chebob ($201.14 in chips)
Seat 5: Anchig ($110.13 in chips)
Anchig: posts small blind $1
chebob: posts big blind $3
*** HOLE CARDS ***
Anchig: raises $3 to $6
chebob: calls $3
*** FLOP *** [9s Jh 2h]
chebob: checks
Anchig: checks
*** TURN *** [9s Jh 2h] [8s]
chebob: bets $6
Anchig: calls $6
*** RIVER *** [9s Jh 2h 8s] [Qc]
chebob: checks
Anchig: checks
*** SHOW DOWN ***
chebob: shows [6h 9d] (a pair of Nines)
Anchig: mucks hand
chebob collected $23.52 from pot
*** SUMMARY ***
Total pot $24 | Rake $0.48
Board [9s Jh 2h 8s Qc]
Seat 3: chebob (big blind) showed [6h 9d] and won ($23.52) with a pair of Nines
Seat 5: Anchig (button) (small blind) mucked


PokerStars Hand #171367099745:  Hold'em Limit ($3/$6 USD) - 2017/06/05 7:03:11 ET
Table 'Nuwa II' 6-max Seat #5 is the button
Seat 3: chebob ($215.66 in chips)
Seat 5: Anchig ($95.13 in chips)
Anchig: posts small blind $1
chebob: posts big blind $3
*** HOLE CARDS ***
Anchig: raises $3 to $6
chebob: raises $3 to $9
Anchig: calls $3
*** FLOP *** [Jh 5h 5c]
chebob: bets $3
Anchig: raises $3 to $6
chebob: calls $3
*** TURN *** [Jh 5h 5c] [9c]
chebob: checks
Anchig: checks
*** RIVER *** [Jh 5h 5c 9c] [Ac]
chebob: bets $6
Anchig: calls $6
*** SHOW DOWN ***
chebob: shows [Kd 3d] (a pair of Fives)
Anchig: shows [Qs Kc] (a pair of Fives - Ace+King+Queen kicker)
Anchig collected $41.50 from pot
*** SUMMARY ***
Total pot $42 | Rake $0.50
Board [Jh 5h 5c 9c Ac]
Seat 3: chebob (big blind) showed [Kd 3d] and lost with a pair of Fives
Seat 5: Anchig (button) (small blind) showed [Qs Kc] and won ($41.50) with a pair of Fives


PokerStars Hand #171367106314:  Hold'em Limit ($3/$6 USD) - 2017/06/05 7:03:25 ET
Table 'Nuwa II' 6-max Seat #3 is the button
Seat 3: chebob ($194.66 in chips)
Seat 5: Anchig ($115.63 in chips)
chebob: posts small blind $1
Anchig: posts big blind $3
*** HOLE CARDS ***
chebob: raises $3 to $6
Anchig: raises $3 to $9
chebob: calls $3
*** FLOP *** [9c 2h 9s]
Anchig: bets $3
chebob: calls $3
*** TURN *** [9c 2h 9s] [8h]
Anchig: bets $6
chebob: raises $6 to $12
Anchig: calls $6
*** RIVER *** [9c 2h 9s 8h] [Js]
Anchig: checks
chebob: bets $6
Anchig: calls $6
*** SHOW DOWN ***
chebob: shows [5h 9h] (three of a kind, Nines)
Anchig: mucks hand
chebob collected $59.50 from pot
*** SUMMARY ***
Total pot $60 | Rake $0.50
Board [9c 2h 9s 8h Js]
Seat 3: chebob (button) (small blind) showed [5h 9h] and won ($59.50) with three of a kind, Nines
Seat 5: Anchig (big blind) mucked


PokerStars Hand #171367112567:  Hold'em Limit ($3/$6 USD) - 2017/06/05 7:03:40 ET
Table 'Nuwa II' 6-max Seat #5 is the button
Seat 3: chebob ($224.16 in chips)
Seat 5: Anchig ($85.63 in chips)
Anchig: posts small blind $1
chebob: posts big blind $3
*** HOLE CARDS ***
Anchig: raises $3 to $6
chebob: calls $3
*** FLOP *** [2h 6d As]
chebob: checks
Anchig: bets $3
chebob: calls $3
*** TURN *** [2h 6d As] [2s]
chebob: checks
Anchig: bets $6
chebob: calls $6
*** RIVER *** [2h 6d As 2s] [Ad]
chebob: checks
Anchig: checks
*** SHOW DOWN ***
chebob: shows [3s 4s] (two pair, Aces and Deuces)
Anchig: shows [4h 7h] (two pair, Aces and Deuces - Seven kicker)
Anchig collected $29.50 from pot
*** SUMMARY ***
Total pot $30 | Rake $0.50
Board [2h 6d As 2s Ad]
Seat 3: chebob (big blind) showed [3s 4s] and lost with two pair, Aces and Deuces
Seat 5: Anchig (button) (small blind) showed [4h 7h] and won ($29.50) with two pair, Aces and Deuces


PokerStars Hand #171367118581:  Hold'em Limit ($3/$6 USD) - 2017/06/05 7:03:53 ET
Table 'Nuwa II' 6-max Seat #3 is the button
Seat 3: chebob ($209.16 in chips)
Seat 5: Anchig ($100.13 in chips)
chebob: posts small blind $1
Anchig: posts big blind $3
*** HOLE CARDS ***
chebob: raises $3 to $6
Anchig: calls $3
*** FLOP *** [Tc Qh 2c]
Anchig: checks
chebob: bets $3
Anchig: calls $3
*** TURN *** [Tc Qh 2c] [Qs]
Anchig: checks
chebob: bets $6
Anchig: raises $6 to $12
chebob: folds
Uncalled bet ($6) returned to Anchig
Anchig collected $29.50 from pot
Anchig: doesn't show hand
*** SUMMARY ***
Total pot $30 | Rake $0.50
Board [Tc Qh 2c Qs]
Seat 3: chebob (button) (small blind) folded on the Turn
Seat 5: Anchig (big blind) collected ($29.50)


PokerStars Hand #171367125736:  Hold'em Limit ($3/$6 USD) - 2017/06/05 7:04:09 ET
Table 'Nuwa II' 6-max Seat #5 is the button
Seat 3: chebob ($194.16 in chips)
Seat 5: Anchig ($114.63 in chips)
Anchig: posts small blind $1
chebob: posts big blind $3
*** HOLE CARDS ***
Anchig: raises $3 to $6
chebob: raises $3 to $9
Anchig: calls $3
*** FLOP *** [6d Jh 4s]
chebob: bets $3
Anchig: calls $3
*** TURN *** [6d Jh 4s] [4h]
chebob: checks
Anchig: bets $6
chebob: raises $6 to $12
Anchig: calls $6
*** RIVER *** [6d Jh 4s 4h] [Kd]
chebob: bets $6
Anchig: calls $6
*** SHOW DOWN ***
chebob: shows [Qc Qs] (two pair, Queens and Fours)
Anchig: mucks hand
chebob collected $59.50 from pot
*** SUMMARY ***
Total pot $60 | Rake $0.50
Board [6d Jh 4s 4h Kd]
Seat 3: chebob (big blind) showed [Qc Qs] and won ($59.50) with two pair, Queens and Fours
Seat 5: Anchig (button) (small blind) mucked


PokerStars Hand #171367134896:  Hold'em Limit ($3/$6 USD) - 2017/06/05 7:04:30 ET
Table 'Nuwa II' 6-max Seat #3 is the button
Seat 3: chebob ($223.66 in chips)
Seat 5: Anchig ($84.63 in chips)
chebob: posts small blind $1
Anchig: posts big blind $3
*** HOLE CARDS ***
chebob: raises $3 to $6
Anchig: folds
Uncalled bet ($3) returned to chebob
chebob collected $6 from pot
chebob: doesn't show hand
*** SUMMARY ***
Total pot $6 | Rake $0
Seat 3: chebob (button) (small blind) collected ($6)
Seat 5: Anchig (big blind) folded before Flop


PokerStars Hand #171367137622:  Hold'em Limit ($3/$6 USD) - 2017/06/05 7:04:36 ET
Table 'Nuwa II' 6-max Seat #5 is the button
Seat 3: chebob ($226.66 in chips)
Seat 5: Anchig ($81.63 in chips)
Anchig: posts small blind $1
chebob: posts big blind $3
*** HOLE CARDS ***
Anchig: raises $3 to $6
chebob: calls $3
*** FLOP *** [9d 4c 3h]
chebob: checks
Anchig: checks
*** TURN *** [9d 4c 3h] [5c]
chebob: checks
Anchig: checks
*** RIVER *** [9d 4c 3h 5c] [Js]
chebob: checks
Anchig: checks
*** SHOW DOWN ***
chebob: shows [8s Qh] (high card Queen)
Anchig: mucks hand
chebob collected $11.76 from pot
*** SUMMARY ***
Total pot $12 | Rake $0.24
Board [9d 4c 3h 5c Js]
Seat 3: chebob (big blind) showed [8s Qh] and won ($11.76) with high card Queen
Seat 5: Anchig (button) (small blind) mucked


PokerStars Hand #171367146224:  Hold'em Limit ($3/$6 USD) - 2017/06/05 7:04:55 ET
Table 'Nuwa II' 6-max Seat #5 is the button
Seat 3: chebob ($235.42 in chips)
Seat 5: Anchig ($72.63 in chips)
Anchig: posts small blind $1
chebob: posts big blind $3
*** HOLE CARDS ***
Anchig: raises $3 to $6
chebob: folds
Uncalled bet ($3) returned to Anchig
Anchig collected $6 from pot
Anchig: doesn't show hand
*** SUMMARY ***
Total pot $6 | Rake $0
Seat 3: chebob (big blind) folded before Flop
Seat 5: Anchig (button) (small blind) collected ($6)


PokerStars Hand #171367143329:  Hold'em Limit ($3/$6 USD) - 2017/06/05 7:04:49 ET
Table 'Nuwa II' 6-max Seat #3 is the button
Seat 3: chebob ($232.42 in chips)
Seat 5: Anchig ($75.63 in chips)
chebob: posts small blind $1
Anchig: posts big blind $3
*** HOLE CARDS ***
chebob: raises $3 to $6
Anchig: folds
Uncalled bet ($3) returned to chebob
chebob collected $6 from pot
chebob: doesn't show hand
*** SUMMARY ***
Total pot $6 | Rake $0
Seat 3: chebob (button) (small blind) collected ($6)
Seat 5: Anchig (big blind) folded before Flop


PokerStars Hand #171367148830:  Hold'em Limit ($3/$6 USD) - 2017/06/05 7:05:01 ET
Table 'Nuwa II' 6-max Seat #3 is the button
Seat 3: chebob ($232.42 in chips)
Seat 5: Anchig ($75.63 in chips)
chebob: posts small blind $1
Anchig: posts big blind $3
*** HOLE CARDS ***
chebob: raises $3 to $6
Anchig: calls $3
*** FLOP *** [8h Ts Tc]
Anchig: checks
chebob: checks
*** TURN *** [8h Ts Tc] [Js]
Anchig: bets $6
chebob: calls $6
*** RIVER *** [8h Ts Tc Js] [7d]
Anchig: checks
chebob: bets $6
Anchig: calls $6
*** SHOW DOWN ***
chebob: shows [Kh 7h] (two pair, Tens and Sevens)
Anchig: shows [8d 2d] (two pair, Tens and Eights)
Anchig collected $35.50 from pot
*** SUMMARY ***
Total pot $36 | Rake $0.50
Board [8h Ts Tc Js 7d]
Seat 3: chebob (button) (small blind) showed [Kh 7h] and lost with two pair, Tens and Sevens
Seat 5: Anchig (big blind) showed [8d 2d] and won ($35.50) with two pair, Tens and Eights


PokerStars Hand #171367154235:  Hold'em Limit ($3/$6 USD) - 2017/06/05 7:05:13 ET
Table 'Nuwa II' 6-max Seat #5 is the button
Seat 3: chebob ($214.42 in chips)
Seat 5: Anchig ($93.13 in chips)
Anchig: posts small blind $1
chebob: posts big blind $3
*** HOLE CARDS ***
Anchig: raises $3 to $6
chebob: raises $3 to $9
Anchig: calls $3
*** FLOP *** [Ts 6h 7c]
chebob: bets $3
Anchig: raises $3 to $6
chebob: calls $3
*** TURN *** [Ts 6h 7c] [Th]
chebob: checks
Anchig: bets $6
chebob: calls $6
*** RIVER *** [Ts 6h 7c Th] [Kd]
chebob: checks
Anchig: bets $6
chebob: calls $6
*** SHOW DOWN ***
Anchig: shows [2d Td] (three of a kind, Tens)
chebob: mucks hand
Anchig collected $53.50 from pot
*** SUMMARY ***
Total pot $54 | Rake $0.50
Board [Ts 6h 7c Th Kd]
Seat 3: chebob (big blind) mucked
Seat 5: Anchig (button) (small blind) showed [2d Td] and won ($53.50) with three of a kind, Tens


PokerStars Hand #171367162198:  Hold'em Limit ($3/$6 USD) - 2017/06/05 7:05:31 ET
Table 'Nuwa II' 6-max Seat #3 is the button
Seat 3: chebob ($187.42 in chips)
Seat 5: Anchig ($119.63 in chips)
chebob: posts small blind $1
Anchig: posts big blind $3
*** HOLE CARDS ***
chebob: raises $3 to $6
Anchig: calls $3
*** FLOP *** [4h 9h 6d]
Anchig: checks
chebob: checks
*** TURN *** [4h 9h 6d] [7h]
Anchig: bets $6
chebob: raises $6 to $12
Anchig: raises $6 to $18
chebob: raises $6 to $24
Betting is capped
Anchig: calls $6
*** RIVER *** [4h 9h 6d 7h] [3d]
Anchig: bets $6
chebob: raises $6 to $12
Anchig: calls $6
*** SHOW DOWN ***
chebob: shows [8c Td] (a straight, Six to Ten)
Anchig: shows [2h 5h] (a flush, Nine high)
Anchig collected $83.50 from pot
*** SUMMARY ***
Total pot $84 | Rake $0.50
Board [4h 9h 6d 7h 3d]
Seat 3: chebob (button) (small blind) showed [8c Td] and lost with a straight, Six to Ten
Seat 5: Anchig (big blind) showed [2h 5h] and won ($83.50) with a flush, Nine high


PokerStars Hand #171367170552:  Hold'em Limit ($3/$6 USD) - 2017/06/05 7:05:49 ET
Table 'Nuwa II' 6-max Seat #5 is the button
Seat 3: chebob ($145.42 in chips)
Seat 5: Anchig ($161.13 in chips)
Anchig: posts small blind $1
chebob: posts big blind $3
*** HOLE CARDS ***
Anchig: raises $3 to $6
chebob: calls $3
*** FLOP *** [8s Kh Ad]
chebob: checks
Anchig: checks
*** TURN *** [8s Kh Ad] [6s]
chebob: checks
Anchig: bets $6
chebob: calls $6
*** RIVER *** [8s Kh Ad 6s] [7d]
chebob: bets $6
Anchig: raises $6 to $12
chebob: raises $6 to $18
Anchig: calls $6
*** SHOW DOWN ***
chebob: shows [5h 4s] (a straight, Four to Eight)
Anchig: mucks hand
chebob collected $59.50 from pot
*** SUMMARY ***
Total pot $60 | Rake $0.50
Board [8s Kh Ad 6s 7d]
Seat 3: chebob (big blind) showed [5h 4s] and won ($59.50) with a straight, Four to Eight
Seat 5: Anchig (button) (small blind) mucked


PokerStars Hand #171367178494:  Hold'em Limit ($3/$6 USD) - 2017/06/05 7:06:07 ET
Table 'Nuwa II' 6-max Seat #3 is the button
Seat 3: chebob ($174.92 in chips)
Seat 5: Anchig ($131.13 in chips)
chebob: posts small blind $1
Anchig: posts big blind $3
*** HOLE CARDS ***
chebob: raises $3 to $6
Anchig: raises $3 to $9
chebob: calls $3
*** FLOP *** [6c 5s 6h]
Anchig: bets $3
chebob: calls $3
*** TURN *** [6c 5s 6h] [9d]
Anchig: checks
chebob: bets $6
Anchig: calls $6
*** RIVER *** [6c 5s 6h 9d] [4h]
Anchig: checks
chebob: bets $6
Anchig: calls $6
*** SHOW DOWN ***
chebob: shows [Ac 6d] (three of a kind, Sixes)
Anchig: mucks hand
chebob collected $47.50 from pot
*** SUMMARY ***
Total pot $48 | Rake $0.50
Board [6c 5s 6h 9d 4h]
Seat 3: chebob (button) (small blind) showed [Ac 6d] and won ($47.50) with three of a kind, Sixes
Seat 5: Anchig (big blind) mucked


PokerStars Hand #171367186818:  Hold'em Limit ($3/$6 USD) - 2017/06/05 7:06:25 ET
Table 'Nuwa II' 6-max Seat #5 is the button
Seat 3: chebob ($198.42 in chips)
Seat 5: Anchig ($107.13 in chips)
Anchig: posts small blind $1
chebob: posts big blind $3
*** HOLE CARDS ***
Anchig: raises $3 to $6
chebob: raises $3 to $9
Anchig: calls $3
*** FLOP *** [9c Js 9s]
chebob: bets $3
Anchig: folds
Uncalled bet ($3) returned to chebob
chebob collected $17.64 from pot
chebob: doesn't show hand
*** SUMMARY ***
Total pot $18 | Rake $0.36
Board [9c Js 9s]
Seat 3: chebob (big blind) collected ($17.64)
Seat 5: Anchig (button) (small blind) folded on the Flop


PokerStars Hand #171367196391:  Hold'em Limit ($3/$6 USD) - 2017/06/05 7:06:47 ET
Table 'Nuwa II' 6-max Seat #5 is the button
Seat 3: chebob ($201.06 in chips)
Seat 5: Anchig ($103.89 in chips)
Anchig: posts small blind $1
chebob: posts big blind $3
*** HOLE CARDS ***
Anchig: folds
Uncalled bet ($2) returned to chebob
chebob collected $2 from pot
chebob: doesn't show hand
*** SUMMARY ***
Total pot $2 | Rake $0
Seat 3: chebob (big blind) collected ($2)
Seat 5: Anchig (button) (small blind) folded before Flop


PokerStars Hand #171367191571:  Hold'em Limit ($3/$6 USD) - 2017/06/05 7:06:36 ET
Table 'Nuwa II' 6-max Seat #3 is the button
Seat 3: chebob ($207.06 in chips)
Seat 5: Anchig ($98.13 in chips)
chebob: posts small blind $1
Anchig: posts big blind $3
*** HOLE CARDS ***
chebob: raises $3 to $6
Anchig: calls $3
*** FLOP *** [Ks 3s 2d]
Anchig: checks
chebob: checks
*** TURN *** [Ks 3s 2d] [Tc]
Anchig: bets $6
chebob: folds
Uncalled bet ($6) returned to Anchig
Anchig collected $11.76 from pot
Anchig: doesn't show hand
*** SUMMARY ***
Total pot $12 | Rake $0.24
Board [Ks 3s 2d Tc]
Seat 3: chebob (button) (small blind) folded on the Turn
Seat 5: Anchig (big blind) collected ($11.76)


PokerStars Hand #171367198841:  Hold'em Limit ($3/$6 USD) - 2017/06/05 7:06:52 ET
Table 'Nuwa II' 6-max Seat #3 is the button
Seat 3: chebob ($202.06 in chips)
Seat 5: Anchig ($102.89 in chips)
chebob: posts small blind $1
Anchig: posts big blind $3
*** HOLE CARDS ***
chebob: folds
Uncalled bet ($2) returned to Anchig
Anchig collected $2 from pot
Anchig: doesn't show hand
*** SUMMARY ***
Total pot $2 | Rake $0
Seat 3: chebob (button) (small blind) folded before Flop
Seat 5: Anchig (big blind) collected ($2)


PokerStars Hand #171367209794:  Hold'em Limit ($3/$6 USD) - 2017/06/05 7:07:17 ET
Table 'Nuwa II' 6-max Seat #3 is the button
Seat 3: chebob ($227.56 in chips)
Seat 5: Anchig ($76.89 in chips)
chebob: posts small blind $1
Anchig: posts big blind $3
*** HOLE CARDS ***
chebob: folds
Uncalled bet ($2) returned to Anchig
Anchig collected $2 from pot
Anchig: doesn't show hand
*** SUMMARY ***
Total pot $2 | Rake $0
Seat 3: chebob (button) (small blind) folded before Flop
Seat 5: Anchig (big blind) collected ($2)


PokerStars Hand #171367200964:  Hold'em Limit ($3/$6 USD) - 2017/06/05 7:06:57 ET
Table 'Nuwa II' 6-max Seat #5 is the button
Seat 3: chebob ($201.06 in chips)
Seat 5: Anchig ($103.89 in chips)
Anchig: posts small blind $1
chebob: posts big blind $3
*** HOLE CARDS ***
Anchig: raises $3 to $6
chebob: raises $3 to $9
Anchig: calls $3
*** FLOP *** [8c 2s 2c]
chebob: bets $3
Anchig: raises $3 to $6
chebob: calls $3
*** TURN *** [8c 2s 2c] [9s]
chebob: checks
Anchig: bets $6
chebob: raises $6 to $12
Anchig: calls $6
*** RIVER *** [8c 2s 2c 9s] [Ks]
chebob: bets $6
Anchig: folds
Uncalled bet ($6) returned to chebob
chebob collected $53.50 from pot
chebob: doesn't show hand
*** SUMMARY ***
Total pot $54 | Rake $0.50
Board [8c 2s 2c 9s Ks]
Seat 3: chebob (big blind) collected ($53.50)
Seat 5: Anchig (button) (small blind) folded on the River


PokerStars Hand #171367211889:  Hold'em Limit ($3/$6 USD) - 2017/06/05 7:07:22 ET
Table 'Nuwa II' 6-max Seat #5 is the button
Seat 3: chebob ($226.56 in chips)
Seat 5: Anchig ($77.89 in chips)
Anchig: posts small blind $1
chebob: posts big blind $3
*** HOLE CARDS ***
Anchig: folds
Uncalled bet ($2) returned to chebob
chebob collected $2 from pot
chebob: doesn't show hand
*** SUMMARY ***
Total pot $2 | Rake $0
Seat 3: chebob (big blind) collected ($2)
Seat 5: Anchig (button) (small blind) folded before Flop


PokerStars Hand #171367213949:  Hold'em Limit ($3/$6 USD) - 2017/06/05 7:07:26 ET
Table 'Nuwa II' 6-max Seat #3 is the button
Seat 3: chebob ($227.56 in chips)
Seat 5: Anchig ($76.89 in chips)
chebob: posts small blind $1
Anchig: posts big blind $3
*** HOLE CARDS ***
chebob: raises $3 to $6
Anchig: raises $3 to $9
chebob: calls $3
*** FLOP *** [6d 9h Kd]
Anchig: bets $3
chebob: folds
Uncalled bet ($3) returned to Anchig
Anchig collected $17.64 from pot
Anchig: doesn't show hand
*** SUMMARY ***
Total pot $18 | Rake $0.36
Board [6d 9h Kd]
Seat 3: chebob (button) (small blind) folded on the Flop
Seat 5: Anchig (big blind) collected ($17.64)


PokerStars Hand #171367218870:  Hold'em Limit ($3/$6 USD) - 2017/06/05 7:07:37 ET
Table 'Nuwa II' 6-max Seat #5 is the button
Seat 3: chebob ($218.56 in chips)
Seat 5: Anchig ($85.53 in chips)
Anchig: posts small blind $1
chebob: posts big blind $3
*** HOLE CARDS ***
Helland joins the table at seat #4
Anchig: raises $3 to $6
chebob: raises $3 to $9
Anchig: calls $3
*** FLOP *** [Ad 8d 5c]
scorpio04 joins the table at seat #2
chebob: bets $3
Anchig: calls $3
*** TURN *** [Ad 8d 5c] [2h]
chebob: bets $6
Anchig: calls $6
*** RIVER *** [Ad 8d 5c 2h] [7d]
chebob: checks
Anchig: bets $6
chebob: folds
Uncalled bet ($6) returned to Anchig
Anchig collected $35.50 from pot
Anchig: doesn't show hand
*** SUMMARY ***
Total pot $36 | Rake $0.50
Board [Ad 8d 5c 2h 7d]
Seat 3: chebob (big blind) folded on the River
Seat 5: Anchig (button) (small blind) collected ($35.50)


PokerStars Hand #171367814598:  Hold'em Limit ($3/$6 USD) - 2017/06/05 7:28:56 ET
Table 'Nuwa II' 6-max Seat #2 is the button
Seat 2: scorpio04 ($150 in chips)
Seat 5: DimaZips ($145 in chips)
scorpio04: posts small blind $1
Helland: is sitting out
DimaZips: posts big blind $3
*** HOLE CARDS ***
scorpio04: raises $3 to $6
DimaZips: calls $3
*** FLOP *** [2c 2d Ts]
DimaZips: checks
scorpio04: bets $3
DimaZips: folds
Uncalled bet ($3) returned to scorpio04
scorpio04 collected $11.76 from pot
scorpio04: doesn't show hand
*** SUMMARY ***
Total pot $12 | Rake $0.24
Board [2c 2d Ts]
Seat 2: scorpio04 (button) (small blind) collected ($11.76)
Seat 5: DimaZips (big blind) folded on the Flop


PokerStars Hand #171367820074:  Hold'em Limit ($3/$6 USD) - 2017/06/05 7:29:08 ET
Table 'Nuwa II' 6-max Seat #5 is the button
Seat 2: scorpio04 ($155.76 in chips)
Seat 5: DimaZips ($139 in chips)
DimaZips: posts small blind $1
scorpio04: posts big blind $3
*** HOLE CARDS ***
DimaZips: raises $3 to $6
scorpio04: raises $3 to $9
DimaZips: calls $3
*** FLOP *** [Qd 8c 3c]
scorpio04: bets $3
DimaZips: calls $3
*** TURN *** [Qd 8c 3c] [4h]
scorpio04: bets $6
DimaZips: raises $6 to $12
scorpio04: folds
Uncalled bet ($6) returned to DimaZips
DimaZips collected $35.50 from pot
DimaZips: doesn't show hand
*** SUMMARY ***
Total pot $36 | Rake $0.50
Board [Qd 8c 3c 4h]
Seat 2: scorpio04 (big blind) folded on the Turn
Seat 5: DimaZips (button) (small blind) collected ($35.50)


PokerStars Hand #171367826157:  Hold'em Limit ($3/$6 USD) - 2017/06/05 7:29:22 ET
Table 'Nuwa II' 6-max Seat #2 is the button
Seat 2: scorpio04 ($150 in chips)
Seat 5: DimaZips ($156.50 in chips)
scorpio04: posts small blind $1
DimaZips: posts big blind $3
*** HOLE CARDS ***
scorpio04: raises $3 to $6
DimaZips: calls $3
*** FLOP *** [As 9c 2h]
DimaZips: checks
scorpio04: bets $3
DimaZips: raises $3 to $6
scorpio04: calls $3
*** TURN *** [As 9c 2h] [8d]
DimaZips: bets $6
scorpio04: folds
Uncalled bet ($6) returned to DimaZips
DimaZips collected $23.52 from pot
DimaZips: doesn't show hand
*** SUMMARY ***
Total pot $24 | Rake $0.48
Board [As 9c 2h 8d]
Seat 2: scorpio04 (button) (small blind) folded on the Turn
Seat 5: DimaZips (big blind) collected ($23.52)


PokerStars Hand #171367831879:  Hold'em Limit ($3/$6 USD) - 2017/06/05 7:29:34 ET
Table 'Nuwa II' 6-max Seat #5 is the button
Seat 2: scorpio04 ($150 in chips)
Seat 5: DimaZips ($168.02 in chips)
DimaZips: posts small blind $1
scorpio04: posts big blind $3
*** HOLE CARDS ***
DimaZips: raises $3 to $6
scorpio04: calls $3
*** FLOP *** [Qs 8s Jc]
scorpio04: checks
DimaZips: checks
*** TURN *** [Qs 8s Jc] [3h]
scorpio04: bets $6
DimaZips: folds
Uncalled bet ($6) returned to scorpio04
scorpio04 collected $11.76 from pot
scorpio04: doesn't show hand
*** SUMMARY ***
Total pot $12 | Rake $0.24
Board [Qs 8s Jc 3h]
Seat 2: scorpio04 (big blind) collected ($11.76)
Seat 5: DimaZips (button) (small blind) folded on the Turn


PokerStars Hand #171367836072:  Hold'em Limit ($3/$6 USD) - 2017/06/05 7:29:43 ET
Table 'Nuwa II' 6-max Seat #2 is the button
Seat 2: scorpio04 ($155.76 in chips)
Seat 5: DimaZips ($162.02 in chips)
scorpio04: posts small blind $1
DimaZips: posts big blind $3
*** HOLE CARDS ***
scorpio04: raises $3 to $6
DimaZips: calls $3
*** FLOP *** [8s 6h 3h]
tje777 joins the table at seat #1
DimaZips: checks
scorpio04: bets $3
DimaZips: calls $3
*** TURN *** [8s 6h 3h] [Qh]
DimaZips: checks
scorpio04: checks
*** RIVER *** [8s 6h 3h Qh] [4c]
DimaZips: checks
scorpio04: bets $6
DimaZips: folds
Uncalled bet ($6) returned to scorpio04
scorpio04 collected $17.64 from pot
scorpio04: doesn't show hand
*** SUMMARY ***
Total pot $18 | Rake $0.36
Board [8s 6h 3h Qh 4c]
Seat 2: scorpio04 (button) (small blind) collected ($17.64)
Seat 5: DimaZips (big blind) folded on the River


PokerStars Hand #171367931981:  Hold'em Limit ($3/$6 USD) - 2017/06/05 7:33:07 ET
Table 'Nuwa II' 6-max Seat #2 is the button
Seat 1: tje777 ($316.85 in chips)
Seat 2: scorpio04 ($150 in chips)
scorpio04: posts small blind $1
tje777: posts big blind $3
*** HOLE CARDS ***
scorpio04: raises $3 to $6
tje777: folds
Uncalled bet ($3) returned to scorpio04
scorpio04 collected $6 from pot
scorpio04: doesn't show hand
*** SUMMARY ***
Total pot $6 | Rake $0
Seat 1: tje777 (big blind) folded before Flop
Seat 2: scorpio04 (button) (small blind) collected ($6)


PokerStars Hand #171367934928:  Hold'em Limit ($3/$6 USD) - 2017/06/05 7:33:13 ET
Table 'Nuwa II' 6-max Seat #1 is the button
Seat 1: tje777 ($313.85 in chips)
Seat 2: scorpio04 ($153 in chips)
tje777: posts small blind $1
scorpio04: posts big blind $3
*** HOLE CARDS ***
tje777: raises $3 to $6
scorpio04: calls $3
*** FLOP *** [8c As 4s]
scorpio04: checks
tje777: bets $3
scorpio04: folds
Uncalled bet ($3) returned to tje777
tje777 collected $11.76 from pot
tje777: doesn't show hand
*** SUMMARY ***
Total pot $12 | Rake $0.24
Board [8c As 4s]
Seat 1: tje777 (button) (small blind) collected ($11.76)
Seat 2: scorpio04 (big blind) folded on the Flop


PokerStars Hand #171367940558:  Hold'em Limit ($3/$6 USD) - 2017/06/05 7:33:24 ET
Table 'Nuwa II' 6-max Seat #2 is the button
Seat 1: tje777 ($319.61 in chips)
Seat 2: scorpio04 ($150 in chips)
scorpio04: posts small blind $1
tje777: posts big blind $3
*** HOLE CARDS ***
scorpio04: raises $3 to $6
tje777: calls $3
*** FLOP *** [9h 5s 9d]
tje777: checks
scorpio04: bets $3
tje777: folds
Uncalled bet ($3) returned to scorpio04
scorpio04 collected $11.76 from pot
scorpio04: doesn't show hand
*** SUMMARY ***
Total pot $12 | Rake $0.24
Board [9h 5s 9d]
Seat 1: tje777 (big blind) folded on the Flop
Seat 2: scorpio04 (button) (small blind) collected ($11.76)


PokerStars Hand #171367945433:  Hold'em Limit ($3/$6 USD) - 2017/06/05 7:33:34 ET
Table 'Nuwa II' 6-max Seat #1 is the button
Seat 1: tje777 ($313.61 in chips)
Seat 2: scorpio04 ($155.76 in chips)
tje777: posts small blind $1
scorpio04: posts big blind $3
*** HOLE CARDS ***
tje777: raises $3 to $6
scorpio04: calls $3
*** FLOP *** [Ts Td Th]
scorpio04: checks
tje777: bets $3
scorpio04: raises $3 to $6
tje777: calls $3
*** TURN *** [Ts Td Th] [7s]
scorpio04: bets $6
tje777: calls $6
*** RIVER *** [Ts Td Th 7s] [8h]
Anchig joins the table at seat #4
scorpio04: bets $6
tje777: calls $6
*** SHOW DOWN ***
scorpio04: shows [Kd Ac] (three of a kind, Tens)
tje777: mucks hand
scorpio04 collected $47.50 from pot
*** SUMMARY ***
Total pot $48 | Rake $0.50
Board [Ts Td Th 7s 8h]
Seat 1: tje777 (button) (small blind) mucked
Seat 2: scorpio04 (big blind) showed [Kd Ac] and won ($47.50) with three of a kind, Tens


PokerStars Hand #171370569666:  Hold'em Limit ($3/$6 USD) - 2017/06/05 8:59:47 ET
Table 'Nuwa II' 6-max Seat #2 is the button
Seat 2: DimaZips ($146.42 in chips)
Seat 6: tedros404 ($449 in chips)
DimaZips: posts small blind $1
Hannibal2211: is sitting out
tedros404: posts big blind $3
*** HOLE CARDS ***
Hannibal2211 leaves the table
DimaZips: folds
Uncalled bet ($2) returned to tedros404
tedros404 collected $2 from pot
tedros404: doesn't show hand
*** SUMMARY ***
Total pot $2 | Rake $0
Seat 2: DimaZips (button) (small blind) folded before Flop
Seat 6: tedros404 (big blind) collected ($2)


PokerStars Hand #171370573551:  Hold'em Limit ($3/$6 USD) - 2017/06/05 8:59:55 ET
Table 'Nuwa II' 6-max Seat #6 is the button
Seat 2: DimaZips ($145.42 in chips)
Seat 6: tedros404 ($450 in chips)
tedros404: posts small blind $1
DimaZips: posts big blind $3
*** HOLE CARDS ***
tedros404: folds
Uncalled bet ($2) returned to DimaZips
DimaZips collected $2 from pot
DimaZips: doesn't show hand
*** SUMMARY ***
Total pot $2 | Rake $0
Seat 2: DimaZips (big blind) collected ($2)
Seat 6: tedros404 (button) (small blind) folded before Flop


