PokerStars Hand #151689178015:  Hold'em Limit ($3/$6 USD) - 2016/04/09 19:59:10 ET
Table 'Nuwa' 6-max Seat #4 is the button
Seat 3: broilerfmr77 ($57.40 in chips)
Seat 4: AzureCaper ($98.50 in chips)
AzureCaper: posts small blind $1
broilerfmr77: posts big blind $3
*** HOLE CARDS ***
AzureCaper: raises $3 to $6
broilerfmr77: calls $3
*** FLOP *** [4s Kd 6d]
broilerfmr77: bets $3
SACHAVT joins the table at seat #1
AzureCaper: folds
Uncalled bet ($3) returned to broilerfmr77
broilerfmr77 collected $11.76 from pot
broilerfmr77: doesn't show hand
*** SUMMARY ***
Total pot $12 | Rake $0.24
Board [4s Kd 6d]
Seat 3: broilerfmr77 (big blind) collected ($11.76)
Seat 4: AzureCaper (button) (small blind) folded on the Flop


PokerStars Hand #151689174787:  Hold'em Limit ($3/$6 USD) - 2016/04/09 19:59:03 ET
Table 'Nuwa' 6-max Seat #3 is the button
Seat 3: broilerfmr77 ($54.40 in chips)
Seat 4: AzureCaper ($101.50 in chips)
broilerfmr77: posts small blind $1
AzureCaper: posts big blind $3
*** HOLE CARDS ***
broilerfmr77: raises $3 to $6
AzureCaper: folds
Uncalled bet ($3) returned to broilerfmr77
broilerfmr77 collected $6 from pot
*** SUMMARY ***
Total pot $6 | Rake $0
Seat 3: broilerfmr77 (button) (small blind) collected ($6)
Seat 4: AzureCaper (big blind) folded before Flop


PokerStars Hand #151689172492:  Hold'em Limit ($3/$6 USD) - 2016/04/09 19:58:58 ET
Table 'Nuwa' 6-max Seat #4 is the button
Seat 3: broilerfmr77 ($53.40 in chips)
Seat 4: AzureCaper ($102.50 in chips)
AzureCaper: posts small blind $1
broilerfmr77: posts big blind $3
*** HOLE CARDS ***
AzureCaper: folds
Uncalled bet ($2) returned to broilerfmr77
broilerfmr77 collected $2 from pot
broilerfmr77: doesn't show hand
*** SUMMARY ***
Total pot $2 | Rake $0
Seat 3: broilerfmr77 (big blind) collected ($2)
Seat 4: AzureCaper (button) (small blind) folded before Flop


PokerStars Hand #151689159185:  Hold'em Limit ($3/$6 USD) - 2016/04/09 19:58:30 ET
Table 'Nuwa' 6-max Seat #3 is the button
Seat 3: broilerfmr77 ($50.52 in chips)
Seat 4: AzureCaper ($105.50 in chips)
broilerfmr77: posts small blind $1
AzureCaper: posts big blind $3
*** HOLE CARDS ***
broilerfmr77: calls $2
AzureCaper: checks
*** FLOP *** [Ks 7h 5h]
AzureCaper: checks
broilerfmr77: checks
*** TURN *** [Ks 7h 5h] [Th]
AzureCaper: checks
broilerfmr77: checks
*** RIVER *** [Ks 7h 5h Th] [9s]
AzureCaper: checks
broilerfmr77: bets $6
AzureCaper: folds
Uncalled bet ($6) returned to broilerfmr77
broilerfmr77 collected $5.88 from pot
*** SUMMARY ***
Total pot $6 | Rake $0.12
Board [Ks 7h 5h Th 9s]
Seat 3: broilerfmr77 (button) (small blind) collected ($5.88)
Seat 4: AzureCaper (big blind) folded on the River


PokerStars Hand #151689184861:  Hold'em Limit ($3/$6 USD) - 2016/04/09 19:59:24 ET
Table 'Nuwa' 6-max Seat #3 is the button
Seat 3: broilerfmr77 ($63.16 in chips)
Seat 4: AzureCaper ($92.50 in chips)
broilerfmr77: posts small blind $1
AzureCaper: posts big blind $3
*** HOLE CARDS ***
broilerfmr77: raises $3 to $6
AzureCaper: calls $3
*** FLOP *** [Tc Ac Jc]
AzureCaper: checks
broilerfmr77: bets $3
AzureCaper: calls $3
*** TURN *** [Tc Ac Jc] [4h]
AzureCaper: checks
broilerfmr77: checks
*** RIVER *** [Tc Ac Jc 4h] [Kh]
AzureCaper: checks
broilerfmr77: bets $6
aade1ante joins the table at seat #2
AzureCaper: folds
Uncalled bet ($6) returned to broilerfmr77
broilerfmr77 collected $17.64 from pot
*** SUMMARY ***
Total pot $18 | Rake $0.36
Board [Tc Ac Jc 4h Kh]
Seat 3: broilerfmr77 (button) (small blind) collected ($17.64)
Seat 4: AzureCaper (big blind) folded on the River


PokerStars Hand #151691477695:  Hold'em Limit ($3/$6 USD) - 2016/04/09 21:16:28 ET
Table 'Nuwa' 6-max Seat #4 is the button
Seat 3: SACHAVT ($30 in chips)
Seat 4: AzureCaper ($72 in chips)
AzureCaper: posts small blind $1
SACHAVT: posts big blind $3
*** HOLE CARDS ***
AzureCaper: raises $3 to $6
SACHAVT: calls $3
*** FLOP *** [6s 3s Th]
SACHAVT: checks
AzureCaper: bets $3
SACHAVT: raises $3 to $6
AzureCaper: calls $3
*** TURN *** [6s 3s Th] [7c]
SACHAVT: bets $6
AzureCaper: calls $6
*** RIVER *** [6s 3s Th 7c] [Kh]
SACHAVT: checks
AzureCaper: checks
*** SHOW DOWN ***
SACHAVT: shows [Kd 3h] (two pair, Kings and Threes)
AzureCaper: mucks hand
SACHAVT collected $35.50 from pot
*** SUMMARY ***
Total pot $36 | Rake $0.50
Board [6s 3s Th 7c Kh]
Seat 3: SACHAVT (big blind) showed [Kd 3h] and won ($35.50) with two pair, Kings and Threes
Seat 4: AzureCaper (button) (small blind) mucked


PokerStars Hand #151691493535:  Hold'em Limit ($3/$6 USD) - 2016/04/09 21:16:48 ET
Table 'Nuwa' 6-max Seat #3 is the button
Seat 3: SACHAVT ($47.50 in chips)
Seat 4: AzureCaper ($72 in chips)
SACHAVT: posts small blind $1
AzureCaper: posts big blind $3
*** HOLE CARDS ***
SACHAVT: calls $2
AzureCaper: checks
*** FLOP *** [Kd 6c 8s]
AzureCaper: checks
SACHAVT: checks
*** TURN *** [Kd 6c 8s] [9h]
AzureCaper: checks
SACHAVT: bets $6
AzureCaper: raises $6 to $12
SACHAVT: calls $6
*** RIVER *** [Kd 6c 8s 9h] [7d]
AzureCaper: checks
SACHAVT: bets $6
AzureCaper: calls $6
*** SHOW DOWN ***
SACHAVT: shows [5c 9c] (a straight, Five to Nine)
AzureCaper: shows [5h Kc] (a straight, Five to Nine)
AzureCaper collected $20.75 from pot
SACHAVT collected $20.75 from pot
*** SUMMARY ***
Total pot $42 | Rake $0.50
Board [Kd 6c 8s 9h 7d]
Seat 3: SACHAVT (button) (small blind) showed [5c 9c] and won ($20.75) with a straight, Five to Nine
Seat 4: AzureCaper (big blind) showed [5h Kc] and won ($20.75) with a straight, Five to Nine


PokerStars Hand #151691501897:  Hold'em Limit ($3/$6 USD) - 2016/04/09 21:17:06 ET
Table 'Nuwa' 6-max Seat #4 is the button
Seat 3: SACHAVT ($47.25 in chips)
Seat 4: AzureCaper ($72 in chips)
AzureCaper: posts small blind $1
SACHAVT: posts big blind $3
*** HOLE CARDS ***
AzureCaper: folds
Uncalled bet ($2) returned to SACHAVT
SACHAVT collected $2 from pot
SACHAVT: doesn't show hand
*** SUMMARY ***
Total pot $2 | Rake $0
Seat 3: SACHAVT (big blind) collected ($2)
Seat 4: AzureCaper (button) (small blind) folded before Flop


PokerStars Hand #151691514111:  Hold'em Limit ($3/$6 USD) - 2016/04/09 21:17:34 ET
Table 'Nuwa' 6-max Seat #4 is the button
Seat 3: SACHAVT ($54.01 in chips)
Seat 4: AzureCaper ($72 in chips)
AzureCaper: posts small blind $1
SACHAVT: posts big blind $3
*** HOLE CARDS ***
AzureCaper: raises $3 to $6
SACHAVT: folds
Uncalled bet ($3) returned to AzureCaper
AzureCaper collected $6 from pot
AzureCaper: doesn't show hand
*** SUMMARY ***
Total pot $6 | Rake $0
Seat 3: SACHAVT (big blind) folded before Flop
Seat 4: AzureCaper (button) (small blind) collected ($6)


PokerStars Hand #151691526131:  Hold'em Limit ($3/$6 USD) - 2016/04/09 21:18:01 ET
Table 'Nuwa' 6-max Seat #4 is the button
Seat 3: SACHAVT ($74.51 in chips)
Seat 4: AzureCaper ($72 in chips)
AzureCaper: posts small blind $1
SACHAVT: posts big blind $3
*** HOLE CARDS ***
AzureCaper: raises $3 to $6
SACHAVT: folds
Uncalled bet ($3) returned to AzureCaper
AzureCaper collected $6 from pot
AzureCaper: doesn't show hand
*** SUMMARY ***
Total pot $6 | Rake $0
Seat 3: SACHAVT (big blind) folded before Flop
Seat 4: AzureCaper (button) (small blind) collected ($6)


PokerStars Hand #151691516601:  Hold'em Limit ($3/$6 USD) - 2016/04/09 21:17:40 ET
Table 'Nuwa' 6-max Seat #3 is the button
Seat 3: SACHAVT ($51.01 in chips)
Seat 4: AzureCaper ($75 in chips)
SACHAVT: posts small blind $1
AzureCaper: posts big blind $3
*** HOLE CARDS ***
SACHAVT: raises $3 to $6
AzureCaper: calls $3
*** FLOP *** [Tc Qh 2s]
AzureCaper: checks
SACHAVT: bets $3
AzureCaper: raises $3 to $6
SACHAVT: calls $3
*** TURN *** [Tc Qh 2s] [8d]
AzureCaper: bets $6
SACHAVT: raises $6 to $12
AzureCaper: calls $6
*** RIVER *** [Tc Qh 2s 8d] [3d]
AzureCaper: checks
SACHAVT: bets $6
AzureCaper: folds
Uncalled bet ($6) returned to SACHAVT
SACHAVT collected $47.50 from pot
SACHAVT: doesn't show hand
*** SUMMARY ***
Total pot $48 | Rake $0.50
Board [Tc Qh 2s 8d 3d]
Seat 3: SACHAVT (button) (small blind) collected ($47.50)
Seat 4: AzureCaper (big blind) folded on the River


PokerStars Hand #151691504417:  Hold'em Limit ($3/$6 USD) - 2016/04/09 21:17:12 ET
Table 'Nuwa' 6-max Seat #3 is the button
Seat 3: SACHAVT ($48.25 in chips)
Seat 4: AzureCaper ($72 in chips)
SACHAVT: posts small blind $1
AzureCaper: posts big blind $3
*** HOLE CARDS ***
SACHAVT: raises $3 to $6
AzureCaper: calls $3
*** FLOP *** [3d 5d Ts]
AzureCaper: checks
SACHAVT: checks
*** TURN *** [3d 5d Ts] [7d]
AzureCaper: checks
SACHAVT: checks
*** RIVER *** [3d 5d Ts 7d] [Kc]
AzureCaper: checks
SACHAVT: bets $6
AzureCaper: folds
Uncalled bet ($6) returned to SACHAVT
SACHAVT collected $11.76 from pot
SACHAVT: doesn't show hand
*** SUMMARY ***
Total pot $12 | Rake $0.24
Board [3d 5d Ts 7d Kc]
Seat 3: SACHAVT (button) (small blind) collected ($11.76)
Seat 4: AzureCaper (big blind) folded on the River


PokerStars Hand #151691528255:  Hold'em Limit ($3/$6 USD) - 2016/04/09 21:18:06 ET
Table 'Nuwa' 6-max Seat #3 is the button
Seat 3: SACHAVT ($71.51 in chips)
Seat 4: AzureCaper ($75 in chips)
SACHAVT: posts small blind $1
AzureCaper: posts big blind $3
*** HOLE CARDS ***
SACHAVT: calls $2
AzureCaper: checks
*** FLOP *** [7d Jc 6s]
AzureCaper: bets $3
SACHAVT: calls $3
*** TURN *** [7d Jc 6s] [Ks]
AzureCaper: checks
$polu4atel*$ joins the table at seat #6
SACHAVT: checks
*** RIVER *** [7d Jc 6s Ks] [4c]
AzureCaper: bets $6
SACHAVT: folds
Uncalled bet ($6) returned to AzureCaper
AzureCaper collected $11.76 from pot
AzureCaper: doesn't show hand
*** SUMMARY ***
Total pot $12 | Rake $0.24
Board [7d Jc 6s Ks 4c]
Seat 3: SACHAVT (button) (small blind) folded on the River
Seat 4: AzureCaper (big blind) collected ($11.76)


PokerStars Hand #151692210523:  Hold'em Limit ($3/$6 USD) - 2016/04/09 21:44:47 ET
Table 'Nuwa' 6-max Seat #3 is the button
Seat 1: lin1rabbit ($132.29 in chips)
Seat 3: Aries93 ($230.07 in chips)
Aries93: posts small blind $1
lin1rabbit: posts big blind $3
*** HOLE CARDS ***
Aries93: raises $3 to $6
lin1rabbit: calls $3
*** FLOP *** [5c Ks 2d]
lin1rabbit: checks
Aries93: bets $3
lin1rabbit: raises $3 to $6
Aries93: calls $3
*** TURN *** [5c Ks 2d] [9s]
lin1rabbit: bets $6
Aries93: folds
Uncalled bet ($6) returned to lin1rabbit
lin1rabbit collected $23.52 from pot
lin1rabbit: doesn't show hand
*** SUMMARY ***
Total pot $24 | Rake $0.48
Board [5c Ks 2d 9s]
Seat 1: lin1rabbit (big blind) collected ($23.52)
Seat 3: Aries93 (button) (small blind) folded on the Turn


PokerStars Hand #151692235251:  Hold'em Limit ($3/$6 USD) - 2016/04/09 21:45:48 ET
Table 'Nuwa' 6-max Seat #3 is the button
Seat 1: lin1rabbit ($114.81 in chips)
Seat 3: Aries93 ($246.57 in chips)
Aries93: posts small blind $1
lin1rabbit: posts big blind $3
*** HOLE CARDS ***
Aries93: raises $3 to $6
lin1rabbit: calls $3
*** FLOP *** [Jd 8s Qc]
lin1rabbit: checks
Aries93: bets $3
lin1rabbit: calls $3
*** TURN *** [Jd 8s Qc] [Kc]
lin1rabbit: checks
Aries93: bets $6
lin1rabbit: calls $6
*** RIVER *** [Jd 8s Qc Kc] [6c]
lin1rabbit: checks
Aries93: bets $6
lin1rabbit: calls $6
*** SHOW DOWN ***
Aries93: shows [Td 5c] (high card King)
lin1rabbit: shows [4d Jh] (a pair of Jacks)
lin1rabbit collected $41.50 from pot
*** SUMMARY ***
Total pot $42 | Rake $0.50
Board [Jd 8s Qc Kc 6c]
Seat 1: lin1rabbit (big blind) showed [4d Jh] and won ($41.50) with a pair of Jacks
Seat 3: Aries93 (button) (small blind) showed [Td 5c] and lost with high card King


PokerStars Hand #151692233320:  Hold'em Limit ($3/$6 USD) - 2016/04/09 21:45:43 ET
Table 'Nuwa' 6-max Seat #1 is the button
Seat 1: lin1rabbit ($111.81 in chips)
Seat 3: Aries93 ($249.57 in chips)
lin1rabbit: posts small blind $1
Aries93: posts big blind $3
*** HOLE CARDS ***
lin1rabbit: raises $3 to $6
Aries93: folds
Uncalled bet ($3) returned to lin1rabbit
lin1rabbit collected $6 from pot
lin1rabbit: doesn't show hand
*** SUMMARY ***
Total pot $6 | Rake $0
Seat 1: lin1rabbit (button) (small blind) collected ($6)
Seat 3: Aries93 (big blind) folded before Flop


PokerStars Hand #151692231179:  Hold'em Limit ($3/$6 USD) - 2016/04/09 21:45:38 ET
Table 'Nuwa' 6-max Seat #3 is the button
Seat 1: lin1rabbit ($110.81 in chips)
Seat 3: Aries93 ($250.57 in chips)
Aries93: posts small blind $1
lin1rabbit: posts big blind $3
*** HOLE CARDS ***
Aries93: folds
Uncalled bet ($2) returned to lin1rabbit
lin1rabbit collected $2 from pot
lin1rabbit: doesn't show hand
*** SUMMARY ***
Total pot $2 | Rake $0
Seat 1: lin1rabbit (big blind) collected ($2)
Seat 3: Aries93 (button) (small blind) folded before Flop


PokerStars Hand #151692220126:  Hold'em Limit ($3/$6 USD) - 2016/04/09 21:45:11 ET
Table 'Nuwa' 6-max Seat #1 is the button
Seat 1: lin1rabbit ($143.81 in chips)
Seat 3: Aries93 ($218.07 in chips)
lin1rabbit: posts small blind $1
Aries93: posts big blind $3
*** HOLE CARDS ***
lin1rabbit: raises $3 to $6
Aries93: raises $3 to $9
lin1rabbit: raises $3 to $12
Betting is capped
Aries93: calls $3
*** FLOP *** [Ts Jd 4s]
Aries93: bets $3
lin1rabbit: calls $3
*** TURN *** [Ts Jd 4s] [8d]
Aries93: bets $6
lin1rabbit: calls $6
*** RIVER *** [Ts Jd 4s 8d] [9c]
Aries93: bets $6
lin1rabbit: raises $6 to $12
Aries93: raises $6 to $18
lin1rabbit: folds
Uncalled bet ($6) returned to Aries93
Aries93 collected $65.50 from pot
Aries93: doesn't show hand
*** SUMMARY ***
Total pot $66 | Rake $0.50
Board [Ts Jd 4s 8d 9c]
Seat 1: lin1rabbit (button) (small blind) folded on the River
Seat 3: Aries93 (big blind) collected ($65.50)


PokerStars Hand #151692247702:  Hold'em Limit ($3/$6 USD) - 2016/04/09 21:46:20 ET
Table 'Nuwa' 6-max Seat #3 is the button
Seat 1: lin1rabbit ($117.31 in chips)
Seat 3: Aries93 ($243.07 in chips)
Aries93: posts small blind $1
lin1rabbit: posts big blind $3
*** HOLE CARDS ***
Aries93: raises $3 to $6
lin1rabbit: calls $3
*** FLOP *** [3h 9d 8h]
lin1rabbit: checks
Aries93: bets $3
lin1rabbit: raises $3 to $6
Aries93: raises $3 to $9
lin1rabbit: calls $3
*** TURN *** [3h 9d 8h] [5h]
lin1rabbit: checks
Aries93: bets $6
lin1rabbit: raises $6 to $12
Aries93: raises $6 to $18
lin1rabbit: calls $6
*** RIVER *** [3h 9d 8h 5h] [2h]
lin1rabbit: checks
Aries93: checks
*** SHOW DOWN ***
lin1rabbit: shows [3c 5s] (two pair, Fives and Threes)
Aries93: shows [Kh 6h] (a flush, King high)
Aries93 collected $65.50 from pot
*** SUMMARY ***
Total pot $66 | Rake $0.50
Board [3h 9d 8h 5h 2h]
Seat 1: lin1rabbit (big blind) showed [3c 5s] and lost with two pair, Fives and Threes
Seat 3: Aries93 (button) (small blind) showed [Kh 6h] and won ($65.50) with a flush, King high


PokerStars Hand #151692267275:  Hold'em Limit ($3/$6 USD) - 2016/04/09 21:47:08 ET
Table 'Nuwa' 6-max Seat #3 is the button
Seat 1: lin1rabbit ($92.95 in chips)
Seat 3: Aries93 ($266.57 in chips)
Aries93: posts small blind $1
lin1rabbit: posts big blind $3
*** HOLE CARDS ***
Aries93: folds
Uncalled bet ($2) returned to lin1rabbit
lin1rabbit collected $2 from pot
lin1rabbit: doesn't show hand
*** SUMMARY ***
Total pot $2 | Rake $0
Seat 1: lin1rabbit (big blind) collected ($2)
Seat 3: Aries93 (button) (small blind) folded before Flop


PokerStars Hand #151692258674:  Hold'em Limit ($3/$6 USD) - 2016/04/09 21:46:47 ET
Table 'Nuwa' 6-max Seat #1 is the button
Seat 1: lin1rabbit ($84.31 in chips)
Seat 3: Aries93 ($275.57 in chips)
lin1rabbit: posts small blind $1
Aries93: posts big blind $3
*** HOLE CARDS ***
lin1rabbit: raises $3 to $6
Aries93: calls $3
*** FLOP *** [9h 8c Ts]
Aries93: checks
lin1rabbit: bets $3
Aries93: calls $3
*** TURN *** [9h 8c Ts] [7s]
Aries93: checks
lin1rabbit: bets $6
Aries93: folds
Uncalled bet ($6) returned to lin1rabbit
lin1rabbit collected $17.64 from pot
lin1rabbit: doesn't show hand
*** SUMMARY ***
Total pot $18 | Rake $0.36
Board [9h 8c Ts 7s]
Seat 1: lin1rabbit (button) (small blind) collected ($17.64)
Seat 3: Aries93 (big blind) folded on the Turn


PokerStars Hand #151692241679:  Hold'em Limit ($3/$6 USD) - 2016/04/09 21:46:05 ET
Table 'Nuwa' 6-max Seat #1 is the button
Seat 1: lin1rabbit ($135.31 in chips)
Seat 3: Aries93 ($225.57 in chips)
lin1rabbit: posts small blind $1
Aries93: posts big blind $3
*** HOLE CARDS ***
lin1rabbit: raises $3 to $6
Aries93: calls $3
*** FLOP *** [Qd 2c Kd]
Aries93: checks
lin1rabbit: checks
*** TURN *** [Qd 2c Kd] [Ac]
Aries93: bets $6
lin1rabbit: calls $6
*** RIVER *** [Qd 2c Kd Ac] [2d]
Aries93: bets $6
lin1rabbit: calls $6
*** SHOW DOWN ***
Aries93: shows [6h Ks] (two pair, Kings and Deuces)
lin1rabbit: mucks hand
Aries93 collected $35.50 from pot
*** SUMMARY ***
Total pot $36 | Rake $0.50
Board [Qd 2c Kd Ac 2d]
Seat 1: lin1rabbit (button) (small blind) mucked
Seat 3: Aries93 (big blind) showed [6h Ks] and won ($35.50) with two pair, Kings and Deuces


PokerStars Hand #151692283375:  Hold'em Limit ($3/$6 USD) - 2016/04/09 21:47:49 ET
Table 'Nuwa' 6-max Seat #1 is the button
Seat 1: lin1rabbit ($117.09 in chips)
Seat 3: Aries93 ($241.57 in chips)
lin1rabbit: posts small blind $1
Aries93: posts big blind $3
*** HOLE CARDS ***
lin1rabbit: raises $3 to $6
Aries93: calls $3
*** FLOP *** [2c 2h 5c]
Aries93: checks
lin1rabbit: bets $3
Aries93: folds
Uncalled bet ($3) returned to lin1rabbit
lin1rabbit collected $11.76 from pot
lin1rabbit: doesn't show hand
*** SUMMARY ***
Total pot $12 | Rake $0.24
Board [2c 2h 5c]
Seat 1: lin1rabbit (button) (small blind) collected ($11.76)
Seat 3: Aries93 (big blind) folded on the Flop


PokerStars Hand #151692269346:  Hold'em Limit ($3/$6 USD) - 2016/04/09 21:47:13 ET
Table 'Nuwa' 6-max Seat #1 is the button
Seat 1: lin1rabbit ($93.95 in chips)
Seat 3: Aries93 ($265.57 in chips)
lin1rabbit: posts small blind $1
Aries93: posts big blind $3
*** HOLE CARDS ***
lin1rabbit: raises $3 to $6
Aries93: calls $3
*** FLOP *** [9s 8c Td]
Aries93: bets $3
lin1rabbit: calls $3
*** TURN *** [9s 8c Td] [Tc]
Aries93: bets $6
lin1rabbit: calls $6
*** RIVER *** [9s 8c Td Tc] [9h]
Aries93: checks
lin1rabbit: checks
*** SHOW DOWN ***
Aries93: shows [2s Qc] (two pair, Tens and Nines)
lin1rabbit: shows [5d Kc] (two pair, Tens and Nines - King kicker)
lin1rabbit collected $29.50 from pot
*** SUMMARY ***
Total pot $30 | Rake $0.50
Board [9s 8c Td Tc 9h]
Seat 1: lin1rabbit (button) (small blind) showed [5d Kc] and won ($29.50) with two pair, Tens and Nines
Seat 3: Aries93 (big blind) showed [2s Qc] and lost with two pair, Tens and Nines


PokerStars Hand #151692276441:  Hold'em Limit ($3/$6 USD) - 2016/04/09 21:47:31 ET
Table 'Nuwa' 6-max Seat #3 is the button
Seat 1: lin1rabbit ($108.45 in chips)
Seat 3: Aries93 ($250.57 in chips)
Aries93: posts small blind $1
lin1rabbit: posts big blind $3
*** HOLE CARDS ***
Aries93: raises $3 to $6
$polu4atel*$ joins the table at seat #5
lin1rabbit: calls $3
*** FLOP *** [4d 6d Qd]
lin1rabbit: checks
Aries93: bets $3
lin1rabbit: raises $3 to $6
Aries93: folds
Uncalled bet ($3) returned to lin1rabbit
lin1rabbit collected $17.64 from pot
lin1rabbit: doesn't show hand
*** SUMMARY ***
Total pot $18 | Rake $0.36
Board [4d 6d Qd]
Seat 1: lin1rabbit (big blind) collected ($17.64)
Seat 3: Aries93 (button) (small blind) folded on the Flop


PokerStars Hand #151692345616:  Hold'em Limit ($3/$6 USD) - 2016/04/09 21:50:26 ET
Table 'Nuwa' 6-max Seat #3 is the button
Seat 1: lin1rabbit ($108 in chips)
Seat 3: Aries93 ($253.22 in chips)
Aries93: posts small blind $1
lin1rabbit: posts big blind $3
*** HOLE CARDS ***
Aries93: folds
Uncalled bet ($2) returned to lin1rabbit
lin1rabbit collected $2 from pot
lin1rabbit: doesn't show hand
*** SUMMARY ***
Total pot $2 | Rake $0
Seat 1: lin1rabbit (big blind) collected ($2)
Seat 3: Aries93 (button) (small blind) folded before Flop


PokerStars Hand #151692347967:  Hold'em Limit ($3/$6 USD) - 2016/04/09 21:50:32 ET
Table 'Nuwa' 6-max Seat #1 is the button
Seat 1: lin1rabbit ($109 in chips)
Seat 3: Aries93 ($252.22 in chips)
lin1rabbit: posts small blind $1
Aries93: posts big blind $3
*** HOLE CARDS ***
lin1rabbit: raises $3 to $6
Aries93: folds
Uncalled bet ($3) returned to lin1rabbit
lin1rabbit collected $6 from pot
lin1rabbit: doesn't show hand
*** SUMMARY ***
Total pot $6 | Rake $0
Seat 1: lin1rabbit (button) (small blind) collected ($6)
Seat 3: Aries93 (big blind) folded before Flop


PokerStars Hand #151692355195:  Hold'em Limit ($3/$6 USD) - 2016/04/09 21:50:51 ET
Table 'Nuwa' 6-max Seat #3 is the button
Seat 1: lin1rabbit ($112 in chips)
Seat 3: Aries93 ($249.22 in chips)
Aries93: posts small blind $1
lin1rabbit: posts big blind $3
*** HOLE CARDS ***
Aries93: raises $3 to $6
lin1rabbit: calls $3
*** FLOP *** [8d 2c Td]
stressed31 joins the table at seat #2
lin1rabbit: checks
Aries93: bets $3
lin1rabbit: raises $3 to $6
Aries93: calls $3
*** TURN *** [8d 2c Td] [9s]
lin1rabbit: bets $6
Aries93: calls $6
*** RIVER *** [8d 2c Td 9s] [9c]
lin1rabbit: bets $6
Aries93: folds
Uncalled bet ($6) returned to lin1rabbit
lin1rabbit collected $35.50 from pot
lin1rabbit: doesn't show hand
*** SUMMARY ***
Total pot $36 | Rake $0.50
Board [8d 2c Td 9s 9c]
Seat 1: lin1rabbit (big blind) collected ($35.50)
Seat 3: Aries93 (button) (small blind) folded on the River


PokerStars Hand #151692381163:  Hold'em Limit ($3/$6 USD) - 2016/04/09 21:51:56 ET
Table 'Nuwa' 6-max Seat #1 is the button
Seat 1: lin1rabbit ($134.26 in chips)
Seat 2: stressed31 ($81.28 in chips)
lin1rabbit: posts small blind $1
stressed31: posts big blind $3
*** HOLE CARDS ***
lin1rabbit: raises $3 to $6
stressed31: folds
Uncalled bet ($3) returned to lin1rabbit
lin1rabbit collected $6 from pot
lin1rabbit: doesn't show hand
*** SUMMARY ***
Total pot $6 | Rake $0
Seat 1: lin1rabbit (button) (small blind) collected ($6)
Seat 2: stressed31 (big blind) folded before Flop


PokerStars Hand #151692376109:  Hold'em Limit ($3/$6 USD) - 2016/04/09 21:51:44 ET
Table 'Nuwa' 6-max Seat #2 is the button
Seat 1: lin1rabbit ($128.50 in chips)
Seat 2: stressed31 ($87.28 in chips)
stressed31: posts small blind $1
Aries93: is sitting out
lin1rabbit: posts big blind $3
*** HOLE CARDS ***
Aries93 leaves the table
stressed31: calls $2
lin1rabbit: raises $3 to $6
stressed31: calls $3
*** FLOP *** [Th 3h 8c]
lin1rabbit: bets $3
stressed31: folds
Uncalled bet ($3) returned to lin1rabbit
lin1rabbit collected $11.76 from pot
lin1rabbit: doesn't show hand
*** SUMMARY ***
Total pot $12 | Rake $0.24
Board [Th 3h 8c]
Seat 1: lin1rabbit (big blind) collected ($11.76)
Seat 2: stressed31 (button) (small blind) folded on the Flop


PokerStars Hand #151692383523:  Hold'em Limit ($3/$6 USD) - 2016/04/09 21:52:02 ET
Table 'Nuwa' 6-max Seat #2 is the button
Seat 1: lin1rabbit ($137.26 in chips)
Seat 2: stressed31 ($78.28 in chips)
stressed31: posts small blind $1
lin1rabbit: posts big blind $3
*** HOLE CARDS ***
stressed31: raises $3 to $6
lin1rabbit: calls $3
*** FLOP *** [3h 6s 8s]
lin1rabbit: checks
stressed31: checks
*** TURN *** [3h 6s 8s] [Td]
lin1rabbit: bets $6
stressed31: calls $6
*** RIVER *** [3h 6s 8s Td] [6c]
lin1rabbit: checks
stressed31: bets $6
lin1rabbit: folds
Uncalled bet ($6) returned to stressed31
stressed31 collected $23.52 from pot
*** SUMMARY ***
Total pot $24 | Rake $0.48
Board [3h 6s 8s Td 6c]
Seat 1: lin1rabbit (big blind) folded on the River
Seat 2: stressed31 (button) (small blind) collected ($23.52)


PokerStars Hand #151692392105:  Hold'em Limit ($3/$6 USD) - 2016/04/09 21:52:24 ET
Table 'Nuwa' 6-max Seat #1 is the button
Seat 1: lin1rabbit ($125.26 in chips)
Seat 2: stressed31 ($89.80 in chips)
lin1rabbit: posts small blind $1
stressed31: posts big blind $3
*** HOLE CARDS ***
wiezel0172 joins the table at seat #3
lin1rabbit: raises $3 to $6
stressed31: raises $3 to $9
lin1rabbit: calls $3
*** FLOP *** [Qs 2d Th]
stressed31: bets $3
lin1rabbit: folds
Uncalled bet ($3) returned to stressed31
stressed31 collected $17.64 from pot
*** SUMMARY ***
Total pot $18 | Rake $0.36
Board [Qs 2d Th]
Seat 1: lin1rabbit (button) (small blind) folded on the Flop
Seat 2: stressed31 (big blind) collected ($17.64)


PokerStars Hand #151692912309:  Hold'em Limit ($3/$6 USD) - 2016/04/09 22:15:38 ET
Table 'Nuwa' 6-max Seat #1 is the button
Seat 1: lin1rabbit ($179.84 in chips)
Seat 4: gugvisse ($203.61 in chips)
lin1rabbit: posts small blind $1
gugvisse: posts big blind $3
*** HOLE CARDS ***
lin1rabbit: raises $3 to $6
gugvisse: folds
Uncalled bet ($3) returned to lin1rabbit
lin1rabbit collected $6 from pot
lin1rabbit: doesn't show hand
*** SUMMARY ***
Total pot $6 | Rake $0
Seat 1: lin1rabbit (button) (small blind) collected ($6)
Seat 4: gugvisse (big blind) folded before Flop


PokerStars Hand #151692904055:  Hold'em Limit ($3/$6 USD) - 2016/04/09 22:15:16 ET
Table 'Nuwa' 6-max Seat #2 is the button
Seat 1: lin1rabbit ($171.20 in chips)
Seat 2: Chessnok ($125.19 in chips)
Chessnok: posts small blind $1
AzureCaper: is sitting out
lin1rabbit: posts big blind $3
*** HOLE CARDS ***
AzureCaper leaves the table
Chessnok: raises $3 to $6
lin1rabbit: raises $3 to $9
Chessnok: calls $3
*** FLOP *** [Jc 9c Js]
lin1rabbit: bets $3
Chessnok: folds
Uncalled bet ($3) returned to lin1rabbit
lin1rabbit collected $17.64 from pot
lin1rabbit: doesn't show hand
*** SUMMARY ***
Total pot $18 | Rake $0.36
Board [Jc 9c Js]
Seat 1: lin1rabbit (big blind) collected ($17.64)
Seat 2: Chessnok (button) (small blind) folded on the Flop


PokerStars Hand #151692925649:  Hold'em Limit ($3/$6 USD) - 2016/04/09 22:16:14 ET
Table 'Nuwa' 6-max Seat #1 is the button
Seat 1: lin1rabbit ($173.84 in chips)
Seat 4: gugvisse ($209.25 in chips)
lin1rabbit: posts small blind $1
gugvisse: posts big blind $3
*** HOLE CARDS ***
lin1rabbit: raises $3 to $6
gugvisse: calls $3
*** FLOP *** [6h 5h 7c]
gugvisse: checks
lin1rabbit: bets $3
gugvisse: calls $3
*** TURN *** [6h 5h 7c] [Js]
gugvisse: checks
lin1rabbit: checks
*** RIVER *** [6h 5h 7c Js] [9c]
gugvisse: bets $6
lin1rabbit: folds
Uncalled bet ($6) returned to gugvisse
gugvisse collected $17.64 from pot
gugvisse: doesn't show hand
*** SUMMARY ***
Total pot $18 | Rake $0.36
Board [6h 5h 7c Js 9c]
Seat 1: lin1rabbit (button) (small blind) folded on the River
Seat 4: gugvisse (big blind) collected ($17.64)


PokerStars Hand #151692938262:  Hold'em Limit ($3/$6 USD) - 2016/04/09 22:16:49 ET
Table 'Nuwa' 6-max Seat #4 is the button
Seat 1: lin1rabbit ($164.84 in chips)
Seat 4: gugvisse ($217.89 in chips)
gugvisse: posts small blind $1
lin1rabbit: posts big blind $3
*** HOLE CARDS ***
gugvisse: raises $3 to $6
lin1rabbit: raises $3 to $9
gugvisse: calls $3
*** FLOP *** [3c As Tc]
lin1rabbit: bets $3
gugvisse: calls $3
*** TURN *** [3c As Tc] [4h]
lin1rabbit: bets $6
gugvisse: folds
Uncalled bet ($6) returned to lin1rabbit
lin1rabbit collected $23.52 from pot
lin1rabbit: doesn't show hand
*** SUMMARY ***
Total pot $24 | Rake $0.48
Board [3c As Tc 4h]
Seat 1: lin1rabbit (big blind) collected ($23.52)
Seat 4: gugvisse (button) (small blind) folded on the Turn


PokerStars Hand #151692960236:  Hold'em Limit ($3/$6 USD) - 2016/04/09 22:17:48 ET
Table 'Nuwa' 6-max Seat #4 is the button
Seat 1: lin1rabbit ($196.86 in chips)
Seat 4: gugvisse ($184.89 in chips)
gugvisse: posts small blind $1
lin1rabbit: posts big blind $3
*** HOLE CARDS ***
gugvisse: folds
Uncalled bet ($2) returned to lin1rabbit
lin1rabbit collected $2 from pot
lin1rabbit: doesn't show hand
*** SUMMARY ***
Total pot $2 | Rake $0
Seat 1: lin1rabbit (big blind) collected ($2)
Seat 4: gugvisse (button) (small blind) folded before Flop


PokerStars Hand #151692967721:  Hold'em Limit ($3/$6 USD) - 2016/04/09 22:18:08 ET
Table 'Nuwa' 6-max Seat #1 is the button
Seat 1: lin1rabbit ($201.86 in chips)
Seat 4: gugvisse ($179.89 in chips)
lin1rabbit: posts small blind $1
gugvisse: posts big blind $3
*** HOLE CARDS ***
lin1rabbit: folds
Uncalled bet ($2) returned to gugvisse
gugvisse collected $2 from pot
gugvisse: doesn't show hand
*** SUMMARY ***
Total pot $2 | Rake $0
Seat 1: lin1rabbit (button) (small blind) folded before Flop
Seat 4: gugvisse (big blind) collected ($2)


PokerStars Hand #151692964404:  Hold'em Limit ($3/$6 USD) - 2016/04/09 22:17:59 ET
Table 'Nuwa' 6-max Seat #4 is the button
Seat 1: lin1rabbit ($200.86 in chips)
Seat 4: gugvisse ($180.89 in chips)
gugvisse: posts small blind $1
lin1rabbit: posts big blind $3
*** HOLE CARDS ***
gugvisse: folds
Uncalled bet ($2) returned to lin1rabbit
lin1rabbit collected $2 from pot
lin1rabbit: doesn't show hand
*** SUMMARY ***
Total pot $2 | Rake $0
Seat 1: lin1rabbit (big blind) collected ($2)
Seat 4: gugvisse (button) (small blind) folded before Flop


PokerStars Hand #151692961968:  Hold'em Limit ($3/$6 USD) - 2016/04/09 22:17:53 ET
Table 'Nuwa' 6-max Seat #1 is the button
Seat 1: lin1rabbit ($197.86 in chips)
Seat 4: gugvisse ($183.89 in chips)
lin1rabbit: posts small blind $1
gugvisse: posts big blind $3
*** HOLE CARDS ***
lin1rabbit: raises $3 to $6
gugvisse: folds
Uncalled bet ($3) returned to lin1rabbit
lin1rabbit collected $6 from pot
lin1rabbit: doesn't show hand
*** SUMMARY ***
Total pot $6 | Rake $0
Seat 1: lin1rabbit (button) (small blind) collected ($6)
Seat 4: gugvisse (big blind) folded before Flop


PokerStars Hand #151692945670:  Hold'em Limit ($3/$6 USD) - 2016/04/09 22:17:09 ET
Table 'Nuwa' 6-max Seat #1 is the button
Seat 1: lin1rabbit ($176.36 in chips)
Seat 4: gugvisse ($205.89 in chips)
lin1rabbit: posts small blind $1
gugvisse: posts big blind $3
*** HOLE CARDS ***
lin1rabbit: raises $3 to $6
gugvisse: calls $3
*** FLOP *** [5d 4c 4d]
gugvisse: checks
lin1rabbit: bets $3
gugvisse: calls $3
*** TURN *** [5d 4c 4d] [5c]
gugvisse: bets $6
lin1rabbit: calls $6
*** RIVER *** [5d 4c 4d 5c] [3c]
gugvisse: bets $6
lin1rabbit: calls $6
*** SHOW DOWN ***
gugvisse: shows [Td Js] (two pair, Fives and Fours)
lin1rabbit: shows [4h 3s] (a full house, Fours full of Fives)
lin1rabbit collected $41.50 from pot
*** SUMMARY ***
Total pot $42 | Rake $0.50
Board [5d 4c 4d 5c 3c]
Seat 1: lin1rabbit (button) (small blind) showed [4h 3s] and won ($41.50) with a full house, Fours full of Fives
Seat 4: gugvisse (big blind) showed [Td Js] and lost with two pair, Fives and Fours


PokerStars Hand #151692969730:  Hold'em Limit ($3/$6 USD) - 2016/04/09 22:18:14 ET
Table 'Nuwa' 6-max Seat #4 is the button
Seat 1: lin1rabbit ($200.86 in chips)
Seat 4: gugvisse ($180.89 in chips)
gugvisse: posts small blind $1
lin1rabbit: posts big blind $3
*** HOLE CARDS ***
gugvisse: raises $3 to $6
lin1rabbit: calls $3
*** FLOP *** [8d 8s 2h]
lin1rabbit: checks
gugvisse: checks
*** TURN *** [8d 8s 2h] [2s]
Brama Br joins the table at seat #6
lin1rabbit: checks
gugvisse: checks
*** RIVER *** [8d 8s 2h 2s] [3s]
lin1rabbit: bets $6
gugvisse: raises $6 to $12
masterblstr8 joins the table at seat #2
lin1rabbit: raises $6 to $18
gugvisse: calls $6
*** SHOW DOWN ***
lin1rabbit: shows [8c 4s] (a full house, Eights full of Deuces)
gugvisse: mucks hand
lin1rabbit collected $47.50 from pot
*** SUMMARY ***
Total pot $48 | Rake $0.50
Board [8d 8s 2h 2s 3s]
Seat 1: lin1rabbit (big blind) showed [8c 4s] and won ($47.50) with a full house, Eights full of Deuces
Seat 4: gugvisse (button) (small blind) mucked


PokerStars Hand #151693447577:  Hold'em Limit ($3/$6 USD) - 2016/04/09 22:40:27 ET
Table 'Nuwa' 6-max Seat #5 is the button
Seat 1: lin1rabbit ($100 in chips)
Seat 5: Chessnok ($108.64 in chips)
Chessnok: posts small blind $1
lin1rabbit: posts big blind $3
*** HOLE CARDS ***
Chessnok: folds
Uncalled bet ($2) returned to lin1rabbit
lin1rabbit collected $2 from pot
lin1rabbit: doesn't show hand
*** SUMMARY ***
Total pot $2 | Rake $0
Seat 1: lin1rabbit (big blind) collected ($2)
Seat 5: Chessnok (button) (small blind) folded before Flop


PokerStars Hand #151693441951:  Hold'em Limit ($3/$6 USD) - 2016/04/09 22:40:11 ET
Table 'Nuwa' 6-max Seat #1 is the button
Seat 1: lin1rabbit ($109 in chips)
Seat 5: Chessnok ($100 in chips)
lin1rabbit: posts small blind $1
Chessnok: posts big blind $3
*** HOLE CARDS ***
lin1rabbit: raises $3 to $6
Chessnok: calls $3
*** FLOP *** [Jc Qs Kc]
Chessnok: checks
lin1rabbit: bets $3
Chessnok: raises $3 to $6
lin1rabbit: folds
Uncalled bet ($3) returned to Chessnok
Chessnok collected $17.64 from pot
Chessnok: doesn't show hand
*** SUMMARY ***
Total pot $18 | Rake $0.36
Board [Jc Qs Kc]
Seat 1: lin1rabbit (button) (small blind) folded on the Flop
Seat 5: Chessnok (big blind) collected ($17.64)


