PokerStars Hand #162029198676:  Hold'em Limit ($3/$6 USD) - 2016/11/27 5:15:41 ET
Table 'Nuwa II' 6-max Seat #4 is the button
Seat 1: popeluha ($11 in chips)
Seat 4: MTails ($138.28 in chips)
MTails: posts small blind $1
popeluha: posts big blind $3
*** HOLE CARDS ***
MTails: raises $3 to $6
popeluha: folds
Uncalled bet ($3) returned to MTails
MTails collected $6 from pot
*** SUMMARY ***
Total pot $6 | Rake $0
Seat 1: popeluha (big blind) folded before Flop
Seat 4: MTails (button) (small blind) collected ($6)


PokerStars Hand #162029196401:  Hold'em Limit ($3/$6 USD) - 2016/11/27 5:15:37 ET
Table 'Nuwa II' 6-max Seat #1 is the button
Seat 1: popeluha ($12 in chips)
Seat 4: MTails ($137.28 in chips)
popeluha: posts small blind $1
MTails: posts big blind $3
*** HOLE CARDS ***
popeluha: folds
Uncalled bet ($2) returned to MTails
MTails collected $2 from pot
*** SUMMARY ***
Total pot $2 | Rake $0
Seat 1: popeluha (button) (small blind) folded before Flop
Seat 4: MTails (big blind) collected ($2)


PokerStars Hand #162029188970:  Hold'em Limit ($3/$6 USD) - 2016/11/27 5:15:21 ET
Table 'Nuwa II' 6-max Seat #4 is the button
Seat 1: popeluha ($21 in chips)
Seat 4: MTails ($128.64 in chips)
MTails: posts small blind $1
popeluha: posts big blind $3
*** HOLE CARDS ***
MTails: raises $3 to $6
popeluha: calls $3
*** FLOP *** [3c 2h Qc]
popeluha: checks
MTails: bets $3
popeluha: calls $3
*** TURN *** [3c 2h Qc] [Js]
popeluha: checks
MTails: bets $6
popeluha: folds
Uncalled bet ($6) returned to MTails
MTails collected $17.64 from pot
*** SUMMARY ***
Total pot $18 | Rake $0.36
Board [3c 2h Qc Js]
Seat 1: popeluha (big blind) folded on the Turn
Seat 4: MTails (button) (small blind) collected ($17.64)


PokerStars Hand #162029205273:  Hold'em Limit ($3/$6 USD) - 2016/11/27 5:15:55 ET
Table 'Nuwa II' 6-max Seat #1 is the button
Seat 1: popeluha ($8 in chips)
Seat 4: MTails ($141.28 in chips)
popeluha: posts small blind $1
MTails: posts big blind $3
*** HOLE CARDS ***
popeluha: folds
Uncalled bet ($2) returned to MTails
MTails collected $2 from pot
*** SUMMARY ***
Total pot $2 | Rake $0
Seat 1: popeluha (button) (small blind) folded before Flop
Seat 4: MTails (big blind) collected ($2)


PokerStars Hand #162029181229:  Hold'em Limit ($3/$6 USD) - 2016/11/27 5:15:05 ET
Table 'Nuwa II' 6-max Seat #1 is the button
Seat 1: popeluha ($30 in chips)
Seat 4: MTails ($120 in chips)
popeluha: posts small blind $1
MTails: posts big blind $3
*** HOLE CARDS ***
popeluha: raises $3 to $6
MTails: raises $3 to $9
popeluha: calls $3
*** FLOP *** [6h Th Kh]
MTails: bets $3
popeluha: folds
Uncalled bet ($3) returned to MTails
MTails collected $17.64 from pot
*** SUMMARY ***
Total pot $18 | Rake $0.36
Board [6h Th Kh]
Seat 1: popeluha (button) (small blind) folded on the Flop
Seat 4: MTails (big blind) collected ($17.64)


PokerStars Hand #162029211076:  Hold'em Limit ($3/$6 USD) - 2016/11/27 5:16:07 ET
Table 'Nuwa II' 6-max Seat #4 is the button
Seat 1: popeluha ($35 in chips)
Seat 4: MTails ($142.28 in chips)
MTails: posts small blind $1
popeluha: posts big blind $3
*** HOLE CARDS ***
MTails: raises $3 to $6
popeluha: calls $3
*** FLOP *** [Jh 6s 2c]
popeluha: checks
MTails: bets $3
popeluha: calls $3
*** TURN *** [Jh 6s 2c] [7s]
popeluha: checks
MTails: bets $6
popeluha: raises $6 to $12
MTails: calls $6
*** RIVER *** [Jh 6s 2c 7s] [9d]
popeluha: bets $6
MTails: folds
Uncalled bet ($6) returned to popeluha
popeluha collected $41.50 from pot
*** SUMMARY ***
Total pot $42 | Rake $0.50
Board [Jh 6s 2c 7s 9d]
Seat 1: popeluha (big blind) collected ($41.50)
Seat 4: MTails (button) (small blind) folded on the River


PokerStars Hand #162029222306:  Hold'em Limit ($3/$6 USD) - 2016/11/27 5:16:31 ET
Table 'Nuwa II' 6-max Seat #4 is the button
Seat 1: popeluha ($54.50 in chips)
Seat 4: MTails ($122.28 in chips)
MTails: posts small blind $1
popeluha: posts big blind $3
*** HOLE CARDS ***
MTails: raises $3 to $6
popeluha: calls $3
*** FLOP *** [Js 8d 5c]
popeluha: checks
MTails: bets $3
popeluha: folds
Uncalled bet ($3) returned to MTails
MTails collected $11.76 from pot
*** SUMMARY ***
Total pot $12 | Rake $0.24
Board [Js 8d 5c]
Seat 1: popeluha (big blind) folded on the Flop
Seat 4: MTails (button) (small blind) collected ($11.76)


PokerStars Hand #162029228251:  Hold'em Limit ($3/$6 USD) - 2016/11/27 5:16:43 ET
Table 'Nuwa II' 6-max Seat #1 is the button
Seat 1: popeluha ($48.50 in chips)
Seat 4: MTails ($128.04 in chips)
popeluha: posts small blind $1
MTails: posts big blind $3
*** HOLE CARDS ***
popeluha: raises $3 to $6
MTails: calls $3
*** FLOP *** [Qh 8h Qd]
MTails: checks
popeluha: checks
*** TURN *** [Qh 8h Qd] [Ac]
MTails: checks
popeluha: bets $6
MTails: raises $6 to $12
popeluha: folds
Uncalled bet ($6) returned to MTails
MTails collected $23.52 from pot
*** SUMMARY ***
Total pot $24 | Rake $0.48
Board [Qh 8h Qd Ac]
Seat 1: popeluha (button) (small blind) folded on the Turn
Seat 4: MTails (big blind) collected ($23.52)


PokerStars Hand #162029263323:  Hold'em Limit ($3/$6 USD) - 2016/11/27 5:17:56 ET
Table 'Nuwa II' 6-max Seat #1 is the button
Seat 1: popeluha ($42 in chips)
Seat 4: MTails ($133.08 in chips)
popeluha: posts small blind $1
MTails: posts big blind $3
*** HOLE CARDS ***
popeluha: folds
Uncalled bet ($2) returned to MTails
MTails collected $2 from pot
MTails: doesn't show hand
*** SUMMARY ***
Total pot $2 | Rake $0
Seat 1: popeluha (button) (small blind) folded before Flop
Seat 4: MTails (big blind) collected ($2)


PokerStars Hand #162029254095:  Hold'em Limit ($3/$6 USD) - 2016/11/27 5:17:37 ET
Table 'Nuwa II' 6-max Seat #4 is the button
Seat 1: popeluha ($48 in chips)
Seat 4: MTails ($127.32 in chips)
MTails: posts small blind $1
popeluha: posts big blind $3
*** HOLE CARDS ***
MTails: raises $3 to $6
popeluha: calls $3
*** FLOP *** [2c Jh Ks]
popeluha: checks
MTails: checks
*** TURN *** [2c Jh Ks] [Kh]
popeluha: checks
MTails: checks
*** RIVER *** [2c Jh Ks Kh] [5s]
popeluha: checks
MTails: bets $6
popeluha: folds
Uncalled bet ($6) returned to MTails
MTails collected $11.76 from pot
*** SUMMARY ***
Total pot $12 | Rake $0.24
Board [2c Jh Ks Kh 5s]
Seat 1: popeluha (big blind) folded on the River
Seat 4: MTails (button) (small blind) collected ($11.76)


PokerStars Hand #162029243533:  Hold'em Limit ($3/$6 USD) - 2016/11/27 5:17:15 ET
Table 'Nuwa II' 6-max Seat #1 is the button
Seat 1: popeluha ($30.50 in chips)
Seat 4: MTails ($145.32 in chips)
popeluha: posts small blind $1
MTails: posts big blind $3
*** HOLE CARDS ***
popeluha: raises $3 to $6
MTails: raises $3 to $9
popeluha: calls $3
*** FLOP *** [8c Jd 6s]
MTails: bets $3
popeluha: calls $3
*** TURN *** [8c Jd 6s] [Td]
MTails: checks
popeluha: bets $6
MTails: calls $6
*** RIVER *** [8c Jd 6s Td] [5c]
MTails: checks
popeluha: bets $6
MTails: folds
Uncalled bet ($6) returned to popeluha
popeluha collected $35.50 from pot
*** SUMMARY ***
Total pot $36 | Rake $0.50
Board [8c Jd 6s Td 5c]
Seat 1: popeluha (button) (small blind) collected ($35.50)
Seat 4: MTails (big blind) folded on the River


PokerStars Hand #162029238982:  Hold'em Limit ($3/$6 USD) - 2016/11/27 5:17:06 ET
Table 'Nuwa II' 6-max Seat #4 is the button
Seat 1: popeluha ($36.50 in chips)
Seat 4: MTails ($139.56 in chips)
MTails: posts small blind $1
popeluha: posts big blind $3
*** HOLE CARDS ***
MTails: raises $3 to $6
popeluha: calls $3
*** FLOP *** [2c Kd 8h]
popeluha: checks
MTails: bets $3
popeluha: folds
Uncalled bet ($3) returned to MTails
MTails collected $11.76 from pot
*** SUMMARY ***
Total pot $12 | Rake $0.24
Board [2c Kd 8h]
Seat 1: popeluha (big blind) folded on the Flop
Seat 4: MTails (button) (small blind) collected ($11.76)


PokerStars Hand #162029291289:  Hold'em Limit ($3/$6 USD) - 2016/11/27 5:18:55 ET
Table 'Nuwa II' 6-max Seat #4 is the button
Seat 1: popeluha ($39.50 in chips)
Seat 4: MTails ($134.58 in chips)
MTails: posts small blind $1
popeluha: posts big blind $3
*** HOLE CARDS ***
MTails: raises $3 to $6
popeluha: calls $3
*** FLOP *** [3s Jc Ah]
popeluha: checks
MTails: bets $3
popeluha: folds
Uncalled bet ($3) returned to MTails
MTails collected $11.76 from pot
MTails: doesn't show hand
*** SUMMARY ***
Total pot $12 | Rake $0.24
Board [3s Jc Ah]
Seat 1: popeluha (big blind) folded on the Flop
Seat 4: MTails (button) (small blind) collected ($11.76)


PokerStars Hand #162029265731:  Hold'em Limit ($3/$6 USD) - 2016/11/27 5:18:01 ET
Table 'Nuwa II' 6-max Seat #4 is the button
Seat 1: popeluha ($41 in chips)
Seat 4: MTails ($134.08 in chips)
MTails: posts small blind $1
popeluha: posts big blind $3
*** HOLE CARDS ***
MTails: raises $3 to $6
popeluha: calls $3
*** FLOP *** [Ks 5c 4s]
popeluha: checks
MTails: bets $3
popeluha: calls $3
*** TURN *** [Ks 5c 4s] [Jh]
popeluha: checks
MTails: bets $6
popeluha: calls $6
*** RIVER *** [Ks 5c 4s Jh] [3c]
popeluha: checks
MTails: bets $6
popeluha: calls $6
*** SHOW DOWN ***
MTails: shows [As Ah] (a pair of Aces)
popeluha: mucks hand
MTails collected $41.50 from pot
*** SUMMARY ***
Total pot $42 | Rake $0.50
Board [Ks 5c 4s Jh 3c]
Seat 1: popeluha (big blind) mucked
Seat 4: MTails (button) (small blind) showed [As Ah] and won ($41.50) with a pair of Aces


PokerStars Hand #162029275872:  Hold'em Limit ($3/$6 USD) - 2016/11/27 5:18:22 ET
Table 'Nuwa II' 6-max Seat #1 is the button
Seat 1: popeluha ($20 in chips)
Seat 4: MTails ($154.58 in chips)
popeluha: posts small blind $1
MTails: posts big blind $3
*** HOLE CARDS ***
popeluha: folds
Uncalled bet ($2) returned to MTails
MTails collected $2 from pot
*** SUMMARY ***
Total pot $2 | Rake $0
Seat 1: popeluha (button) (small blind) folded before Flop
Seat 4: MTails (big blind) collected ($2)


PokerStars Hand #162029281276:  Hold'em Limit ($3/$6 USD) - 2016/11/27 5:18:34 ET
Table 'Nuwa II' 6-max Seat #1 is the button
Seat 1: popeluha ($20 in chips)
Seat 4: MTails ($154.58 in chips)
popeluha: posts small blind $1
MTails: posts big blind $3
*** HOLE CARDS ***
popeluha: raises $3 to $6
MTails: raises $3 to $9
popeluha: calls $3
*** FLOP *** [8c 6c Qh]
MTails: bets $3
popeluha: calls $3
*** TURN *** [8c 6c Qh] [3s]
MTails: checks
popeluha: bets $6
MTails: calls $6
*** RIVER *** [8c 6c Qh 3s] [Th]
MTails: checks
popeluha: bets $2 and is all-in
MTails: calls $2
*** SHOW DOWN ***
popeluha: shows [9c Jh] (a straight, Eight to Queen)
MTails: shows [Ac Kh] (high card Ace)
popeluha collected $39.50 from pot
*** SUMMARY ***
Total pot $40 | Rake $0.50
Board [8c 6c Qh 3s Th]
Seat 1: popeluha (button) (small blind) showed [9c Jh] and won ($39.50) with a straight, Eight to Queen
Seat 4: MTails (big blind) showed [Ac Kh] and lost with high card Ace


PokerStars Hand #162029326228:  Hold'em Limit ($3/$6 USD) - 2016/11/27 5:20:08 ET
Table 'Nuwa II' 6-max Seat #2 is the button
Seat 1: popeluha ($76.83 in chips)
Seat 2: Apanage ($77 in chips)
Apanage: posts small blind $1
MTails: is sitting out
popeluha: posts big blind $3
*** HOLE CARDS ***
Apanage: folds
Uncalled bet ($2) returned to popeluha
popeluha collected $2 from pot
*** SUMMARY ***
Total pot $2 | Rake $0
Seat 1: popeluha (big blind) collected ($2)
Seat 2: Apanage (button) (small blind) folded before Flop


PokerStars Hand #162029296172:  Hold'em Limit ($3/$6 USD) - 2016/11/27 5:19:05 ET
Table 'Nuwa II' 6-max Seat #1 is the button
Seat 1: popeluha ($33.50 in chips)
Seat 4: MTails ($140.34 in chips)
popeluha: posts small blind $1
MTails: posts big blind $3
*** HOLE CARDS ***
popeluha: raises $3 to $6
MTails: calls $3
*** FLOP *** [8d 7h 3d]
MTails: checks
popeluha: bets $3
MTails: calls $3
*** TURN *** [8d 7h 3d] [Js]
Apanage joins the table at seat #2
MTails: checks
popeluha: bets $6
MTails: raises $6 to $12
popeluha: calls $6
*** RIVER *** [8d 7h 3d Js] [As]
MTails: bets $6
popeluha: calls $6
*** SHOW DOWN ***
MTails: shows [4c Qs] (high card Ace)
popeluha: shows [Tc 8h] (a pair of Eights)
popeluha collected $53.50 from pot
*** SUMMARY ***
Total pot $54 | Rake $0.50
Board [8d 7h 3d Js As]
Seat 1: popeluha (button) (small blind) showed [Tc 8h] and won ($53.50) with a pair of Eights
Seat 4: MTails (big blind) showed [4c Qs] and lost with high card Ace


PokerStars Hand #162029306167:  Hold'em Limit ($3/$6 USD) - 2016/11/27 5:19:26 ET
Table 'Nuwa II' 6-max Seat #4 is the button
Seat 1: popeluha ($60 in chips)
Seat 4: MTails ($113.34 in chips)
MTails: posts small blind $1
popeluha: posts big blind $3
*** HOLE CARDS ***
MTails: raises $3 to $6
popeluha: calls $3
*** FLOP *** [7s Ac 5c]
popeluha: checks
MTails: bets $3
popeluha: calls $3
*** TURN *** [7s Ac 5c] [6h]
popeluha: checks
MTails: checks
*** RIVER *** [7s Ac 5c 6h] [9h]
popeluha: checks
MTails: checks
*** SHOW DOWN ***
popeluha: shows [Kc 3s] (high card Ace)
MTails: shows [Kh 4c] (high card Ace)
popeluha collected $8.82 from pot
MTails collected $8.82 from pot
*** SUMMARY ***
Total pot $18 | Rake $0.36
Board [7s Ac 5c 6h 9h]
Seat 1: popeluha (big blind) showed [Kc 3s] and won ($8.82) with high card Ace
Seat 4: MTails (button) (small blind) showed [Kh 4c] and won ($8.82) with high card Ace


PokerStars Hand #162029328868:  Hold'em Limit ($3/$6 USD) - 2016/11/27 5:20:13 ET
Table 'Nuwa II' 6-max Seat #1 is the button
Seat 1: popeluha ($77.83 in chips)
Seat 2: Apanage ($76 in chips)
popeluha: posts small blind $1
Apanage: posts big blind $3
*** HOLE CARDS ***
popeluha: raises $3 to $6
Apanage: calls $3
*** FLOP *** [3s 4d Jh]
Apanage: checks
popeluha: bets $3
Apanage: folds
Uncalled bet ($3) returned to popeluha
popeluha collected $11.76 from pot
*** SUMMARY ***
Total pot $12 | Rake $0.24
Board [3s 4d Jh]
Seat 1: popeluha (button) (small blind) collected ($11.76)
Seat 2: Apanage (big blind) folded on the Flop


PokerStars Hand #162029354246:  Hold'em Limit ($3/$6 USD) - 2016/11/27 5:21:06 ET
Table 'Nuwa II' 6-max Seat #1 is the button
Seat 1: popeluha ($68.59 in chips)
Seat 2: Apanage ($84.50 in chips)
popeluha: posts small blind $1
Apanage: posts big blind $3
*** HOLE CARDS ***
popeluha: folds
Uncalled bet ($2) returned to Apanage
Apanage collected $2 from pot
Apanage: doesn't show hand
*** SUMMARY ***
Total pot $2 | Rake $0
Seat 1: popeluha (button) (small blind) folded before Flop
Seat 2: Apanage (big blind) collected ($2)


PokerStars Hand #162029342036:  Hold'em Limit ($3/$6 USD) - 2016/11/27 5:20:40 ET
Table 'Nuwa II' 6-max Seat #2 is the button
Seat 1: popeluha ($83.59 in chips)
Seat 2: Apanage ($70 in chips)
Apanage: posts small blind $1
popeluha: posts big blind $3
*** HOLE CARDS ***
Apanage: raises $3 to $6
popeluha: calls $3
*** FLOP *** [3d 4d Kd]
popeluha: checks
Apanage: bets $3
popeluha: calls $3
*** TURN *** [3d 4d Kd] [Qs]
popeluha: checks
Apanage: bets $6
popeluha: calls $6
*** RIVER *** [3d 4d Kd Qs] [7d]
popeluha: checks
Apanage: checks
*** SHOW DOWN ***
popeluha: shows [4s Ac] (a pair of Fours)
Apanage: shows [Kc Ks] (three of a kind, Kings)
Apanage collected $29.50 from pot
*** SUMMARY ***
Total pot $30 | Rake $0.50
Board [3d 4d Kd Qs 7d]
Seat 1: popeluha (big blind) showed [4s Ac] and lost with a pair of Fours
Seat 2: Apanage (button) (small blind) showed [Kc Ks] and won ($29.50) with three of a kind, Kings


PokerStars Hand #162029359895:  Hold'em Limit ($3/$6 USD) - 2016/11/27 5:21:18 ET
Table 'Nuwa II' 6-max Seat #1 is the button
Seat 1: popeluha ($64.59 in chips)
Seat 2: Apanage ($88.50 in chips)
popeluha: posts small blind $1
Apanage: posts big blind $3
*** HOLE CARDS ***
popeluha: raises $3 to $6
Apanage: calls $3
*** FLOP *** [7s 7h Qd]
Apanage: checks
popeluha: checks
*** TURN *** [7s 7h Qd] [6s]
Ultrafranke joins the table at seat #3
Apanage: checks
popeluha: bets $6
Apanage: calls $6
*** RIVER *** [7s 7h Qd 6s] [8d]
Lackys07 joins the table at seat #6
Apanage: checks
popeluha: checks
*** SHOW DOWN ***
Apanage: shows [Ad 3c] (a pair of Sevens)
popeluha: shows [6h 8c] (two pair, Eights and Sevens)
Agrotait joins the table at seat #5
popeluha collected $23.52 from pot
*** SUMMARY ***
Total pot $24 | Rake $0.48
Board [7s 7h Qd 6s 8d]
Seat 1: popeluha (button) (small blind) showed [6h 8c] and won ($23.52) with two pair, Eights and Sevens
Seat 2: Apanage (big blind) showed [Ad 3c] and lost with a pair of Sevens


PokerStars Hand #162029356431:  Hold'em Limit ($3/$6 USD) - 2016/11/27 5:21:11 ET
Table 'Nuwa II' 6-max Seat #2 is the button
Seat 1: popeluha ($67.59 in chips)
Seat 2: Apanage ($85.50 in chips)
Apanage: posts small blind $1
popeluha: posts big blind $3
*** HOLE CARDS ***
Apanage: raises $3 to $6
popeluha: folds
Uncalled bet ($3) returned to Apanage
Apanage collected $6 from pot
Apanage: doesn't show hand
*** SUMMARY ***
Total pot $6 | Rake $0
Seat 1: popeluha (big blind) folded before Flop
Seat 2: Apanage (button) (small blind) collected ($6)


