PokerStars Hand #173737075921:  Hold'em Limit ($3/$6 USD) - 2017/07/31 3:39:42 ET
Table 'Nuwa' 6-max Seat #3 is the button
Seat 3: przemko26 ($108.12 in chips)
Seat 5: mareshkin2 ($125.31 in chips)
przemko26: posts small blind $1
mareshkin2: posts big blind $3
*** HOLE CARDS ***
przemko26: raises $3 to $6
mareshkin2: folds
Uncalled bet ($3) returned to przemko26
przemko26 collected $6 from pot
przemko26: doesn't show hand
*** SUMMARY ***
Total pot $6 | Rake $0
Seat 3: przemko26 (button) (small blind) collected ($6)
Seat 5: mareshkin2 (big blind) folded before Flop


PokerStars Hand #173737077603:  Hold'em Limit ($3/$6 USD) - 2017/07/31 3:39:50 ET
Table 'Nuwa' 6-max Seat #5 is the button
Seat 3: przemko26 ($111.12 in chips)
Seat 5: mareshkin2 ($122.31 in chips)
mareshkin2: posts small blind $1
przemko26: posts big blind $3
*** HOLE CARDS ***
mareshkin2: folds
Uncalled bet ($2) returned to przemko26
przemko26 collected $2 from pot
przemko26: doesn't show hand
*** SUMMARY ***
Total pot $2 | Rake $0
Seat 3: przemko26 (big blind) collected ($2)
Seat 5: mareshkin2 (button) (small blind) folded before Flop


PokerStars Hand #173737074186:  Hold'em Limit ($3/$6 USD) - 2017/07/31 3:39:35 ET
Table 'Nuwa' 6-max Seat #5 is the button
Seat 3: przemko26 ($107.12 in chips)
Seat 5: mareshkin2 ($126.31 in chips)
mareshkin2: posts small blind $1
przemko26: posts big blind $3
*** HOLE CARDS ***
mareshkin2: folds
Uncalled bet ($2) returned to przemko26
przemko26 collected $2 from pot
przemko26: doesn't show hand
*** SUMMARY ***
Total pot $2 | Rake $0
Seat 3: przemko26 (big blind) collected ($2)
Seat 5: mareshkin2 (button) (small blind) folded before Flop


PokerStars Hand #173737069860:  Hold'em Limit ($3/$6 USD) - 2017/07/31 3:39:17 ET
Table 'Nuwa' 6-max Seat #3 is the button
Seat 3: przemko26 ($104.24 in chips)
Seat 5: mareshkin2 ($129.31 in chips)
przemko26: posts small blind $1
mareshkin2: posts big blind $3
*** HOLE CARDS ***
przemko26: calls $2
mareshkin2: checks
*** FLOP *** [4c Tc 8s]
mareshkin2: checks
przemko26: bets $3
mareshkin2: folds
Uncalled bet ($3) returned to przemko26
przemko26 collected $5.88 from pot
przemko26: doesn't show hand
*** SUMMARY ***
Total pot $6 | Rake $0.12
Board [4c Tc 8s]
Seat 3: przemko26 (button) (small blind) collected ($5.88)
Seat 5: mareshkin2 (big blind) folded on the Flop


PokerStars Hand #173737094795:  Hold'em Limit ($3/$6 USD) - 2017/07/31 3:41:01 ET
Table 'Nuwa' 6-max Seat #3 is the button
Seat 3: przemko26 ($104.76 in chips)
Seat 5: mareshkin2 ($127.83 in chips)
przemko26: posts small blind $1
mareshkin2: posts big blind $3
*** HOLE CARDS ***
przemko26: calls $2
mareshkin2: checks
*** FLOP *** [Qd Qc Td]
mareshkin2: checks
TinaTurner72 joins the table at seat #4
przemko26: checks
*** TURN *** [Qd Qc Td] [8c]
mareshkin2: checks
przemko26: bets $6
mareshkin2: folds
Uncalled bet ($6) returned to przemko26
przemko26 collected $5.88 from pot
przemko26: doesn't show hand
*** SUMMARY ***
Total pot $6 | Rake $0.12
Board [Qd Qc Td 8c]
Seat 3: przemko26 (button) (small blind) collected ($5.88)
Seat 5: mareshkin2 (big blind) folded on the Turn


PokerStars Hand #173737088353:  Hold'em Limit ($3/$6 USD) - 2017/07/31 3:40:34 ET
Table 'Nuwa' 6-max Seat #3 is the button
Seat 3: przemko26 ($97.12 in chips)
Seat 5: mareshkin2 ($135.83 in chips)
przemko26: posts small blind $1
mareshkin2: posts big blind $3
*** HOLE CARDS ***
przemko26: folds
Uncalled bet ($2) returned to mareshkin2
mareshkin2 collected $2 from pot
mareshkin2: doesn't show hand
*** SUMMARY ***
Total pot $2 | Rake $0
Seat 3: przemko26 (button) (small blind) folded before Flop
Seat 5: mareshkin2 (big blind) collected ($2)


PokerStars Hand #173737086629:  Hold'em Limit ($3/$6 USD) - 2017/07/31 3:40:27 ET
Table 'Nuwa' 6-max Seat #5 is the button
Seat 3: przemko26 ($100.12 in chips)
Seat 5: mareshkin2 ($132.83 in chips)
mareshkin2: posts small blind $1
przemko26: posts big blind $3
*** HOLE CARDS ***
mareshkin2: raises $3 to $6
przemko26: folds
Uncalled bet ($3) returned to mareshkin2
mareshkin2 collected $6 from pot
mareshkin2: doesn't show hand
*** SUMMARY ***
Total pot $6 | Rake $0
Seat 3: przemko26 (big blind) folded before Flop
Seat 5: mareshkin2 (button) (small blind) collected ($6)


PokerStars Hand #173737079118:  Hold'em Limit ($3/$6 USD) - 2017/07/31 3:39:56 ET
Table 'Nuwa' 6-max Seat #3 is the button
Seat 3: przemko26 ($112.12 in chips)
Seat 5: mareshkin2 ($121.31 in chips)
przemko26: posts small blind $1
mareshkin2: posts big blind $3
*** HOLE CARDS ***
przemko26: raises $3 to $6
mareshkin2: calls $3
*** FLOP *** [3s Kh 4h]
mareshkin2: checks
przemko26: bets $3
mareshkin2: raises $3 to $6
przemko26: calls $3
*** TURN *** [3s Kh 4h] [Ah]
mareshkin2: checks
przemko26: checks
*** RIVER *** [3s Kh 4h Ah] [Kd]
mareshkin2: bets $6
przemko26: folds
Uncalled bet ($6) returned to mareshkin2
mareshkin2 collected $23.52 from pot
mareshkin2: doesn't show hand
*** SUMMARY ***
Total pot $24 | Rake $0.48
Board [3s Kh 4h Ah Kd]
Seat 3: przemko26 (button) (small blind) folded on the River
Seat 5: mareshkin2 (big blind) collected ($23.52)


PokerStars Hand #173737089529:  Hold'em Limit ($3/$6 USD) - 2017/07/31 3:40:39 ET
Table 'Nuwa' 6-max Seat #5 is the button
Seat 3: przemko26 ($96.12 in chips)
Seat 5: mareshkin2 ($136.83 in chips)
mareshkin2: posts small blind $1
przemko26: posts big blind $3
*** HOLE CARDS ***
mareshkin2: calls $2
przemko26: raises $3 to $6
mareshkin2: calls $3
*** FLOP *** [Td Kc 4d]
przemko26: bets $3
mareshkin2: calls $3
*** TURN *** [Td Kc 4d] [6c]
przemko26: bets $6
mareshkin2: folds
Uncalled bet ($6) returned to przemko26
przemko26 collected $17.64 from pot
przemko26: doesn't show hand
*** SUMMARY ***
Total pot $18 | Rake $0.36
Board [Td Kc 4d 6c]
Seat 3: przemko26 (big blind) collected ($17.64)
Seat 5: mareshkin2 (button) (small blind) folded on the Turn


PokerStars Hand #173737099016:  Hold'em Limit ($3/$6 USD) - 2017/07/31 3:41:17 ET
Table 'Nuwa' 6-max Seat #5 is the button
Seat 3: przemko26 ($107.64 in chips)
Seat 5: mareshkin2 ($124.83 in chips)
mareshkin2: posts small blind $1
przemko26: posts big blind $3
*** HOLE CARDS ***
mareshkin2: calls $2
przemko26: raises $3 to $6
mareshkin2: calls $3
*** FLOP *** [9s 5c 2s]
przemko26: checks
mareshkin2: checks
*** TURN *** [9s 5c 2s] [Th]
przemko26: checks
mareshkin2: checks
*** RIVER *** [9s 5c 2s Th] [Kc]
przemko26: checks
mareshkin2: bets $6
przemko26: calls $6
*** SHOW DOWN ***
mareshkin2: shows [Js Qh] (a straight, Nine to King)
przemko26: mucks hand
mareshkin2 collected $23.52 from pot
*** SUMMARY ***
Total pot $24 | Rake $0.48
Board [9s 5c 2s Th Kc]
Seat 3: przemko26 (big blind) mucked
Seat 5: mareshkin2 (button) (small blind) showed [Js Qh] and won ($23.52) with a straight, Nine to King


