PokerStars Hand #154661621664:  Hold'em Limit ($3/$6 USD) - 2016/06/12 20:09:58 ET
Table 'Nyanza II' 10-max Seat #1 is the button
Seat 1: Rein72 ($120.32 in chips)
Seat 2: anetkaapro ($72 in chips)
Rein72: posts small blind $1
anetkaapro: posts big blind $3
*** HOLE CARDS ***
Rein72: folds
Uncalled bet ($2) returned to anetkaapro
anetkaapro collected $2 from pot
anetkaapro: doesn't show hand
*** SUMMARY ***
Total pot $2 | Rake $0
Seat 1: Rein72 (button) (small blind) folded before Flop
Seat 2: anetkaapro (big blind) collected ($2)


PokerStars Hand #154661626673:  Hold'em Limit ($3/$6 USD) - 2016/06/12 20:10:08 ET
Table 'Nyanza II' 10-max Seat #2 is the button
Seat 1: Rein72 ($119.32 in chips)
Seat 2: anetkaapro ($73 in chips)
anetkaapro: posts small blind $1
Rein72: posts big blind $3
*** HOLE CARDS ***
anetkaapro: folds
Uncalled bet ($2) returned to Rein72
Rein72 collected $2 from pot
Rein72: doesn't show hand
*** SUMMARY ***
Total pot $2 | Rake $0
Seat 1: Rein72 (big blind) collected ($2)
Seat 2: anetkaapro (button) (small blind) folded before Flop


PokerStars Hand #154661632477:  Hold'em Limit ($3/$6 USD) - 2016/06/12 20:10:20 ET
Table 'Nyanza II' 10-max Seat #1 is the button
Seat 1: Rein72 ($120.32 in chips)
Seat 2: anetkaapro ($72 in chips)
Rein72: posts small blind $1
anetkaapro: posts big blind $3
*** HOLE CARDS ***
Rein72: raises $3 to $6
anetkaapro: folds
Uncalled bet ($3) returned to Rein72
Rein72 collected $6 from pot
Rein72: doesn't show hand
*** SUMMARY ***
Total pot $6 | Rake $0
Seat 1: Rein72 (button) (small blind) collected ($6)
Seat 2: anetkaapro (big blind) folded before Flop


PokerStars Hand #154661637371:  Hold'em Limit ($3/$6 USD) - 2016/06/12 20:10:30 ET
Table 'Nyanza II' 10-max Seat #2 is the button
Seat 1: Rein72 ($123.32 in chips)
Seat 2: anetkaapro ($72 in chips)
anetkaapro: posts small blind $1
Rein72: posts big blind $3
*** HOLE CARDS ***
anetkaapro: folds
Uncalled bet ($2) returned to Rein72
Rein72 collected $2 from pot
Rein72: doesn't show hand
*** SUMMARY ***
Total pot $2 | Rake $0
Seat 1: Rein72 (big blind) collected ($2)
Seat 2: anetkaapro (button) (small blind) folded before Flop


PokerStars Hand #154661643942:  Hold'em Limit ($3/$6 USD) - 2016/06/12 20:10:44 ET
Table 'Nyanza II' 10-max Seat #1 is the button
Seat 1: Rein72 ($124.32 in chips)
Seat 2: anetkaapro ($72 in chips)
Rein72: posts small blind $1
anetkaapro: posts big blind $3
*** HOLE CARDS ***
Rein72: raises $3 to $6
anetkaapro: calls $3
*** FLOP *** [3s 4s 9s]
anetkaapro: checks
Rein72: bets $3
anetkaapro: calls $3
*** TURN *** [3s 4s 9s] [Jd]
anetkaapro: checks
Rein72: bets $6
anetkaapro: calls $6
*** RIVER *** [3s 4s 9s Jd] [2d]
anetkaapro: checks
Rein72: bets $6
anetkaapro: calls $6
*** SHOW DOWN ***
Rein72: shows [Jc Js] (three of a kind, Jacks)
anetkaapro: mucks hand
Rein72 collected $41.50 from pot
*** SUMMARY ***
Total pot $42 | Rake $0.50
Board [3s 4s 9s Jd 2d]
Seat 1: Rein72 (button) (small blind) showed [Jc Js] and won ($41.50) with three of a kind, Jacks
Seat 2: anetkaapro (big blind) mucked


PokerStars Hand #154661655455:  Hold'em Limit ($3/$6 USD) - 2016/06/12 20:11:07 ET
Table 'Nyanza II' 10-max Seat #2 is the button
Seat 1: Rein72 ($144.82 in chips)
Seat 2: anetkaapro ($72 in chips)
anetkaapro: posts small blind $1
Rein72: posts big blind $3
*** HOLE CARDS ***
anetkaapro: raises $3 to $6
Rein72: calls $3
*** FLOP *** [Qh 4h 3d]
Rein72: checks
anetkaapro: bets $3
Rein72: folds
Uncalled bet ($3) returned to anetkaapro
anetkaapro collected $11.76 from pot
anetkaapro: doesn't show hand
*** SUMMARY ***
Total pot $12 | Rake $0.24
Board [Qh 4h 3d]
Seat 1: Rein72 (big blind) folded on the Flop
Seat 2: anetkaapro (button) (small blind) collected ($11.76)


PokerStars Hand #154661675614:  Hold'em Limit ($3/$6 USD) - 2016/06/12 20:11:48 ET
Table 'Nyanza II' 10-max Seat #2 is the button
Seat 1: Rein72 ($114.82 in chips)
Seat 2: anetkaapro ($101.26 in chips)
anetkaapro: posts small blind $1
Rein72: posts big blind $3
*** HOLE CARDS ***
anetkaapro: raises $3 to $6
Rein72: calls $3
*** FLOP *** [9s 2h Tc]
Rein72: checks
anetkaapro: bets $3
Rein72: calls $3
*** TURN *** [9s 2h Tc] [2s]
Rein72: checks
anetkaapro: checks
*** RIVER *** [9s 2h Tc 2s] [8s]
Rein72: bets $6
anetkaapro: calls $6
*** SHOW DOWN ***
Rein72: shows [6d 6c] (two pair, Sixes and Deuces)
anetkaapro: shows [8c Js] (two pair, Eights and Deuces)
anetkaapro collected $29.50 from pot
*** SUMMARY ***
Total pot $30 | Rake $0.50
Board [9s 2h Tc 2s 8s]
Seat 1: Rein72 (big blind) showed [6d 6c] and lost with two pair, Sixes and Deuces
Seat 2: anetkaapro (button) (small blind) showed [8c Js] and won ($29.50) with two pair, Eights and Deuces


PokerStars Hand #154661691348:  Hold'em Limit ($3/$6 USD) - 2016/06/12 20:12:21 ET
Table 'Nyanza II' 10-max Seat #1 is the button
Seat 1: Rein72 ($99.82 in chips)
Seat 2: anetkaapro ($115.76 in chips)
Rein72: posts small blind $1
anetkaapro: posts big blind $3
*** HOLE CARDS ***
Rein72: raises $3 to $6
anetkaapro: raises $3 to $9
Rein72: calls $3
*** FLOP *** [Ad 3c 4s]
anetkaapro: bets $3
Rein72: folds
Uncalled bet ($3) returned to anetkaapro
anetkaapro collected $17.64 from pot
anetkaapro: doesn't show hand
*** SUMMARY ***
Total pot $18 | Rake $0.36
Board [Ad 3c 4s]
Seat 1: Rein72 (button) (small blind) folded on the Flop
Seat 2: anetkaapro (big blind) collected ($17.64)


PokerStars Hand #154661661740:  Hold'em Limit ($3/$6 USD) - 2016/06/12 20:11:20 ET
Table 'Nyanza II' 10-max Seat #1 is the button
Seat 1: Rein72 ($138.82 in chips)
Seat 2: anetkaapro ($77.76 in chips)
Rein72: posts small blind $1
anetkaapro: posts big blind $3
*** HOLE CARDS ***
Rein72: raises $3 to $6
anetkaapro: raises $3 to $9
Rein72: calls $3
*** FLOP *** [3h 9d 8d]
anetkaapro: bets $3
Rein72: calls $3
*** TURN *** [3h 9d 8d] [Kh]
anetkaapro: checks
Rein72: bets $6
anetkaapro: calls $6
*** RIVER *** [3h 9d 8d Kh] [9s]
anetkaapro: checks
Rein72: bets $6
anetkaapro: raises $6 to $12
Rein72: folds
Uncalled bet ($6) returned to anetkaapro
anetkaapro collected $47.50 from pot
anetkaapro: doesn't show hand
*** SUMMARY ***
Total pot $48 | Rake $0.50
Board [3h 9d 8d Kh 9s]
Seat 1: Rein72 (button) (small blind) folded on the River
Seat 2: anetkaapro (big blind) collected ($47.50)


PokerStars Hand #154661704503:  Hold'em Limit ($3/$6 USD) - 2016/06/12 20:12:48 ET
Table 'Nyanza II' 10-max Seat #1 is the button
Seat 1: Rein72 ($91.82 in chips)
Seat 2: anetkaapro ($123.40 in chips)
Rein72: posts small blind $1
anetkaapro: posts big blind $3
*** HOLE CARDS ***
Rein72: raises $3 to $6
anetkaapro: calls $3
*** FLOP *** [Qc 3c 9c]
anetkaapro: checks
Rein72: bets $3
anetkaapro: folds
Uncalled bet ($3) returned to Rein72
Rein72 collected $11.76 from pot
Rein72: doesn't show hand
*** SUMMARY ***
Total pot $12 | Rake $0.24
Board [Qc 3c 9c]
Seat 1: Rein72 (button) (small blind) collected ($11.76)
Seat 2: anetkaapro (big blind) folded on the Flop


PokerStars Hand #154661709145:  Hold'em Limit ($3/$6 USD) - 2016/06/12 20:12:58 ET
Table 'Nyanza II' 10-max Seat #2 is the button
Seat 1: Rein72 ($97.58 in chips)
Seat 2: anetkaapro ($117.40 in chips)
anetkaapro: posts small blind $1
Rein72: posts big blind $3
*** HOLE CARDS ***
JMMROCHA joins the table at seat #9
anetkaapro: raises $3 to $6
Rein72: calls $3
*** FLOP *** [4d 8s 8h]
Rein72: checks
anetkaapro: bets $3
Rein72: folds
Uncalled bet ($3) returned to anetkaapro
anetkaapro collected $11.76 from pot
anetkaapro: doesn't show hand
*** SUMMARY ***
Total pot $12 | Rake $0.24
Board [4d 8s 8h]
Seat 1: Rein72 (big blind) folded on the Flop
Seat 2: anetkaapro (button) (small blind) collected ($11.76)


PokerStars Hand #154661720659:  Hold'em Limit ($3/$6 USD) - 2016/06/12 20:13:21 ET
Table 'Nyanza II' 10-max Seat #1 is the button
Seat 1: Rein72 ($91.58 in chips)
Seat 2: anetkaapro ($123.16 in chips)
Rein72: posts small blind $1
anetkaapro: posts big blind $3
*** HOLE CARDS ***
Rein72: raises $3 to $6
anetkaapro: calls $3
*** FLOP *** [2h 9d Jd]
anetkaapro: checks
Rein72: bets $3
anetkaapro: folds
Uncalled bet ($3) returned to Rein72
Rein72 collected $11.76 from pot
Rein72: doesn't show hand
*** SUMMARY ***
Total pot $12 | Rake $0.24
Board [2h 9d Jd]
Seat 1: Rein72 (button) (small blind) collected ($11.76)
Seat 2: anetkaapro (big blind) folded on the Flop


PokerStars Hand #154661702178:  Hold'em Limit ($3/$6 USD) - 2016/06/12 20:12:43 ET
Table 'Nyanza II' 10-max Seat #2 is the button
Seat 1: Rein72 ($90.82 in chips)
Seat 2: anetkaapro ($124.40 in chips)
anetkaapro: posts small blind $1
Rein72: posts big blind $3
*** HOLE CARDS ***
anetkaapro: folds
Uncalled bet ($2) returned to Rein72
Rein72 collected $2 from pot
Rein72: doesn't show hand
*** SUMMARY ***
Total pot $2 | Rake $0
Seat 1: Rein72 (big blind) collected ($2)
Seat 2: anetkaapro (button) (small blind) folded before Flop


PokerStars Hand #154662214329:  Hold'em Limit ($3/$6 USD) - 2016/06/12 20:30:32 ET
Table 'Nyanza II' 10-max Seat #10 is the button
Seat 3: HOFF10N ($137.05 in chips)
Seat 10: fire852181 ($27.63 in chips)
fire852181: posts small blind $1
anetkaapro: is sitting out
HOFF10N: posts big blind $3
*** HOLE CARDS ***
fire852181: folds
Uncalled bet ($2) returned to HOFF10N
HOFF10N collected $2 from pot
HOFF10N: doesn't show hand
*** SUMMARY ***
Total pot $2 | Rake $0
Seat 3: HOFF10N (big blind) collected ($2)
Seat 10: fire852181 (button) (small blind) folded before Flop


PokerStars Hand #154662218449:  Hold'em Limit ($3/$6 USD) - 2016/06/12 20:30:41 ET
Table 'Nyanza II' 10-max Seat #3 is the button
Seat 3: HOFF10N ($138.05 in chips)
Seat 10: fire852181 ($26.63 in chips)
HOFF10N: posts small blind $1
fire852181: posts big blind $3
*** HOLE CARDS ***
HOFF10N: folds
Uncalled bet ($2) returned to fire852181
fire852181 collected $2 from pot
fire852181: doesn't show hand
*** SUMMARY ***
Total pot $2 | Rake $0
Seat 3: HOFF10N (button) (small blind) folded before Flop
Seat 10: fire852181 (big blind) collected ($2)


PokerStars Hand #154670711385:  Hold'em Limit ($3/$6 USD) - 2016/06/13 4:47:24 ET
Table 'Nyanza II' 10-max Seat #1 is the button
Seat 1: pablov ($100 in chips)
Seat 7: VolkovDmitri ($120 in chips)
pablov: posts small blind $1
VolkovDmitri: posts big blind $3
*** HOLE CARDS ***
pablov: raises $3 to $6
VolkovDmitri: calls $3
*** FLOP *** [7h Jc Kc]
VolkovDmitri: checks
pablov: bets $3
VolkovDmitri: calls $3
*** TURN *** [7h Jc Kc] [4c]
VolkovDmitri: checks
pablov: bets $6
VolkovDmitri: calls $6
*** RIVER *** [7h Jc Kc 4c] [4d]
VolkovDmitri: checks
pablov: bets $6
VolkovDmitri: calls $6
*** SHOW DOWN ***
pablov: shows [9h Jd] (two pair, Jacks and Fours)
VolkovDmitri: mucks hand
pablov collected $41.50 from pot
*** SUMMARY ***
Total pot $42 | Rake $0.50
Board [7h Jc Kc 4c 4d]
Seat 1: pablov (button) (small blind) showed [9h Jd] and won ($41.50) with two pair, Jacks and Fours
Seat 7: VolkovDmitri (big blind) mucked


PokerStars Hand #154670763213:  Hold'em Limit ($3/$6 USD) - 2016/06/13 4:50:06 ET
Table 'Nyanza II' 10-max Seat #1 is the button
Seat 1: pablov ($117.02 in chips)
Seat 7: VolkovDmitri ($134.40 in chips)
pablov: posts small blind $1
VolkovDmitri: posts big blind $3
*** HOLE CARDS ***
pablov: raises $3 to $6
VolkovDmitri: raises $3 to $9
pablov: calls $3
*** FLOP *** [3c 6c Jh]
VolkovDmitri: bets $3
pablov: folds
Uncalled bet ($3) returned to VolkovDmitri
VolkovDmitri collected $17.64 from pot
VolkovDmitri: doesn't show hand
*** SUMMARY ***
Total pot $18 | Rake $0.36
Board [3c 6c Jh]
Seat 1: pablov (button) (small blind) folded on the Flop
Seat 7: VolkovDmitri (big blind) collected ($17.64)


PokerStars Hand #154670773558:  Hold'em Limit ($3/$6 USD) - 2016/06/13 4:50:38 ET
Table 'Nyanza II' 10-max Seat #1 is the button
Seat 1: pablov ($105.02 in chips)
Seat 7: VolkovDmitri ($146.04 in chips)
pablov: posts small blind $1
VolkovDmitri: posts big blind $3
*** HOLE CARDS ***
pablov: raises $3 to $6
VolkovDmitri: calls $3
*** FLOP *** [2s 5c Kc]
VolkovDmitri: bets $3
pablov: raises $3 to $6
VolkovDmitri: calls $3
*** TURN *** [2s 5c Kc] [4d]
VolkovDmitri: checks
pablov: bets $6
VolkovDmitri: folds
Uncalled bet ($6) returned to pablov
pablov collected $23.52 from pot
pablov: doesn't show hand
*** SUMMARY ***
Total pot $24 | Rake $0.48
Board [2s 5c Kc 4d]
Seat 1: pablov (button) (small blind) collected ($23.52)
Seat 7: VolkovDmitri (big blind) folded on the Turn


PokerStars Hand #154670769466:  Hold'em Limit ($3/$6 USD) - 2016/06/13 4:50:25 ET
Table 'Nyanza II' 10-max Seat #7 is the button
Seat 1: pablov ($108.02 in chips)
Seat 7: VolkovDmitri ($143.04 in chips)
VolkovDmitri: posts small blind $1
pablov: posts big blind $3
*** HOLE CARDS ***
VolkovDmitri: raises $3 to $6
pablov: folds
Uncalled bet ($3) returned to VolkovDmitri
VolkovDmitri collected $6 from pot
VolkovDmitri: doesn't show hand
*** SUMMARY ***
Total pot $6 | Rake $0
Seat 1: pablov (big blind) folded before Flop
Seat 7: VolkovDmitri (button) (small blind) collected ($6)


PokerStars Hand #154670733982:  Hold'em Limit ($3/$6 USD) - 2016/06/13 4:48:35 ET
Table 'Nyanza II' 10-max Seat #7 is the button
Seat 1: pablov ($120.50 in chips)
Seat 7: VolkovDmitri ($120 in chips)
VolkovDmitri: posts small blind $1
pablov: posts big blind $3
*** HOLE CARDS ***
VolkovDmitri: raises $3 to $6
pablov: calls $3
*** FLOP *** [5d 4s 8c]
pablov: checks
VolkovDmitri: bets $3
pablov: raises $3 to $6
VolkovDmitri: calls $3
*** TURN *** [5d 4s 8c] [Jd]
pablov: bets $6
VolkovDmitri: folds
Uncalled bet ($6) returned to pablov
pablov collected $23.52 from pot
pablov: doesn't show hand
*** SUMMARY ***
Total pot $24 | Rake $0.48
Board [5d 4s 8c Jd]
Seat 1: pablov (big blind) collected ($23.52)
Seat 7: VolkovDmitri (button) (small blind) folded on the Turn


PokerStars Hand #154670801838:  Hold'em Limit ($3/$6 USD) - 2016/06/13 4:52:05 ET
Table 'Nyanza II' 10-max Seat #1 is the button
Seat 1: pablov ($101.54 in chips)
Seat 7: VolkovDmitri ($148.54 in chips)
pablov: posts small blind $1
VolkovDmitri: posts big blind $3
*** HOLE CARDS ***
pablov: raises $3 to $6
VolkovDmitri: calls $3
*** FLOP *** [Qd Jh Qh]
VolkovDmitri: checks
pablov: bets $3
VolkovDmitri: folds
Uncalled bet ($3) returned to pablov
pablov collected $11.76 from pot
pablov: doesn't show hand
*** SUMMARY ***
Total pot $12 | Rake $0.24
Board [Qd Jh Qh]
Seat 1: pablov (button) (small blind) collected ($11.76)
Seat 7: VolkovDmitri (big blind) folded on the Flop


PokerStars Hand #154670787215:  Hold'em Limit ($3/$6 USD) - 2016/06/13 4:51:20 ET
Table 'Nyanza II' 10-max Seat #7 is the button
Seat 1: pablov ($116.54 in chips)
Seat 7: VolkovDmitri ($134.04 in chips)
VolkovDmitri: posts small blind $1
pablov: posts big blind $3
*** HOLE CARDS ***
VolkovDmitri: raises $3 to $6
pablov: calls $3
*** FLOP *** [3h Qd 2d]
pablov: checks
VolkovDmitri: bets $3
pablov: calls $3
*** TURN *** [3h Qd 2d] [Ad]
pablov: checks
VolkovDmitri: checks
*** RIVER *** [3h Qd 2d Ad] [7c]
pablov: bets $6
VolkovDmitri: raises $6 to $12
pablov: folds
Uncalled bet ($6) returned to VolkovDmitri
VolkovDmitri collected $29.50 from pot
VolkovDmitri: doesn't show hand
*** SUMMARY ***
Total pot $30 | Rake $0.50
Board [3h Qd 2d Ad 7c]
Seat 1: pablov (big blind) folded on the River
Seat 7: VolkovDmitri (button) (small blind) collected ($29.50)


PokerStars Hand #154670808785:  Hold'em Limit ($3/$6 USD) - 2016/06/13 4:52:27 ET
Table 'Nyanza II' 10-max Seat #7 is the button
Seat 1: pablov ($107.30 in chips)
Seat 7: VolkovDmitri ($142.54 in chips)
VolkovDmitri: posts small blind $1
pablov: posts big blind $3
*** HOLE CARDS ***
VolkovDmitri: raises $3 to $6
pablov: raises $3 to $9
VolkovDmitri: calls $3
*** FLOP *** [Qc 3s 7s]
pablov: bets $3
VolkovDmitri: calls $3
*** TURN *** [Qc 3s 7s] [8d]
pablov: bets $6
VolkovDmitri: calls $6
*** RIVER *** [Qc 3s 7s 8d] [4s]
pablov: bets $6
VolkovDmitri: calls $6
*** SHOW DOWN ***
pablov: shows [3d 3h] (three of a kind, Threes)
VolkovDmitri: mucks hand
pablov collected $47.50 from pot
*** SUMMARY ***
Total pot $48 | Rake $0.50
Board [Qc 3s 7s 8d 4s]
Seat 1: pablov (big blind) showed [3d 3h] and won ($47.50) with three of a kind, Threes
Seat 7: VolkovDmitri (button) (small blind) mucked


PokerStars Hand #154670817471:  Hold'em Limit ($3/$6 USD) - 2016/06/13 4:52:53 ET
Table 'Nyanza II' 10-max Seat #1 is the button
Seat 1: pablov ($130.80 in chips)
Seat 7: VolkovDmitri ($120 in chips)
pablov: posts small blind $1
VolkovDmitri: posts big blind $3
*** HOLE CARDS ***
pablov: raises $3 to $6
VolkovDmitri: calls $3
*** FLOP *** [4h Ad 9d]
VolkovDmitri: checks
pablov: bets $3
VolkovDmitri: calls $3
*** TURN *** [4h Ad 9d] [5s]
VolkovDmitri: checks
pablov: bets $6
VolkovDmitri: calls $6
*** RIVER *** [4h Ad 9d 5s] [3c]
VolkovDmitri: checks
pablov: checks
*** SHOW DOWN ***
VolkovDmitri: shows [4c Js] (a pair of Fours)
pablov: shows [Qs 4s] (a pair of Fours - Ace+Queen kicker)
pablov collected $29.50 from pot
*** SUMMARY ***
Total pot $30 | Rake $0.50
Board [4h Ad 9d 5s 3c]
Seat 1: pablov (button) (small blind) showed [Qs 4s] and won ($29.50) with a pair of Fours
Seat 7: VolkovDmitri (big blind) showed [4c Js] and lost with a pair of Fours


PokerStars Hand #154670847458:  Hold'em Limit ($3/$6 USD) - 2016/06/13 4:54:26 ET
Table 'Nyanza II' 10-max Seat #7 is the button
Seat 1: pablov ($171.44 in chips)
Seat 7: VolkovDmitri ($120 in chips)
VolkovDmitri: posts small blind $1
pablov: posts big blind $3
*** HOLE CARDS ***
VolkovDmitri: raises $3 to $6
pablov: raises $3 to $9
VolkovDmitri: calls $3
*** FLOP *** [Kh 4s Ts]
pablov: bets $3
VolkovDmitri: calls $3
*** TURN *** [Kh 4s Ts] [5h]
pablov: bets $6
VolkovDmitri: calls $6
*** RIVER *** [Kh 4s Ts 5h] [Kd]
pablov: bets $6
VolkovDmitri: calls $6
*** SHOW DOWN ***
pablov: shows [Qh Kc] (three of a kind, Kings)
VolkovDmitri: mucks hand
pablov collected $47.50 from pot
*** SUMMARY ***
Total pot $48 | Rake $0.50
Board [Kh 4s Ts 5h Kd]
Seat 1: pablov (big blind) showed [Qh Kc] and won ($47.50) with three of a kind, Kings
Seat 7: VolkovDmitri (button) (small blind) mucked


PokerStars Hand #154670868828:  Hold'em Limit ($3/$6 USD) - 2016/06/13 4:55:33 ET
Table 'Nyanza II' 10-max Seat #7 is the button
Seat 1: pablov ($185.94 in chips)
Seat 7: VolkovDmitri ($128.64 in chips)
VolkovDmitri: posts small blind $1
pablov: posts big blind $3
*** HOLE CARDS ***
VolkovDmitri: raises $3 to $6
pablov: folds
Uncalled bet ($3) returned to VolkovDmitri
VolkovDmitri collected $6 from pot
VolkovDmitri: doesn't show hand
*** SUMMARY ***
Total pot $6 | Rake $0
Seat 1: pablov (big blind) folded before Flop
Seat 7: VolkovDmitri (button) (small blind) collected ($6)


PokerStars Hand #154670862454:  Hold'em Limit ($3/$6 USD) - 2016/06/13 4:55:12 ET
Table 'Nyanza II' 10-max Seat #1 is the button
Seat 1: pablov ($194.94 in chips)
Seat 7: VolkovDmitri ($120 in chips)
pablov: posts small blind $1
VolkovDmitri: posts big blind $3
*** HOLE CARDS ***
pablov: raises $3 to $6
VolkovDmitri: raises $3 to $9
pablov: calls $3
*** FLOP *** [4c 9d 5d]
VolkovDmitri: bets $3
pablov: folds
Uncalled bet ($3) returned to VolkovDmitri
VolkovDmitri collected $17.64 from pot
VolkovDmitri: doesn't show hand
*** SUMMARY ***
Total pot $18 | Rake $0.36
Board [4c 9d 5d]
Seat 1: pablov (button) (small blind) folded on the Flop
Seat 7: VolkovDmitri (big blind) collected ($17.64)


PokerStars Hand #154670871205:  Hold'em Limit ($3/$6 USD) - 2016/06/13 4:55:41 ET
Table 'Nyanza II' 10-max Seat #1 is the button
Seat 1: pablov ($182.94 in chips)
Seat 7: VolkovDmitri ($131.64 in chips)
pablov: posts small blind $1
VolkovDmitri: posts big blind $3
*** HOLE CARDS ***
pablov: raises $3 to $6
VolkovDmitri: calls $3
*** FLOP *** [7d 4d 8c]
VolkovDmitri: checks
pablov: bets $3
VolkovDmitri: raises $3 to $6
pablov: calls $3
*** TURN *** [7d 4d 8c] [Qh]
VolkovDmitri: bets $6
pablov: calls $6
*** RIVER *** [7d 4d 8c Qh] [Kc]
VolkovDmitri: checks
pablov: checks
*** SHOW DOWN ***
VolkovDmitri: shows [7s 5s] (a pair of Sevens)
pablov: mucks hand
VolkovDmitri collected $35.50 from pot
*** SUMMARY ***
Total pot $36 | Rake $0.50
Board [7d 4d 8c Qh Kc]
Seat 1: pablov (button) (small blind) mucked
Seat 7: VolkovDmitri (big blind) showed [7s 5s] and won ($35.50) with a pair of Sevens


PokerStars Hand #154670886761:  Hold'em Limit ($3/$6 USD) - 2016/06/13 4:56:34 ET
Table 'Nyanza II' 10-max Seat #1 is the button
Seat 1: pablov ($161.94 in chips)
Seat 7: VolkovDmitri ($152.14 in chips)
pablov: posts small blind $1
VolkovDmitri: posts big blind $3
*** HOLE CARDS ***
supbro21 joins the table at seat #6
pablov: raises $3 to $6
VolkovDmitri: raises $3 to $9
pablov: calls $3
*** FLOP *** [Jc Ts Ah]
VolkovDmitri: bets $3
pablov: folds
Uncalled bet ($3) returned to VolkovDmitri
VolkovDmitri collected $17.64 from pot
VolkovDmitri: doesn't show hand
*** SUMMARY ***
Total pot $18 | Rake $0.36
Board [Jc Ts Ah]
Seat 1: pablov (button) (small blind) folded on the Flop
Seat 7: VolkovDmitri (big blind) collected ($17.64)


PokerStars Hand #154670891061:  Hold'em Limit ($3/$6 USD) - 2016/06/13 4:56:49 ET
Table 'Nyanza II' 10-max Seat #7 is the button
Seat 1: pablov ($152.94 in chips)
Seat 7: VolkovDmitri ($160.78 in chips)
VolkovDmitri: posts small blind $1
pablov: posts big blind $3
*** HOLE CARDS ***
VolkovDmitri: raises $3 to $6
pablov: calls $3
*** FLOP *** [9c Jd 7h]
pablov: checks
VolkovDmitri: bets $3
pablov: folds
Uncalled bet ($3) returned to VolkovDmitri
VolkovDmitri collected $11.76 from pot
VolkovDmitri: doesn't show hand
*** SUMMARY ***
Total pot $12 | Rake $0.24
Board [9c Jd 7h]
Seat 1: pablov (big blind) folded on the Flop
Seat 7: VolkovDmitri (button) (small blind) collected ($11.76)


PokerStars Hand #154670884862:  Hold'em Limit ($3/$6 USD) - 2016/06/13 4:56:28 ET
Table 'Nyanza II' 10-max Seat #7 is the button
Seat 1: pablov ($164.94 in chips)
Seat 7: VolkovDmitri ($149.14 in chips)
VolkovDmitri: posts small blind $1
pablov: posts big blind $3
*** HOLE CARDS ***
VolkovDmitri: raises $3 to $6
pablov: folds
Uncalled bet ($3) returned to VolkovDmitri
VolkovDmitri collected $6 from pot
VolkovDmitri: doesn't show hand
*** SUMMARY ***
Total pot $6 | Rake $0
Seat 1: pablov (big blind) folded before Flop
Seat 7: VolkovDmitri (button) (small blind) collected ($6)


