PokerStars Hand #144587280474:  Hold'em Limit ($3/$6 USD) - 2015/11/29 18:42:51 ET
Table 'Nyanza' 6-max Seat #1 is the button
Seat 1: Zubasa07 ($500 in chips)
Seat 2: ALPEVE85 ($120 in chips)
Zubasa07: posts small blind $1
ALPEVE85: posts big blind $3
*** HOLE CARDS ***
Zubasa07: raises $3 to $6
ALPEVE85: calls $3
*** FLOP *** [Jc 8s Qs]
ALPEVE85: checks
Zubasa07: bets $3
ALPEVE85: folds
Uncalled bet ($3) returned to Zubasa07
Zubasa07 collected $11.76 from pot
Zubasa07: doesn't show hand
*** SUMMARY ***
Total pot $12 | Rake $0.24
Board [Jc 8s Qs]
Seat 1: Zubasa07 (button) (small blind) collected ($11.76)
Seat 2: ALPEVE85 (big blind) folded on the Flop


PokerStars Hand #144587295200:  Hold'em Limit ($3/$6 USD) - 2015/11/29 18:43:11 ET
Table 'Nyanza' 6-max Seat #2 is the button
Seat 1: Zubasa07 ($505.76 in chips)
Seat 2: ALPEVE85 ($114 in chips)
ALPEVE85: posts small blind $1
Zubasa07: posts big blind $3
*** HOLE CARDS ***
ALPEVE85: raises $3 to $6
Zubasa07: raises $3 to $9
ALPEVE85: raises $3 to $12
Betting is capped
Zubasa07: calls $3
*** FLOP *** [2h Kc 6h]
Zubasa07: checks
ALPEVE85: bets $3
Zubasa07: calls $3
*** TURN *** [2h Kc 6h] [Jc]
Zubasa07: checks
ALPEVE85: bets $6
Zubasa07: folds
Uncalled bet ($6) returned to ALPEVE85
ALPEVE85 collected $29.50 from pot
ALPEVE85: doesn't show hand
*** SUMMARY ***
Total pot $30 | Rake $0.50
Board [2h Kc 6h Jc]
Seat 1: Zubasa07 (big blind) folded on the Turn
Seat 2: ALPEVE85 (button) (small blind) collected ($29.50)


PokerStars Hand #144587337937:  Hold'em Limit ($3/$6 USD) - 2015/11/29 18:44:06 ET
Table 'Nyanza' 6-max Seat #1 is the button
Seat 1: Zubasa07 ($490.76 in chips)
Seat 2: ALPEVE85 ($128.50 in chips)
Zubasa07: posts small blind $1
ALPEVE85: posts big blind $3
*** HOLE CARDS ***
Zubasa07: raises $3 to $6
ALPEVE85: calls $3
*** FLOP *** [3d 5s 3s]
ALPEVE85: checks
Zubasa07: bets $3
ALPEVE85: folds
Uncalled bet ($3) returned to Zubasa07
Zubasa07 collected $11.76 from pot
Zubasa07: doesn't show hand
*** SUMMARY ***
Total pot $12 | Rake $0.24
Board [3d 5s 3s]
Seat 1: Zubasa07 (button) (small blind) collected ($11.76)
Seat 2: ALPEVE85 (big blind) folded on the Flop


PokerStars Hand #144587398850:  Hold'em Limit ($3/$6 USD) - 2015/11/29 18:45:27 ET
Table 'Nyanza' 6-max Seat #1 is the button
Seat 1: Zubasa07 ($475.52 in chips)
Seat 2: ALPEVE85 ($143 in chips)
Zubasa07: posts small blind $1
ALPEVE85: posts big blind $3
*** HOLE CARDS ***
Zubasa07: raises $3 to $6
ALPEVE85: raises $3 to $9
Zubasa07: calls $3
*** FLOP *** [Kc 7d 3h]
ALPEVE85: bets $3
Zubasa07: calls $3
*** TURN *** [Kc 7d 3h] [Ts]
ALPEVE85: bets $6
Zubasa07: folds
Uncalled bet ($6) returned to ALPEVE85
ALPEVE85 collected $23.52 from pot
ALPEVE85: doesn't show hand
*** SUMMARY ***
Total pot $24 | Rake $0.48
Board [Kc 7d 3h Ts]
Seat 1: Zubasa07 (button) (small blind) folded on the Turn
Seat 2: ALPEVE85 (big blind) collected ($23.52)


PokerStars Hand #144587355688:  Hold'em Limit ($3/$6 USD) - 2015/11/29 18:44:30 ET
Table 'Nyanza' 6-max Seat #2 is the button
Seat 1: Zubasa07 ($496.52 in chips)
Seat 2: ALPEVE85 ($122.50 in chips)
ALPEVE85: posts small blind $1
Zubasa07: posts big blind $3
*** HOLE CARDS ***
ALPEVE85: raises $3 to $6
Zubasa07: calls $3
*** FLOP *** [4s 8h 7c]
Zubasa07: checks
ALPEVE85: bets $3
Zubasa07: calls $3
*** TURN *** [4s 8h 7c] [6c]
Zubasa07: checks
ALPEVE85: bets $6
Zubasa07: calls $6
*** RIVER *** [4s 8h 7c 6c] [3c]
Zubasa07: checks
ALPEVE85: bets $6
Zubasa07: calls $6
*** SHOW DOWN ***
ALPEVE85: shows [5c 5h] (a straight, Four to Eight)
Zubasa07: mucks hand
ALPEVE85 collected $41.50 from pot
*** SUMMARY ***
Total pot $42 | Rake $0.50
Board [4s 8h 7c 6c 3c]
Seat 1: Zubasa07 (big blind) mucked
Seat 2: ALPEVE85 (button) (small blind) showed [5c 5h] and won ($41.50) with a straight, Four to Eight


PokerStars Hand #144587452249:  Hold'em Limit ($3/$6 USD) - 2015/11/29 18:46:36 ET
Table 'Nyanza' 6-max Seat #1 is the button
Seat 1: Zubasa07 ($484.02 in chips)
Seat 2: ALPEVE85 ($133.52 in chips)
Zubasa07: posts small blind $1
ALPEVE85: posts big blind $3
*** HOLE CARDS ***
Zubasa07: folds
Uncalled bet ($2) returned to ALPEVE85
ALPEVE85 collected $2 from pot
ALPEVE85: doesn't show hand
*** SUMMARY ***
Total pot $2 | Rake $0
Seat 1: Zubasa07 (button) (small blind) folded before Flop
Seat 2: ALPEVE85 (big blind) collected ($2)


PokerStars Hand #144587421885:  Hold'em Limit ($3/$6 USD) - 2015/11/29 18:45:57 ET
Table 'Nyanza' 6-max Seat #2 is the button
Seat 1: Zubasa07 ($463.52 in chips)
Seat 2: ALPEVE85 ($154.52 in chips)
ALPEVE85: posts small blind $1
Zubasa07: posts big blind $3
*** HOLE CARDS ***
ALPEVE85: raises $3 to $6
Zubasa07: calls $3
*** FLOP *** [As 7s 2c]
Zubasa07: checks
ALPEVE85: bets $3
Zubasa07: calls $3
*** TURN *** [As 7s 2c] [8h]
Zubasa07: checks
ALPEVE85: bets $6
Zubasa07: calls $6
*** RIVER *** [As 7s 2c 8h] [2h]
Zubasa07: checks
ALPEVE85: bets $6
Zubasa07: calls $6
*** SHOW DOWN ***
ALPEVE85: shows [9h Qd] (a pair of Deuces)
Zubasa07: shows [7c 4d] (two pair, Sevens and Deuces)
Zubasa07 collected $41.50 from pot
*** SUMMARY ***
Total pot $42 | Rake $0.50
Board [As 7s 2c 8h 2h]
Seat 1: Zubasa07 (big blind) showed [7c 4d] and won ($41.50) with two pair, Sevens and Deuces
Seat 2: ALPEVE85 (button) (small blind) showed [9h Qd] and lost with a pair of Deuces


PokerStars Hand #144587488025:  Hold'em Limit ($3/$6 USD) - 2015/11/29 18:47:23 ET
Table 'Nyanza' 6-max Seat #1 is the button
Seat 1: Zubasa07 ($456.02 in chips)
Seat 2: ALPEVE85 ($161.02 in chips)
Zubasa07: posts small blind $1
ALPEVE85: posts big blind $3
*** HOLE CARDS ***
Zubasa07: raises $3 to $6
ALPEVE85: raises $3 to $9
Zubasa07: calls $3
*** FLOP *** [8d 3s 8c]
ALPEVE85: bets $3
Zubasa07: calls $3
*** TURN *** [8d 3s 8c] [Ad]
ALPEVE85: bets $6
Zubasa07: folds
Uncalled bet ($6) returned to ALPEVE85
ALPEVE85 collected $23.52 from pot
ALPEVE85: doesn't show hand
*** SUMMARY ***
Total pot $24 | Rake $0.48
Board [8d 3s 8c Ad]
Seat 1: Zubasa07 (button) (small blind) folded on the Turn
Seat 2: ALPEVE85 (big blind) collected ($23.52)


PokerStars Hand #144587456606:  Hold'em Limit ($3/$6 USD) - 2015/11/29 18:46:42 ET
Table 'Nyanza' 6-max Seat #2 is the button
Seat 1: Zubasa07 ($483.02 in chips)
Seat 2: ALPEVE85 ($134.52 in chips)
ALPEVE85: posts small blind $1
Zubasa07: posts big blind $3
*** HOLE CARDS ***
ALPEVE85: raises $3 to $6
Zubasa07: raises $3 to $9
ALPEVE85: raises $3 to $12
Betting is capped
Zubasa07: calls $3
*** FLOP *** [Qc 4h 9c]
Zubasa07: checks
ALPEVE85: bets $3
Zubasa07: calls $3
*** TURN *** [Qc 4h 9c] [Ah]
Zubasa07: checks
ALPEVE85: bets $6
Zubasa07: calls $6
*** RIVER *** [Qc 4h 9c Ah] [Ks]
Zubasa07: checks
ALPEVE85: bets $6
Zubasa07: calls $6
*** SHOW DOWN ***
ALPEVE85: shows [Th Ac] (a pair of Aces)
Zubasa07: mucks hand
ALPEVE85 collected $53.50 from pot
*** SUMMARY ***
Total pot $54 | Rake $0.50
Board [Qc 4h 9c Ah Ks]
Seat 1: Zubasa07 (big blind) mucked
Seat 2: ALPEVE85 (button) (small blind) showed [Th Ac] and won ($53.50) with a pair of Aces


PokerStars Hand #144587514202:  Hold'em Limit ($3/$6 USD) - 2015/11/29 18:47:58 ET
Table 'Nyanza' 6-max Seat #2 is the button
Seat 1: Zubasa07 ($444.02 in chips)
Seat 2: ALPEVE85 ($172.54 in chips)
ALPEVE85: posts small blind $1
Zubasa07: posts big blind $3
*** HOLE CARDS ***
ALPEVE85: calls $2
Zubasa07: checks
*** FLOP *** [Ts 6d Jh]
Zubasa07: checks
ALPEVE85: bets $3
AAAA_FULL_72 joins the table at seat #3
Zubasa07: folds
Uncalled bet ($3) returned to ALPEVE85
ALPEVE85 collected $5.88 from pot
*** SUMMARY ***
Total pot $6 | Rake $0.12
Board [Ts 6d Jh]
Seat 1: Zubasa07 (big blind) folded on the Flop
Seat 2: ALPEVE85 (button) (small blind) collected ($5.88)


PokerStars Hand #144587533656:  Hold'em Limit ($3/$6 USD) - 2015/11/29 18:48:23 ET
Table 'Nyanza' 6-max Seat #1 is the button
Seat 1: Zubasa07 ($441.02 in chips)
Seat 2: ALPEVE85 ($175.42 in chips)
Zubasa07: posts small blind $1
ALPEVE85: posts big blind $3
*** HOLE CARDS ***
ValeryRon joins the table at seat #4
Zubasa07: raises $3 to $6
ALPEVE85: calls $3
*** FLOP *** [6s 5d 4s]
ALPEVE85: bets $3
Zubasa07: calls $3
*** TURN *** [6s 5d 4s] [9c]
ALPEVE85: bets $6
Zubasa07: calls $6
*** RIVER *** [6s 5d 4s 9c] [8d]
ALPEVE85: bets $6
korrnel joins the table at seat #5
Zubasa07: raises $6 to $12
ALPEVE85: calls $6
*** SHOW DOWN ***
Zubasa07: shows [7c Js] (a straight, Five to Nine)
ALPEVE85: mucks hand
Zubasa07 collected $53.50 from pot
*** SUMMARY ***
Total pot $54 | Rake $0.50
Board [6s 5d 4s 9c 8d]
Seat 1: Zubasa07 (button) (small blind) showed [7c Js] and won ($53.50) with a straight, Five to Nine
Seat 2: ALPEVE85 (big blind) mucked


