PokerStars Hand #165925801364:  Hold'em Limit ($3/$6 USD) - 2017/02/09 6:14:24 ET
Table 'Nyctimene' 6-max Seat #6 is the button
Seat 2: sim5sim5 ($72 in chips)
Seat 6: cola26licht ($78.19 in chips)
cola26licht: posts small blind $1
sim5sim5: posts big blind $3
*** HOLE CARDS ***
cola26licht: raises $3 to $6
sim5sim5: raises $3 to $9
cola26licht: calls $3
*** FLOP *** [2d As 3d]
sim5sim5: bets $3
cola26licht: folds
Uncalled bet ($3) returned to sim5sim5
sim5sim5 collected $17.64 from pot
sim5sim5: doesn't show hand
*** SUMMARY ***
Total pot $18 | Rake $0.36
Board [2d As 3d]
Seat 2: sim5sim5 (big blind) collected ($17.64)
Seat 6: cola26licht (button) (small blind) folded on the Flop


PokerStars Hand #165925808577:  Hold'em Limit ($3/$6 USD) - 2017/02/09 6:14:39 ET
Table 'Nyctimene' 6-max Seat #2 is the button
Seat 2: sim5sim5 ($80.64 in chips)
Seat 6: cola26licht ($69.19 in chips)
sim5sim5: posts small blind $1
cola26licht: posts big blind $3
*** HOLE CARDS ***
sim5sim5: raises $3 to $6
cola26licht: folds
Uncalled bet ($3) returned to sim5sim5
sim5sim5 collected $6 from pot
sim5sim5: doesn't show hand
*** SUMMARY ***
Total pot $6 | Rake $0
Seat 2: sim5sim5 (button) (small blind) collected ($6)
Seat 6: cola26licht (big blind) folded before Flop


PokerStars Hand #165925826382:  Hold'em Limit ($3/$6 USD) - 2017/02/09 6:15:16 ET
Table 'Nyctimene' 6-max Seat #2 is the button
Seat 2: sim5sim5 ($101.14 in chips)
Seat 6: cola26licht ($48.19 in chips)
sim5sim5: posts small blind $1
cola26licht: posts big blind $3
*** HOLE CARDS ***
sim5sim5: folds
Uncalled bet ($2) returned to cola26licht
cola26licht collected $2 from pot
cola26licht: doesn't show hand
*** SUMMARY ***
Total pot $2 | Rake $0
Seat 2: sim5sim5 (button) (small blind) folded before Flop
Seat 6: cola26licht (big blind) collected ($2)


PokerStars Hand #165925812803:  Hold'em Limit ($3/$6 USD) - 2017/02/09 6:14:48 ET
Table 'Nyctimene' 6-max Seat #6 is the button
Seat 2: sim5sim5 ($83.64 in chips)
Seat 6: cola26licht ($66.19 in chips)
cola26licht: posts small blind $1
sim5sim5: posts big blind $3
*** HOLE CARDS ***
cola26licht: calls $2
sim5sim5: raises $3 to $6
cola26licht: calls $3
*** FLOP *** [7c Ac 8h]
sim5sim5: bets $3
cola26licht: raises $3 to $6
sim5sim5: calls $3
*** TURN *** [7c Ac 8h] [Th]
sim5sim5: checks
cola26licht: checks
*** RIVER *** [7c Ac 8h Th] [5s]
sim5sim5: bets $6
ABATAPP joins the table at seat #1
cola26licht: calls $6
*** SHOW DOWN ***
sim5sim5: shows [Ad 6c] (a pair of Aces)
cola26licht: mucks hand
sim5sim5 collected $35.50 from pot
*** SUMMARY ***
Total pot $36 | Rake $0.50
Board [7c Ac 8h Th 5s]
Seat 2: sim5sim5 (big blind) showed [Ad 6c] and won ($35.50) with a pair of Aces
Seat 6: cola26licht (button) (small blind) mucked


PokerStars Hand #165925960708:  Hold'em Limit ($3/$6 USD) - 2017/02/09 6:19:52 ET
Table 'Nyctimene' 6-max Seat #6 is the button
Seat 3: belik555 ($94 in chips)
Seat 6: cola26licht ($12.65 in chips)
cola26licht: posts small blind $1
belik555: posts big blind $3
*** HOLE CARDS ***
cola26licht: folds
Uncalled bet ($2) returned to belik555
belik555 collected $2 from pot
belik555: doesn't show hand
*** SUMMARY ***
Total pot $2 | Rake $0
Seat 3: belik555 (big blind) collected ($2)
Seat 6: cola26licht (button) (small blind) folded before Flop


PokerStars Hand #165925974572:  Hold'em Limit ($3/$6 USD) - 2017/02/09 6:20:20 ET
Table 'Nyctimene' 6-max Seat #3 is the button
Seat 3: belik555 ($91 in chips)
Seat 6: cola26licht ($21.83 in chips)
belik555: posts small blind $1
cola26licht: posts big blind $3
*** HOLE CARDS ***
belik555: folds
Uncalled bet ($2) returned to cola26licht
cola26licht collected $2 from pot
cola26licht: doesn't show hand
*** SUMMARY ***
Total pot $2 | Rake $0
Seat 3: belik555 (button) (small blind) folded before Flop
Seat 6: cola26licht (big blind) collected ($2)


PokerStars Hand #165925972252:  Hold'em Limit ($3/$6 USD) - 2017/02/09 6:20:15 ET
Table 'Nyctimene' 6-max Seat #6 is the button
Seat 3: belik555 ($90 in chips)
Seat 6: cola26licht ($22.83 in chips)
cola26licht: posts small blind $1
belik555: posts big blind $3
*** HOLE CARDS ***
cola26licht: folds
Uncalled bet ($2) returned to belik555
belik555 collected $2 from pot
belik555: doesn't show hand
*** SUMMARY ***
Total pot $2 | Rake $0
Seat 3: belik555 (big blind) collected ($2)
Seat 6: cola26licht (button) (small blind) folded before Flop


PokerStars Hand #165925963345:  Hold'em Limit ($3/$6 USD) - 2017/02/09 6:19:57 ET
Table 'Nyctimene' 6-max Seat #3 is the button
Seat 3: belik555 ($95 in chips)
Seat 6: cola26licht ($11.65 in chips)
belik555: posts small blind $1
cola26licht: posts big blind $3
*** HOLE CARDS ***
belik555: raises $3 to $6
cola26licht: calls $3
*** FLOP *** [6h 7d 2c]
cola26licht: bets $3
belik555: calls $3
*** TURN *** [6h 7d 2c] [8c]
cola26licht: bets $2.65 and is all-in
belik555: calls $2.65
*** RIVER *** [6h 7d 2c 8c] [Kc]
*** SHOW DOWN ***
cola26licht: shows [4c Qc] (a flush, King high)
belik555: shows [Jc 5h] (high card King)
cola26licht collected $22.83 from pot
*** SUMMARY ***
Total pot $23.30 | Rake $0.47
Board [6h 7d 2c 8c Kc]
Seat 3: belik555 (button) (small blind) showed [Jc 5h] and lost with high card King
Seat 6: cola26licht (big blind) showed [4c Qc] and won ($22.83) with a flush, King high


PokerStars Hand #165925977966:  Hold'em Limit ($3/$6 USD) - 2017/02/09 6:20:27 ET
Table 'Nyctimene' 6-max Seat #6 is the button
Seat 3: belik555 ($90 in chips)
Seat 6: cola26licht ($22.83 in chips)
cola26licht: posts small blind $1
belik555: posts big blind $3
*** HOLE CARDS ***
cola26licht: raises $3 to $6
belik555: folds
Uncalled bet ($3) returned to cola26licht
cola26licht collected $6 from pot
cola26licht: doesn't show hand
*** SUMMARY ***
Total pot $6 | Rake $0
Seat 3: belik555 (big blind) folded before Flop
Seat 6: cola26licht (button) (small blind) collected ($6)


PokerStars Hand #165925982788:  Hold'em Limit ($3/$6 USD) - 2017/02/09 6:20:37 ET
Table 'Nyctimene' 6-max Seat #3 is the button
Seat 3: belik555 ($90 in chips)
Seat 6: cola26licht ($25.83 in chips)
belik555: posts small blind $1
cola26licht: posts big blind $3
*** HOLE CARDS ***
belik555: raises $3 to $6
cola26licht: calls $3
*** FLOP *** [8s 5h 8c]
cola26licht: checks
belik555: checks
*** TURN *** [8s 5h 8c] [6d]
cola26licht: checks
belik555: bets $6
cola26licht: folds
Uncalled bet ($6) returned to belik555
belik555 collected $11.76 from pot
belik555: doesn't show hand
*** SUMMARY ***
Total pot $12 | Rake $0.24
Board [8s 5h 8c 6d]
Seat 3: belik555 (button) (small blind) collected ($11.76)
Seat 6: cola26licht (big blind) folded on the Turn


PokerStars Hand #165925991468:  Hold'em Limit ($3/$6 USD) - 2017/02/09 6:20:54 ET
Table 'Nyctimene' 6-max Seat #6 is the button
Seat 3: belik555 ($95.76 in chips)
Seat 6: cola26licht ($19.83 in chips)
cola26licht: posts small blind $1
belik555: posts big blind $3
*** HOLE CARDS ***
cola26licht: raises $3 to $6
belik555: calls $3
*** FLOP *** [6s 3c 7c]
belik555: bets $3
cola26licht: calls $3
*** TURN *** [6s 3c 7c] [Tc]
sim5sim5 joins the table at seat #4
belik555: bets $6
cola26licht: calls $6
*** RIVER *** [6s 3c 7c Tc] [8d]
belik555: bets $6
cola26licht: folds
Uncalled bet ($6) returned to belik555
belik555 collected $29.50 from pot
belik555: doesn't show hand
*** SUMMARY ***
Total pot $30 | Rake $0.50
Board [6s 3c 7c Tc 8d]
Seat 3: belik555 (big blind) collected ($29.50)
Seat 6: cola26licht (button) (small blind) folded on the River


PokerStars Hand #165926138414:  Hold'em Limit ($3/$6 USD) - 2017/02/09 6:25:49 ET
Table 'Nyctimene' 6-max Seat #6 is the button
Seat 4: sim5sim5 ($120.28 in chips)
Seat 6: belik555 ($90 in chips)
belik555: posts small blind $1
sim5sim5: posts big blind $3
*** HOLE CARDS ***
belik555: raises $3 to $6
sim5sim5: raises $3 to $9
belik555: calls $3
*** FLOP *** [4s 8c 7d]
sim5sim5: bets $3
belik555: calls $3
*** TURN *** [4s 8c 7d] [6h]
sim5sim5: bets $6
belik555: calls $6
*** RIVER *** [4s 8c 7d 6h] [Ks]
sim5sim5: bets $6
belik555: raises $6 to $12
sim5sim5: calls $6
*** SHOW DOWN ***
belik555: shows [9h Kd] (a pair of Kings)
sim5sim5: mucks hand
belik555 collected $59.50 from pot
*** SUMMARY ***
Total pot $60 | Rake $0.50
Board [4s 8c 7d 6h Ks]
Seat 4: sim5sim5 (big blind) mucked
Seat 6: belik555 (button) (small blind) showed [9h Kd] and won ($59.50) with a pair of Kings


PokerStars Hand #165926167325:  Hold'em Limit ($3/$6 USD) - 2017/02/09 6:26:47 ET
Table 'Nyctimene' 6-max Seat #4 is the button
Seat 4: sim5sim5 ($90.28 in chips)
Seat 5: nordschrott ($63.54 in chips)
sim5sim5: posts small blind $1
nordschrott: posts big blind $3
*** HOLE CARDS ***
sim5sim5: raises $3 to $6
nordschrott: calls $3
*** FLOP *** [Ah Js Ad]
nordschrott: checks
sim5sim5: bets $3
nordschrott: folds
Uncalled bet ($3) returned to sim5sim5
sim5sim5 collected $11.76 from pot
sim5sim5: doesn't show hand
*** SUMMARY ***
Total pot $12 | Rake $0.24
Board [Ah Js Ad]
Seat 4: sim5sim5 (button) (small blind) collected ($11.76)
Seat 5: nordschrott (big blind) folded on the Flop


PokerStars Hand #165928387553:  Hold'em Limit ($3/$6 USD) - 2017/02/09 7:37:31 ET
Table 'Nyctimene' 6-max Seat #6 is the button
Seat 2: pixifloss ($268.35 in chips)
Seat 6: belik555 ($209.71 in chips)
belik555: posts small blind $1
pixifloss: posts big blind $3
*** HOLE CARDS ***
belik555: folds
Uncalled bet ($2) returned to pixifloss
pixifloss collected $2 from pot
*** SUMMARY ***
Total pot $2 | Rake $0
Seat 2: pixifloss (big blind) collected ($2)
Seat 6: belik555 (button) (small blind) folded before Flop


PokerStars Hand #165928382765:  Hold'em Limit ($3/$6 USD) - 2017/02/09 7:37:22 ET
Table 'Nyctimene' 6-max Seat #2 is the button
Seat 2: pixifloss ($269.35 in chips)
Seat 6: belik555 ($208.71 in chips)
pixifloss: posts small blind $1
beng_51: is sitting out
belik555: posts big blind $3
*** HOLE CARDS ***
beng_51 leaves the table
pixifloss: folds
Uncalled bet ($2) returned to belik555
belik555 collected $2 from pot
*** SUMMARY ***
Total pot $2 | Rake $0
Seat 2: pixifloss (button) (small blind) folded before Flop
Seat 6: belik555 (big blind) collected ($2)


PokerStars Hand #165928390680:  Hold'em Limit ($3/$6 USD) - 2017/02/09 7:37:36 ET
Table 'Nyctimene' 6-max Seat #2 is the button
Seat 2: pixifloss ($269.35 in chips)
Seat 6: belik555 ($208.71 in chips)
pixifloss: posts small blind $1
belik555: posts big blind $3
*** HOLE CARDS ***
pixifloss: raises $3 to $6
belik555: raises $3 to $9
pixifloss: calls $3
*** FLOP *** [4h Kd Jc]
belik555: bets $3
pixifloss: calls $3
*** TURN *** [4h Kd Jc] [6s]
belik555: bets $6
pixifloss: raises $6 to $12
belik555: raises $6 to $18
pixifloss: raises $6 to $24
Betting is capped
belik555: calls $6
*** RIVER *** [4h Kd Jc 6s] [9c]
belik555: checks
pixifloss: bets $6
belik555: raises $6 to $12
pixifloss: folds
Uncalled bet ($6) returned to belik555
belik555 collected $83.50 from pot
belik555: doesn't show hand
*** SUMMARY ***
Total pot $84 | Rake $0.50
Board [4h Kd Jc 6s 9c]
Seat 2: pixifloss (button) (small blind) folded on the River
Seat 6: belik555 (big blind) collected ($83.50)


PokerStars Hand #165928431201:  Hold'em Limit ($3/$6 USD) - 2017/02/09 7:38:51 ET
Table 'Nyctimene' 6-max Seat #6 is the button
Seat 2: pixifloss ($227.35 in chips)
Seat 6: belik555 ($250.21 in chips)
belik555: posts small blind $1
pixifloss: posts big blind $3
*** HOLE CARDS ***
belik555: raises $3 to $6
pixifloss: folds
Uncalled bet ($3) returned to belik555
belik555 collected $6 from pot
belik555: doesn't show hand
*** SUMMARY ***
Total pot $6 | Rake $0
Seat 2: pixifloss (big blind) folded before Flop
Seat 6: belik555 (button) (small blind) collected ($6)


PokerStars Hand #165928448030:  Hold'em Limit ($3/$6 USD) - 2017/02/09 7:39:22 ET
Table 'Nyctimene' 6-max Seat #6 is the button
Seat 2: pixifloss ($223.35 in chips)
Seat 6: belik555 ($254.21 in chips)
belik555: posts small blind $1
pixifloss: posts big blind $3
*** HOLE CARDS ***
belik555: raises $3 to $6
pixifloss: raises $3 to $9
belik555: calls $3
*** FLOP *** [Jc 5c Ts]
pixifloss: bets $3
belik555: calls $3
*** TURN *** [Jc 5c Ts] [8d]
pixifloss: bets $6
belik555: calls $6
*** RIVER *** [Jc 5c Ts 8d] [Td]
pixifloss: bets $6
belik555: calls $6
*** SHOW DOWN ***
pixifloss: shows [9s As] (a pair of Tens)
belik555: shows [Ad 9d] (a pair of Tens)
pixifloss collected $23.75 from pot
belik555 collected $23.75 from pot
*** SUMMARY ***
Total pot $48 | Rake $0.50
Board [Jc 5c Ts 8d Td]
Seat 2: pixifloss (big blind) showed [9s As] and won ($23.75) with a pair of Tens
Seat 6: belik555 (button) (small blind) showed [Ad 9d] and won ($23.75) with a pair of Tens


PokerStars Hand #165928473870:  Hold'em Limit ($3/$6 USD) - 2017/02/09 7:40:10 ET
Table 'Nyctimene' 6-max Seat #2 is the button
Seat 2: pixifloss ($223.10 in chips)
Seat 6: belik555 ($253.96 in chips)
pixifloss: posts small blind $1
belik555: posts big blind $3
*** HOLE CARDS ***
pixifloss: raises $3 to $6
belik555: calls $3
*** FLOP *** [2h 5c 3c]
belik555: bets $3
pixifloss: raises $3 to $6
belik555: raises $3 to $9
pixifloss: raises $3 to $12
Betting is capped
belik555: calls $3
*** TURN *** [2h 5c 3c] [8s]
belik555: checks
pixifloss: bets $6
belik555: calls $6
*** RIVER *** [2h 5c 3c 8s] [6s]
belik555: checks
pixifloss: bets $6
belik555: calls $6
*** SHOW DOWN ***
pixifloss: shows [7d 4d] (a straight, Four to Eight)
belik555: mucks hand
pixifloss collected $59.50 from pot
*** SUMMARY ***
Total pot $60 | Rake $0.50
Board [2h 5c 3c 8s 6s]
Seat 2: pixifloss (button) (small blind) showed [7d 4d] and won ($59.50) with a straight, Four to Eight
Seat 6: belik555 (big blind) mucked


PokerStars Hand #165928511110:  Hold'em Limit ($3/$6 USD) - 2017/02/09 7:41:19 ET
Table 'Nyctimene' 6-max Seat #6 is the button
Seat 2: pixifloss ($252.60 in chips)
Seat 6: belik555 ($223.96 in chips)
belik555: posts small blind $1
pixifloss: posts big blind $3
*** HOLE CARDS ***
belik555: raises $3 to $6
pixifloss: raises $3 to $9
belik555: calls $3
*** FLOP *** [2h 5d Ah]
pixifloss: bets $3
belik555: calls $3
*** TURN *** [2h 5d Ah] [Ks]
pixifloss: bets $6
belik555: folds
Uncalled bet ($6) returned to pixifloss
pixifloss collected $23.52 from pot
*** SUMMARY ***
Total pot $24 | Rake $0.48
Board [2h 5d Ah Ks]
Seat 2: pixifloss (big blind) collected ($23.52)
Seat 6: belik555 (button) (small blind) folded on the Turn


PokerStars Hand #165928546554:  Hold'em Limit ($3/$6 USD) - 2017/02/09 7:42:24 ET
Table 'Nyctimene' 6-max Seat #6 is the button
Seat 2: pixifloss ($237.12 in chips)
Seat 6: belik555 ($238.46 in chips)
belik555: posts small blind $1
pixifloss: posts big blind $3
*** HOLE CARDS ***
belik555: raises $3 to $6
pixifloss: calls $3
*** FLOP *** [Ts 3c Ad]
pixifloss: checks
belik555: checks
*** TURN *** [Ts 3c Ad] [5d]
pixifloss: checks
belik555: bets $6
pixifloss: folds
Uncalled bet ($6) returned to belik555
belik555 collected $11.76 from pot
belik555: doesn't show hand
*** SUMMARY ***
Total pot $12 | Rake $0.24
Board [Ts 3c Ad 5d]
Seat 2: pixifloss (big blind) folded on the Turn
Seat 6: belik555 (button) (small blind) collected ($11.76)


PokerStars Hand #165928527536:  Hold'em Limit ($3/$6 USD) - 2017/02/09 7:41:49 ET
Table 'Nyctimene' 6-max Seat #2 is the button
Seat 2: pixifloss ($264.12 in chips)
Seat 6: belik555 ($211.96 in chips)
pixifloss: posts small blind $1
belik555: posts big blind $3
*** HOLE CARDS ***
pixifloss: raises $3 to $6
belik555: calls $3
*** FLOP *** [6s 4s 4d]
belik555: checks
pixifloss: bets $3
belik555: raises $3 to $6
pixifloss: raises $3 to $9
belik555: calls $3
*** TURN *** [6s 4s 4d] [3s]
belik555: checks
pixifloss: checks
*** RIVER *** [6s 4s 4d 3s] [8s]
belik555: bets $6
pixifloss: raises $6 to $12
belik555: calls $6
*** SHOW DOWN ***
pixifloss: shows [Ac 7d] (a pair of Fours)
belik555: shows [6h 5s] (a flush, Eight high)
belik555 collected $53.50 from pot
*** SUMMARY ***
Total pot $54 | Rake $0.50
Board [6s 4s 4d 3s 8s]
Seat 2: pixifloss (button) (small blind) showed [Ac 7d] and lost with a pair of Fours
Seat 6: belik555 (big blind) showed [6h 5s] and won ($53.50) with a flush, Eight high


PokerStars Hand #165928564295:  Hold'em Limit ($3/$6 USD) - 2017/02/09 7:42:57 ET
Table 'Nyctimene' 6-max Seat #2 is the button
Seat 2: pixifloss ($231.12 in chips)
Seat 6: belik555 ($244.22 in chips)
pixifloss: posts small blind $1
belik555: posts big blind $3
*** HOLE CARDS ***
pixifloss: raises $3 to $6
belik555: raises $3 to $9
pixifloss: calls $3
*** FLOP *** [Ts Tc 5h]
belik555: bets $3
pixifloss: calls $3
*** TURN *** [Ts Tc 5h] [Jc]
belik555: bets $6
pixifloss: calls $6
*** RIVER *** [Ts Tc 5h Jc] [7d]
belik555: bets $6
pixifloss: calls $6
*** SHOW DOWN ***
belik555: shows [Jd Ad] (two pair, Jacks and Tens)
pixifloss: mucks hand
belik555 collected $47.50 from pot
*** SUMMARY ***
Total pot $48 | Rake $0.50
Board [Ts Tc 5h Jc 7d]
Seat 2: pixifloss (button) (small blind) mucked
Seat 6: belik555 (big blind) showed [Jd Ad] and won ($47.50) with two pair, Jacks and Tens


PokerStars Hand #165928604063:  Hold'em Limit ($3/$6 USD) - 2017/02/09 7:44:11 ET
Table 'Nyctimene' 6-max Seat #2 is the button
Seat 2: pixifloss ($206.87 in chips)
Seat 6: belik555 ($267.47 in chips)
pixifloss: posts small blind $1
belik555: posts big blind $3
*** HOLE CARDS ***
pixifloss: raises $3 to $6
belik555: raises $3 to $9
pixifloss: calls $3
*** FLOP *** [Ad Qh 3s]
belik555: bets $3
pixifloss: folds
Uncalled bet ($3) returned to belik555
belik555 collected $17.64 from pot
belik555: doesn't show hand
*** SUMMARY ***
Total pot $18 | Rake $0.36
Board [Ad Qh 3s]
Seat 2: pixifloss (button) (small blind) folded on the Flop
Seat 6: belik555 (big blind) collected ($17.64)


PokerStars Hand #165928581262:  Hold'em Limit ($3/$6 USD) - 2017/02/09 7:43:29 ET
Table 'Nyctimene' 6-max Seat #6 is the button
Seat 2: pixifloss ($207.12 in chips)
Seat 6: belik555 ($267.72 in chips)
belik555: posts small blind $1
pixifloss: posts big blind $3
*** HOLE CARDS ***
belik555: raises $3 to $6
pixifloss: raises $3 to $9
belik555: calls $3
*** FLOP *** [Tc 9c Kh]
pixifloss: bets $3
belik555: raises $3 to $6
pixifloss: raises $3 to $9
belik555: calls $3
*** TURN *** [Tc 9c Kh] [Js]
pixifloss: checks
belik555: checks
*** RIVER *** [Tc 9c Kh Js] [Qd]
pixifloss: bets $6
belik555: calls $6
*** SHOW DOWN ***
pixifloss: shows [3s Qs] (a straight, Nine to King)
belik555: shows [Kc 2c] (a straight, Nine to King)
pixifloss collected $23.75 from pot
belik555 collected $23.75 from pot
*** SUMMARY ***
Total pot $48 | Rake $0.50
Board [Tc 9c Kh Js Qd]
Seat 2: pixifloss (big blind) showed [3s Qs] and won ($23.75) with a straight, Nine to King
Seat 6: belik555 (button) (small blind) showed [Kc 2c] and won ($23.75) with a straight, Nine to King


PokerStars Hand #165928631813:  Hold'em Limit ($3/$6 USD) - 2017/02/09 7:45:02 ET
Table 'Nyctimene' 6-max Seat #2 is the button
Seat 2: pixifloss ($209.39 in chips)
Seat 6: belik555 ($264.11 in chips)
pixifloss: posts small blind $1
belik555: posts big blind $3
*** HOLE CARDS ***
pixifloss: raises $3 to $6
belik555: folds
Uncalled bet ($3) returned to pixifloss
pixifloss collected $6 from pot
*** SUMMARY ***
Total pot $6 | Rake $0
Seat 2: pixifloss (button) (small blind) collected ($6)
Seat 6: belik555 (big blind) folded before Flop


PokerStars Hand #165928617170:  Hold'em Limit ($3/$6 USD) - 2017/02/09 7:44:35 ET
Table 'Nyctimene' 6-max Seat #6 is the button
Seat 2: pixifloss ($197.87 in chips)
Seat 6: belik555 ($276.11 in chips)
belik555: posts small blind $1
pixifloss: posts big blind $3
*** HOLE CARDS ***
belik555: raises $3 to $6
pixifloss: calls $3
*** FLOP *** [9h 6d Qc]
pixifloss: checks
belik555: bets $3
pixifloss: raises $3 to $6
belik555: calls $3
*** TURN *** [9h 6d Qc] [Jh]
pixifloss: bets $6
belik555: folds
Uncalled bet ($6) returned to pixifloss
pixifloss collected $23.52 from pot
*** SUMMARY ***
Total pot $24 | Rake $0.48
Board [9h 6d Qc Jh]
Seat 2: pixifloss (big blind) collected ($23.52)
Seat 6: belik555 (button) (small blind) folded on the Turn


PokerStars Hand #165928635597:  Hold'em Limit ($3/$6 USD) - 2017/02/09 7:45:09 ET
Table 'Nyctimene' 6-max Seat #6 is the button
Seat 2: pixifloss ($212.39 in chips)
Seat 6: belik555 ($261.11 in chips)
belik555: posts small blind $1
pixifloss: posts big blind $3
*** HOLE CARDS ***
belik555: raises $3 to $6
pixifloss: raises $3 to $9
belik555: calls $3
*** FLOP *** [8h 7h 6c]
pixifloss: bets $3
belik555: calls $3
*** TURN *** [8h 7h 6c] [6d]
pixifloss: bets $6
belik555: calls $6
*** RIVER *** [8h 7h 6c 6d] [6h]
pixifloss: bets $6
belik555: folds
Uncalled bet ($6) returned to pixifloss
pixifloss collected $35.50 from pot
*** SUMMARY ***
Total pot $36 | Rake $0.50
Board [8h 7h 6c 6d 6h]
Seat 2: pixifloss (big blind) collected ($35.50)
Seat 6: belik555 (button) (small blind) folded on the River


PokerStars Hand #165928660458:  Hold'em Limit ($3/$6 USD) - 2017/02/09 7:45:55 ET
Table 'Nyctimene' 6-max Seat #2 is the button
Seat 2: pixifloss ($229.89 in chips)
Seat 6: belik555 ($243.11 in chips)
pixifloss: posts small blind $1
belik555: posts big blind $3
*** HOLE CARDS ***
pixifloss: raises $3 to $6
belik555: calls $3
*** FLOP *** [2d 7s 9s]
belik555: checks
pixifloss: bets $3
belik555: folds
Uncalled bet ($3) returned to pixifloss
pixifloss collected $11.76 from pot
*** SUMMARY ***
Total pot $12 | Rake $0.24
Board [2d 7s 9s]
Seat 2: pixifloss (button) (small blind) collected ($11.76)
Seat 6: belik555 (big blind) folded on the Flop


PokerStars Hand #165928700452:  Hold'em Limit ($3/$6 USD) - 2017/02/09 7:47:10 ET
Table 'Nyctimene' 6-max Seat #2 is the button
Seat 2: pixifloss ($226.65 in chips)
Seat 6: belik555 ($245.75 in chips)
pixifloss: posts small blind $1
belik555: posts big blind $3
*** HOLE CARDS ***
pixifloss: raises $3 to $6
belik555: calls $3
*** FLOP *** [6d 4s Kh]
belik555: checks
pixifloss: bets $3
belik555: calls $3
*** TURN *** [6d 4s Kh] [5c]
belik555: checks
pixifloss: bets $6
belik555: calls $6
*** RIVER *** [6d 4s Kh 5c] [7s]
belik555: checks
pixifloss: checks
*** SHOW DOWN ***
belik555: shows [Ts 7h] (a pair of Sevens)
pixifloss: shows [Kd 6c] (two pair, Kings and Sixes)
pixifloss collected $29.50 from pot
*** SUMMARY ***
Total pot $30 | Rake $0.50
Board [6d 4s Kh 5c 7s]
Seat 2: pixifloss (button) (small blind) showed [Kd 6c] and won ($29.50) with two pair, Kings and Sixes
Seat 6: belik555 (big blind) showed [Ts 7h] and lost with a pair of Sevens


PokerStars Hand #165928731344:  Hold'em Limit ($3/$6 USD) - 2017/02/09 7:48:07 ET
Table 'Nyctimene' 6-max Seat #2 is the button
Seat 2: pixifloss ($246.91 in chips)
Seat 6: belik555 ($224.75 in chips)
pixifloss: posts small blind $1
belik555: posts big blind $3
*** HOLE CARDS ***
pixifloss: raises $3 to $6
belik555: calls $3
*** FLOP *** [4c Qc 7h]
belik555: checks
pixifloss: bets $3
belik555: calls $3
*** TURN *** [4c Qc 7h] [7c]
belik555: checks
pixifloss: bets $6
belik555: calls $6
*** RIVER *** [4c Qc 7h 7c] [Kh]
belik555: checks
pixifloss: checks
*** SHOW DOWN ***
belik555: shows [8c Js] (a pair of Sevens)
pixifloss: shows [6c 4d] (two pair, Sevens and Fours)
pixifloss collected $29.50 from pot
*** SUMMARY ***
Total pot $30 | Rake $0.50
Board [4c Qc 7h 7c Kh]
Seat 2: pixifloss (button) (small blind) showed [6c 4d] and won ($29.50) with two pair, Sevens and Fours
Seat 6: belik555 (big blind) showed [8c Js] and lost with a pair of Sevens


PokerStars Hand #165928720817:  Hold'em Limit ($3/$6 USD) - 2017/02/09 7:47:48 ET
Table 'Nyctimene' 6-max Seat #6 is the button
Seat 2: pixifloss ($241.15 in chips)
Seat 6: belik555 ($230.75 in chips)
belik555: posts small blind $1
pixifloss: posts big blind $3
*** HOLE CARDS ***
belik555: raises $3 to $6
pixifloss: calls $3
*** FLOP *** [9s 3c Qd]
pixifloss: bets $3
belik555: folds
Uncalled bet ($3) returned to pixifloss
pixifloss collected $11.76 from pot
*** SUMMARY ***
Total pot $12 | Rake $0.24
Board [9s 3c Qd]
Seat 2: pixifloss (big blind) collected ($11.76)
Seat 6: belik555 (button) (small blind) folded on the Flop


PokerStars Hand #165928747537:  Hold'em Limit ($3/$6 USD) - 2017/02/09 7:48:37 ET
Table 'Nyctimene' 6-max Seat #6 is the button
Seat 2: pixifloss ($261.41 in chips)
Seat 6: belik555 ($209.75 in chips)
belik555: posts small blind $1
pixifloss: posts big blind $3
*** HOLE CARDS ***
belik555: raises $3 to $6
pixifloss: raises $3 to $9
belik555: calls $3
*** FLOP *** [7c 4d 9h]
pixifloss: bets $3
belik555: calls $3
*** TURN *** [7c 4d 9h] [Jh]
pixifloss: bets $6
belik555: calls $6
*** RIVER *** [7c 4d 9h Jh] [Qd]
pixifloss: checks
belik555: bets $6
pixifloss: calls $6
*** SHOW DOWN ***
belik555: shows [7h Qh] (two pair, Queens and Sevens)
pixifloss: mucks hand
belik555 collected $47.50 from pot
*** SUMMARY ***
Total pot $48 | Rake $0.50
Board [7c 4d 9h Jh Qd]
Seat 2: pixifloss (big blind) mucked
Seat 6: belik555 (button) (small blind) showed [7h Qh] and won ($47.50) with two pair, Queens and Sevens


PokerStars Hand #165928769264:  Hold'em Limit ($3/$6 USD) - 2017/02/09 7:49:17 ET
Table 'Nyctimene' 6-max Seat #2 is the button
Seat 2: pixifloss ($237.41 in chips)
Seat 6: belik555 ($233.25 in chips)
pixifloss: posts small blind $1
belik555: posts big blind $3
*** HOLE CARDS ***
pixifloss: raises $3 to $6
belik555: calls $3
*** FLOP *** [Js 5c 8c]
belik555: checks
pixifloss: bets $3
belik555: calls $3
*** TURN *** [Js 5c 8c] [Qd]
belik555: bets $6
pixifloss: calls $6
*** RIVER *** [Js 5c 8c Qd] [3h]
belik555: bets $6
pixifloss: calls $6
*** SHOW DOWN ***
belik555: shows [9d Tc] (a straight, Eight to Queen)
pixifloss: mucks hand
belik555 collected $41.50 from pot
*** SUMMARY ***
Total pot $42 | Rake $0.50
Board [Js 5c 8c Qd 3h]
Seat 2: pixifloss (button) (small blind) mucked
Seat 6: belik555 (big blind) showed [9d Tc] and won ($41.50) with a straight, Eight to Queen


PokerStars Hand #165928797426:  Hold'em Limit ($3/$6 USD) - 2017/02/09 7:50:09 ET
Table 'Nyctimene' 6-max Seat #6 is the button
Seat 2: pixifloss ($216.41 in chips)
Seat 6: belik555 ($253.75 in chips)
belik555: posts small blind $1
pixifloss: posts big blind $3
*** HOLE CARDS ***
belik555: raises $3 to $6
pixifloss: folds
Uncalled bet ($3) returned to belik555
belik555 collected $6 from pot
belik555: doesn't show hand
*** SUMMARY ***
Total pot $6 | Rake $0
Seat 2: pixifloss (big blind) folded before Flop
Seat 6: belik555 (button) (small blind) collected ($6)


PokerStars Hand #165928804574:  Hold'em Limit ($3/$6 USD) - 2017/02/09 7:50:22 ET
Table 'Nyctimene' 6-max Seat #2 is the button
Seat 2: pixifloss ($213.41 in chips)
Seat 6: belik555 ($256.75 in chips)
pixifloss: posts small blind $1
belik555: posts big blind $3
*** HOLE CARDS ***
pixifloss: raises $3 to $6
belik555: calls $3
*** FLOP *** [8s Kh Ks]
belik555: checks
pixifloss: bets $3
belik555: raises $3 to $6
pixifloss: raises $3 to $9
belik555: calls $3
*** TURN *** [8s Kh Ks] [4c]
belik555: checks
pixifloss: checks
*** RIVER *** [8s Kh Ks 4c] [5h]
belik555: bets $6
pixifloss: calls $6
*** SHOW DOWN ***
belik555: shows [9h 8c] (two pair, Kings and Eights)
pixifloss: mucks hand
belik555 collected $41.50 from pot
*** SUMMARY ***
Total pot $42 | Rake $0.50
Board [8s Kh Ks 4c 5h]
Seat 2: pixifloss (button) (small blind) mucked
Seat 6: belik555 (big blind) showed [9h 8c] and won ($41.50) with two pair, Kings and Eights


PokerStars Hand #165928819440:  Hold'em Limit ($3/$6 USD) - 2017/02/09 7:50:50 ET
Table 'Nyctimene' 6-max Seat #6 is the button
Seat 2: pixifloss ($192.41 in chips)
Seat 6: belik555 ($277.25 in chips)
belik555: posts small blind $1
pixifloss: posts big blind $3
*** HOLE CARDS ***
belik555: raises $3 to $6
pixifloss: raises $3 to $9
beng_51 joins the table at seat #3
belik555: calls $3
*** FLOP *** [4h 7d Js]
pixifloss: bets $3
belik555: calls $3
*** TURN *** [4h 7d Js] [9h]
pixifloss: bets $6
belik555: calls $6
*** RIVER *** [4h 7d Js 9h] [3c]
pixifloss: bets $6
belik555: calls $6
*** SHOW DOWN ***
pixifloss: shows [9d 9s] (three of a kind, Nines)
belik555: mucks hand
pixifloss collected $47.50 from pot
*** SUMMARY ***
Total pot $48 | Rake $0.50
Board [4h 7d Js 9h 3c]
Seat 2: pixifloss (big blind) showed [9d 9s] and won ($47.50) with three of a kind, Nines
Seat 6: belik555 (button) (small blind) mucked


PokerStars Hand #165930056885:  Hold'em Limit ($3/$6 USD) - 2017/02/09 8:27:27 ET
Table 'Nyctimene' 6-max Seat #3 is the button
Seat 3: TbIP-TbIP 88 ($81.43 in chips)
Seat 5: Rus29APX ($121.85 in chips)
Bueffel will be allowed to play after the button
TbIP-TbIP 88: posts small blind $1
Rus29APX: posts big blind $3
*** HOLE CARDS ***
TbIP-TbIP 88: raises $3 to $6
Rus29APX: calls $3
*** FLOP *** [8c 6h 9s]
Rus29APX: checks
TbIP-TbIP 88: bets $3
Rus29APX: calls $3
*** TURN *** [8c 6h 9s] [Ah]
Rus29APX: checks
TbIP-TbIP 88: bets $6
Rus29APX: raises $6 to $12
TbIP-TbIP 88: calls $6
*** RIVER *** [8c 6h 9s Ah] [3c]
Rus29APX: bets $6
TbIP-TbIP 88: folds
Uncalled bet ($6) returned to Rus29APX
Rus29APX collected $41.50 from pot
Rus29APX: doesn't show hand
*** SUMMARY ***
Total pot $42 | Rake $0.50
Board [8c 6h 9s Ah 3c]
Seat 3: TbIP-TbIP 88 (button) (small blind) folded on the River
Seat 5: Rus29APX (big blind) collected ($41.50)


PokerStars Hand #165930490472:  Hold'em Limit ($3/$6 USD) - 2017/02/09 8:39:30 ET
Table 'Nyctimene' 6-max Seat #4 is the button
Seat 4: millchar ($74.80 in chips)
Seat 5: Rus29APX ($175.32 in chips)
millchar: posts small blind $1
Rus29APX: posts big blind $3
*** HOLE CARDS ***
millchar: folds
Uncalled bet ($2) returned to Rus29APX
Rus29APX collected $2 from pot
Rus29APX: doesn't show hand
*** SUMMARY ***
Total pot $2 | Rake $0
Seat 4: millchar (button) (small blind) folded before Flop
Seat 5: Rus29APX (big blind) collected ($2)


PokerStars Hand #165930452913:  Hold'em Limit ($3/$6 USD) - 2017/02/09 8:38:28 ET
Table 'Nyctimene' 6-max Seat #5 is the button
Seat 4: millchar ($98.80 in chips)
Seat 5: Rus29APX ($151.82 in chips)
Rus29APX: posts small blind $1
belik555: is sitting out
ABATAPP: is sitting out
TbIP-TbIP 88: is sitting out
millchar: posts big blind $3
*** HOLE CARDS ***
TbIP-TbIP 88 leaves the table
ABATAPP leaves the table
Rus29APX: raises $3 to $6
millchar: calls $3
*** FLOP *** [3c Ts 6d]
fender676 joins the table at seat #1
millchar: checks
belik555 leaves the table
belik555 joins the table at seat #2
Rus29APX: bets $3
millchar: raises $3 to $6
Rus29APX: calls $3
*** TURN *** [3c Ts 6d] [Qs]
millchar: bets $6
Rus29APX: raises $6 to $12
millchar: calls $6
*** RIVER *** [3c Ts 6d Qs] [4s]
millchar: checks
Rus29APX: bets $6
millchar: folds
Uncalled bet ($6) returned to Rus29APX
Rus29APX collected $47.50 from pot
Rus29APX: doesn't show hand
*** SUMMARY ***
Total pot $48 | Rake $0.50
Board [3c Ts 6d Qs 4s]
Seat 4: millchar (big blind) folded on the River
Seat 5: Rus29APX (button) (small blind) collected ($47.50)


PokerStars Hand #165932359711:  Hold'em Limit ($3/$6 USD) - 2017/02/09 9:29:59 ET
Table 'Nyctimene' 6-max Seat #3 is the button
Seat 1: TbIP-TbIP 88 ($72 in chips)
Seat 3: TinaTurner72 ($121.64 in chips)
TinaTurner72: posts small blind $1
TbIP-TbIP 88: posts big blind $3
*** HOLE CARDS ***
Bueffel leaves the table
TinaTurner72: raises $3 to $6
TbIP-TbIP 88: folds
Uncalled bet ($3) returned to TinaTurner72
TinaTurner72 collected $6 from pot
TinaTurner72: doesn't show hand
*** SUMMARY ***
Total pot $6 | Rake $0
Seat 1: TbIP-TbIP 88 (big blind) folded before Flop
Seat 3: TinaTurner72 (button) (small blind) collected ($6)


