PokerStars Hand #150589719481:  Hold'em Limit ($3/$6 USD) - 2016/03/19 10:05:32 ET
Table 'Nyctimene' 10-max Seat #6 is the button
Seat 5: Helseløs ($199.26 in chips)
Seat 6: SmellyToes4u ($56 in chips)
SmellyToes4u: posts small blind $1
Helseløs: posts big blind $3
*** HOLE CARDS ***
SmellyToes4u: raises $3 to $6
Helseløs: calls $3
*** FLOP *** [4c 5c 4s]
Helseløs: checks
SmellyToes4u: bets $3
Helseløs: calls $3
*** TURN *** [4c 5c 4s] [5d]
Helseløs: checks
SmellyToes4u: bets $6
Helseløs: calls $6
*** RIVER *** [4c 5c 4s 5d] [7h]
Helseløs: checks
SmellyToes4u: bets $6
Helseløs: calls $6
*** SHOW DOWN ***
SmellyToes4u: shows [6c 7s] (two pair, Sevens and Fives)
Helseløs: mucks hand
SmellyToes4u collected $41.50 from pot
*** SUMMARY ***
Total pot $42 | Rake $0.50
Board [4c 5c 4s 5d 7h]
Seat 5: Helseløs (big blind) mucked
Seat 6: SmellyToes4u (button) (small blind) showed [6c 7s] and won ($41.50) with two pair, Sevens and Fives


PokerStars Hand #150589707420:  Hold'em Limit ($3/$6 USD) - 2016/03/19 10:05:15 ET
Table 'Nyctimene' 10-max Seat #5 is the button
Seat 5: Helseløs ($181.76 in chips)
Seat 6: SmellyToes4u ($56 in chips)
Helseløs: posts small blind $1
SmellyToes4u: posts big blind $3
*** HOLE CARDS ***
Helseløs: raises $3 to $6
SmellyToes4u: raises $3 to $9
Helseløs: calls $3
*** FLOP *** [5d 4d Jd]
SmellyToes4u: bets $3
Helseløs: calls $3
*** TURN *** [5d 4d Jd] [4s]
SmellyToes4u: bets $6
Helseløs: raises $6 to $12
SmellyToes4u: folds
Uncalled bet ($6) returned to Helseløs
Helseløs collected $35.50 from pot
Helseløs: shows [Ac Js] (two pair, Jacks and Fours)
*** SUMMARY ***
Total pot $36 | Rake $0.50
Board [5d 4d Jd 4s]
Seat 5: Helseløs (button) (small blind) collected ($35.50)
Seat 6: SmellyToes4u (big blind) folded on the Turn


PokerStars Hand #150589696086:  Hold'em Limit ($3/$6 USD) - 2016/03/19 10:04:59 ET
Table 'Nyctimene' 10-max Seat #6 is the button
Seat 5: Helseløs ($167.26 in chips)
Seat 6: SmellyToes4u ($57 in chips)
SmellyToes4u: posts small blind $1
Helseløs: posts big blind $3
*** HOLE CARDS ***
SmellyToes4u: raises $3 to $6
Helseløs: calls $3
*** FLOP *** [Kd 6c Jh]
Helseløs: checks
SmellyToes4u: bets $3
Helseløs: calls $3
*** TURN *** [Kd 6c Jh] [Kc]
Helseløs: checks
SmellyToes4u: bets $6
Helseløs: raises $6 to $12
SmellyToes4u: folds
Uncalled bet ($6) returned to Helseløs
Helseløs collected $29.50 from pot
*** SUMMARY ***
Total pot $30 | Rake $0.50
Board [Kd 6c Jh Kc]
Seat 5: Helseløs (big blind) collected ($29.50)
Seat 6: SmellyToes4u (button) (small blind) folded on the Turn


PokerStars Hand #150589761512:  Hold'em Limit ($3/$6 USD) - 2016/03/19 10:06:30 ET
Table 'Nyctimene' 10-max Seat #6 is the button
Seat 5: Helseløs ($158.26 in chips)
Seat 6: SmellyToes4u ($95.76 in chips)
SmellyToes4u: posts small blind $1
Helseløs: posts big blind $3
*** HOLE CARDS ***
SmellyToes4u: folds
Uncalled bet ($2) returned to Helseløs
Helseløs collected $2 from pot
*** SUMMARY ***
Total pot $2 | Rake $0
Seat 5: Helseløs (big blind) collected ($2)
Seat 6: SmellyToes4u (button) (small blind) folded before Flop


PokerStars Hand #150589751410:  Hold'em Limit ($3/$6 USD) - 2016/03/19 10:06:16 ET
Table 'Nyctimene' 10-max Seat #5 is the button
Seat 5: Helseløs ($164.26 in chips)
Seat 6: SmellyToes4u ($90 in chips)
Helseløs: posts small blind $1
SmellyToes4u: posts big blind $3
*** HOLE CARDS ***
Helseløs: raises $3 to $6
SmellyToes4u: calls $3
*** FLOP *** [Jc 5c Th]
SmellyToes4u: checks
Helseløs: checks
*** TURN *** [Jc 5c Th] [9c]
SmellyToes4u: bets $6
Helseløs: folds
Uncalled bet ($6) returned to SmellyToes4u
SmellyToes4u collected $11.76 from pot
SmellyToes4u: doesn't show hand
*** SUMMARY ***
Total pot $12 | Rake $0.24
Board [Jc 5c Th 9c]
Seat 5: Helseløs (button) (small blind) folded on the Turn
Seat 6: SmellyToes4u (big blind) collected ($11.76)


PokerStars Hand #150589748078:  Hold'em Limit ($3/$6 USD) - 2016/03/19 10:06:11 ET
Table 'Nyctimene' 10-max Seat #6 is the button
Seat 5: Helseløs ($163.26 in chips)
Seat 6: SmellyToes4u ($91 in chips)
SmellyToes4u: posts small blind $1
Helseløs: posts big blind $3
*** HOLE CARDS ***
SmellyToes4u: folds
Uncalled bet ($2) returned to Helseløs
Helseløs collected $2 from pot
*** SUMMARY ***
Total pot $2 | Rake $0
Seat 5: Helseløs (big blind) collected ($2)
Seat 6: SmellyToes4u (button) (small blind) folded before Flop


PokerStars Hand #150589734052:  Hold'em Limit ($3/$6 USD) - 2016/03/19 10:05:52 ET
Table 'Nyctimene' 10-max Seat #5 is the button
Seat 5: Helseløs ($178.26 in chips)
Seat 6: SmellyToes4u ($76.50 in chips)
Helseløs: posts small blind $1
SmellyToes4u: posts big blind $3
*** HOLE CARDS ***
Helseløs: raises $3 to $6
SmellyToes4u: calls $3
*** FLOP *** [9d Th 2d]
SmellyToes4u: checks
Helseløs: bets $3
SmellyToes4u: calls $3
*** TURN *** [9d Th 2d] [Qs]
SmellyToes4u: checks
Helseløs: bets $6
SmellyToes4u: calls $6
*** RIVER *** [9d Th 2d Qs] [Tc]
SmellyToes4u: checks
Helseløs: checks
*** SHOW DOWN ***
SmellyToes4u: shows [6h 9c] (two pair, Tens and Nines)
Helseløs: mucks hand
SmellyToes4u collected $29.50 from pot
*** SUMMARY ***
Total pot $30 | Rake $0.50
Board [9d Th 2d Qs Tc]
Seat 5: Helseløs (button) (small blind) mucked
Seat 6: SmellyToes4u (big blind) showed [6h 9c] and won ($29.50) with two pair, Tens and Nines


PokerStars Hand #150589800209:  Hold'em Limit ($3/$6 USD) - 2016/03/19 10:07:24 ET
Table 'Nyctimene' 10-max Seat #5 is the button
Seat 5: Helseløs ($156.02 in chips)
Seat 6: SmellyToes4u ($97.40 in chips)
Helseløs: posts small blind $1
SmellyToes4u: posts big blind $3
*** HOLE CARDS ***
Helseløs: folds
Uncalled bet ($2) returned to SmellyToes4u
SmellyToes4u collected $2 from pot
SmellyToes4u: doesn't show hand
*** SUMMARY ***
Total pot $2 | Rake $0
Seat 5: Helseløs (button) (small blind) folded before Flop
Seat 6: SmellyToes4u (big blind) collected ($2)


PokerStars Hand #150589786035:  Hold'em Limit ($3/$6 USD) - 2016/03/19 10:07:04 ET
Table 'Nyctimene' 10-max Seat #6 is the button
Seat 5: Helseløs ($165.02 in chips)
Seat 6: SmellyToes4u ($88.76 in chips)
SmellyToes4u: posts small blind $1
Helseløs: posts big blind $3
*** HOLE CARDS ***
SmellyToes4u: raises $3 to $6
Helseløs: calls $3
*** FLOP *** [Ks 5c Ac]
Helseløs: checks
SmellyToes4u: bets $3
Helseløs: calls $3
*** TURN *** [Ks 5c Ac] [5s]
Helseløs: checks
SmellyToes4u: bets $6
Helseløs: folds
Uncalled bet ($6) returned to SmellyToes4u
SmellyToes4u collected $17.64 from pot
SmellyToes4u: doesn't show hand
*** SUMMARY ***
Total pot $18 | Rake $0.36
Board [Ks 5c Ac 5s]
Seat 5: Helseløs (big blind) folded on the Turn
Seat 6: SmellyToes4u (button) (small blind) collected ($17.64)


PokerStars Hand #150589765817:  Hold'em Limit ($3/$6 USD) - 2016/03/19 10:06:36 ET
Table 'Nyctimene' 10-max Seat #5 is the button
Seat 5: Helseløs ($159.26 in chips)
Seat 6: SmellyToes4u ($94.76 in chips)
Helseløs: posts small blind $1
SmellyToes4u: posts big blind $3
*** HOLE CARDS ***
Helseløs: raises $3 to $6
SmellyToes4u: calls $3
*** FLOP *** [9d Jd Kh]
SmellyToes4u: checks
Helseløs: bets $3
SmellyToes4u: folds
Uncalled bet ($3) returned to Helseløs
Helseløs collected $11.76 from pot
*** SUMMARY ***
Total pot $12 | Rake $0.24
Board [9d Jd Kh]
Seat 5: Helseløs (button) (small blind) collected ($11.76)
Seat 6: SmellyToes4u (big blind) folded on the Flop


PokerStars Hand #150589848618:  Hold'em Limit ($3/$6 USD) - 2016/03/19 10:08:31 ET
Table 'Nyctimene' 10-max Seat #5 is the button
Seat 5: Helseløs ($124.02 in chips)
Seat 6: SmellyToes4u ($128.66 in chips)
Helseløs: posts small blind $1
SmellyToes4u: posts big blind $3
*** HOLE CARDS ***
Helseløs: raises $3 to $6
SmellyToes4u: calls $3
*** FLOP *** [Kd Js 7c]
SmellyToes4u: checks
Helseløs: bets $3
SmellyToes4u: folds
Uncalled bet ($3) returned to Helseløs
Helseløs collected $11.76 from pot
*** SUMMARY ***
Total pot $12 | Rake $0.24
Board [Kd Js 7c]
Seat 5: Helseløs (button) (small blind) collected ($11.76)
Seat 6: SmellyToes4u (big blind) folded on the Flop


PokerStars Hand #150589844759:  Hold'em Limit ($3/$6 USD) - 2016/03/19 10:08:25 ET
Table 'Nyctimene' 10-max Seat #6 is the button
Seat 5: Helseløs ($127.02 in chips)
Seat 6: SmellyToes4u ($125.66 in chips)
SmellyToes4u: posts small blind $1
Helseløs: posts big blind $3
*** HOLE CARDS ***
SmellyToes4u: raises $3 to $6
Helseløs: folds
Uncalled bet ($3) returned to SmellyToes4u
SmellyToes4u collected $6 from pot
SmellyToes4u: doesn't show hand
*** SUMMARY ***
Total pot $6 | Rake $0
Seat 5: Helseløs (big blind) folded before Flop
Seat 6: SmellyToes4u (button) (small blind) collected ($6)


PokerStars Hand #150589841113:  Hold'em Limit ($3/$6 USD) - 2016/03/19 10:08:20 ET
Table 'Nyctimene' 10-max Seat #5 is the button
Seat 5: Helseløs ($128.02 in chips)
Seat 6: SmellyToes4u ($124.66 in chips)
Helseløs: posts small blind $1
SmellyToes4u: posts big blind $3
*** HOLE CARDS ***
Helseløs: folds
Uncalled bet ($2) returned to SmellyToes4u
SmellyToes4u collected $2 from pot
SmellyToes4u: doesn't show hand
*** SUMMARY ***
Total pot $2 | Rake $0
Seat 5: Helseløs (button) (small blind) folded before Flop
Seat 6: SmellyToes4u (big blind) collected ($2)


PokerStars Hand #150589832060:  Hold'em Limit ($3/$6 USD) - 2016/03/19 10:08:08 ET
Table 'Nyctimene' 10-max Seat #6 is the button
Seat 5: Helseløs ($134.02 in chips)
Seat 6: SmellyToes4u ($118.90 in chips)
SmellyToes4u: posts small blind $1
Helseløs: posts big blind $3
*** HOLE CARDS ***
SmellyToes4u: raises $3 to $6
Helseløs: calls $3
*** FLOP *** [Td 9s Kh]
Helseløs: checks
SmellyToes4u: bets $3
Helseløs: folds
Uncalled bet ($3) returned to SmellyToes4u
SmellyToes4u collected $11.76 from pot
SmellyToes4u: doesn't show hand
*** SUMMARY ***
Total pot $12 | Rake $0.24
Board [Td 9s Kh]
Seat 5: Helseløs (big blind) folded on the Flop
Seat 6: SmellyToes4u (button) (small blind) collected ($11.76)


PokerStars Hand #150589826405:  Hold'em Limit ($3/$6 USD) - 2016/03/19 10:08:00 ET
Table 'Nyctimene' 10-max Seat #5 is the button
Seat 5: Helseløs ($131.02 in chips)
Seat 6: SmellyToes4u ($121.90 in chips)
Helseløs: posts small blind $1
SmellyToes4u: posts big blind $3
*** HOLE CARDS ***
Helseløs: raises $3 to $6
SmellyToes4u: folds
Uncalled bet ($3) returned to Helseløs
Helseløs collected $6 from pot
*** SUMMARY ***
Total pot $6 | Rake $0
Seat 5: Helseløs (button) (small blind) collected ($6)
Seat 6: SmellyToes4u (big blind) folded before Flop


PokerStars Hand #150589804153:  Hold'em Limit ($3/$6 USD) - 2016/03/19 10:07:29 ET
Table 'Nyctimene' 10-max Seat #6 is the button
Seat 5: Helseløs ($155.02 in chips)
Seat 6: SmellyToes4u ($98.40 in chips)
SmellyToes4u: posts small blind $1
Helseløs: posts big blind $3
*** HOLE CARDS ***
SmellyToes4u: raises $3 to $6
Helseløs: raises $3 to $9
SmellyToes4u: calls $3
*** FLOP *** [3s 9h 9s]
Helseløs: bets $3
SmellyToes4u: calls $3
*** TURN *** [3s 9h 9s] [As]
Helseløs: bets $6
SmellyToes4u: calls $6
*** RIVER *** [3s 9h 9s As] [8c]
Helseløs: bets $6
SmellyToes4u: calls $6
*** SHOW DOWN ***
Helseløs: shows [Qh Jd] (a pair of Nines)
SmellyToes4u: shows [5h Ks] (a pair of Nines - Ace+King kicker)
SmellyToes4u collected $47.50 from pot
*** SUMMARY ***
Total pot $48 | Rake $0.50
Board [3s 9h 9s As 8c]
Seat 5: Helseløs (big blind) showed [Qh Jd] and lost with a pair of Nines
Seat 6: SmellyToes4u (button) (small blind) showed [5h Ks] and won ($47.50) with a pair of Nines


PokerStars Hand #150589901805:  Hold'em Limit ($3/$6 USD) - 2016/03/19 10:09:45 ET
Table 'Nyctimene' 10-max Seat #5 is the button
Seat 5: Helseløs ($123.28 in chips)
Seat 6: SmellyToes4u ($127.92 in chips)
Helseløs: posts small blind $1
SmellyToes4u: posts big blind $3
*** HOLE CARDS ***
Helseløs: folds
Uncalled bet ($2) returned to SmellyToes4u
SmellyToes4u collected $2 from pot
SmellyToes4u: doesn't show hand
*** SUMMARY ***
Total pot $2 | Rake $0
Seat 5: Helseløs (button) (small blind) folded before Flop
Seat 6: SmellyToes4u (big blind) collected ($2)


PokerStars Hand #150589885037:  Hold'em Limit ($3/$6 USD) - 2016/03/19 10:09:22 ET
Table 'Nyctimene' 10-max Seat #6 is the button
Seat 5: Helseløs ($147.28 in chips)
Seat 6: SmellyToes4u ($104.42 in chips)
SmellyToes4u: posts small blind $1
Helseløs: posts big blind $3
*** HOLE CARDS ***
SmellyToes4u: raises $3 to $6
Helseløs: raises $3 to $9
SmellyToes4u: calls $3
*** FLOP *** [Ks Kd 6h]
Helseløs: bets $3
SmellyToes4u: calls $3
*** TURN *** [Ks Kd 6h] [Jh]
Helseløs: bets $6
SmellyToes4u: calls $6
*** RIVER *** [Ks Kd 6h Jh] [4h]
Helseløs: bets $6
SmellyToes4u: calls $6
*** SHOW DOWN ***
Helseløs: shows [7h Ac] (a pair of Kings)
SmellyToes4u: shows [6c 5d] (two pair, Kings and Sixes)
SmellyToes4u collected $47.50 from pot
*** SUMMARY ***
Total pot $48 | Rake $0.50
Board [Ks Kd 6h Jh 4h]
Seat 5: Helseløs (big blind) showed [7h Ac] and lost with a pair of Kings
Seat 6: SmellyToes4u (button) (small blind) showed [6c 5d] and won ($47.50) with two pair, Kings and Sixes


PokerStars Hand #150589881536:  Hold'em Limit ($3/$6 USD) - 2016/03/19 10:09:17 ET
Table 'Nyctimene' 10-max Seat #5 is the button
Seat 5: Helseløs ($148.28 in chips)
Seat 6: SmellyToes4u ($103.42 in chips)
Helseløs: posts small blind $1
SmellyToes4u: posts big blind $3
*** HOLE CARDS ***
Helseløs: folds
Uncalled bet ($2) returned to SmellyToes4u
SmellyToes4u collected $2 from pot
SmellyToes4u: doesn't show hand
*** SUMMARY ***
Total pot $2 | Rake $0
Seat 5: Helseløs (button) (small blind) folded before Flop
Seat 6: SmellyToes4u (big blind) collected ($2)


PokerStars Hand #150589877851:  Hold'em Limit ($3/$6 USD) - 2016/03/19 10:09:12 ET
Table 'Nyctimene' 10-max Seat #6 is the button
Seat 5: Helseløs ($147.28 in chips)
Seat 6: SmellyToes4u ($104.42 in chips)
SmellyToes4u: posts small blind $1
Helseløs: posts big blind $3
*** HOLE CARDS ***
SmellyToes4u: folds
Uncalled bet ($2) returned to Helseløs
Helseløs collected $2 from pot
*** SUMMARY ***
Total pot $2 | Rake $0
Seat 5: Helseløs (big blind) collected ($2)
Seat 6: SmellyToes4u (button) (small blind) folded before Flop


PokerStars Hand #150589865006:  Hold'em Limit ($3/$6 USD) - 2016/03/19 10:08:54 ET
Table 'Nyctimene' 10-max Seat #5 is the button
Seat 5: Helseløs ($123.78 in chips)
Seat 6: SmellyToes4u ($128.42 in chips)
Helseløs: posts small blind $1
SmellyToes4u: posts big blind $3
*** HOLE CARDS ***
Helseløs: raises $3 to $6
SmellyToes4u: raises $3 to $9
Helseløs: calls $3
*** FLOP *** [4c Tc 2c]
SmellyToes4u: bets $3
Helseløs: calls $3
*** TURN *** [4c Tc 2c] [9d]
SmellyToes4u: bets $6
Helseløs: raises $6 to $12
SmellyToes4u: calls $6
*** RIVER *** [4c Tc 2c 9d] [Kc]
SmellyToes4u: checks
Helseløs: bets $6
SmellyToes4u: folds
Uncalled bet ($6) returned to Helseløs
Helseløs collected $47.50 from pot
*** SUMMARY ***
Total pot $48 | Rake $0.50
Board [4c Tc 2c 9d Kc]
Seat 5: Helseløs (button) (small blind) collected ($47.50)
Seat 6: SmellyToes4u (big blind) folded on the River


PokerStars Hand #150589856282:  Hold'em Limit ($3/$6 USD) - 2016/03/19 10:08:42 ET
Table 'Nyctimene' 10-max Seat #6 is the button
Seat 5: Helseløs ($129.78 in chips)
Seat 6: SmellyToes4u ($122.66 in chips)
SmellyToes4u: posts small blind $1
Helseløs: posts big blind $3
*** HOLE CARDS ***
SmellyToes4u: raises $3 to $6
Helseløs: calls $3
*** FLOP *** [Kh Qd 8s]
Helseløs: checks
SmellyToes4u: bets $3
Helseløs: folds
Uncalled bet ($3) returned to SmellyToes4u
SmellyToes4u collected $11.76 from pot
SmellyToes4u: doesn't show hand
*** SUMMARY ***
Total pot $12 | Rake $0.24
Board [Kh Qd 8s]
Seat 5: Helseløs (big blind) folded on the Flop
Seat 6: SmellyToes4u (button) (small blind) collected ($11.76)


PokerStars Hand #150589933928:  Hold'em Limit ($3/$6 USD) - 2016/03/19 10:10:29 ET
Table 'Nyctimene' 10-max Seat #5 is the button
Seat 5: Helseløs ($119.78 in chips)
Seat 6: SmellyToes4u ($130.42 in chips)
Helseløs: posts small blind $1
SmellyToes4u: posts big blind $3
*** HOLE CARDS ***
Helseløs: raises $3 to $6
SmellyToes4u: calls $3
*** FLOP *** [9s 2d Ks]
SmellyToes4u: bets $3
Helseløs: calls $3
*** TURN *** [9s 2d Ks] [Ac]
SmellyToes4u: bets $6
Helseløs: calls $6
*** RIVER *** [9s 2d Ks Ac] [Jd]
SmellyToes4u: bets $6
Helseløs: raises $6 to $12
SmellyToes4u: calls $6
*** SHOW DOWN ***
Helseløs: shows [Jc 9c] (two pair, Jacks and Nines)
SmellyToes4u: mucks hand
Helseløs collected $53.50 from pot
*** SUMMARY ***
Total pot $54 | Rake $0.50
Board [9s 2d Ks Ac Jd]
Seat 5: Helseløs (button) (small blind) showed [Jc 9c] and won ($53.50) with two pair, Jacks and Nines
Seat 6: SmellyToes4u (big blind) mucked


PokerStars Hand #150589928612:  Hold'em Limit ($3/$6 USD) - 2016/03/19 10:10:22 ET
Table 'Nyctimene' 10-max Seat #6 is the button
Seat 5: Helseløs ($118.78 in chips)
Seat 6: SmellyToes4u ($131.42 in chips)
SmellyToes4u: posts small blind $1
Helseløs: posts big blind $3
*** HOLE CARDS ***
SmellyToes4u: folds
Uncalled bet ($2) returned to Helseløs
Helseløs collected $2 from pot
*** SUMMARY ***
Total pot $2 | Rake $0
Seat 5: Helseløs (big blind) collected ($2)
Seat 6: SmellyToes4u (button) (small blind) folded before Flop


PokerStars Hand #150589916810:  Hold'em Limit ($3/$6 USD) - 2016/03/19 10:10:06 ET
Table 'Nyctimene' 10-max Seat #5 is the button
Seat 5: Helseløs ($98.28 in chips)
Seat 6: SmellyToes4u ($152.42 in chips)
Helseløs: posts small blind $1
SmellyToes4u: posts big blind $3
*** HOLE CARDS ***
Helseløs: raises $3 to $6
SmellyToes4u: calls $3
*** FLOP *** [9c 3s 8d]
SmellyToes4u: checks
Helseløs: bets $3
SmellyToes4u: calls $3
*** TURN *** [9c 3s 8d] [Jd]
SmellyToes4u: checks
Helseløs: bets $6
SmellyToes4u: calls $6
*** RIVER *** [9c 3s 8d Jd] [Qs]
SmellyToes4u: checks
Helseløs: bets $6
SmellyToes4u: calls $6
*** SHOW DOWN ***
Helseløs: shows [Tc 4c] (a straight, Eight to Queen)
SmellyToes4u: mucks hand
Helseløs collected $41.50 from pot
*** SUMMARY ***
Total pot $42 | Rake $0.50
Board [9c 3s 8d Jd Qs]
Seat 5: Helseløs (button) (small blind) showed [Tc 4c] and won ($41.50) with a straight, Eight to Queen
Seat 6: SmellyToes4u (big blind) mucked


PokerStars Hand #150589905774:  Hold'em Limit ($3/$6 USD) - 2016/03/19 10:09:50 ET
Table 'Nyctimene' 10-max Seat #6 is the button
Seat 5: Helseløs ($122.28 in chips)
Seat 6: SmellyToes4u ($128.92 in chips)
SmellyToes4u: posts small blind $1
Helseløs: posts big blind $3
*** HOLE CARDS ***
SmellyToes4u: raises $3 to $6
Helseløs: raises $3 to $9
SmellyToes4u: calls $3
*** FLOP *** [9d Tc 6s]
Helseløs: bets $3
SmellyToes4u: calls $3
*** TURN *** [9d Tc 6s] [Th]
Helseløs: bets $6
SmellyToes4u: raises $6 to $12
Helseløs: calls $6
*** RIVER *** [9d Tc 6s Th] [3s]
Helseløs: checks
SmellyToes4u: checks
*** SHOW DOWN ***
Helseløs: shows [Ks 7d] (a pair of Tens)
SmellyToes4u: shows [8d 6h] (two pair, Tens and Sixes)
SmellyToes4u collected $47.50 from pot
*** SUMMARY ***
Total pot $48 | Rake $0.50
Board [9d Tc 6s Th 3s]
Seat 5: Helseløs (big blind) showed [Ks 7d] and lost with a pair of Tens
Seat 6: SmellyToes4u (button) (small blind) showed [8d 6h] and won ($47.50) with two pair, Tens and Sixes


PokerStars Hand #150589970014:  Hold'em Limit ($3/$6 USD) - 2016/03/19 10:11:19 ET
Table 'Nyctimene' 10-max Seat #6 is the button
Seat 5: Helseløs ($171.78 in chips)
Seat 6: SmellyToes4u ($77.42 in chips)
SmellyToes4u: posts small blind $1
Helseløs: posts big blind $3
*** HOLE CARDS ***
SmellyToes4u: raises $3 to $6
Helseløs: calls $3
*** FLOP *** [5d Ad Js]
Helseløs: checks
SmellyToes4u: bets $3
Helseløs: folds
Uncalled bet ($3) returned to SmellyToes4u
SmellyToes4u collected $11.76 from pot
SmellyToes4u: doesn't show hand
*** SUMMARY ***
Total pot $12 | Rake $0.24
Board [5d Ad Js]
Seat 5: Helseløs (big blind) folded on the Flop
Seat 6: SmellyToes4u (button) (small blind) collected ($11.76)


PokerStars Hand #150589966377:  Hold'em Limit ($3/$6 USD) - 2016/03/19 10:11:14 ET
Table 'Nyctimene' 10-max Seat #5 is the button
Seat 5: Helseløs ($172.78 in chips)
Seat 6: SmellyToes4u ($76.42 in chips)
Helseløs: posts small blind $1
SmellyToes4u: posts big blind $3
*** HOLE CARDS ***
Helseløs: folds
Uncalled bet ($2) returned to SmellyToes4u
SmellyToes4u collected $2 from pot
SmellyToes4u: doesn't show hand
*** SUMMARY ***
Total pot $2 | Rake $0
Seat 5: Helseløs (button) (small blind) folded before Flop
Seat 6: SmellyToes4u (big blind) collected ($2)


PokerStars Hand #150589951410:  Hold'em Limit ($3/$6 USD) - 2016/03/19 10:10:53 ET
Table 'Nyctimene' 10-max Seat #6 is the button
Seat 5: Helseløs ($146.28 in chips)
Seat 6: SmellyToes4u ($103.42 in chips)
SmellyToes4u: posts small blind $1
Helseløs: posts big blind $3
*** HOLE CARDS ***
SmellyToes4u: raises $3 to $6
Helseløs: calls $3
*** FLOP *** [6s 3d 3c]
Helseløs: checks
SmellyToes4u: bets $3
Helseløs: calls $3
*** TURN *** [6s 3d 3c] [7d]
Helseløs: checks
SmellyToes4u: bets $6
Helseløs: raises $6 to $12
SmellyToes4u: calls $6
*** RIVER *** [6s 3d 3c 7d] [Qs]
Helseløs: bets $6
SmellyToes4u: calls $6
*** SHOW DOWN ***
Helseløs: shows [Qd 8d] (two pair, Queens and Threes)
SmellyToes4u: mucks hand
Helseløs collected $53.50 from pot
*** SUMMARY ***
Total pot $54 | Rake $0.50
Board [6s 3d 3c 7d Qs]
Seat 5: Helseløs (big blind) showed [Qd 8d] and won ($53.50) with two pair, Queens and Threes
Seat 6: SmellyToes4u (button) (small blind) mucked


PokerStars Hand #150590014437:  Hold'em Limit ($3/$6 USD) - 2016/03/19 10:12:21 ET
Table 'Nyctimene' 10-max Seat #6 is the button
Seat 5: Helseløs ($165.28 in chips)
Seat 6: SmellyToes4u ($82.68 in chips)
SmellyToes4u: posts small blind $1
Helseløs: posts big blind $3
*** HOLE CARDS ***
SmellyToes4u: raises $3 to $6
Helseløs: raises $3 to $9
SmellyToes4u: calls $3
*** FLOP *** [6h 2c 5c]
Helseløs: bets $3
SmellyToes4u: calls $3
*** TURN *** [6h 2c 5c] [7d]
Helseløs: bets $6
SmellyToes4u: calls $6
*** RIVER *** [6h 2c 5c 7d] [2d]
Helseløs: checks
SmellyToes4u: bets $6
Helseløs: calls $6
*** SHOW DOWN ***
SmellyToes4u: shows [Jh Ac] (a pair of Deuces)
Helseløs: mucks hand
SmellyToes4u collected $47.50 from pot
*** SUMMARY ***
Total pot $48 | Rake $0.50
Board [6h 2c 5c 7d 2d]
Seat 5: Helseløs (big blind) mucked
Seat 6: SmellyToes4u (button) (small blind) showed [Jh Ac] and won ($47.50) with a pair of Deuces


PokerStars Hand #150590010501:  Hold'em Limit ($3/$6 USD) - 2016/03/19 10:12:15 ET
Table 'Nyctimene' 10-max Seat #5 is the button
Seat 5: Helseløs ($162.28 in chips)
Seat 6: SmellyToes4u ($85.68 in chips)
Helseløs: posts small blind $1
SmellyToes4u: posts big blind $3
*** HOLE CARDS ***
Helseløs: raises $3 to $6
SmellyToes4u: folds
Uncalled bet ($3) returned to Helseløs
Helseløs collected $6 from pot
*** SUMMARY ***
Total pot $6 | Rake $0
Seat 5: Helseløs (button) (small blind) collected ($6)
Seat 6: SmellyToes4u (big blind) folded before Flop


PokerStars Hand #150589998532:  Hold'em Limit ($3/$6 USD) - 2016/03/19 10:11:59 ET
Table 'Nyctimene' 10-max Seat #6 is the button
Seat 5: Helseløs ($186.28 in chips)
Seat 6: SmellyToes4u ($62.18 in chips)
SmellyToes4u: posts small blind $1
Helseløs: posts big blind $3
*** HOLE CARDS ***
SmellyToes4u: raises $3 to $6
Helseløs: raises $3 to $9
SmellyToes4u: calls $3
*** FLOP *** [9c 4s Ks]
Helseløs: bets $3
SmellyToes4u: calls $3
*** TURN *** [9c 4s Ks] [6h]
Helseløs: bets $6
SmellyToes4u: raises $6 to $12
Helseløs: calls $6
*** RIVER *** [9c 4s Ks 6h] [As]
Helseløs: checks
SmellyToes4u: bets $6
Helseløs: folds
Uncalled bet ($6) returned to SmellyToes4u
SmellyToes4u collected $47.50 from pot
SmellyToes4u: doesn't show hand
*** SUMMARY ***
Total pot $48 | Rake $0.50
Board [9c 4s Ks 6h As]
Seat 5: Helseløs (big blind) folded on the River
Seat 6: SmellyToes4u (button) (small blind) collected ($47.50)


PokerStars Hand #150589979694:  Hold'em Limit ($3/$6 USD) - 2016/03/19 10:11:33 ET
Table 'Nyctimene' 10-max Seat #5 is the button
Seat 5: Helseløs ($165.78 in chips)
Seat 6: SmellyToes4u ($83.18 in chips)
Helseløs: posts small blind $1
SmellyToes4u: posts big blind $3
*** HOLE CARDS ***
Helseløs: raises $3 to $6
SmellyToes4u: calls $3
*** FLOP *** [7s 4c 3h]
SmellyToes4u: checks
Helseløs: bets $3
SmellyToes4u: calls $3
*** TURN *** [7s 4c 3h] [Kh]
SmellyToes4u: checks
Helseløs: bets $6
SmellyToes4u: calls $6
*** RIVER *** [7s 4c 3h Kh] [2d]
SmellyToes4u: checks
Helseløs: bets $6
SmellyToes4u: calls $6
*** SHOW DOWN ***
Helseløs: shows [7h Qs] (a pair of Sevens)
SmellyToes4u: mucks hand
Helseløs collected $41.50 from pot
*** SUMMARY ***
Total pot $42 | Rake $0.50
Board [7s 4c 3h Kh 2d]
Seat 5: Helseløs (button) (small blind) showed [7h Qs] and won ($41.50) with a pair of Sevens
Seat 6: SmellyToes4u (big blind) mucked


PokerStars Hand #150590075316:  Hold'em Limit ($3/$6 USD) - 2016/03/19 10:13:45 ET
Table 'Nyctimene' 10-max Seat #6 is the button
Seat 5: Helseløs ($164.42 in chips)
Seat 6: SmellyToes4u ($81.68 in chips)
SmellyToes4u: posts small blind $1
Helseløs: posts big blind $3
*** HOLE CARDS ***
SmellyToes4u: folds
Uncalled bet ($2) returned to Helseløs
Helseløs collected $2 from pot
pogi74 joins the table at seat #7
*** SUMMARY ***
Total pot $2 | Rake $0
Seat 5: Helseløs (big blind) collected ($2)
Seat 6: SmellyToes4u (button) (small blind) folded before Flop


PokerStars Hand #150590062282:  Hold'em Limit ($3/$6 USD) - 2016/03/19 10:13:27 ET
Table 'Nyctimene' 10-max Seat #5 is the button
Seat 5: Helseløs ($134.92 in chips)
Seat 6: SmellyToes4u ($111.68 in chips)
Helseløs: posts small blind $1
SmellyToes4u: posts big blind $3
*** HOLE CARDS ***
Helseløs: raises $3 to $6
SmellyToes4u: raises $3 to $9
Helseløs: calls $3
*** FLOP *** [Ad 7s 9d]
SmellyToes4u: bets $3
Helseløs: calls $3
*** TURN *** [Ad 7s 9d] [8s]
SmellyToes4u: bets $6
Helseløs: raises $6 to $12
SmellyToes4u: calls $6
*** RIVER *** [Ad 7s 9d 8s] [5s]
SmellyToes4u: checks
Helseløs: bets $6
SmellyToes4u: calls $6
*** SHOW DOWN ***
Helseløs: shows [6s Ks] (a flush, King high)
SmellyToes4u: mucks hand
Helseløs collected $59.50 from pot
*** SUMMARY ***
Total pot $60 | Rake $0.50
Board [Ad 7s 9d 8s 5s]
Seat 5: Helseløs (button) (small blind) showed [6s Ks] and won ($59.50) with a flush, King high
Seat 6: SmellyToes4u (big blind) mucked


PokerStars Hand #150590027738:  Hold'em Limit ($3/$6 USD) - 2016/03/19 10:12:39 ET
Table 'Nyctimene' 10-max Seat #5 is the button
Seat 5: Helseløs ($141.28 in chips)
Seat 6: SmellyToes4u ($106.18 in chips)
Helseløs: posts small blind $1
SmellyToes4u: posts big blind $3
*** HOLE CARDS ***
Helseløs: raises $3 to $6
SmellyToes4u: calls $3
*** FLOP *** [6h 2d 6s]
SmellyToes4u: checks
Helseløs: bets $3
SmellyToes4u: calls $3
*** TURN *** [6h 2d 6s] [Js]
SmellyToes4u: checks
Helseløs: bets $6
SmellyToes4u: calls $6
*** RIVER *** [6h 2d 6s Js] [7d]
SmellyToes4u: checks
Helseløs: checks
*** SHOW DOWN ***
SmellyToes4u: shows [5h 2h] (two pair, Sixes and Deuces)
Helseløs: mucks hand
SmellyToes4u collected $29.50 from pot
*** SUMMARY ***
Total pot $30 | Rake $0.50
Board [6h 2d 6s Js 7d]
Seat 5: Helseløs (button) (small blind) mucked
Seat 6: SmellyToes4u (big blind) showed [5h 2h] and won ($29.50) with two pair, Sixes and Deuces


PokerStars Hand #150590048010:  Hold'em Limit ($3/$6 USD) - 2016/03/19 10:13:07 ET
Table 'Nyctimene' 10-max Seat #5 is the button
Seat 5: Helseløs ($127.28 in chips)
Seat 6: SmellyToes4u ($119.68 in chips)
Helseløs: posts small blind $1
SmellyToes4u: posts big blind $3
*** HOLE CARDS ***
Helseløs: folds
Uncalled bet ($2) returned to SmellyToes4u
SmellyToes4u collected $2 from pot
SmellyToes4u: doesn't show hand
*** SUMMARY ***
Total pot $2 | Rake $0
Seat 5: Helseløs (button) (small blind) folded before Flop
Seat 6: SmellyToes4u (big blind) collected ($2)


PokerStars Hand #150590042715:  Hold'em Limit ($3/$6 USD) - 2016/03/19 10:13:00 ET
Table 'Nyctimene' 10-max Seat #6 is the button
Seat 5: Helseløs ($126.28 in chips)
Seat 6: SmellyToes4u ($120.68 in chips)
SmellyToes4u: posts small blind $1
Helseløs: posts big blind $3
*** HOLE CARDS ***
SmellyToes4u: folds
Uncalled bet ($2) returned to Helseløs
Helseløs collected $2 from pot
*** SUMMARY ***
Total pot $2 | Rake $0
Seat 5: Helseløs (big blind) collected ($2)
Seat 6: SmellyToes4u (button) (small blind) folded before Flop


PokerStars Hand #150590051589:  Hold'em Limit ($3/$6 USD) - 2016/03/19 10:13:12 ET
Table 'Nyctimene' 10-max Seat #6 is the button
Seat 5: Helseløs ($126.28 in chips)
Seat 6: SmellyToes4u ($120.68 in chips)
SmellyToes4u: posts small blind $1
Helseløs: posts big blind $3
*** HOLE CARDS ***
SmellyToes4u: raises $3 to $6
Helseløs: raises $3 to $9
SmellyToes4u: calls $3
*** FLOP *** [Ad Qh 5c]
Helseløs: checks
SmellyToes4u: checks
*** TURN *** [Ad Qh 5c] [Tc]
Helseløs: bets $6
SmellyToes4u: folds
Uncalled bet ($6) returned to Helseløs
Helseløs collected $17.64 from pot
*** SUMMARY ***
Total pot $18 | Rake $0.36
Board [Ad Qh 5c Tc]
Seat 5: Helseløs (big blind) collected ($17.64)
Seat 6: SmellyToes4u (button) (small blind) folded on the Turn


PokerStars Hand #150590080730:  Hold'em Limit ($3/$6 USD) - 2016/03/19 10:13:52 ET
Table 'Nyctimene' 10-max Seat #5 is the button
Seat 5: Helseløs ($165.42 in chips)
Seat 6: SmellyToes4u ($80.68 in chips)
Helseløs: posts small blind $1
SmellyToes4u: posts big blind $3
*** HOLE CARDS ***
Helseløs: raises $3 to $6
SmellyToes4u: raises $3 to $9
Helseløs: calls $3
*** FLOP *** [2d Ts 9d]
SmellyToes4u: bets $3
Helseløs: calls $3
*** TURN *** [2d Ts 9d] [Ad]
SmellyToes4u: bets $6
Helseløs: raises $6 to $12
SmellyToes4u: calls $6
*** RIVER *** [2d Ts 9d Ad] [6h]
SmellyToes4u: checks
Helseløs: bets $6
SmellyToes4u: calls $6
*** SHOW DOWN ***
Helseløs: shows [As 4c] (a pair of Aces)
SmellyToes4u: mucks hand
Helseløs collected $59.50 from pot
*** SUMMARY ***
Total pot $60 | Rake $0.50
Board [2d Ts 9d Ad 6h]
Seat 5: Helseløs (button) (small blind) showed [As 4c] and won ($59.50) with a pair of Aces
Seat 6: SmellyToes4u (big blind) mucked


PokerStars Hand #150590141454:  Hold'em Limit ($3/$6 USD) - 2016/03/19 10:15:16 ET
Table 'Nyctimene' 10-max Seat #5 is the button
Seat 5: Helseløs ($195.92 in chips)
Seat 7: pogi74 ($87.20 in chips)
Helseløs: posts small blind $1
SmellyToes4u: is sitting out
SmellyToes4u leaves the table
pogi74: posts big blind $3
*** HOLE CARDS ***
Helseløs: raises $3 to $6
pogi74: folds
Uncalled bet ($3) returned to Helseløs
Helseløs collected $6 from pot
*** SUMMARY ***
Total pot $6 | Rake $0
Seat 5: Helseløs (button) (small blind) collected ($6)
Seat 7: pogi74 (big blind) folded before Flop


PokerStars Hand #150590155369:  Hold'em Limit ($3/$6 USD) - 2016/03/19 10:15:30 ET
Table 'Nyctimene' 10-max Seat #7 is the button
Seat 5: Helseløs ($198.92 in chips)
Seat 7: pogi74 ($84.20 in chips)
pogi74: posts small blind $1
Helseløs: posts big blind $3
*** HOLE CARDS ***
pogi74: raises $3 to $6
Helseløs: calls $3
*** FLOP *** [Qc 5d 2d]
Helseløs: bets $3
pogi74: calls $3
*** TURN *** [Qc 5d 2d] [5h]
Helseløs: checks
pogi74: checks
*** RIVER *** [Qc 5d 2d 5h] [8d]
Helseløs: bets $6
pogi74: calls $6
*** SHOW DOWN ***
Helseløs: shows [5s 4s] (three of a kind, Fives)
pogi74: mucks hand
Helseløs collected $29.50 from pot
*** SUMMARY ***
Total pot $30 | Rake $0.50
Board [Qc 5d 2d 5h 8d]
Seat 5: Helseløs (big blind) showed [5s 4s] and won ($29.50) with three of a kind, Fives
Seat 7: pogi74 (button) (small blind) mucked


