PokerStars Hand #165513221859:  Hold'em Limit ($3/$6 USD) - 2017/02/01 12:15:26 ET
Table 'Nymphe III' 6-max Seat #1 is the button
Seat 1: tilaginous94 ($61.29 in chips)
Seat 2: orphyritic52 ($120 in chips)
tilaginous94: posts small blind $1
orphyritic52: posts big blind $3
*** HOLE CARDS ***
tilaginous94: raises $3 to $6
orphyritic52: raises $3 to $9
tilaginous94: raises $3 to $12
Betting is capped
orphyritic52: calls $3
*** FLOP *** [Th 3d 9h]
orphyritic52: bets $3
tilaginous94: raises $3 to $6
orphyritic52: raises $3 to $9
tilaginous94: raises $3 to $12
Betting is capped
orphyritic52: calls $3
*** TURN *** [Th 3d 9h] [Jd]
orphyritic52: bets $6
tilaginous94: raises $6 to $12
orphyritic52: raises $6 to $18
tilaginous94: raises $6 to $24
Betting is capped
orphyritic52: calls $6
*** RIVER *** [Th 3d 9h Jd] [Kc]
orphyritic52: bets $6
tilaginous94: raises $6 to $12
orphyritic52: folds
Uncalled bet ($6) returned to tilaginous94
tilaginous94 collected $107.50 from pot
*** SUMMARY ***
Total pot $108 | Rake $0.50
Board [Th 3d 9h Jd Kc]
Seat 1: tilaginous94 (button) (small blind) collected ($107.50)
Seat 2: orphyritic52 (big blind) folded on the River


