PokerStars Hand #144766178020:  Hold'em Limit ($3/$6 USD) - 2015/12/03 13:24:41 ET
Table 'Nymphe' 6-max Seat #6 is the button
Seat 5: oliwan ($50 in chips)
Seat 6: MellivoraSto ($69.40 in chips)
MellivoraSto: posts small blind $1
belik555: is sitting out
B_loJkl: is sitting out
oliwan: posts big blind $3
*** HOLE CARDS ***
MellivoraSto: raises $3 to $6
FeiteFrank leaves the table
oliwan: folds
Uncalled bet ($3) returned to MellivoraSto
MellivoraSto collected $6 from pot
MellivoraSto: doesn't show hand
belik555 leaves the table
B_loJkl leaves the table
*** SUMMARY ***
Total pot $6 | Rake $0
Seat 5: oliwan (big blind) folded before Flop
Seat 6: MellivoraSto (button) (small blind) collected ($6)


PokerStars Hand #144766184582:  Hold'em Limit ($3/$6 USD) - 2015/12/03 13:24:48 ET
Table 'Nymphe' 6-max Seat #5 is the button
Seat 5: oliwan ($47 in chips)
Seat 6: MellivoraSto ($72.40 in chips)
oliwan: posts small blind $1
MellivoraSto: posts big blind $3
*** HOLE CARDS ***
oliwan: raises $3 to $6
MellivoraSto: calls $3
*** FLOP *** [Qc 8d 7h]
TinaTurner72 joins the table at seat #3
MellivoraSto: checks
oliwan: bets $3
MellivoraSto: calls $3
*** TURN *** [Qc 8d 7h] [4h]
MellivoraSto: checks
oliwan: bets $6
MellivoraSto: calls $6
*** RIVER *** [Qc 8d 7h 4h] [8s]
MellivoraSto: checks
oliwan: bets $6
MellivoraSto: calls $6
*** SHOW DOWN ***
oliwan: shows [Ah 7d] (two pair, Eights and Sevens)
MellivoraSto: mucks hand
oliwan collected $41.50 from pot
*** SUMMARY ***
Total pot $42 | Rake $0.50
Board [Qc 8d 7h 4h 8s]
Seat 5: oliwan (button) (small blind) showed [Ah 7d] and won ($41.50) with two pair, Eights and Sevens
Seat 6: MellivoraSto (big blind) mucked


PokerStars Hand #144767085791:  Hold'em Limit ($3/$6 USD) - 2015/12/03 13:41:22 ET
Table 'Nymphe' 6-max Seat #2 is the button
Seat 2: belik555 ($77.91 in chips)
Seat 5: bentinck113 ($122.56 in chips)
belik555: posts small blind $1
bentinck113: posts big blind $3
*** HOLE CARDS ***
belik555: folds
Uncalled bet ($2) returned to bentinck113
bentinck113 collected $2 from pot
bentinck113: doesn't show hand
*** SUMMARY ***
Total pot $2 | Rake $0
Seat 2: belik555 (button) (small blind) folded before Flop
Seat 5: bentinck113 (big blind) collected ($2)


PokerStars Hand #144767055505:  Hold'em Limit ($3/$6 USD) - 2015/12/03 13:40:49 ET
Table 'Nymphe' 6-max Seat #5 is the button
Seat 2: belik555 ($86.91 in chips)
Seat 5: bentinck113 ($113.92 in chips)
bentinck113: posts small blind $1
B_loJkl: is sitting out
belik555: posts big blind $3
*** HOLE CARDS ***
B_loJkl leaves the table
bentinck113: calls $2
artiZzt joins the table at seat #6
belik555: raises $3 to $6
bentinck113: calls $3
*** FLOP *** [Kh 9h 2d]
belik555: bets $3
bentinck113: calls $3
*** TURN *** [Kh 9h 2d] [5h]
belik555: checks
bentinck113: bets $6
belik555: folds
Uncalled bet ($6) returned to bentinck113
bentinck113 collected $17.64 from pot
bentinck113: doesn't show hand
*** SUMMARY ***
Total pot $18 | Rake $0.36
Board [Kh 9h 2d 5h]
Seat 2: belik555 (big blind) folded on the Turn
Seat 5: bentinck113 (button) (small blind) collected ($17.64)


PokerStars Hand #144771194823:  Hold'em Limit ($3/$6 USD) - 2015/12/03 14:55:14 ET
Table 'Nymphe' 6-max Seat #5 is the button
Seat 4: manly70 ($96.83 in chips)
Seat 5: SashaYuvelir ($91.58 in chips)
SashaYuvelir: posts small blind $1
artiZzt: is sitting out
PelonCabelao: is sitting out
manly70: posts big blind $3
*** HOLE CARDS ***
SashaYuvelir: raises $3 to $6
manly70: raises $3 to $9
SashaYuvelir: calls $3
*** FLOP *** [2d 5c Ad]
manly70: bets $3
artiZzt leaves the table
SashaYuvelir: calls $3
*** TURN *** [2d 5c Ad] [7c]
manly70: bets $6
SashaYuvelir: raises $6 to $12
manly70: calls $6
*** RIVER *** [2d 5c Ad 7c] [Tc]
manly70: checks
SashaYuvelir: bets $6
manly70: calls $6
*** SHOW DOWN ***
SashaYuvelir: shows [5s 7h] (two pair, Sevens and Fives)
manly70: mucks hand
SashaYuvelir collected $59.50 from pot
*** SUMMARY ***
Total pot $60 | Rake $0.50
Board [2d 5c Ad 7c Tc]
Seat 4: manly70 (big blind) mucked
Seat 5: SashaYuvelir (button) (small blind) showed [5s 7h] and won ($59.50) with two pair, Sevens and Fives


PokerStars Hand #144771215953:  Hold'em Limit ($3/$6 USD) - 2015/12/03 14:55:43 ET
Table 'Nymphe' 6-max Seat #4 is the button
Seat 4: manly70 ($66.83 in chips)
Seat 5: SashaYuvelir ($121.08 in chips)
manly70: posts small blind $1
SashaYuvelir: posts big blind $3
*** HOLE CARDS ***
manly70: raises $3 to $6
SashaYuvelir: calls $3
*** FLOP *** [Ah 2h 8c]
SashaYuvelir: checks
manly70: bets $3
SashaYuvelir: calls $3
*** TURN *** [Ah 2h 8c] [Ad]
SashaYuvelir: checks
manly70: bets $6
SashaYuvelir: calls $6
*** RIVER *** [Ah 2h 8c Ad] [5c]
SashaYuvelir: checks
manly70: checks
*** SHOW DOWN ***
SashaYuvelir: shows [2d Td] (two pair, Aces and Deuces)
manly70: mucks hand
SashaYuvelir collected $29.50 from pot
*** SUMMARY ***
Total pot $30 | Rake $0.50
Board [Ah 2h 8c Ad 5c]
Seat 4: manly70 (button) (small blind) mucked
Seat 5: SashaYuvelir (big blind) showed [2d Td] and won ($29.50) with two pair, Aces and Deuces


PokerStars Hand #144771259963:  Hold'em Limit ($3/$6 USD) - 2015/12/03 14:56:43 ET
Table 'Nymphe' 6-max Seat #5 is the button
Seat 4: manly70 ($48.59 in chips)
Seat 5: SashaYuvelir ($138.22 in chips)
SashaYuvelir: posts small blind $1
manly70: posts big blind $3
*** HOLE CARDS ***
SashaYuvelir: raises $3 to $6
manly70: calls $3
*** FLOP *** [Ks Th Td]
manly70: checks
SashaYuvelir: bets $3
manly70: folds
Uncalled bet ($3) returned to SashaYuvelir
SashaYuvelir collected $11.76 from pot
SashaYuvelir: doesn't show hand
*** SUMMARY ***
Total pot $12 | Rake $0.24
Board [Ks Th Td]
Seat 4: manly70 (big blind) folded on the Flop
Seat 5: SashaYuvelir (button) (small blind) collected ($11.76)


PokerStars Hand #144771250106:  Hold'em Limit ($3/$6 USD) - 2015/12/03 14:56:30 ET
Table 'Nymphe' 6-max Seat #4 is the button
Seat 4: manly70 ($42.83 in chips)
Seat 5: SashaYuvelir ($144.22 in chips)
manly70: posts small blind $1
SashaYuvelir: posts big blind $3
*** HOLE CARDS ***
manly70: raises $3 to $6
SashaYuvelir: calls $3
*** FLOP *** [Ks 2h 4c]
SashaYuvelir: checks
manly70: bets $3
SashaYuvelir: folds
Uncalled bet ($3) returned to manly70
manly70 collected $11.76 from pot
*** SUMMARY ***
Total pot $12 | Rake $0.24
Board [Ks 2h 4c]
Seat 4: manly70 (button) (small blind) collected ($11.76)
Seat 5: SashaYuvelir (big blind) folded on the Flop


PokerStars Hand #144771237851:  Hold'em Limit ($3/$6 USD) - 2015/12/03 14:56:13 ET
Table 'Nymphe' 6-max Seat #5 is the button
Seat 4: manly70 ($51.83 in chips)
Seat 5: SashaYuvelir ($135.58 in chips)
SashaYuvelir: posts small blind $1
manly70: posts big blind $3
*** HOLE CARDS ***
SashaYuvelir: raises $3 to $6
manly70: calls $3
*** FLOP *** [Ah 4s 8d]
manly70: checks
SashaYuvelir: bets $3
manly70: calls $3
*** TURN *** [Ah 4s 8d] [8h]
manly70: checks
SashaYuvelir: bets $6
manly70: folds
Uncalled bet ($6) returned to SashaYuvelir
SashaYuvelir collected $17.64 from pot
SashaYuvelir: doesn't show hand
*** SUMMARY ***
Total pot $18 | Rake $0.36
Board [Ah 4s 8d 8h]
Seat 4: manly70 (big blind) folded on the Turn
Seat 5: SashaYuvelir (button) (small blind) collected ($17.64)


PokerStars Hand #144771325583:  Hold'em Limit ($3/$6 USD) - 2015/12/03 14:58:12 ET
Table 'Nymphe' 6-max Seat #4 is the button
Seat 4: manly70 ($31.34 in chips)
Seat 5: SashaYuvelir ($154.23 in chips)
manly70: posts small blind $1
SashaYuvelir: posts big blind $3
*** HOLE CARDS ***
manly70: folds
Uncalled bet ($2) returned to SashaYuvelir
SashaYuvelir collected $2 from pot
SashaYuvelir: doesn't show hand
*** SUMMARY ***
Total pot $2 | Rake $0
Seat 4: manly70 (button) (small blind) folded before Flop
Seat 5: SashaYuvelir (big blind) collected ($2)


PokerStars Hand #144771320513:  Hold'em Limit ($3/$6 USD) - 2015/12/03 14:58:05 ET
Table 'Nymphe' 6-max Seat #5 is the button
Seat 4: manly70 ($30.34 in chips)
Seat 5: SashaYuvelir ($155.23 in chips)
SashaYuvelir: posts small blind $1
manly70: posts big blind $3
*** HOLE CARDS ***
SashaYuvelir: folds
Uncalled bet ($2) returned to manly70
manly70 collected $2 from pot
manly70: doesn't show hand
*** SUMMARY ***
Total pot $2 | Rake $0
Seat 4: manly70 (big blind) collected ($2)
Seat 5: SashaYuvelir (button) (small blind) folded before Flop


PokerStars Hand #144771267978:  Hold'em Limit ($3/$6 USD) - 2015/12/03 14:56:54 ET
Table 'Nymphe' 6-max Seat #4 is the button
Seat 4: manly70 ($42.59 in chips)
Seat 5: SashaYuvelir ($143.98 in chips)
manly70: posts small blind $1
SashaYuvelir: posts big blind $3
*** HOLE CARDS ***
PelonCabelao leaves the table
manly70: raises $3 to $6
SashaYuvelir: calls $3
*** FLOP *** [Qd Th As]
SashaYuvelir: checks
manly70: bets $3
SashaYuvelir: calls $3
*** TURN *** [Qd Th As] [Js]
SashaYuvelir: checks
manly70: checks
*** RIVER *** [Qd Th As Js] [Kc]
SashaYuvelir: checks
manly70: bets $6
SashaYuvelir said, "idiot?????"
SashaYuvelir: calls $6
*** SHOW DOWN ***
manly70: shows [7d 6s] (a straight, Ten to Ace)
SashaYuvelir: shows [Qs 4c] (a straight, Ten to Ace)
SashaYuvelir collected $14.75 from pot
manly70 collected $14.75 from pot
*** SUMMARY ***
Total pot $30 | Rake $0.50
Board [Qd Th As Js Kc]
Seat 4: manly70 (button) (small blind) showed [7d 6s] and won ($14.75) with a straight, Ten to Ace
Seat 5: SashaYuvelir (big blind) showed [Qs 4c] and won ($14.75) with a straight, Ten to Ace


PokerStars Hand #144771315514:  Hold'em Limit ($3/$6 USD) - 2015/12/03 14:57:58 ET
Table 'Nymphe' 6-max Seat #4 is the button
Seat 4: manly70 ($27.34 in chips)
Seat 5: SashaYuvelir ($158.23 in chips)
manly70: posts small blind $1
SashaYuvelir: posts big blind $3
*** HOLE CARDS ***
manly70: raises $3 to $6
SashaYuvelir: folds
Uncalled bet ($3) returned to manly70
manly70 collected $6 from pot
manly70: doesn't show hand
*** SUMMARY ***
Total pot $6 | Rake $0
Seat 4: manly70 (button) (small blind) collected ($6)
Seat 5: SashaYuvelir (big blind) folded before Flop


PokerStars Hand #144771288259:  Hold'em Limit ($3/$6 USD) - 2015/12/03 14:57:22 ET
Table 'Nymphe' 6-max Seat #5 is the button
Seat 4: manly70 ($42.34 in chips)
Seat 5: SashaYuvelir ($143.73 in chips)
SashaYuvelir: posts small blind $1
manly70: posts big blind $3
*** HOLE CARDS ***
SashaYuvelir: raises $3 to $6
manly70: calls $3
*** FLOP *** [2s 8c 5c]
manly70: checks
SashaYuvelir said, "like to pay rake, stupid moron?"
SashaYuvelir: bets $3
manly70: calls $3
*** TURN *** [2s 8c 5c] [8d]
manly70: checks
SashaYuvelir: checks
*** RIVER *** [2s 8c 5c 8d] [Kh]
manly70: bets $6
SashaYuvelir: calls $6
*** SHOW DOWN ***
manly70: shows [Kd 7h] (two pair, Kings and Eights)
SashaYuvelir: shows [Kc Td] (two pair, Kings and Eights - Ten kicker)
SashaYuvelir collected $29.50 from pot
*** SUMMARY ***
Total pot $30 | Rake $0.50
Board [2s 8c 5c 8d Kh]
Seat 4: manly70 (big blind) showed [Kd 7h] and lost with two pair, Kings and Eights
Seat 5: SashaYuvelir (button) (small blind) showed [Kc Td] and won ($29.50) with two pair, Kings and Eights


PokerStars Hand #144771354945:  Hold'em Limit ($3/$6 USD) - 2015/12/03 14:58:51 ET
Table 'Nymphe' 6-max Seat #5 is the button
Seat 4: manly70 ($23.34 in chips)
Seat 5: SashaYuvelir ($161.99 in chips)
SashaYuvelir: posts small blind $1
manly70: posts big blind $3
*** HOLE CARDS ***
SashaYuvelir: folds
Uncalled bet ($2) returned to manly70
manly70 collected $2 from pot
manly70: doesn't show hand
*** SUMMARY ***
Total pot $2 | Rake $0
Seat 4: manly70 (big blind) collected ($2)
Seat 5: SashaYuvelir (button) (small blind) folded before Flop


PokerStars Hand #144771350546:  Hold'em Limit ($3/$6 USD) - 2015/12/03 14:58:45 ET
Table 'Nymphe' 6-max Seat #4 is the button
Seat 4: manly70 ($24.34 in chips)
Seat 5: SashaYuvelir ($160.99 in chips)
manly70: posts small blind $1
SashaYuvelir: posts big blind $3
*** HOLE CARDS ***
manly70: folds
Uncalled bet ($2) returned to SashaYuvelir
SashaYuvelir collected $2 from pot
SashaYuvelir: doesn't show hand
*** SUMMARY ***
Total pot $2 | Rake $0
Seat 4: manly70 (button) (small blind) folded before Flop
Seat 5: SashaYuvelir (big blind) collected ($2)


PokerStars Hand #144771340004:  Hold'em Limit ($3/$6 USD) - 2015/12/03 14:58:31 ET
Table 'Nymphe' 6-max Seat #5 is the button
Seat 4: manly70 ($30.34 in chips)
Seat 5: SashaYuvelir ($155.23 in chips)
SashaYuvelir: posts small blind $1
manly70: posts big blind $3
*** HOLE CARDS ***
SashaYuvelir: raises $3 to $6
manly70: calls $3
*** FLOP *** [7d Td 9h]
manly70: checks
SashaYuvelir: bets $3
manly70: folds
Uncalled bet ($3) returned to SashaYuvelir
SashaYuvelir collected $11.76 from pot
SashaYuvelir: doesn't show hand
*** SUMMARY ***
Total pot $12 | Rake $0.24
Board [7d Td 9h]
Seat 4: manly70 (big blind) folded on the Flop
Seat 5: SashaYuvelir (button) (small blind) collected ($11.76)


PokerStars Hand #144771335767:  Hold'em Limit ($3/$6 USD) - 2015/12/03 14:58:25 ET
Table 'Nymphe' 6-max Seat #4 is the button
Seat 4: manly70 ($31.34 in chips)
Seat 5: SashaYuvelir ($154.23 in chips)
manly70: posts small blind $1
SashaYuvelir: posts big blind $3
*** HOLE CARDS ***
manly70: folds
Uncalled bet ($2) returned to SashaYuvelir
SashaYuvelir collected $2 from pot
*** SUMMARY ***
Total pot $2 | Rake $0
Seat 4: manly70 (button) (small blind) folded before Flop
Seat 5: SashaYuvelir (big blind) collected ($2)


PokerStars Hand #144771360905:  Hold'em Limit ($3/$6 USD) - 2015/12/03 14:58:59 ET
Table 'Nymphe' 6-max Seat #4 is the button
Seat 4: manly70 ($24.34 in chips)
Seat 5: SashaYuvelir ($160.99 in chips)
manly70: posts small blind $1
SashaYuvelir: posts big blind $3
*** HOLE CARDS ***
manly70: raises $3 to $6
SashaYuvelir: calls $3
*** FLOP *** [5h Jh Ac]
SashaYuvelir: checks
manly70: bets $3
SashaYuvelir: calls $3
*** TURN *** [5h Jh Ac] [8c]
SashaYuvelir: checks
manly70: bets $6
SashaYuvelir: raises $6 to $12
manly70: calls $6
*** RIVER *** [5h Jh Ac 8c] [7d]
SashaYuvelir: bets $6
manly70: calls $3.34 and is all-in
Uncalled bet ($2.66) returned to SashaYuvelir
*** SHOW DOWN ***
SashaYuvelir: shows [Kc Jd] (a pair of Jacks)
manly70: shows [As 2s] (a pair of Aces)
manly70 collected $48.18 from pot
*** SUMMARY ***
Total pot $48.68 | Rake $0.50
Board [5h Jh Ac 8c 7d]
Seat 4: manly70 (button) (small blind) showed [As 2s] and won ($48.18) with a pair of Aces
Seat 5: SashaYuvelir (big blind) showed [Kc Jd] and lost with a pair of Jacks


PokerStars Hand #144771380274:  Hold'em Limit ($3/$6 USD) - 2015/12/03 14:59:25 ET
Table 'Nymphe' 6-max Seat #5 is the button
Seat 4: manly70 ($48.18 in chips)
Seat 5: SashaYuvelir ($136.65 in chips)
SashaYuvelir: posts small blind $1
manly70: posts big blind $3
*** HOLE CARDS ***
SashaYuvelir: raises $3 to $6
manly70: calls $3
*** FLOP *** [Kc 4h Kh]
manly70: checks
SashaYuvelir: bets $3
manly70: calls $3
*** TURN *** [Kc 4h Kh] [3h]
manly70: checks
SashaYuvelir: checks
*** RIVER *** [Kc 4h Kh 3h] [9c]
manly70: checks
SashaYuvelir: checks
*** SHOW DOWN ***
manly70: shows [5d Ad] (a pair of Kings)
SashaYuvelir: mucks hand
manly70 collected $17.64 from pot
*** SUMMARY ***
Total pot $18 | Rake $0.36
Board [Kc 4h Kh 3h 9c]
Seat 4: manly70 (big blind) showed [5d Ad] and won ($17.64) with a pair of Kings
Seat 5: SashaYuvelir (button) (small blind) mucked


PokerStars Hand #144771394491:  Hold'em Limit ($3/$6 USD) - 2015/12/03 14:59:44 ET
Table 'Nymphe' 6-max Seat #4 is the button
Seat 4: manly70 ($56.82 in chips)
Seat 5: SashaYuvelir ($127.65 in chips)
manly70: posts small blind $1
SashaYuvelir: posts big blind $3
*** HOLE CARDS ***
manly70: raises $3 to $6
SashaYuvelir: calls $3
*** FLOP *** [Jd 4c Th]
SashaYuvelir: checks
manly70: bets $3
SashaYuvelir: calls $3
*** TURN *** [Jd 4c Th] [Kc]
SashaYuvelir: checks
manly70: checks
*** RIVER *** [Jd 4c Th Kc] [6d]
SashaYuvelir: checks
manly70: checks
*** SHOW DOWN ***
SashaYuvelir: shows [4d 5c] (a pair of Fours)
manly70: mucks hand
SashaYuvelir collected $17.64 from pot
*** SUMMARY ***
Total pot $18 | Rake $0.36
Board [Jd 4c Th Kc 6d]
Seat 4: manly70 (button) (small blind) mucked
Seat 5: SashaYuvelir (big blind) showed [4d 5c] and won ($17.64) with a pair of Fours


PokerStars Hand #144771408740:  Hold'em Limit ($3/$6 USD) - 2015/12/03 15:00:02 ET
Table 'Nymphe' 6-max Seat #5 is the button
Seat 4: manly70 ($47.82 in chips)
Seat 5: SashaYuvelir ($136.29 in chips)
SashaYuvelir: posts small blind $1
manly70: posts big blind $3
*** HOLE CARDS ***
SashaYuvelir: raises $3 to $6
manly70: calls $3
*** FLOP *** [Qd Ks 6s]
manly70: checks
SashaYuvelir: bets $3
manly70: calls $3
*** TURN *** [Qd Ks 6s] [8s]
manly70: checks
SashaYuvelir: checks
*** RIVER *** [Qd Ks 6s 8s] [2c]
manly70: checks
SashaYuvelir: checks
*** SHOW DOWN ***
manly70: shows [6h 9c] (a pair of Sixes)
SashaYuvelir: mucks hand
manly70 collected $17.64 from pot
*** SUMMARY ***
Total pot $18 | Rake $0.36
Board [Qd Ks 6s 8s 2c]
Seat 4: manly70 (big blind) showed [6h 9c] and won ($17.64) with a pair of Sixes
Seat 5: SashaYuvelir (button) (small blind) mucked


PokerStars Hand #144771439022:  Hold'em Limit ($3/$6 USD) - 2015/12/03 15:00:34 ET
Table 'Nymphe' 6-max Seat #4 is the button
Seat 4: manly70 ($56.46 in chips)
Seat 5: SashaYuvelir ($127.29 in chips)
manly70: posts small blind $1
SashaYuvelir: posts big blind $3
*** HOLE CARDS ***
manly70: raises $3 to $6
SashaYuvelir: calls $3
*** FLOP *** [Jc Kh 3h]
SashaYuvelir: checks
manly70: bets $3
SashaYuvelir: folds
Uncalled bet ($3) returned to manly70
manly70 collected $11.76 from pot
manly70: doesn't show hand
*** SUMMARY ***
Total pot $12 | Rake $0.24
Board [Jc Kh 3h]
Seat 4: manly70 (button) (small blind) collected ($11.76)
Seat 5: SashaYuvelir (big blind) folded on the Flop


PokerStars Hand #144771456299:  Hold'em Limit ($3/$6 USD) - 2015/12/03 15:00:54 ET
Table 'Nymphe' 6-max Seat #4 is the button
Seat 4: manly70 ($59.22 in chips)
Seat 5: SashaYuvelir ($124.29 in chips)
manly70: posts small blind $1
SashaYuvelir: posts big blind $3
*** HOLE CARDS ***
manly70: folds
Uncalled bet ($2) returned to SashaYuvelir
SashaYuvelir collected $2 from pot
SashaYuvelir: doesn't show hand
*** SUMMARY ***
Total pot $2 | Rake $0
Seat 4: manly70 (button) (small blind) folded before Flop
Seat 5: SashaYuvelir (big blind) collected ($2)


PokerStars Hand #144771449965:  Hold'em Limit ($3/$6 USD) - 2015/12/03 15:00:47 ET
Table 'Nymphe' 6-max Seat #5 is the button
Seat 4: manly70 ($62.22 in chips)
Seat 5: SashaYuvelir ($121.29 in chips)
SashaYuvelir: posts small blind $1
manly70: posts big blind $3
*** HOLE CARDS ***
SashaYuvelir: raises $3 to $6
manly70: folds
Uncalled bet ($3) returned to SashaYuvelir
SashaYuvelir collected $6 from pot
SashaYuvelir: doesn't show hand
*** SUMMARY ***
Total pot $6 | Rake $0
Seat 4: manly70 (big blind) folded before Flop
Seat 5: SashaYuvelir (button) (small blind) collected ($6)


PokerStars Hand #144771330338:  Hold'em Limit ($3/$6 USD) - 2015/12/03 14:58:18 ET
Table 'Nymphe' 6-max Seat #5 is the button
Seat 4: manly70 ($30.34 in chips)
Seat 5: SashaYuvelir ($155.23 in chips)
SashaYuvelir: posts small blind $1
manly70: posts big blind $3
*** HOLE CARDS ***
SashaYuvelir: folds
Uncalled bet ($2) returned to manly70
manly70 collected $2 from pot
manly70: doesn't show hand
*** SUMMARY ***
Total pot $2 | Rake $0
Seat 4: manly70 (big blind) collected ($2)
Seat 5: SashaYuvelir (button) (small blind) folded before Flop


PokerStars Hand #144771501343:  Hold'em Limit ($3/$6 USD) - 2015/12/03 15:01:42 ET
Table 'Nymphe' 6-max Seat #4 is the button
Seat 4: manly70 ($39.22 in chips)
Seat 5: SashaYuvelir ($143.57 in chips)
manly70: posts small blind $1
SashaYuvelir: posts big blind $3
*** HOLE CARDS ***
manly70: raises $3 to $6
SashaYuvelir: calls $3
*** FLOP *** [3s 5d 8s]
SashaYuvelir: checks
manly70: bets $3
SashaYuvelir: folds
Uncalled bet ($3) returned to manly70
manly70 collected $11.76 from pot
manly70: doesn't show hand
*** SUMMARY ***
Total pot $12 | Rake $0.24
Board [3s 5d 8s]
Seat 4: manly70 (button) (small blind) collected ($11.76)
Seat 5: SashaYuvelir (big blind) folded on the Flop


PokerStars Hand #144771476921:  Hold'em Limit ($3/$6 USD) - 2015/12/03 15:01:16 ET
Table 'Nymphe' 6-max Seat #4 is the button
Seat 4: manly70 ($49.22 in chips)
Seat 5: SashaYuvelir ($133.93 in chips)
manly70: posts small blind $1
SashaYuvelir: posts big blind $3
*** HOLE CARDS ***
manly70: folds
Uncalled bet ($2) returned to SashaYuvelir
SashaYuvelir collected $2 from pot
SashaYuvelir: doesn't show hand
*** SUMMARY ***
Total pot $2 | Rake $0
Seat 4: manly70 (button) (small blind) folded before Flop
Seat 5: SashaYuvelir (big blind) collected ($2)


PokerStars Hand #144771461437:  Hold'em Limit ($3/$6 USD) - 2015/12/03 15:01:00 ET
Table 'Nymphe' 6-max Seat #5 is the button
Seat 4: manly70 ($58.22 in chips)
Seat 5: SashaYuvelir ($125.29 in chips)
SashaYuvelir: posts small blind $1
manly70: posts big blind $3
*** HOLE CARDS ***
SashaYuvelir: raises $3 to $6
manly70: calls $3
*** FLOP *** [7c 3s 9d]
manly70: checks
SashaYuvelir: bets $3
manly70: calls $3
*** TURN *** [7c 3s 9d] [Ac]
manly70: checks
SashaYuvelir: bets $6
manly70: folds
Uncalled bet ($6) returned to SashaYuvelir
SashaYuvelir collected $17.64 from pot
SashaYuvelir: doesn't show hand
*** SUMMARY ***
Total pot $18 | Rake $0.36
Board [7c 3s 9d Ac]
Seat 4: manly70 (big blind) folded on the Turn
Seat 5: SashaYuvelir (button) (small blind) collected ($17.64)


PokerStars Hand #144771482180:  Hold'em Limit ($3/$6 USD) - 2015/12/03 15:01:22 ET
Table 'Nymphe' 6-max Seat #5 is the button
Seat 4: manly70 ($48.22 in chips)
Seat 5: SashaYuvelir ($134.93 in chips)
SashaYuvelir: posts small blind $1
manly70: posts big blind $3
*** HOLE CARDS ***
SashaYuvelir: raises $3 to $6
manly70: calls $3
*** FLOP *** [Jc 5h 7s]
manly70: checks
hairy1961 joins the table at seat #6
SashaYuvelir: bets $3
manly70: calls $3
*** TURN *** [Jc 5h 7s] [2h]
artiZzt joins the table at seat #1
manly70: checks
SashaYuvelir: bets $6
manly70: folds
Uncalled bet ($6) returned to SashaYuvelir
SashaYuvelir collected $17.64 from pot
SashaYuvelir: doesn't show hand
*** SUMMARY ***
Total pot $18 | Rake $0.36
Board [Jc 5h 7s 2h]
Seat 4: manly70 (big blind) folded on the Turn
Seat 5: SashaYuvelir (button) (small blind) collected ($17.64)


PokerStars Hand #144778147991:  Hold'em Limit ($3/$6 USD) - 2015/12/03 16:55:09 ET
Table 'Nymphe' 6-max Seat #4 is the button
Seat 4: fluit83 ($60 in chips)
Seat 5: BelSv ($78 in chips)
fluit83: posts small blind $1
BelSv: posts big blind $3
*** HOLE CARDS ***
fluit83: calls $2
BelSv: raises $3 to $6
fluit83: calls $3
*** FLOP *** [Ad Kc 5s]
BelSv: bets $3
fluit83: folds
Uncalled bet ($3) returned to BelSv
BelSv collected $11.76 from pot
BelSv: doesn't show hand
*** SUMMARY ***
Total pot $12 | Rake $0.24
Board [Ad Kc 5s]
Seat 4: fluit83 (button) (small blind) folded on the Flop
Seat 5: BelSv (big blind) collected ($11.76)


PokerStars Hand #144778176158:  Hold'em Limit ($3/$6 USD) - 2015/12/03 16:55:49 ET
Table 'Nymphe' 6-max Seat #4 is the button
Seat 4: fluit83 ($71.50 in chips)
Seat 5: BelSv ($78 in chips)
fluit83: posts small blind $1
BelSv: posts big blind $3
*** HOLE CARDS ***
fluit83: calls $2
BelSv: checks
*** FLOP *** [8h 3s As]
BelSv: bets $3
fluit83: folds
Uncalled bet ($3) returned to BelSv
BelSv collected $5.88 from pot
BelSv: doesn't show hand
*** SUMMARY ***
Total pot $6 | Rake $0.12
Board [8h 3s As]
Seat 4: fluit83 (button) (small blind) folded on the Flop
Seat 5: BelSv (big blind) collected ($5.88)


PokerStars Hand #144778185175:  Hold'em Limit ($3/$6 USD) - 2015/12/03 16:56:01 ET
Table 'Nymphe' 6-max Seat #5 is the button
Seat 4: fluit83 ($68.50 in chips)
Seat 5: BelSv ($80.88 in chips)
BelSv: posts small blind $1
fluit83: posts big blind $3
*** HOLE CARDS ***
BelSv: raises $3 to $6
fluit83: calls $3
*** FLOP *** [9h Qs 4c]
fluit83: checks
BelSv: bets $3
fluit83: raises $3 to $6
BelSv: calls $3
*** TURN *** [9h Qs 4c] [7h]
fluit83: bets $6
BelSv: calls $6
*** RIVER *** [9h Qs 4c 7h] [8d]
fluit83: bets $6
BelSv: folds
Uncalled bet ($6) returned to fluit83
fluit83 collected $35.50 from pot
fluit83: doesn't show hand
*** SUMMARY ***
Total pot $36 | Rake $0.50
Board [9h Qs 4c 7h 8d]
Seat 4: fluit83 (big blind) collected ($35.50)
Seat 5: BelSv (button) (small blind) folded on the River


PokerStars Hand #144778200912:  Hold'em Limit ($3/$6 USD) - 2015/12/03 16:56:23 ET
Table 'Nymphe' 6-max Seat #4 is the button
Seat 4: fluit83 ($86 in chips)
Seat 5: BelSv ($78 in chips)
fluit83: posts small blind $1
BelSv: posts big blind $3
*** HOLE CARDS ***
fluit83: folds
Uncalled bet ($2) returned to BelSv
BelSv collected $2 from pot
BelSv: doesn't show hand
*** SUMMARY ***
Total pot $2 | Rake $0
Seat 4: fluit83 (button) (small blind) folded before Flop
Seat 5: BelSv (big blind) collected ($2)


PokerStars Hand #144778205468:  Hold'em Limit ($3/$6 USD) - 2015/12/03 16:56:30 ET
Table 'Nymphe' 6-max Seat #5 is the button
Seat 4: fluit83 ($85 in chips)
Seat 5: BelSv ($79 in chips)
BelSv: posts small blind $1
fluit83: posts big blind $3
*** HOLE CARDS ***
BelSv: raises $3 to $6
fluit83: calls $3
*** FLOP *** [3d Th Ah]
fluit83: checks
BelSv: bets $3
fluit83: calls $3
*** TURN *** [3d Th Ah] [5c]
fluit83: checks
BelSv: bets $6
fluit83: raises $6 to $12
BelSv: calls $6
*** RIVER *** [3d Th Ah 5c] [8c]
fluit83: bets $6
BelSv: calls $6
*** SHOW DOWN ***
fluit83: shows [As Td] (two pair, Aces and Tens)
BelSv: mucks hand
fluit83 collected $53.50 from pot
*** SUMMARY ***
Total pot $54 | Rake $0.50
Board [3d Th Ah 5c 8c]
Seat 4: fluit83 (big blind) showed [As Td] and won ($53.50) with two pair, Aces and Tens
Seat 5: BelSv (button) (small blind) mucked


PokerStars Hand #144778224555:  Hold'em Limit ($3/$6 USD) - 2015/12/03 16:56:56 ET
Table 'Nymphe' 6-max Seat #4 is the button
Seat 4: fluit83 ($111.50 in chips)
Seat 5: BelSv ($78 in chips)
fluit83: posts small blind $1
BelSv: posts big blind $3
*** HOLE CARDS ***
fluit83: calls $2
BelSv: raises $3 to $6
SashaYuvelir joins the table at seat #6
fluit83: calls $3
*** FLOP *** [Qd Kh 4c]
BelSv: bets $3
fluit83: folds
Uncalled bet ($3) returned to BelSv
BelSv collected $11.76 from pot
BelSv: doesn't show hand
*** SUMMARY ***
Total pot $12 | Rake $0.24
Board [Qd Kh 4c]
Seat 4: fluit83 (button) (small blind) folded on the Flop
Seat 5: BelSv (big blind) collected ($11.76)


