PokerStars Hand #157777087979:  Hold'em Limit ($3/$6 USD) - 2016/08/26 16:58:02 ET
Table 'Nymphe' 6-max Seat #4 is the button
Seat 3: minigus575 ($119 in chips)
Seat 4: AzureCaper ($73 in chips)
AzureCaper: posts small blind $1
minigus575: posts big blind $3
*** HOLE CARDS ***
AzureCaper: raises $3 to $6
minigus575: calls $3
*** FLOP *** [Kd 7h 3s]
minigus575: checks
AzureCaper: bets $3
minigus575: calls $3
*** TURN *** [Kd 7h 3s] [4s]
minigus575: checks
AzureCaper: checks
*** RIVER *** [Kd 7h 3s 4s] [3d]
minigus575: bets $6
AzureCaper: folds
Uncalled bet ($6) returned to minigus575
minigus575 collected $17.64 from pot
minigus575: doesn't show hand
*** SUMMARY ***
Total pot $18 | Rake $0.36
Board [Kd 7h 3s 4s 3d]
Seat 3: minigus575 (big blind) collected ($17.64)
Seat 4: AzureCaper (button) (small blind) folded on the River


PokerStars Hand #157777104390:  Hold'em Limit ($3/$6 USD) - 2016/08/26 16:58:29 ET
Table 'Nymphe' 6-max Seat #3 is the button
Seat 3: minigus575 ($127.64 in chips)
Seat 4: AzureCaper ($72 in chips)
minigus575: posts small blind $1
AzureCaper: posts big blind $3
*** HOLE CARDS ***
minigus575: raises $3 to $6
AzureCaper: calls $3
*** FLOP *** [Kh 3d Kc]
AzureCaper: checks
minigus575: bets $3
AzureCaper: folds
Uncalled bet ($3) returned to minigus575
minigus575 collected $11.76 from pot
minigus575: doesn't show hand
*** SUMMARY ***
Total pot $12 | Rake $0.24
Board [Kh 3d Kc]
Seat 3: minigus575 (button) (small blind) collected ($11.76)
Seat 4: AzureCaper (big blind) folded on the Flop


PokerStars Hand #157777111384:  Hold'em Limit ($3/$6 USD) - 2016/08/26 16:58:41 ET
Table 'Nymphe' 6-max Seat #4 is the button
Seat 3: minigus575 ($133.40 in chips)
Seat 4: AzureCaper ($72 in chips)
AzureCaper: posts small blind $1
minigus575: posts big blind $3
*** HOLE CARDS ***
AzureCaper: folds
Uncalled bet ($2) returned to minigus575
minigus575 collected $2 from pot
minigus575: doesn't show hand
*** SUMMARY ***
Total pot $2 | Rake $0
Seat 3: minigus575 (big blind) collected ($2)
Seat 4: AzureCaper (button) (small blind) folded before Flop


PokerStars Hand #157777114433:  Hold'em Limit ($3/$6 USD) - 2016/08/26 16:58:46 ET
Table 'Nymphe' 6-max Seat #3 is the button
Seat 3: minigus575 ($134.40 in chips)
Seat 4: AzureCaper ($72 in chips)
minigus575: posts small blind $1
AzureCaper: posts big blind $3
*** HOLE CARDS ***
minigus575: raises $3 to $6
AzureCaper: calls $3
*** FLOP *** [5d Tc 8h]
AzureCaper: checks
minigus575: bets $3
AzureCaper: folds
Uncalled bet ($3) returned to minigus575
minigus575 collected $11.76 from pot
minigus575: doesn't show hand
*** SUMMARY ***
Total pot $12 | Rake $0.24
Board [5d Tc 8h]
Seat 3: minigus575 (button) (small blind) collected ($11.76)
Seat 4: AzureCaper (big blind) folded on the Flop


PokerStars Hand #157777126596:  Hold'em Limit ($3/$6 USD) - 2016/08/26 16:59:06 ET
Table 'Nymphe' 6-max Seat #4 is the button
Seat 3: minigus575 ($140.16 in chips)
Seat 4: AzureCaper ($72 in chips)
AzureCaper: posts small blind $1
minigus575: posts big blind $3
*** HOLE CARDS ***
AzureCaper: raises $3 to $6
minigus575: calls $3
*** FLOP *** [6c 8h 9d]
minigus575: checks
AzureCaper: bets $3
minigus575: raises $3 to $6
AzureCaper: folds
Uncalled bet ($3) returned to minigus575
minigus575 collected $17.64 from pot
minigus575: doesn't show hand
*** SUMMARY ***
Total pot $18 | Rake $0.36
Board [6c 8h 9d]
Seat 3: minigus575 (big blind) collected ($17.64)
Seat 4: AzureCaper (button) (small blind) folded on the Flop


PokerStars Hand #157777156954:  Hold'em Limit ($3/$6 USD) - 2016/08/26 16:59:56 ET
Table 'Nymphe' 6-max Seat #4 is the button
Seat 3: minigus575 ($157.44 in chips)
Seat 4: AzureCaper ($72 in chips)
AzureCaper: posts small blind $1
minigus575: posts big blind $3
*** HOLE CARDS ***
AzureCaper: folds
Uncalled bet ($2) returned to minigus575
minigus575 collected $2 from pot
minigus575: doesn't show hand
*** SUMMARY ***
Total pot $2 | Rake $0
Seat 3: minigus575 (big blind) collected ($2)
Seat 4: AzureCaper (button) (small blind) folded before Flop


PokerStars Hand #157777137905:  Hold'em Limit ($3/$6 USD) - 2016/08/26 16:59:25 ET
Table 'Nymphe' 6-max Seat #3 is the button
Seat 3: minigus575 ($148.80 in chips)
Seat 4: AzureCaper ($72 in chips)
minigus575: posts small blind $1
AzureCaper: posts big blind $3
*** HOLE CARDS ***
minigus575: raises $3 to $6
AzureCaper: calls $3
*** FLOP *** [8d Th Ad]
AzureCaper: checks
minigus575: bets $3
AzureCaper: calls $3
*** TURN *** [8d Th Ad] [Jc]
AzureCaper: checks
minigus575: bets $6
AzureCaper: folds
Uncalled bet ($6) returned to minigus575
minigus575 collected $17.64 from pot
minigus575: doesn't show hand
*** SUMMARY ***
Total pot $18 | Rake $0.36
Board [8d Th Ad Jc]
Seat 3: minigus575 (button) (small blind) collected ($17.64)
Seat 4: AzureCaper (big blind) folded on the Turn


PokerStars Hand #157777159729:  Hold'em Limit ($3/$6 USD) - 2016/08/26 17:00:01 ET
Table 'Nymphe' 6-max Seat #3 is the button
Seat 3: minigus575 ($158.44 in chips)
Seat 4: AzureCaper ($72 in chips)
minigus575: posts small blind $1
AzureCaper: posts big blind $3
*** HOLE CARDS ***
minigus575: raises $3 to $6
AzureCaper: calls $3
*** FLOP *** [5s 2h Tc]
AzureCaper: checks
minigus575: bets $3
AzureCaper: folds
Uncalled bet ($3) returned to minigus575
minigus575 collected $11.76 from pot
minigus575: doesn't show hand
*** SUMMARY ***
Total pot $12 | Rake $0.24
Board [5s 2h Tc]
Seat 3: minigus575 (button) (small blind) collected ($11.76)
Seat 4: AzureCaper (big blind) folded on the Flop


PokerStars Hand #157777170004:  Hold'em Limit ($3/$6 USD) - 2016/08/26 17:00:17 ET
Table 'Nymphe' 6-max Seat #4 is the button
Seat 3: minigus575 ($164.20 in chips)
Seat 4: AzureCaper ($72 in chips)
AzureCaper: posts small blind $1
minigus575: posts big blind $3
*** HOLE CARDS ***
AzureCaper: folds
Uncalled bet ($2) returned to minigus575
minigus575 collected $2 from pot
minigus575: doesn't show hand
*** SUMMARY ***
Total pot $2 | Rake $0
Seat 3: minigus575 (big blind) collected ($2)
Seat 4: AzureCaper (button) (small blind) folded before Flop


PokerStars Hand #157777172899:  Hold'em Limit ($3/$6 USD) - 2016/08/26 17:00:22 ET
Table 'Nymphe' 6-max Seat #3 is the button
Seat 3: minigus575 ($165.20 in chips)
Seat 4: AzureCaper ($72 in chips)
minigus575: posts small blind $1
AzureCaper: posts big blind $3
*** HOLE CARDS ***
minigus575: raises $3 to $6
AzureCaper: calls $3
*** FLOP *** [Qd 2s Th]
AzureCaper: checks
minigus575: bets $3
AzureCaper: calls $3
*** TURN *** [Qd 2s Th] [7s]
AzureCaper: checks
minigus575: checks
*** RIVER *** [Qd 2s Th 7s] [7c]
AzureCaper: checks
minigus575: checks
*** SHOW DOWN ***
AzureCaper: shows [Kd 9h] (a pair of Sevens)
minigus575: shows [Ad 6h] (a pair of Sevens - Ace kicker)
minigus575 collected $17.64 from pot
*** SUMMARY ***
Total pot $18 | Rake $0.36
Board [Qd 2s Th 7s 7c]
Seat 3: minigus575 (button) (small blind) showed [Ad 6h] and won ($17.64) with a pair of Sevens
Seat 4: AzureCaper (big blind) showed [Kd 9h] and lost with a pair of Sevens


PokerStars Hand #157777185368:  Hold'em Limit ($3/$6 USD) - 2016/08/26 17:00:42 ET
Table 'Nymphe' 6-max Seat #4 is the button
Seat 3: minigus575 ($173.84 in chips)
Seat 4: AzureCaper ($72 in chips)
AzureCaper: posts small blind $1
minigus575: posts big blind $3
*** HOLE CARDS ***
AzureCaper: folds
Uncalled bet ($2) returned to minigus575
minigus575 collected $2 from pot
minigus575: doesn't show hand
*** SUMMARY ***
Total pot $2 | Rake $0
Seat 3: minigus575 (big blind) collected ($2)
Seat 4: AzureCaper (button) (small blind) folded before Flop


PokerStars Hand #157777188419:  Hold'em Limit ($3/$6 USD) - 2016/08/26 17:00:46 ET
Table 'Nymphe' 6-max Seat #3 is the button
Seat 3: minigus575 ($174.84 in chips)
Seat 4: AzureCaper ($72 in chips)
minigus575: posts small blind $1
AzureCaper: posts big blind $3
*** HOLE CARDS ***
minigus575: calls $2
AzureCaper: checks
*** FLOP *** [2d 8d 9s]
AzureCaper: bets $3
minigus575: folds
Uncalled bet ($3) returned to AzureCaper
AzureCaper collected $5.88 from pot
AzureCaper: doesn't show hand
*** SUMMARY ***
Total pot $6 | Rake $0.12
Board [2d 8d 9s]
Seat 3: minigus575 (button) (small blind) folded on the Flop
Seat 4: AzureCaper (big blind) collected ($5.88)


PokerStars Hand #157777197560:  Hold'em Limit ($3/$6 USD) - 2016/08/26 17:01:01 ET
Table 'Nymphe' 6-max Seat #4 is the button
Seat 3: minigus575 ($171.84 in chips)
Seat 4: AzureCaper ($74.88 in chips)
AzureCaper: posts small blind $1
minigus575: posts big blind $3
*** HOLE CARDS ***
AzureCaper: raises $3 to $6
minigus575: calls $3
*** FLOP *** [2d 8d 6s]
minigus575: checks
AzureCaper: bets $3
minigus575: folds
Uncalled bet ($3) returned to AzureCaper
AzureCaper collected $11.76 from pot
AzureCaper: doesn't show hand
*** SUMMARY ***
Total pot $12 | Rake $0.24
Board [2d 8d 6s]
Seat 3: minigus575 (big blind) folded on the Flop
Seat 4: AzureCaper (button) (small blind) collected ($11.76)


PokerStars Hand #157777206622:  Hold'em Limit ($3/$6 USD) - 2016/08/26 17:01:14 ET
Table 'Nymphe' 6-max Seat #3 is the button
Seat 3: minigus575 ($165.84 in chips)
Seat 4: AzureCaper ($80.64 in chips)
minigus575: posts small blind $1
AzureCaper: posts big blind $3
*** HOLE CARDS ***
minigus575: calls $2
AzureCaper: checks
*** FLOP *** [Jd Qh 9d]
AzureCaper: checks
minigus575: checks
*** TURN *** [Jd Qh 9d] [Ts]
AzureCaper: bets $6
minigus575: raises $6 to $12
AzureCaper: folds
Uncalled bet ($6) returned to minigus575
minigus575 collected $17.64 from pot
minigus575: doesn't show hand
*** SUMMARY ***
Total pot $18 | Rake $0.36
Board [Jd Qh 9d Ts]
Seat 3: minigus575 (button) (small blind) collected ($17.64)
Seat 4: AzureCaper (big blind) folded on the Turn


PokerStars Hand #157777217310:  Hold'em Limit ($3/$6 USD) - 2016/08/26 17:01:29 ET
Table 'Nymphe' 6-max Seat #4 is the button
Seat 3: minigus575 ($174.48 in chips)
Seat 4: AzureCaper ($72 in chips)
AzureCaper: posts small blind $1
minigus575: posts big blind $3
*** HOLE CARDS ***
AzureCaper: folds
Uncalled bet ($2) returned to minigus575
minigus575 collected $2 from pot
minigus575: doesn't show hand
*** SUMMARY ***
Total pot $2 | Rake $0
Seat 3: minigus575 (big blind) collected ($2)
Seat 4: AzureCaper (button) (small blind) folded before Flop


PokerStars Hand #157777221121:  Hold'em Limit ($3/$6 USD) - 2016/08/26 17:01:34 ET
Table 'Nymphe' 6-max Seat #3 is the button
Seat 3: minigus575 ($175.48 in chips)
Seat 4: AzureCaper ($72 in chips)
minigus575: posts small blind $1
AzureCaper: posts big blind $3
*** HOLE CARDS ***
minigus575: raises $3 to $6
AzureCaper: calls $3
*** FLOP *** [5s Tc 4c]
AzureCaper: bets $3
minigus575: raises $3 to $6
AzureCaper: calls $3
*** TURN *** [5s Tc 4c] [As]
AzureCaper: bets $6
minigus575: calls $6
*** RIVER *** [5s Tc 4c As] [3s]
Holla-eller? joins the table at seat #6
AzureCaper: bets $6
minigus575: folds
Uncalled bet ($6) returned to AzureCaper
Velbor107 joins the table at seat #1
AzureCaper collected $35.50 from pot
AzureCaper: doesn't show hand
*** SUMMARY ***
Total pot $36 | Rake $0.50
Board [5s Tc 4c As 3s]
Seat 3: minigus575 (button) (small blind) folded on the River
Seat 4: AzureCaper (big blind) collected ($35.50)


PokerStars Hand #157780631004:  Hold'em Limit ($3/$6 USD) - 2016/08/26 18:22:49 ET
Table 'Nymphe' 6-max Seat #3 is the button
Seat 3: Holla-eller? ($120 in chips)
Seat 4: AzureCaper ($72 in chips)
Holla-eller?: posts small blind $1
Brama Br joins the table at seat #1
AzureCaper: posts big blind $3
*** HOLE CARDS ***
Holla-eller?: raises $3 to $6
AzureCaper: calls $3
*** FLOP *** [Js Ac 7h]
AzureCaper: checks
Holla-eller?: bets $3
AzureCaper: raises $3 to $6
Holla-eller?: raises $3 to $9
AzureCaper: raises $3 to $12
Betting is capped
Holla-eller?: calls $3
*** TURN *** [Js Ac 7h] [7d]
AzureCaper: bets $6
Holla-eller?: calls $6
*** RIVER *** [Js Ac 7h 7d] [Ks]
AzureCaper: bets $6
Holla-eller?: raises $6 to $12
AzureCaper: calls $6
*** SHOW DOWN ***
Holla-eller?: shows [Qh Tc] (a straight, Ten to Ace)
AzureCaper: mucks hand
Holla-eller? collected $71.50 from pot
*** SUMMARY ***
Total pot $72 | Rake $0.50
Board [Js Ac 7h 7d Ks]
Seat 3: Holla-eller? (button) (small blind) showed [Qh Tc] and won ($71.50) with a straight, Ten to Ace
Seat 4: AzureCaper (big blind) mucked


PokerStars Hand #157782761875:  Hold'em Limit ($3/$6 USD) - 2016/08/26 19:22:29 ET
Table 'Nymphe' 6-max Seat #6 is the button
Seat 4: AzureCaper ($218.85 in chips)
Seat 6: bangolfaren ($73.27 in chips)
renene will be allowed to play after the button
bangolfaren: posts small blind $1
AzureCaper: posts big blind $3
*** HOLE CARDS ***
bangolfaren: raises $3 to $6
AzureCaper: folds
Uncalled bet ($3) returned to bangolfaren
bangolfaren collected $6 from pot
bangolfaren: doesn't show hand
*** SUMMARY ***
Total pot $6 | Rake $0
Seat 4: AzureCaper (big blind) folded before Flop
Seat 6: bangolfaren (button) (small blind) collected ($6)


PokerStars Hand #157783457776:  Hold'em Limit ($3/$6 USD) - 2016/08/26 19:44:07 ET
Table 'Nymphe' 6-max Seat #2 is the button
Seat 2: Mahmoudjan11 ($144.77 in chips)
Seat 4: AzureCaper ($203.19 in chips)
Mahmoudjan11: posts small blind $1
AzureCaper: posts big blind $3
*** HOLE CARDS ***
Mahmoudjan11: raises $3 to $6
AzureCaper: folds
Uncalled bet ($3) returned to Mahmoudjan11
Mahmoudjan11 collected $6 from pot
Mahmoudjan11: doesn't show hand
*** SUMMARY ***
Total pot $6 | Rake $0
Seat 2: Mahmoudjan11 (button) (small blind) collected ($6)
Seat 4: AzureCaper (big blind) folded before Flop


PokerStars Hand #157783443338:  Hold'em Limit ($3/$6 USD) - 2016/08/26 19:43:39 ET
Table 'Nymphe' 6-max Seat #2 is the button
Seat 2: Mahmoudjan11 ($115.77 in chips)
Seat 4: AzureCaper ($233.19 in chips)
Mahmoudjan11: posts small blind $1
AzureCaper: posts big blind $3
*** HOLE CARDS ***
Mahmoudjan11: raises $3 to $6
AzureCaper: calls $3
*** FLOP *** [6c 2c 2s]
AzureCaper: checks
Mahmoudjan11: bets $3
AzureCaper: calls $3
*** TURN *** [6c 2c 2s] [5c]
AzureCaper: checks
Mahmoudjan11: bets $6
AzureCaper: calls $6
*** RIVER *** [6c 2c 2s 5c] [Qh]
AzureCaper: checks
Mahmoudjan11: bets $6
AzureCaper: folds
Uncalled bet ($6) returned to Mahmoudjan11
Mahmoudjan11 collected $29.50 from pot
Mahmoudjan11: doesn't show hand
*** SUMMARY ***
Total pot $30 | Rake $0.50
Board [6c 2c 2s 5c Qh]
Seat 2: Mahmoudjan11 (button) (small blind) collected ($29.50)
Seat 4: AzureCaper (big blind) folded on the River


PokerStars Hand #157783450464:  Hold'em Limit ($3/$6 USD) - 2016/08/26 19:43:53 ET
Table 'Nymphe' 6-max Seat #4 is the button
Seat 2: Mahmoudjan11 ($130.27 in chips)
Seat 4: AzureCaper ($218.19 in chips)
AzureCaper: posts small blind $1
Mahmoudjan11: posts big blind $3
*** HOLE CARDS ***
AzureCaper: raises $3 to $6
Mahmoudjan11: calls $3
*** FLOP *** [2d 3d 9c]
Mahmoudjan11: checks
AzureCaper: bets $3
Mahmoudjan11: calls $3
*** TURN *** [2d 3d 9c] [Ks]
Mahmoudjan11: checks
AzureCaper: checks
*** RIVER *** [2d 3d 9c Ks] [4c]
Mahmoudjan11: bets $6
AzureCaper: calls $6
*** SHOW DOWN ***
Mahmoudjan11: shows [2s 3s] (two pair, Threes and Deuces)
AzureCaper: mucks hand
Mahmoudjan11 collected $29.50 from pot
*** SUMMARY ***
Total pot $30 | Rake $0.50
Board [2d 3d 9c Ks 4c]
Seat 2: Mahmoudjan11 (big blind) showed [2s 3s] and won ($29.50) with two pair, Threes and Deuces
Seat 4: AzureCaper (button) (small blind) mucked


PokerStars Hand #157783480226:  Hold'em Limit ($3/$6 USD) - 2016/08/26 19:44:52 ET
Table 'Nymphe' 6-max Seat #4 is the button
Seat 2: Mahmoudjan11 ($191.77 in chips)
Seat 4: AzureCaper ($155.19 in chips)
AzureCaper: posts small blind $1
Mahmoudjan11: posts big blind $3
*** HOLE CARDS ***
AzureCaper: folds
Uncalled bet ($2) returned to Mahmoudjan11
Mahmoudjan11 collected $2 from pot
Mahmoudjan11: doesn't show hand
*** SUMMARY ***
Total pot $2 | Rake $0
Seat 2: Mahmoudjan11 (big blind) collected ($2)
Seat 4: AzureCaper (button) (small blind) folded before Flop


PokerStars Hand #157783468511:  Hold'em Limit ($3/$6 USD) - 2016/08/26 19:44:29 ET
Table 'Nymphe' 6-max Seat #2 is the button
Seat 2: Mahmoudjan11 ($162.27 in chips)
Seat 4: AzureCaper ($185.19 in chips)
Mahmoudjan11: posts small blind $1
AzureCaper: posts big blind $3
*** HOLE CARDS ***
Mahmoudjan11: raises $3 to $6
AzureCaper: calls $3
*** FLOP *** [4c 3s 6c]
AzureCaper: checks
Mahmoudjan11: bets $3
AzureCaper: raises $3 to $6
Mahmoudjan11: calls $3
*** TURN *** [4c 3s 6c] [3d]
AzureCaper: bets $6
Mahmoudjan11: calls $6
*** RIVER *** [4c 3s 6c 3d] [2c]
AzureCaper: bets $6
Mahmoudjan11: raises $6 to $12
AzureCaper: calls $6
*** SHOW DOWN ***
Mahmoudjan11: shows [Kc Ac] (a flush, Ace high)
AzureCaper: mucks hand
Mahmoudjan11 collected $59.50 from pot
*** SUMMARY ***
Total pot $60 | Rake $0.50
Board [4c 3s 6c 3d 2c]
Seat 2: Mahmoudjan11 (button) (small blind) showed [Kc Ac] and won ($59.50) with a flush, Ace high
Seat 4: AzureCaper (big blind) mucked


PokerStars Hand #157783461252:  Hold'em Limit ($3/$6 USD) - 2016/08/26 19:44:14 ET
Table 'Nymphe' 6-max Seat #4 is the button
Seat 2: Mahmoudjan11 ($147.77 in chips)
Seat 4: AzureCaper ($200.19 in chips)
AzureCaper: posts small blind $1
Mahmoudjan11: posts big blind $3
*** HOLE CARDS ***
AzureCaper: raises $3 to $6
Mahmoudjan11: calls $3
*** FLOP *** [4h 9c 5s]
Mahmoudjan11: checks
AzureCaper: bets $3
Mahmoudjan11: calls $3
*** TURN *** [4h 9c 5s] [Ad]
Mahmoudjan11: checks
AzureCaper: bets $6
Mahmoudjan11: calls $6
*** RIVER *** [4h 9c 5s Ad] [3s]
Mahmoudjan11: checks
AzureCaper: checks
*** SHOW DOWN ***
Mahmoudjan11: shows [4d Kc] (a pair of Fours)
AzureCaper: mucks hand
Mahmoudjan11 collected $29.50 from pot
*** SUMMARY ***
Total pot $30 | Rake $0.50
Board [4h 9c 5s Ad 3s]
Seat 2: Mahmoudjan11 (big blind) showed [4d Kc] and won ($29.50) with a pair of Fours
Seat 4: AzureCaper (button) (small blind) mucked


PokerStars Hand #157783490006:  Hold'em Limit ($3/$6 USD) - 2016/08/26 19:45:11 ET
Table 'Nymphe' 6-max Seat #2 is the button
Seat 2: Mahmoudjan11 ($186.77 in chips)
Seat 4: AzureCaper ($165.65 in chips)
Mahmoudjan11: posts small blind $1
AzureCaper: posts big blind $3
*** HOLE CARDS ***
Mahmoudjan11: folds
Uncalled bet ($2) returned to AzureCaper
AzureCaper collected $2 from pot
AzureCaper: doesn't show hand
*** SUMMARY ***
Total pot $2 | Rake $0
Seat 2: Mahmoudjan11 (button) (small blind) folded before Flop
Seat 4: AzureCaper (big blind) collected ($2)


PokerStars Hand #157783513658:  Hold'em Limit ($3/$6 USD) - 2016/08/26 19:45:43 ET
Table 'Nymphe' 6-max Seat #4 is the button
Seat 2: Mahmoudjan11 ($157.77 in chips)
Seat 4: AzureCaper ($194.15 in chips)
AzureCaper: posts small blind $1
Mahmoudjan11: posts big blind $3
*** HOLE CARDS ***
AzureCaper: raises $3 to $6
Mahmoudjan11: calls $3
*** FLOP *** [Ad 9h Qd]
Mahmoudjan11: checks
AzureCaper: bets $3
Mahmoudjan11: calls $3
*** TURN *** [Ad 9h Qd] [2h]
Mahmoudjan11: checks
AzureCaper: bets $6
Mahmoudjan11: raises $6 to $12
AzureCaper: calls $6
*** RIVER *** [Ad 9h Qd 2h] [2c]
Mahmoudjan11: bets $6
AzureCaper: calls $6
*** SHOW DOWN ***
Mahmoudjan11: shows [5c Jh] (a pair of Deuces)
AzureCaper: shows [Js Qc] (two pair, Queens and Deuces)
AzureCaper collected $53.50 from pot
*** SUMMARY ***
Total pot $54 | Rake $0.50
Board [Ad 9h Qd 2h 2c]
Seat 2: Mahmoudjan11 (big blind) showed [5c Jh] and lost with a pair of Deuces
Seat 4: AzureCaper (button) (small blind) showed [Js Qc] and won ($53.50) with two pair, Queens and Deuces


PokerStars Hand #157783510670:  Hold'em Limit ($3/$6 USD) - 2016/08/26 19:45:37 ET
Table 'Nymphe' 6-max Seat #2 is the button
Seat 2: Mahmoudjan11 ($158.77 in chips)
Seat 4: AzureCaper ($193.15 in chips)
Mahmoudjan11: posts small blind $1
AzureCaper: posts big blind $3
*** HOLE CARDS ***
Mahmoudjan11: folds
Uncalled bet ($2) returned to AzureCaper
AzureCaper collected $2 from pot
AzureCaper: doesn't show hand
*** SUMMARY ***
Total pot $2 | Rake $0
Seat 2: Mahmoudjan11 (button) (small blind) folded before Flop
Seat 4: AzureCaper (big blind) collected ($2)


PokerStars Hand #157783492517:  Hold'em Limit ($3/$6 USD) - 2016/08/26 19:45:16 ET
Table 'Nymphe' 6-max Seat #4 is the button
Seat 2: Mahmoudjan11 ($185.77 in chips)
Seat 4: AzureCaper ($166.65 in chips)
AzureCaper: posts small blind $1
Mahmoudjan11: posts big blind $3
*** HOLE CARDS ***
AzureCaper: raises $3 to $6
Mahmoudjan11: raises $3 to $9
AzureCaper: calls $3
*** FLOP *** [7s 2s 5s]
Mahmoudjan11: bets $3
AzureCaper: raises $3 to $6
Mahmoudjan11: calls $3
*** TURN *** [7s 2s 5s] [5c]
Mahmoudjan11: checks
AzureCaper: bets $6
Mahmoudjan11: calls $6
*** RIVER *** [7s 2s 5s 5c] [Js]
Mahmoudjan11: checks
AzureCaper: bets $6
Mahmoudjan11: calls $6
*** SHOW DOWN ***
AzureCaper: shows [5d 4s] (a flush, Jack high)
Mahmoudjan11: mucks hand
AzureCaper collected $53.50 from pot
*** SUMMARY ***
Total pot $54 | Rake $0.50
Board [7s 2s 5s 5c Js]
Seat 2: Mahmoudjan11 (big blind) mucked
Seat 4: AzureCaper (button) (small blind) showed [5d 4s] and won ($53.50) with a flush, Jack high


PokerStars Hand #157783529409:  Hold'em Limit ($3/$6 USD) - 2016/08/26 19:46:14 ET
Table 'Nymphe' 6-max Seat #4 is the button
Seat 2: Mahmoudjan11 ($94.77 in chips)
Seat 4: AzureCaper ($256.15 in chips)
AzureCaper: posts small blind $1
Mahmoudjan11: posts big blind $3
*** HOLE CARDS ***
AzureCaper: folds
Uncalled bet ($2) returned to Mahmoudjan11
Mahmoudjan11 collected $2 from pot
Mahmoudjan11: doesn't show hand
*** SUMMARY ***
Total pot $2 | Rake $0
Seat 2: Mahmoudjan11 (big blind) collected ($2)
Seat 4: AzureCaper (button) (small blind) folded before Flop


PokerStars Hand #157783520995:  Hold'em Limit ($3/$6 USD) - 2016/08/26 19:45:58 ET
Table 'Nymphe' 6-max Seat #2 is the button
Seat 2: Mahmoudjan11 ($130.77 in chips)
Seat 4: AzureCaper ($220.65 in chips)
Mahmoudjan11: posts small blind $1
AzureCaper: posts big blind $3
*** HOLE CARDS ***
Mahmoudjan11: raises $3 to $6
AzureCaper: calls $3
*** FLOP *** [Tc 6h 3h]
AzureCaper: checks
Mahmoudjan11: bets $3
AzureCaper: raises $3 to $6
Mahmoudjan11: calls $3
*** TURN *** [Tc 6h 3h] [5s]
AzureCaper: bets $6
Mahmoudjan11: raises $6 to $12
AzureCaper: raises $6 to $18
Mahmoudjan11: calls $6
*** RIVER *** [Tc 6h 3h 5s] [6d]
AzureCaper: bets $6
Mahmoudjan11: calls $6
*** SHOW DOWN ***
AzureCaper: shows [Ts 6s] (a full house, Sixes full of Tens)
Mahmoudjan11: mucks hand
AzureCaper collected $71.50 from pot
*** SUMMARY ***
Total pot $72 | Rake $0.50
Board [Tc 6h 3h 5s 6d]
Seat 2: Mahmoudjan11 (button) (small blind) mucked
Seat 4: AzureCaper (big blind) showed [Ts 6s] and won ($71.50) with a full house, Sixes full of Tens


PokerStars Hand #157783534654:  Hold'em Limit ($3/$6 USD) - 2016/08/26 19:46:25 ET
Table 'Nymphe' 6-max Seat #4 is the button
Seat 2: Mahmoudjan11 ($94.77 in chips)
Seat 4: AzureCaper ($256.15 in chips)
AzureCaper: posts small blind $1
Mahmoudjan11: posts big blind $3
*** HOLE CARDS ***
AzureCaper: raises $3 to $6
Mahmoudjan11: raises $3 to $9
AzureCaper: calls $3
*** FLOP *** [6s 6d Ad]
Mahmoudjan11: bets $3
AzureCaper: folds
Uncalled bet ($3) returned to Mahmoudjan11
Mahmoudjan11 collected $17.64 from pot
Mahmoudjan11: doesn't show hand
*** SUMMARY ***
Total pot $18 | Rake $0.36
Board [6s 6d Ad]
Seat 2: Mahmoudjan11 (big blind) collected ($17.64)
Seat 4: AzureCaper (button) (small blind) folded on the Flop


PokerStars Hand #157783532039:  Hold'em Limit ($3/$6 USD) - 2016/08/26 19:46:20 ET
Table 'Nymphe' 6-max Seat #2 is the button
Seat 2: Mahmoudjan11 ($95.77 in chips)
Seat 4: AzureCaper ($255.15 in chips)
Mahmoudjan11: posts small blind $1
AzureCaper: posts big blind $3
*** HOLE CARDS ***
Mahmoudjan11: folds
Uncalled bet ($2) returned to AzureCaper
AzureCaper collected $2 from pot
AzureCaper: doesn't show hand
*** SUMMARY ***
Total pot $2 | Rake $0
Seat 2: Mahmoudjan11 (button) (small blind) folded before Flop
Seat 4: AzureCaper (big blind) collected ($2)


PokerStars Hand #157783811430:  Hold'em Limit ($3/$6 USD) - 2016/08/26 19:55:42 ET
Table 'Nymphe' 6-max Seat #4 is the button
Seat 1: renene ($61.48 in chips)
Seat 4: AzureCaper ($369.94 in chips)
andyrr will be allowed to play after the button
AzureCaper: posts small blind $1
I M GOIN OFF: is sitting out
renene: posts big blind $3
*** HOLE CARDS ***
AzureCaper: raises $3 to $6
renene: folds
Uncalled bet ($3) returned to AzureCaper
AzureCaper collected $6 from pot
AzureCaper: doesn't show hand
*** SUMMARY ***
Total pot $6 | Rake $0
Seat 1: renene (big blind) folded before Flop
Seat 4: AzureCaper (button) (small blind) collected ($6)


PokerStars Hand #157783855328:  Hold'em Limit ($3/$6 USD) - 2016/08/26 19:57:26 ET
Table 'Nymphe' 6-max Seat #1 is the button
Seat 1: renene ($25.48 in chips)
Seat 4: AzureCaper ($347.77 in chips)
renene: posts small blind $1
AzureCaper: posts big blind $3
*** HOLE CARDS ***
renene: calls $2
AzureCaper: checks
*** FLOP *** [Ad 8d 2h]
AzureCaper: bets $3
renene: folds
Uncalled bet ($3) returned to AzureCaper
AzureCaper collected $5.88 from pot
AzureCaper: doesn't show hand
*** SUMMARY ***
Total pot $6 | Rake $0.12
Board [Ad 8d 2h]
Seat 1: renene (button) (small blind) folded on the Flop
Seat 4: AzureCaper (big blind) collected ($5.88)


PokerStars Hand #157783860741:  Hold'em Limit ($3/$6 USD) - 2016/08/26 19:57:39 ET
Table 'Nymphe' 6-max Seat #4 is the button
Seat 1: renene ($22.48 in chips)
Seat 4: AzureCaper ($350.65 in chips)
AzureCaper: posts small blind $1
renene: posts big blind $3
*** HOLE CARDS ***
AzureCaper: folds
Uncalled bet ($2) returned to renene
renene collected $2 from pot
*** SUMMARY ***
Total pot $2 | Rake $0
Seat 1: renene (big blind) collected ($2)
Seat 4: AzureCaper (button) (small blind) folded before Flop


PokerStars Hand #157783866769:  Hold'em Limit ($3/$6 USD) - 2016/08/26 19:57:54 ET
Table 'Nymphe' 6-max Seat #4 is the button
Seat 1: renene ($22.48 in chips)
Seat 4: AzureCaper ($350.65 in chips)
AzureCaper: posts small blind $1
renene: posts big blind $3
*** HOLE CARDS ***
AzureCaper: raises $3 to $6
renene: folds
Uncalled bet ($3) returned to AzureCaper
AzureCaper collected $6 from pot
AzureCaper: doesn't show hand
*** SUMMARY ***
Total pot $6 | Rake $0
Seat 1: renene (big blind) folded before Flop
Seat 4: AzureCaper (button) (small blind) collected ($6)


PokerStars Hand #157783862826:  Hold'em Limit ($3/$6 USD) - 2016/08/26 19:57:44 ET
Table 'Nymphe' 6-max Seat #1 is the button
Seat 1: renene ($23.48 in chips)
Seat 4: AzureCaper ($349.65 in chips)
renene: posts small blind $1
AzureCaper: posts big blind $3
*** HOLE CARDS ***
renene: folds
Uncalled bet ($2) returned to AzureCaper
AzureCaper collected $2 from pot
AzureCaper: doesn't show hand
*** SUMMARY ***
Total pot $2 | Rake $0
Seat 1: renene (button) (small blind) folded before Flop
Seat 4: AzureCaper (big blind) collected ($2)


PokerStars Hand #157783869576:  Hold'em Limit ($3/$6 USD) - 2016/08/26 19:58:00 ET
Table 'Nymphe' 6-max Seat #1 is the button
Seat 1: renene ($19.48 in chips)
Seat 4: AzureCaper ($353.65 in chips)
renene: posts small blind $1
AzureCaper: posts big blind $3
*** HOLE CARDS ***
renene: raises $3 to $6
AzureCaper: calls $3
*** FLOP *** [Jc Qd Td]
AzureCaper: checks
renene: bets $3
AzureCaper: calls $3
*** TURN *** [Jc Qd Td] [Qh]
AzureCaper: checks
renene: bets $6
AzureCaper: calls $6
*** RIVER *** [Jc Qd Td Qh] [Ts]
AzureCaper: checks
renene: bets $4.48 and is all-in
AzureCaper: calls $4.48
*** SHOW DOWN ***
renene: shows [9s Tc] (a full house, Tens full of Queens)
AzureCaper: shows [Js 8d] (two pair, Queens and Jacks)
renene collected $38.46 from pot
*** SUMMARY ***
Total pot $38.96 | Rake $0.50
Board [Jc Qd Td Qh Ts]
Seat 1: renene (button) (small blind) showed [9s Tc] and won ($38.46) with a full house, Tens full of Queens
Seat 4: AzureCaper (big blind) showed [Js 8d] and lost with two pair, Queens and Jacks


PokerStars Hand #157783887545:  Hold'em Limit ($3/$6 USD) - 2016/08/26 19:58:42 ET
Table 'Nymphe' 6-max Seat #1 is the button
Seat 1: renene ($47.10 in chips)
Seat 4: AzureCaper ($325.17 in chips)
renene: posts small blind $1
AzureCaper: posts big blind $3
*** HOLE CARDS ***
renene: folds
Uncalled bet ($2) returned to AzureCaper
AzureCaper collected $2 from pot
AzureCaper: doesn't show hand
*** SUMMARY ***
Total pot $2 | Rake $0
Seat 1: renene (button) (small blind) folded before Flop
Seat 4: AzureCaper (big blind) collected ($2)


PokerStars Hand #157783889621:  Hold'em Limit ($3/$6 USD) - 2016/08/26 19:58:47 ET
Table 'Nymphe' 6-max Seat #4 is the button
Seat 1: renene ($46.10 in chips)
Seat 4: AzureCaper ($326.17 in chips)
AzureCaper: posts small blind $1
renene: posts big blind $3
*** HOLE CARDS ***
AzureCaper: raises $3 to $6
renene: calls $3
*** FLOP *** [9h Ks Qc]
renene: checks
AzureCaper: bets $3
renene: folds
Uncalled bet ($3) returned to AzureCaper
AzureCaper collected $11.76 from pot
AzureCaper: doesn't show hand
*** SUMMARY ***
Total pot $12 | Rake $0.24
Board [9h Ks Qc]
Seat 1: renene (big blind) folded on the Flop
Seat 4: AzureCaper (button) (small blind) collected ($11.76)


PokerStars Hand #157783896984:  Hold'em Limit ($3/$6 USD) - 2016/08/26 19:59:04 ET
Table 'Nymphe' 6-max Seat #4 is the button
Seat 1: renene ($39.10 in chips)
Seat 4: AzureCaper ($332.93 in chips)
AzureCaper: posts small blind $1
renene: posts big blind $3
*** HOLE CARDS ***
AzureCaper: raises $3 to $6
renene: folds
Uncalled bet ($3) returned to AzureCaper
AzureCaper collected $6 from pot
AzureCaper: doesn't show hand
*** SUMMARY ***
Total pot $6 | Rake $0
Seat 1: renene (big blind) folded before Flop
Seat 4: AzureCaper (button) (small blind) collected ($6)


PokerStars Hand #157783894756:  Hold'em Limit ($3/$6 USD) - 2016/08/26 19:58:59 ET
Table 'Nymphe' 6-max Seat #1 is the button
Seat 1: renene ($40.10 in chips)
Seat 4: AzureCaper ($331.93 in chips)
renene: posts small blind $1
AzureCaper: posts big blind $3
*** HOLE CARDS ***
renene: folds
Uncalled bet ($2) returned to AzureCaper
AzureCaper collected $2 from pot
AzureCaper: doesn't show hand
*** SUMMARY ***
Total pot $2 | Rake $0
Seat 1: renene (button) (small blind) folded before Flop
Seat 4: AzureCaper (big blind) collected ($2)


PokerStars Hand #157783879067:  Hold'em Limit ($3/$6 USD) - 2016/08/26 19:58:22 ET
Table 'Nymphe' 6-max Seat #4 is the button
Seat 1: renene ($38.46 in chips)
Seat 4: AzureCaper ($334.17 in chips)
AzureCaper: posts small blind $1
renene: posts big blind $3
*** HOLE CARDS ***
AzureCaper: raises $3 to $6
renene: calls $3
*** FLOP *** [4h 3h Jd]
renene: checks
AzureCaper: bets $3
renene: calls $3
*** TURN *** [4h 3h Jd] [7h]
renene: checks
AzureCaper: checks
*** RIVER *** [4h 3h Jd 7h] [Kh]
renene: checks
AzureCaper: checks
*** SHOW DOWN ***
renene: shows [2d Ad] (high card Ace)
AzureCaper: mucks hand
renene collected $17.64 from pot
*** SUMMARY ***
Total pot $18 | Rake $0.36
Board [4h 3h Jd 7h Kh]
Seat 1: renene (big blind) showed [2d Ad] and won ($17.64) with high card Ace
Seat 4: AzureCaper (button) (small blind) mucked


