PokerStars Hand #157783908357:  Hold'em Limit ($3/$6 USD) - 2016/08/26 19:59:31 ET
Table 'Nymphe' 6-max Seat #4 is the button
Seat 1: renene ($50.60 in chips)
Seat 4: AzureCaper ($320.93 in chips)
AzureCaper: posts small blind $1
renene: posts big blind $3
*** HOLE CARDS ***
AzureCaper: raises $3 to $6
renene: raises $3 to $9
AzureCaper: calls $3
*** FLOP *** [Jc 2h Th]
renene: checks
AzureCaper: checks
*** TURN *** [Jc 2h Th] [Jh]
renene: bets $6
AzureCaper: calls $6
*** RIVER *** [Jc 2h Th Jh] [9c]
renene: checks
AzureCaper: checks
*** SHOW DOWN ***
renene: shows [Qd Ad] (a pair of Jacks)
AzureCaper: mucks hand
renene collected $29.50 from pot
*** SUMMARY ***
Total pot $30 | Rake $0.50
Board [Jc 2h Th Jh 9c]
Seat 1: renene (big blind) showed [Qd Ad] and won ($29.50) with a pair of Jacks
Seat 4: AzureCaper (button) (small blind) mucked


PokerStars Hand #157783923212:  Hold'em Limit ($3/$6 USD) - 2016/08/26 20:00:06 ET
Table 'Nymphe' 6-max Seat #4 is the button
Seat 1: renene ($67.98 in chips)
Seat 4: AzureCaper ($302.93 in chips)
AzureCaper: posts small blind $1
renene: posts big blind $3
*** HOLE CARDS ***
AzureCaper: folds
Uncalled bet ($2) returned to renene
renene collected $2 from pot
*** SUMMARY ***
Total pot $2 | Rake $0
Seat 1: renene (big blind) collected ($2)
Seat 4: AzureCaper (button) (small blind) folded before Flop


PokerStars Hand #157783916878:  Hold'em Limit ($3/$6 USD) - 2016/08/26 19:59:52 ET
Table 'Nymphe' 6-max Seat #1 is the button
Seat 1: renene ($65.10 in chips)
Seat 4: AzureCaper ($305.93 in chips)
renene: posts small blind $1
AzureCaper: posts big blind $3
*** HOLE CARDS ***
renene: calls $2
AzureCaper: checks
*** FLOP *** [Qs Ks 3c]
AzureCaper: checks
renene: bets $3
AzureCaper: folds
Uncalled bet ($3) returned to renene
renene collected $5.88 from pot
*** SUMMARY ***
Total pot $6 | Rake $0.12
Board [Qs Ks 3c]
Seat 1: renene (button) (small blind) collected ($5.88)
Seat 4: AzureCaper (big blind) folded on the Flop


PokerStars Hand #157783899507:  Hold'em Limit ($3/$6 USD) - 2016/08/26 19:59:10 ET
Table 'Nymphe' 6-max Seat #1 is the button
Seat 1: renene ($36.10 in chips)
Seat 4: AzureCaper ($335.93 in chips)
renene: posts small blind $1
AzureCaper: posts big blind $3
*** HOLE CARDS ***
renene: calls $2
AzureCaper: checks
*** FLOP *** [9s As 3s]
AzureCaper: bets $3
renene: raises $3 to $6
AzureCaper: calls $3
*** TURN *** [9s As 3s] [9d]
AzureCaper: checks
renene: bets $6
AzureCaper: calls $6
*** RIVER *** [9s As 3s 9d] [7c]
AzureCaper: checks
renene: bets $6
AzureCaper: folds
Uncalled bet ($6) returned to renene
renene collected $29.50 from pot
*** SUMMARY ***
Total pot $30 | Rake $0.50
Board [9s As 3s 9d 7c]
Seat 1: renene (button) (small blind) collected ($29.50)
Seat 4: AzureCaper (big blind) folded on the River


PokerStars Hand #157783932503:  Hold'em Limit ($3/$6 USD) - 2016/08/26 20:00:27 ET
Table 'Nymphe' 6-max Seat #4 is the button
Seat 1: renene ($62.98 in chips)
Seat 4: AzureCaper ($307.69 in chips)
AzureCaper: posts small blind $1
renene: posts big blind $3
*** HOLE CARDS ***
AzureCaper: raises $3 to $6
renene: calls $3
*** FLOP *** [Kh 3d 8d]
renene: checks
AzureCaper: bets $3
renene: raises $3 to $6
AzureCaper: folds
Uncalled bet ($3) returned to renene
renene collected $17.64 from pot
*** SUMMARY ***
Total pot $18 | Rake $0.36
Board [Kh 3d 8d]
Seat 1: renene (big blind) collected ($17.64)
Seat 4: AzureCaper (button) (small blind) folded on the Flop


PokerStars Hand #157783938087:  Hold'em Limit ($3/$6 USD) - 2016/08/26 20:00:40 ET
Table 'Nymphe' 6-max Seat #1 is the button
Seat 1: renene ($71.62 in chips)
Seat 4: AzureCaper ($298.69 in chips)
renene: posts small blind $1
AzureCaper: posts big blind $3
*** HOLE CARDS ***
renene: calls $2
AzureCaper: checks
*** FLOP *** [8c Qd 2c]
AzureCaper: checks
renene: bets $3
AzureCaper: folds
Uncalled bet ($3) returned to renene
renene collected $5.88 from pot
*** SUMMARY ***
Total pot $6 | Rake $0.12
Board [8c Qd 2c]
Seat 1: renene (button) (small blind) collected ($5.88)
Seat 4: AzureCaper (big blind) folded on the Flop


PokerStars Hand #157783943414:  Hold'em Limit ($3/$6 USD) - 2016/08/26 20:00:52 ET
Table 'Nymphe' 6-max Seat #4 is the button
Seat 1: renene ($74.50 in chips)
Seat 4: AzureCaper ($295.69 in chips)
AzureCaper: posts small blind $1
renene: posts big blind $3
*** HOLE CARDS ***
AzureCaper: raises $3 to $6
renene: folds
Uncalled bet ($3) returned to AzureCaper
AzureCaper collected $6 from pot
AzureCaper: doesn't show hand
*** SUMMARY ***
Total pot $6 | Rake $0
Seat 1: renene (big blind) folded before Flop
Seat 4: AzureCaper (button) (small blind) collected ($6)


PokerStars Hand #157783925216:  Hold'em Limit ($3/$6 USD) - 2016/08/26 20:00:11 ET
Table 'Nymphe' 6-max Seat #1 is the button
Seat 1: renene ($68.98 in chips)
Seat 4: AzureCaper ($301.93 in chips)
renene: posts small blind $1
AzureCaper: posts big blind $3
*** HOLE CARDS ***
renene: calls $2
AzureCaper: raises $3 to $6
renene: calls $3
*** FLOP *** [3d 2c 4h]
AzureCaper: bets $3
renene: folds
Uncalled bet ($3) returned to AzureCaper
AzureCaper collected $11.76 from pot
AzureCaper: doesn't show hand
*** SUMMARY ***
Total pot $12 | Rake $0.24
Board [3d 2c 4h]
Seat 1: renene (button) (small blind) folded on the Flop
Seat 4: AzureCaper (big blind) collected ($11.76)


PokerStars Hand #157783963533:  Hold'em Limit ($3/$6 USD) - 2016/08/26 20:01:33 ET
Table 'Nymphe' 6-max Seat #1 is the button
Seat 1: renene ($38.50 in chips)
Seat 4: AzureCaper ($331.19 in chips)
renene: posts small blind $1
AzureCaper: posts big blind $3
*** HOLE CARDS ***
renene: calls $2
AzureCaper: raises $3 to $6
renene: raises $3 to $9
AzureCaper: calls $3
*** FLOP *** [6d 8c 5d]
AzureCaper: checks
renene: bets $3
AzureCaper: calls $3
*** TURN *** [6d 8c 5d] [4s]
AzureCaper: checks
renene: bets $6
AzureCaper: calls $6
*** RIVER *** [6d 8c 5d 4s] [4h]
AzureCaper: checks
renene: bets $6
AzureCaper: calls $6
*** SHOW DOWN ***
renene: shows [Jd Td] (a pair of Fours)
AzureCaper: shows [9s 9h] (two pair, Nines and Fours)
AzureCaper collected $47.50 from pot
*** SUMMARY ***
Total pot $48 | Rake $0.50
Board [6d 8c 5d 4s 4h]
Seat 1: renene (button) (small blind) showed [Jd Td] and lost with a pair of Fours
Seat 4: AzureCaper (big blind) showed [9s 9h] and won ($47.50) with two pair, Nines and Fours


PokerStars Hand #157783973953:  Hold'em Limit ($3/$6 USD) - 2016/08/26 20:01:54 ET
Table 'Nymphe' 6-max Seat #4 is the button
Seat 1: renene ($14.50 in chips)
Seat 4: AzureCaper ($354.69 in chips)
AzureCaper: posts small blind $1
renene: posts big blind $3
*** HOLE CARDS ***
AzureCaper: raises $3 to $6
renene: raises $3 to $9
AzureCaper: calls $3
*** FLOP *** [5s 4s Ts]
renene: checks
AzureCaper: checks
*** TURN *** [5s 4s Ts] [Jc]
renene: checks
AzureCaper: checks
*** RIVER *** [5s 4s Ts Jc] [Kc]
renene: checks
AzureCaper: checks
*** SHOW DOWN ***
renene: shows [Ah 7c] (high card Ace)
AzureCaper: mucks hand
renene collected $17.64 from pot
*** SUMMARY ***
Total pot $18 | Rake $0.36
Board [5s 4s Ts Jc Kc]
Seat 1: renene (big blind) showed [Ah 7c] and won ($17.64) with high card Ace
Seat 4: AzureCaper (button) (small blind) mucked


PokerStars Hand #157783960673:  Hold'em Limit ($3/$6 USD) - 2016/08/26 20:01:28 ET
Table 'Nymphe' 6-max Seat #4 is the button
Seat 1: renene ($41.50 in chips)
Seat 4: AzureCaper ($328.19 in chips)
AzureCaper: posts small blind $1
renene: posts big blind $3
*** HOLE CARDS ***
AzureCaper: raises $3 to $6
renene: folds
Uncalled bet ($3) returned to AzureCaper
AzureCaper collected $6 from pot
AzureCaper: doesn't show hand
*** SUMMARY ***
Total pot $6 | Rake $0
Seat 1: renene (big blind) folded before Flop
Seat 4: AzureCaper (button) (small blind) collected ($6)


PokerStars Hand #157783947619:  Hold'em Limit ($3/$6 USD) - 2016/08/26 20:01:00 ET
Table 'Nymphe' 6-max Seat #1 is the button
Seat 1: renene ($71.50 in chips)
Seat 4: AzureCaper ($298.69 in chips)
renene: posts small blind $1
AzureCaper: posts big blind $3
*** HOLE CARDS ***
renene: calls $2
AzureCaper: raises $3 to $6
renene: calls $3
*** FLOP *** [Kh Qc Ts]
AzureCaper: bets $3
renene: raises $3 to $6
AzureCaper: raises $3 to $9
renene: raises $3 to $12
Betting is capped
AzureCaper: calls $3
*** TURN *** [Kh Qc Ts] [8s]
AzureCaper: bets $6
renene: raises $6 to $12
AzureCaper: calls $6
*** RIVER *** [Kh Qc Ts 8s] [Ks]
AzureCaper: checks
renene: checks
*** SHOW DOWN ***
AzureCaper: shows [Qs Qd] (a full house, Queens full of Kings)
renene: mucks hand
AzureCaper collected $59.50 from pot
*** SUMMARY ***
Total pot $60 | Rake $0.50
Board [Kh Qc Ts 8s Ks]
Seat 1: renene (button) (small blind) mucked
Seat 4: AzureCaper (big blind) showed [Qs Qd] and won ($59.50) with a full house, Queens full of Kings


PokerStars Hand #157783994909:  Hold'em Limit ($3/$6 USD) - 2016/08/26 20:02:38 ET
Table 'Nymphe' 6-max Seat #1 is the button
Seat 1: renene ($25.90 in chips)
Seat 4: AzureCaper ($342.69 in chips)
renene: posts small blind $1
AzureCaper: posts big blind $3
*** HOLE CARDS ***
Holla-eller? joins the table at seat #3
renene: folds
Uncalled bet ($2) returned to AzureCaper
AzureCaper collected $2 from pot
AzureCaper: doesn't show hand
*** SUMMARY ***
Total pot $2 | Rake $0
Seat 1: renene (button) (small blind) folded before Flop
Seat 4: AzureCaper (big blind) collected ($2)


PokerStars Hand #157783990815:  Hold'em Limit ($3/$6 USD) - 2016/08/26 20:02:29 ET
Table 'Nymphe' 6-max Seat #4 is the button
Seat 1: renene ($28.90 in chips)
Seat 4: AzureCaper ($339.69 in chips)
AzureCaper: posts small blind $1
renene: posts big blind $3
*** HOLE CARDS ***
AzureCaper: raises $3 to $6
renene: folds
Uncalled bet ($3) returned to AzureCaper
AzureCaper collected $6 from pot
AzureCaper: doesn't show hand
*** SUMMARY ***
Total pot $6 | Rake $0
Seat 1: renene (big blind) folded before Flop
Seat 4: AzureCaper (button) (small blind) collected ($6)


PokerStars Hand #157783997461:  Hold'em Limit ($3/$6 USD) - 2016/08/26 20:02:43 ET
Table 'Nymphe' 6-max Seat #4 is the button
Seat 1: renene ($24.90 in chips)
Seat 4: AzureCaper ($343.69 in chips)
AzureCaper: posts small blind $1
renene: posts big blind $3
*** HOLE CARDS ***
AzureCaper: raises $3 to $6
renene: folds
Uncalled bet ($3) returned to AzureCaper
AzureCaper collected $6 from pot
AzureCaper: doesn't show hand
*** SUMMARY ***
Total pot $6 | Rake $0
Seat 1: renene (big blind) folded before Flop
Seat 4: AzureCaper (button) (small blind) collected ($6)


PokerStars Hand #157783984600:  Hold'em Limit ($3/$6 USD) - 2016/08/26 20:02:16 ET
Table 'Nymphe' 6-max Seat #1 is the button
Seat 1: renene ($23.14 in chips)
Seat 4: AzureCaper ($345.69 in chips)
renene: posts small blind $1
AzureCaper: posts big blind $3
*** HOLE CARDS ***
renene: raises $3 to $6
AzureCaper: calls $3
*** FLOP *** [2s 4c 3s]
AzureCaper: checks
renene: bets $3
AzureCaper: folds
Uncalled bet ($3) returned to renene
renene collected $11.76 from pot
*** SUMMARY ***
Total pot $12 | Rake $0.24
Board [2s 4c 3s]
Seat 1: renene (button) (small blind) collected ($11.76)
Seat 4: AzureCaper (big blind) folded on the Flop


PokerStars Hand #157788829036:  Hold'em Limit ($3/$6 USD) - 2016/08/26 23:39:18 ET
Table 'Nymphe' 6-max Seat #2 is the button
Seat 2: RaisemyNut$ ($197.62 in chips)
Seat 5: JDARTS ($79.67 in chips)
RaisemyNut$: posts small blind $1
JSDM8682: is sitting out
JDARTS: posts big blind $3
*** HOLE CARDS ***
RaisemyNut$: raises $3 to $6
JSDM8682 leaves the table
JDARTS: calls $3
*** FLOP *** [9s 3s Td]
JDARTS: checks
RaisemyNut$: bets $3
JDARTS: calls $3
*** TURN *** [9s 3s Td] [Ks]
JDARTS: checks
RaisemyNut$: bets $6
JDARTS: calls $6
*** RIVER *** [9s 3s Td Ks] [4d]
JDARTS: checks
RaisemyNut$: bets $6
JDARTS: calls $6
*** SHOW DOWN ***
RaisemyNut$: shows [Jd Qs] (a straight, Nine to King)
JDARTS: mucks hand
RaisemyNut$ collected $41.50 from pot
*** SUMMARY ***
Total pot $42 | Rake $0.50
Board [9s 3s Td Ks 4d]
Seat 2: RaisemyNut$ (button) (small blind) showed [Jd Qs] and won ($41.50) with a straight, Nine to King
Seat 5: JDARTS (big blind) mucked


PokerStars Hand #157790215023:  Hold'em Limit ($3/$6 USD) - 2016/08/27 1:07:50 ET
Table 'Nymphe' 6-max Seat #3 is the button
Seat 3: megabaitt ($120 in chips)
Seat 4: Agrotait ($72 in chips)
megabaitt: posts small blind $1
Agrotait: posts big blind $3
*** HOLE CARDS ***
megabaitt: folds
Uncalled bet ($2) returned to Agrotait
Agrotait collected $2 from pot
Agrotait: doesn't show hand
*** SUMMARY ***
Total pot $2 | Rake $0
Seat 3: megabaitt (button) (small blind) folded before Flop
Seat 4: Agrotait (big blind) collected ($2)


PokerStars Hand #157790224414:  Hold'em Limit ($3/$6 USD) - 2016/08/27 1:08:27 ET
Table 'Nymphe' 6-max Seat #4 is the button
Seat 3: megabaitt ($123.76 in chips)
Seat 4: Agrotait ($68 in chips)
Agrotait: posts small blind $1
megabaitt: posts big blind $3
*** HOLE CARDS ***
Agrotait: raises $3 to $6
megabaitt: calls $3
*** FLOP *** [6h Kd 6c]
megabaitt: checks
Agrotait: bets $3
megabaitt: folds
Uncalled bet ($3) returned to Agrotait
Agrotait collected $11.76 from pot
Agrotait: doesn't show hand
*** SUMMARY ***
Total pot $12 | Rake $0.24
Board [6h Kd 6c]
Seat 3: megabaitt (big blind) folded on the Flop
Seat 4: Agrotait (button) (small blind) collected ($11.76)


PokerStars Hand #157790222917:  Hold'em Limit ($3/$6 USD) - 2016/08/27 1:08:21 ET
Table 'Nymphe' 6-max Seat #3 is the button
Seat 3: megabaitt ($124.76 in chips)
Seat 4: Agrotait ($67 in chips)
megabaitt: posts small blind $1
Agrotait: posts big blind $3
*** HOLE CARDS ***
megabaitt: folds
Uncalled bet ($2) returned to Agrotait
Agrotait collected $2 from pot
Agrotait: doesn't show hand
*** SUMMARY ***
Total pot $2 | Rake $0
Seat 3: megabaitt (button) (small blind) folded before Flop
Seat 4: Agrotait (big blind) collected ($2)


PokerStars Hand #157790217037:  Hold'em Limit ($3/$6 USD) - 2016/08/27 1:07:58 ET
Table 'Nymphe' 6-max Seat #4 is the button
Seat 3: megabaitt ($119 in chips)
Seat 4: Agrotait ($73 in chips)
Agrotait: posts small blind $1
megabaitt: posts big blind $3
*** HOLE CARDS ***
Agrotait: raises $3 to $6
megabaitt: calls $3
*** FLOP *** [Ad 2h 7d]
megabaitt: bets $3
Agrotait: folds
Uncalled bet ($3) returned to megabaitt
megabaitt collected $11.76 from pot
megabaitt: doesn't show hand
*** SUMMARY ***
Total pot $12 | Rake $0.24
Board [Ad 2h 7d]
Seat 3: megabaitt (big blind) collected ($11.76)
Seat 4: Agrotait (button) (small blind) folded on the Flop


PokerStars Hand #157790228157:  Hold'em Limit ($3/$6 USD) - 2016/08/27 1:08:42 ET
Table 'Nymphe' 6-max Seat #3 is the button
Seat 3: megabaitt ($117.76 in chips)
Seat 4: Agrotait ($73.76 in chips)
megabaitt: posts small blind $1
Agrotait: posts big blind $3
*** HOLE CARDS ***
megabaitt: raises $3 to $6
Agrotait: raises $3 to $9
megabaitt: raises $3 to $12
Betting is capped
Agrotait: calls $3
*** FLOP *** [Qd Th Ah]
Agrotait: checks
megabaitt: bets $3
Agrotait: calls $3
*** TURN *** [Qd Th Ah] [9s]
Agrotait: checks
megabaitt: bets $6
Agrotait: folds
Uncalled bet ($6) returned to megabaitt
megabaitt collected $29.50 from pot
megabaitt: doesn't show hand
*** SUMMARY ***
Total pot $30 | Rake $0.50
Board [Qd Th Ah 9s]
Seat 3: megabaitt (button) (small blind) collected ($29.50)
Seat 4: Agrotait (big blind) folded on the Turn


PokerStars Hand #157790242363:  Hold'em Limit ($3/$6 USD) - 2016/08/27 1:09:38 ET
Table 'Nymphe' 6-max Seat #4 is the button
Seat 3: megabaitt ($132.26 in chips)
Seat 4: Agrotait ($72 in chips)
Agrotait: posts small blind $1
megabaitt: posts big blind $3
*** HOLE CARDS ***
Agrotait: raises $3 to $6
megabaitt: calls $3
*** FLOP *** [8d Tc Qd]
megabaitt: bets $3
Agrotait: raises $3 to $6
megabaitt: calls $3
*** TURN *** [8d Tc Qd] [3h]
megabaitt: checks
Agrotait: bets $6
megabaitt: calls $6
*** RIVER *** [8d Tc Qd 3h] [Qs]
megabaitt: checks
Agrotait: bets $6
megabaitt: calls $6
*** SHOW DOWN ***
Agrotait: shows [Js Qh] (three of a kind, Queens)
megabaitt: mucks hand
Agrotait collected $47.50 from pot
*** SUMMARY ***
Total pot $48 | Rake $0.50
Board [8d Tc Qd 3h Qs]
Seat 3: megabaitt (big blind) mucked
Seat 4: Agrotait (button) (small blind) showed [Js Qh] and won ($47.50) with three of a kind, Queens


PokerStars Hand #157790252090:  Hold'em Limit ($3/$6 USD) - 2016/08/27 1:10:15 ET
Table 'Nymphe' 6-max Seat #3 is the button
Seat 3: megabaitt ($108.26 in chips)
Seat 4: Agrotait ($95.50 in chips)
megabaitt: posts small blind $1
Agrotait: posts big blind $3
*** HOLE CARDS ***
megabaitt: folds
Uncalled bet ($2) returned to Agrotait
Agrotait collected $2 from pot
Agrotait: doesn't show hand
*** SUMMARY ***
Total pot $2 | Rake $0
Seat 3: megabaitt (button) (small blind) folded before Flop
Seat 4: Agrotait (big blind) collected ($2)


PokerStars Hand #157790253612:  Hold'em Limit ($3/$6 USD) - 2016/08/27 1:10:21 ET
Table 'Nymphe' 6-max Seat #4 is the button
Seat 3: megabaitt ($107.26 in chips)
Seat 4: Agrotait ($96.50 in chips)
Agrotait: posts small blind $1
megabaitt: posts big blind $3
*** HOLE CARDS ***
Agrotait: raises $3 to $6
megabaitt: calls $3
*** FLOP *** [6s 2s 8d]
megabaitt: bets $3
Agrotait: calls $3
*** TURN *** [6s 2s 8d] [Kh]
megabaitt: bets $6
HAL9QQQ joins the table at seat #2
Agrotait: calls $6
*** RIVER *** [6s 2s 8d Kh] [2h]
megabaitt: bets $6
Agrotait: calls $6
*** SHOW DOWN ***
megabaitt: shows [Kd Th] (two pair, Kings and Deuces)
Agrotait: mucks hand
megabaitt collected $41.50 from pot
*** SUMMARY ***
Total pot $42 | Rake $0.50
Board [6s 2s 8d Kh 2h]
Seat 3: megabaitt (big blind) showed [Kd Th] and won ($41.50) with two pair, Kings and Deuces
Seat 4: Agrotait (button) (small blind) mucked


PokerStars Hand #157790981408:  Hold'em Limit ($3/$6 USD) - 2016/08/27 1:58:06 ET
Table 'Nymphe' 6-max Seat #3 is the button
Seat 3: TTBN ($158.75 in chips)
Seat 6: wrxgibby ($142.58 in chips)
TTBN: posts small blind $1
wrxgibby: posts big blind $3
*** HOLE CARDS ***
TTBN: raises $3 to $6
wrxgibby: folds
Uncalled bet ($3) returned to TTBN
TTBN collected $6 from pot
TTBN: doesn't show hand
*** SUMMARY ***
Total pot $6 | Rake $0
Seat 3: TTBN (button) (small blind) collected ($6)
Seat 6: wrxgibby (big blind) folded before Flop


PokerStars Hand #157791001694:  Hold'em Limit ($3/$6 USD) - 2016/08/27 1:59:37 ET
Table 'Nymphe' 6-max Seat #3 is the button
Seat 2: Holla-eller? ($116 in chips)
Seat 3: TTBN ($104.75 in chips)
TTBN: posts small blind $1
wrxgibby: is sitting out
Holla-eller?: posts big blind $3
*** HOLE CARDS ***
TTBN: folds
Uncalled bet ($2) returned to Holla-eller?
wrxgibby leaves the table
Holla-eller? collected $2 from pot
Holla-eller?: doesn't show hand
*** SUMMARY ***
Total pot $2 | Rake $0
Seat 2: Holla-eller? (big blind) collected ($2)
Seat 3: TTBN (button) (small blind) folded before Flop


PokerStars Hand #157790983883:  Hold'em Limit ($3/$6 USD) - 2016/08/27 1:58:17 ET
Table 'Nymphe' 6-max Seat #6 is the button
Seat 3: TTBN ($161.75 in chips)
Seat 6: wrxgibby ($139.58 in chips)
wrxgibby: posts small blind $1
TTBN: posts big blind $3
*** HOLE CARDS ***
wrxgibby: raises $3 to $6
TTBN: raises $3 to $9
wrxgibby: calls $3
*** FLOP *** [Qs Jc 6h]
TTBN: bets $3
wrxgibby: calls $3
*** TURN *** [Qs Jc 6h] [5d]
TTBN: bets $6
wrxgibby: raises $6 to $12
TTBN: raises $6 to $18
wrxgibby: raises $6 to $24
Betting is capped
TTBN: calls $6
*** RIVER *** [Qs Jc 6h 5d] [8h]
TTBN: checks
wrxgibby: bets $6
TTBN: calls $6
*** SHOW DOWN ***
wrxgibby: shows [Jd Jh] (three of a kind, Jacks)
TTBN: mucks hand
wrxgibby collected $83.50 from pot
*** SUMMARY ***
Total pot $84 | Rake $0.50
Board [Qs Jc 6h 5d 8h]
Seat 3: TTBN (big blind) mucked
Seat 6: wrxgibby (button) (small blind) showed [Jd Jh] and won ($83.50) with three of a kind, Jacks


PokerStars Hand #157790992027:  Hold'em Limit ($3/$6 USD) - 2016/08/27 1:58:54 ET
Table 'Nymphe' 6-max Seat #3 is the button
Seat 3: TTBN ($119.75 in chips)
Seat 6: wrxgibby ($181.08 in chips)
TTBN: posts small blind $1
wrxgibby: posts big blind $3
*** HOLE CARDS ***
TTBN: raises $3 to $6
Holla-eller? joins the table at seat #2
wrxgibby: folds
Uncalled bet ($3) returned to TTBN
TTBN collected $6 from pot
TTBN: doesn't show hand
*** SUMMARY ***
Total pot $6 | Rake $0
Seat 3: TTBN (button) (small blind) collected ($6)
Seat 6: wrxgibby (big blind) folded before Flop


PokerStars Hand #157791002985:  Hold'em Limit ($3/$6 USD) - 2016/08/27 1:59:43 ET
Table 'Nymphe' 6-max Seat #2 is the button
Seat 2: Holla-eller? ($117 in chips)
Seat 3: TTBN ($103.75 in chips)
Holla-eller?: posts small blind $1
TTBN: posts big blind $3
*** HOLE CARDS ***
Holla-eller?: raises $3 to $6
TTBN: calls $3
*** FLOP *** [Qs Qc Tc]
TTBN: checks
Holla-eller?: bets $3
TTBN: folds
Uncalled bet ($3) returned to Holla-eller?
Holla-eller? collected $11.76 from pot
Holla-eller?: doesn't show hand
*** SUMMARY ***
Total pot $12 | Rake $0.24
Board [Qs Qc Tc]
Seat 2: Holla-eller? (button) (small blind) collected ($11.76)
Seat 3: TTBN (big blind) folded on the Flop


PokerStars Hand #157791014422:  Hold'em Limit ($3/$6 USD) - 2016/08/27 2:00:34 ET
Table 'Nymphe' 6-max Seat #2 is the button
Seat 2: Holla-eller? ($134.28 in chips)
Seat 3: TTBN ($85.75 in chips)
Holla-eller?: posts small blind $1
TTBN: posts big blind $3
*** HOLE CARDS ***
Holla-eller?: folds
Uncalled bet ($2) returned to TTBN
TTBN collected $2 from pot
TTBN: doesn't show hand
*** SUMMARY ***
Total pot $2 | Rake $0
Seat 2: Holla-eller? (button) (small blind) folded before Flop
Seat 3: TTBN (big blind) collected ($2)


PokerStars Hand #157791006133:  Hold'em Limit ($3/$6 USD) - 2016/08/27 1:59:57 ET
Table 'Nymphe' 6-max Seat #3 is the button
Seat 2: Holla-eller? ($122.76 in chips)
Seat 3: TTBN ($97.75 in chips)
TTBN: posts small blind $1
Holla-eller?: posts big blind $3
*** HOLE CARDS ***
TTBN: calls $2
Holla-eller?: raises $3 to $6
TTBN: calls $3
*** FLOP *** [4s Ac 3d]
Holla-eller?: bets $3
TTBN: raises $3 to $6
Holla-eller?: calls $3
*** TURN *** [4s Ac 3d] [Qd]
Holla-eller?: checks
TTBN: checks
*** RIVER *** [4s Ac 3d Qd] [Tc]
Holla-eller?: bets $6
TTBN: folds
Uncalled bet ($6) returned to Holla-eller?
Holla-eller? collected $23.52 from pot
Holla-eller?: doesn't show hand
*** SUMMARY ***
Total pot $24 | Rake $0.48
Board [4s Ac 3d Qd Tc]
Seat 2: Holla-eller? (big blind) collected ($23.52)
Seat 3: TTBN (button) (small blind) folded on the River


PokerStars Hand #157791046312:  Hold'em Limit ($3/$6 USD) - 2016/08/27 2:02:43 ET
Table 'Nymphe' 6-max Seat #3 is the button
Seat 2: Holla-eller? ($126.65 in chips)
Seat 3: TTBN ($107.49 in chips)
TTBN: posts small blind $1
aussiestud69: is sitting out
Holla-eller?: posts big blind $3
*** HOLE CARDS ***
aussiestud69 leaves the table
TTBN: folds
Uncalled bet ($2) returned to Holla-eller?
Holla-eller? collected $2 from pot
Holla-eller?: doesn't show hand
*** SUMMARY ***
Total pot $2 | Rake $0
Seat 2: Holla-eller? (big blind) collected ($2)
Seat 3: TTBN (button) (small blind) folded before Flop


PokerStars Hand #157791059540:  Hold'em Limit ($3/$6 USD) - 2016/08/27 2:03:36 ET
Table 'Nymphe' 6-max Seat #2 is the button
Seat 2: Holla-eller? ($130.29 in chips)
Seat 3: TTBN ($103.25 in chips)
Holla-eller?: posts small blind $1
TTBN: posts big blind $3
*** HOLE CARDS ***
Holla-eller?: folds
Uncalled bet ($2) returned to TTBN
TTBN collected $2 from pot
TTBN: doesn't show hand
*** SUMMARY ***
Total pot $2 | Rake $0
Seat 2: Holla-eller? (button) (small blind) folded before Flop
Seat 3: TTBN (big blind) collected ($2)


PokerStars Hand #157791054491:  Hold'em Limit ($3/$6 USD) - 2016/08/27 2:03:16 ET
Table 'Nymphe' 6-max Seat #3 is the button
Seat 2: Holla-eller? ($136.29 in chips)
Seat 3: TTBN ($97.49 in chips)
TTBN: posts small blind $1
Holla-eller?: posts big blind $3
*** HOLE CARDS ***
TTBN: raises $3 to $6
Holla-eller?: calls $3
*** FLOP *** [Ah Js 3d]
Holla-eller?: checks
TTBN: bets $3
Holla-eller?: folds
Uncalled bet ($3) returned to TTBN
TTBN collected $11.76 from pot
TTBN: doesn't show hand
*** SUMMARY ***
Total pot $12 | Rake $0.24
Board [Ah Js 3d]
Seat 2: Holla-eller? (big blind) folded on the Flop
Seat 3: TTBN (button) (small blind) collected ($11.76)


