PokerStars Hand #174157222920:  Hold'em Limit ($3/$6 USD) - 2017/08/10 10:46:27 ET
Table 'Nysa II' 6-max Seat #4 is the button
Seat 4: Eklund_1891 ($130.47 in chips)
Seat 5: Luanto 14 ($116 in chips)
Eklund_1891: posts small blind $1
Luanto 14: posts big blind $3
*** HOLE CARDS ***
Eklund_1891: folds
Uncalled bet ($2) returned to Luanto 14
Luanto 14 collected $2 from pot
Luanto 14: doesn't show hand
*** SUMMARY ***
Total pot $2 | Rake $0
Seat 4: Eklund_1891 (button) (small blind) folded before Flop
Seat 5: Luanto 14 (big blind) collected ($2)


PokerStars Hand #174157219859:  Hold'em Limit ($3/$6 USD) - 2017/08/10 10:46:21 ET
Table 'Nysa II' 6-max Seat #5 is the button
Seat 4: Eklund_1891 ($129.47 in chips)
Seat 5: Luanto 14 ($117 in chips)
Luanto 14: posts small blind $1
Blikon: is sitting out
Eklund_1891: posts big blind $3
*** HOLE CARDS ***
Luanto 14: folds
Uncalled bet ($2) returned to Eklund_1891
Eklund_1891 collected $2 from pot
Eklund_1891: doesn't show hand
*** SUMMARY ***
Total pot $2 | Rake $0
Seat 4: Eklund_1891 (big blind) collected ($2)
Seat 5: Luanto 14 (button) (small blind) folded before Flop


PokerStars Hand #174157442998:  Hold'em Limit ($3/$6 USD) - 2017/08/10 10:52:56 ET
Table 'Nysa II' 6-max Seat #3 is the button
Seat 3: Blikon ($61.20 in chips)
Seat 5: Luanto 14 ($170.22 in chips)
Blikon: posts small blind $1
Luanto 14: posts big blind $3
*** HOLE CARDS ***
Blikon: folds
Uncalled bet ($2) returned to Luanto 14
Luanto 14 collected $2 from pot
Luanto 14: doesn't show hand
*** SUMMARY ***
Total pot $2 | Rake $0
Seat 3: Blikon (button) (small blind) folded before Flop
Seat 5: Luanto 14 (big blind) collected ($2)


PokerStars Hand #174157445776:  Hold'em Limit ($3/$6 USD) - 2017/08/10 10:53:01 ET
Table 'Nysa II' 6-max Seat #5 is the button
Seat 3: Blikon ($60.20 in chips)
Seat 5: Luanto 14 ($171.22 in chips)
Luanto 14: posts small blind $1
Blikon: posts big blind $3
*** HOLE CARDS ***
Luanto 14: raises $3 to $6
Blikon: calls $3
*** FLOP *** [8d 5d 7d]
Blikon: checks
Luanto 14: bets $3
Blikon: raises $3 to $6
Luanto 14: calls $3
*** TURN *** [8d 5d 7d] [2c]
Blikon: bets $6
Luanto 14: calls $6
*** RIVER *** [8d 5d 7d 2c] [8h]
Blikon: bets $6
Luanto 14: folds
Uncalled bet ($6) returned to Blikon
Eklund_1891 is disconnected
Blikon collected $35.50 from pot
*** SUMMARY ***
Total pot $36 | Rake $0.50
Board [8d 5d 7d 2c 8h]
Seat 3: Blikon (big blind) collected ($35.50)
Seat 5: Luanto 14 (button) (small blind) folded on the River


PokerStars Hand #174157463119:  Hold'em Limit ($3/$6 USD) - 2017/08/10 10:53:32 ET
Table 'Nysa II' 6-max Seat #3 is the button
Seat 3: Blikon ($77.70 in chips)
Seat 5: Luanto 14 ($153.22 in chips)
Blikon: posts small blind $1
Luanto 14: posts big blind $3
*** HOLE CARDS ***
Blikon: raises $3 to $6
Kasperla joins the table at seat #6
Luanto 14: calls $3
*** FLOP *** [3h 2c 8s]
Luanto 14: checks
Blikon: bets $3
Luanto 14: calls $3
*** TURN *** [3h 2c 8s] [Qs]
Luanto 14: checks
Blikon: bets $6
Luanto 14: calls $6
*** RIVER *** [3h 2c 8s Qs] [As]
Luanto 14: checks
Blikon: checks
*** SHOW DOWN ***
Luanto 14: shows [Jd Kc] (high card Ace)
Blikon: shows [3d 7d] (a pair of Threes)
Blikon collected $29.50 from pot
*** SUMMARY ***
Total pot $30 | Rake $0.50
Board [3h 2c 8s Qs As]
Seat 3: Blikon (button) (small blind) showed [3d 7d] and won ($29.50) with a pair of Threes
Seat 5: Luanto 14 (big blind) showed [Jd Kc] and lost with high card Ace


PokerStars Hand #174158769091:  Hold'em Limit ($3/$6 USD) - 2017/08/10 11:32:21 ET
Table 'Nysa II' 6-max Seat #5 is the button
Seat 1: Psynto ($110.96 in chips)
Seat 5: Luanto 14 ($167.73 in chips)
Lauriston72 will be allowed to play after the button
Luanto 14: posts small blind $1
Kasperla: is sitting out
Psynto: posts big blind $3
*** HOLE CARDS ***
Luanto 14: raises $3 to $6
Psynto: folds
Uncalled bet ($3) returned to Luanto 14
Luanto 14 collected $6 from pot
Luanto 14: doesn't show hand
*** SUMMARY ***
Total pot $6 | Rake $0
Seat 1: Psynto (big blind) folded before Flop
Seat 5: Luanto 14 (button) (small blind) collected ($6)


PokerStars Hand #174159640787:  Hold'em Limit ($3/$6 USD) - 2017/08/10 11:57:00 ET
Table 'Nysa II' 6-max Seat #3 is the button
Seat 1: Psynto ($94.26 in chips)
Seat 3: Kasperla ($207.40 in chips)
Kasperla: posts small blind $1
Psynto: posts big blind $3
*** HOLE CARDS ***
Kasperla: folds
Uncalled bet ($2) returned to Psynto
Psynto collected $2 from pot
Psynto: doesn't show hand
*** SUMMARY ***
Total pot $2 | Rake $0
Seat 1: Psynto (big blind) collected ($2)
Seat 3: Kasperla (button) (small blind) folded before Flop


PokerStars Hand #174159627794:  Hold'em Limit ($3/$6 USD) - 2017/08/10 11:56:34 ET
Table 'Nysa II' 6-max Seat #3 is the button
Seat 1: Psynto ($84.62 in chips)
Seat 3: Kasperla ($217.40 in chips)
Kasperla: posts small blind $1
Great_Kang: is sitting out
Psynto: posts big blind $3
*** HOLE CARDS ***
Kasperla: folds
Uncalled bet ($2) returned to Psynto
Psynto collected $2 from pot
Psynto: doesn't show hand
*** SUMMARY ***
Total pot $2 | Rake $0
Seat 1: Psynto (big blind) collected ($2)
Seat 3: Kasperla (button) (small blind) folded before Flop


PokerStars Hand #174159630695:  Hold'em Limit ($3/$6 USD) - 2017/08/10 11:56:40 ET
Table 'Nysa II' 6-max Seat #1 is the button
Seat 1: Psynto ($85.62 in chips)
Seat 3: Kasperla ($216.40 in chips)
Psynto: posts small blind $1
Kasperla: posts big blind $3
*** HOLE CARDS ***
Psynto: raises $3 to $6
Kasperla: calls $3
*** FLOP *** [9h 2c 9d]
Kasperla: checks
Psynto: bets $3
Kasperla: calls $3
*** TURN *** [9h 2c 9d] [Td]
Kasperla: checks
Psynto: bets $6
Kasperla: folds
Uncalled bet ($6) returned to Psynto
Psynto collected $17.64 from pot
Psynto: doesn't show hand
*** SUMMARY ***
Total pot $18 | Rake $0.36
Board [9h 2c 9d Td]
Seat 1: Psynto (button) (small blind) collected ($17.64)
Seat 3: Kasperla (big blind) folded on the Turn


