PokerStars Hand #164443221903:  Hold'em Limit ($3/$6 USD) - 2017/01/12 4:59:23 ET
Table 'Nysa' 6-max Seat #6 is the button
Seat 3: TinaTurner72 ($126.76 in chips)
Seat 6: WSpieler ($100.81 in chips)
WSpieler: posts small blind $1
TinaTurner72: posts big blind $3
*** HOLE CARDS ***
WSpieler: raises $3 to $6
TinaTurner72: calls $3
*** FLOP *** [2c Kc 8s]
TinaTurner72: bets $3
WSpieler: calls $3
*** TURN *** [2c Kc 8s] [4d]
TinaTurner72: bets $6
WSpieler: folds
Uncalled bet ($6) returned to TinaTurner72
TinaTurner72 collected $17.64 from pot
TinaTurner72: doesn't show hand
*** SUMMARY ***
Total pot $18 | Rake $0.36
Board [2c Kc 8s 4d]
Seat 3: TinaTurner72 (big blind) collected ($17.64)
Seat 6: WSpieler (button) (small blind) folded on the Turn


PokerStars Hand #164443247403:  Hold'em Limit ($3/$6 USD) - 2017/01/12 5:00:30 ET
Table 'Nysa' 6-max Seat #6 is the button
Seat 3: TinaTurner72 ($150.80 in chips)
Seat 6: WSpieler ($75.81 in chips)
WSpieler: posts small blind $1
TinaTurner72: posts big blind $3
*** HOLE CARDS ***
WSpieler: raises $3 to $6
TinaTurner72: calls $3
*** FLOP *** [Kd 6h 6d]
TinaTurner72: checks
WSpieler: bets $3
TinaTurner72: raises $3 to $6
WSpieler: raises $3 to $9
TinaTurner72: raises $3 to $12
Betting is capped
WSpieler: folds
Uncalled bet ($3) returned to TinaTurner72
TinaTurner72 collected $29.50 from pot
TinaTurner72: doesn't show hand
*** SUMMARY ***
Total pot $30 | Rake $0.50
Board [Kd 6h 6d]
Seat 3: TinaTurner72 (big blind) collected ($29.50)
Seat 6: WSpieler (button) (small blind) folded on the Flop


PokerStars Hand #164443240108:  Hold'em Limit ($3/$6 USD) - 2017/01/12 5:00:11 ET
Table 'Nysa' 6-max Seat #3 is the button
Seat 3: TinaTurner72 ($145.04 in chips)
Seat 6: WSpieler ($81.81 in chips)
TinaTurner72: posts small blind $1
WSpieler: posts big blind $3
*** HOLE CARDS ***
TinaTurner72: raises $3 to $6
WSpieler: calls $3
*** FLOP *** [7d Th Qh]
WSpieler: checks
TinaTurner72: bets $3
WSpieler: folds
Uncalled bet ($3) returned to TinaTurner72
TinaTurner72 collected $11.76 from pot
TinaTurner72: doesn't show hand
*** SUMMARY ***
Total pot $12 | Rake $0.24
Board [7d Th Qh]
Seat 3: TinaTurner72 (button) (small blind) collected ($11.76)
Seat 6: WSpieler (big blind) folded on the Flop


PokerStars Hand #164443238207:  Hold'em Limit ($3/$6 USD) - 2017/01/12 5:00:06 ET
Table 'Nysa' 6-max Seat #6 is the button
Seat 3: TinaTurner72 ($144.04 in chips)
Seat 6: WSpieler ($82.81 in chips)
WSpieler: posts small blind $1
TinaTurner72: posts big blind $3
*** HOLE CARDS ***
WSpieler: folds
Uncalled bet ($2) returned to TinaTurner72
TinaTurner72 collected $2 from pot
TinaTurner72: doesn't show hand
*** SUMMARY ***
Total pot $2 | Rake $0
Seat 3: TinaTurner72 (big blind) collected ($2)
Seat 6: WSpieler (button) (small blind) folded before Flop


PokerStars Hand #164443232116:  Hold'em Limit ($3/$6 USD) - 2017/01/12 4:59:50 ET
Table 'Nysa' 6-max Seat #3 is the button
Seat 3: TinaTurner72 ($135.40 in chips)
Seat 6: WSpieler ($91.81 in chips)
TinaTurner72: posts small blind $1
WSpieler: posts big blind $3
*** HOLE CARDS ***
TinaTurner72: raises $3 to $6
WSpieler: calls $3
*** FLOP *** [9h 9s 2s]
WSpieler: checks
TinaTurner72: bets $3
WSpieler: calls $3
*** TURN *** [9h 9s 2s] [Ks]
WSpieler: checks
TinaTurner72: bets $6
WSpieler: folds
Uncalled bet ($6) returned to TinaTurner72
TinaTurner72 collected $17.64 from pot
TinaTurner72: doesn't show hand
*** SUMMARY ***
Total pot $18 | Rake $0.36
Board [9h 9s 2s Ks]
Seat 3: TinaTurner72 (button) (small blind) collected ($17.64)
Seat 6: WSpieler (big blind) folded on the Turn


PokerStars Hand #164443269235:  Hold'em Limit ($3/$6 USD) - 2017/01/12 5:01:26 ET
Table 'Nysa' 6-max Seat #6 is the button
Seat 3: TinaTurner72 ($141.30 in chips)
Seat 6: WSpieler ($84.31 in chips)
WSpieler: posts small blind $1
TinaTurner72: posts big blind $3
*** HOLE CARDS ***
WSpieler: calls $2
TinaTurner72: raises $3 to $6
WSpieler: raises $3 to $9
TinaTurner72: calls $3
*** FLOP *** [4d 6c 7d]
TinaTurner72: checks
WSpieler: bets $3
TinaTurner72: calls $3
*** TURN *** [4d 6c 7d] [9s]
TinaTurner72: checks
WSpieler: bets $6
TinaTurner72: raises $6 to $12
WSpieler: calls $6
*** RIVER *** [4d 6c 7d 9s] [Ks]
TinaTurner72: bets $6
WSpieler: calls $6
*** SHOW DOWN ***
TinaTurner72: shows [Tc 8d] (a straight, Six to Ten)
WSpieler: mucks hand
TinaTurner72 collected $59.50 from pot
*** SUMMARY ***
Total pot $60 | Rake $0.50
Board [4d 6c 7d 9s Ks]
Seat 3: TinaTurner72 (big blind) showed [Tc 8d] and won ($59.50) with a straight, Six to Ten
Seat 6: WSpieler (button) (small blind) mucked


PokerStars Hand #164443261160:  Hold'em Limit ($3/$6 USD) - 2017/01/12 5:01:05 ET
Table 'Nysa' 6-max Seat #3 is the button
Seat 3: TinaTurner72 ($165.30 in chips)
Seat 6: WSpieler ($60.81 in chips)
TinaTurner72: posts small blind $1
WSpieler: posts big blind $3
*** HOLE CARDS ***
TinaTurner72: raises $3 to $6
WSpieler: raises $3 to $9
TinaTurner72: calls $3
*** FLOP *** [9d 3s 5d]
WSpieler: bets $3
TinaTurner72: calls $3
*** TURN *** [9d 3s 5d] [2h]
WSpieler: bets $6
TinaTurner72: calls $6
*** RIVER *** [9d 3s 5d 2h] [4c]
WSpieler: bets $6
TinaTurner72: calls $6
*** SHOW DOWN ***
WSpieler: shows [2c Ad] (a straight, Ace to Five)
TinaTurner72: mucks hand
WSpieler collected $47.50 from pot
*** SUMMARY ***
Total pot $48 | Rake $0.50
Board [9d 3s 5d 2h 4c]
Seat 3: TinaTurner72 (button) (small blind) mucked
Seat 6: WSpieler (big blind) showed [2c Ad] and won ($47.50) with a straight, Ace to Five


PokerStars Hand #164443259098:  Hold'em Limit ($3/$6 USD) - 2017/01/12 5:01:00 ET
Table 'Nysa' 6-max Seat #6 is the button
Seat 3: TinaTurner72 ($164.30 in chips)
Seat 6: WSpieler ($61.81 in chips)
WSpieler: posts small blind $1
TinaTurner72: posts big blind $3
*** HOLE CARDS ***
WSpieler: folds
Uncalled bet ($2) returned to TinaTurner72
TinaTurner72 collected $2 from pot
TinaTurner72: doesn't show hand
*** SUMMARY ***
Total pot $2 | Rake $0
Seat 3: TinaTurner72 (big blind) collected ($2)
Seat 6: WSpieler (button) (small blind) folded before Flop


PokerStars Hand #164443256857:  Hold'em Limit ($3/$6 USD) - 2017/01/12 5:00:54 ET
Table 'Nysa' 6-max Seat #3 is the button
Seat 3: TinaTurner72 ($165.30 in chips)
Seat 6: WSpieler ($60.81 in chips)
TinaTurner72: posts small blind $1
WSpieler: posts big blind $3
*** HOLE CARDS ***
TinaTurner72: folds
Uncalled bet ($2) returned to WSpieler
WSpieler collected $2 from pot
WSpieler: doesn't show hand
*** SUMMARY ***
Total pot $2 | Rake $0
Seat 3: TinaTurner72 (button) (small blind) folded before Flop
Seat 6: WSpieler (big blind) collected ($2)


PokerStars Hand #164443295727:  Hold'em Limit ($3/$6 USD) - 2017/01/12 5:02:33 ET
Table 'Nysa' 6-max Seat #3 is the button
Seat 3: TinaTurner72 ($156.80 in chips)
Seat 6: WSpieler ($67.81 in chips)
TinaTurner72: posts small blind $1
WSpieler: posts big blind $3
*** HOLE CARDS ***
TinaTurner72: raises $3 to $6
WSpieler: calls $3
*** FLOP *** [3c Kh Th]
WSpieler: checks
TinaTurner72: bets $3
WSpieler: folds
Uncalled bet ($3) returned to TinaTurner72
TinaTurner72 collected $11.76 from pot
TinaTurner72: doesn't show hand
*** SUMMARY ***
Total pot $12 | Rake $0.24
Board [3c Kh Th]
Seat 3: TinaTurner72 (button) (small blind) collected ($11.76)
Seat 6: WSpieler (big blind) folded on the Flop


PokerStars Hand #164443293422:  Hold'em Limit ($3/$6 USD) - 2017/01/12 5:02:28 ET
Table 'Nysa' 6-max Seat #6 is the button
Seat 3: TinaTurner72 ($155.80 in chips)
Seat 6: WSpieler ($68.81 in chips)
WSpieler: posts small blind $1
TinaTurner72: posts big blind $3
*** HOLE CARDS ***
WSpieler: folds
Uncalled bet ($2) returned to TinaTurner72
TinaTurner72 collected $2 from pot
TinaTurner72: doesn't show hand
*** SUMMARY ***
Total pot $2 | Rake $0
Seat 3: TinaTurner72 (big blind) collected ($2)
Seat 6: WSpieler (button) (small blind) folded before Flop


PokerStars Hand #164443281295:  Hold'em Limit ($3/$6 USD) - 2017/01/12 5:01:57 ET
Table 'Nysa' 6-max Seat #3 is the button
Seat 3: TinaTurner72 ($170.80 in chips)
Seat 6: WSpieler ($54.31 in chips)
TinaTurner72: posts small blind $1
WSpieler: posts big blind $3
*** HOLE CARDS ***
TinaTurner72: raises $3 to $6
WSpieler: calls $3
*** FLOP *** [3s 6h 4d]
WSpieler: bets $3
TinaTurner72: calls $3
*** TURN *** [3s 6h 4d] [8s]
WSpieler: bets $6
TinaTurner72: calls $6
*** RIVER *** [3s 6h 4d 8s] [Jc]
WSpieler: bets $6
TinaTurner72: folds
Uncalled bet ($6) returned to WSpieler
WSpieler collected $29.50 from pot
WSpieler: doesn't show hand
*** SUMMARY ***
Total pot $30 | Rake $0.50
Board [3s 6h 4d 8s Jc]
Seat 3: TinaTurner72 (button) (small blind) folded on the River
Seat 6: WSpieler (big blind) collected ($29.50)


PokerStars Hand #164443310636:  Hold'em Limit ($3/$6 USD) - 2017/01/12 5:03:11 ET
Table 'Nysa' 6-max Seat #3 is the button
Seat 3: TinaTurner72 ($183.06 in chips)
Seat 6: WSpieler ($40.81 in chips)
TinaTurner72: posts small blind $1
WSpieler: posts big blind $3
*** HOLE CARDS ***
TinaTurner72: raises $3 to $6
WSpieler: raises $3 to $9
TinaTurner72: calls $3
*** FLOP *** [Tc 3h Qs]
WSpieler: bets $3
TinaTurner72: calls $3
*** TURN *** [Tc 3h Qs] [2h]
WSpieler: bets $6
TinaTurner72: calls $6
*** RIVER *** [Tc 3h Qs 2h] [Jd]
WSpieler: bets $6
TinaTurner72: calls $6
*** SHOW DOWN ***
WSpieler: shows [8h Kh] (high card King)
TinaTurner72: shows [5s Th] (a pair of Tens)
TinaTurner72 collected $47.50 from pot
*** SUMMARY ***
Total pot $48 | Rake $0.50
Board [Tc 3h Qs 2h Jd]
Seat 3: TinaTurner72 (button) (small blind) showed [5s Th] and won ($47.50) with a pair of Tens
Seat 6: WSpieler (big blind) showed [8h Kh] and lost with high card King


PokerStars Hand #164443300428:  Hold'em Limit ($3/$6 USD) - 2017/01/12 5:02:45 ET
Table 'Nysa' 6-max Seat #6 is the button
Seat 3: TinaTurner72 ($162.56 in chips)
Seat 6: WSpieler ($61.81 in chips)
WSpieler: posts small blind $1
TinaTurner72: posts big blind $3
*** HOLE CARDS ***
WSpieler: raises $3 to $6
TinaTurner72: raises $3 to $9
WSpieler: raises $3 to $12
Betting is capped
TinaTurner72: calls $3
*** FLOP *** [7c 3h Th]
TinaTurner72: checks
WSpieler: bets $3
TinaTurner72: calls $3
*** TURN *** [7c 3h Th] [Ks]
TinaTurner72: checks
WSpieler: bets $6
TinaTurner72: calls $6
*** RIVER *** [7c 3h Th Ks] [Kh]
TinaTurner72: checks
WSpieler: checks
*** SHOW DOWN ***
TinaTurner72: shows [9s 7h] (two pair, Kings and Sevens)
WSpieler: mucks hand
TinaTurner72 collected $41.50 from pot
*** SUMMARY ***
Total pot $42 | Rake $0.50
Board [7c 3h Th Ks Kh]
Seat 3: TinaTurner72 (big blind) showed [9s 7h] and won ($41.50) with two pair, Kings and Sevens
Seat 6: WSpieler (button) (small blind) mucked


PokerStars Hand #164443333510:  Hold'em Limit ($3/$6 USD) - 2017/01/12 5:04:08 ET
Table 'Nysa' 6-max Seat #3 is the button
Seat 3: TinaTurner72 ($196.51 in chips)
Seat 6: WSpieler ($26.12 in chips)
TinaTurner72: posts small blind $1
WSpieler: posts big blind $3
*** HOLE CARDS ***
TinaTurner72: raises $3 to $6
WSpieler: raises $3 to $9
TinaTurner72: calls $3
*** FLOP *** [6d Jh 7d]
WSpieler: bets $3
TinaTurner72: calls $3
*** TURN *** [6d Jh 7d] [Jd]
WSpieler: bets $6
TinaTurner72: calls $6
*** RIVER *** [6d Jh 7d Jd] [8c]
WSpieler: bets $6
TinaTurner72: calls $6
*** SHOW DOWN ***
WSpieler: shows [Ts Ah] (a pair of Jacks)
TinaTurner72: shows [Tc 6c] (two pair, Jacks and Sixes)
TinaTurner72 collected $47.50 from pot
*** SUMMARY ***
Total pot $48 | Rake $0.50
Board [6d Jh 7d Jd 8c]
Seat 3: TinaTurner72 (button) (small blind) showed [Tc 6c] and won ($47.50) with two pair, Jacks and Sixes
Seat 6: WSpieler (big blind) showed [Ts Ah] and lost with a pair of Jacks


PokerStars Hand #164443331566:  Hold'em Limit ($3/$6 USD) - 2017/01/12 5:04:04 ET
Table 'Nysa' 6-max Seat #6 is the button
Seat 3: TinaTurner72 ($195.51 in chips)
Seat 6: WSpieler ($27.12 in chips)
WSpieler: posts small blind $1
TinaTurner72: posts big blind $3
*** HOLE CARDS ***
WSpieler: folds
Uncalled bet ($2) returned to TinaTurner72
TinaTurner72 collected $2 from pot
TinaTurner72: doesn't show hand
*** SUMMARY ***
Total pot $2 | Rake $0
Seat 3: TinaTurner72 (big blind) collected ($2)
Seat 6: WSpieler (button) (small blind) folded before Flop


PokerStars Hand #164443326168:  Hold'em Limit ($3/$6 USD) - 2017/01/12 5:03:50 ET
Table 'Nysa' 6-max Seat #3 is the button
Seat 3: TinaTurner72 ($189.75 in chips)
Seat 6: WSpieler ($33.12 in chips)
TinaTurner72: posts small blind $1
WSpieler: posts big blind $3
*** HOLE CARDS ***
TinaTurner72: raises $3 to $6
WSpieler: calls $3
*** FLOP *** [4d Js Qc]
WSpieler: checks
TinaTurner72: bets $3
WSpieler: folds
Uncalled bet ($3) returned to TinaTurner72
TinaTurner72 collected $11.76 from pot
TinaTurner72: doesn't show hand
*** SUMMARY ***
Total pot $12 | Rake $0.24
Board [4d Js Qc]
Seat 3: TinaTurner72 (button) (small blind) collected ($11.76)
Seat 6: WSpieler (big blind) folded on the Flop


