PokerStars Hand #153489606768:  Hold'em Limit ($3/$6 USD) - 2016/05/18 9:32:19 ET
Table 'Nysa' 10-max Seat #7 is the button
Seat 1: ucenicul ($119 in chips)
Seat 7: Pandakey ($121 in chips)
Pandakey: posts small blind $1
ucenicul: posts big blind $3
*** HOLE CARDS ***
Pandakey: raises $3 to $6
ucenicul: calls $3
*** FLOP *** [Jh Kh 2s]
ucenicul: checks
Pandakey: checks
*** TURN *** [Jh Kh 2s] [Qc]
ucenicul: checks
Pandakey: bets $6
ucenicul: calls $6
*** RIVER *** [Jh Kh 2s Qc] [9h]
ucenicul: checks
Pandakey: bets $6
ucenicul: calls $6
*** SHOW DOWN ***
Pandakey: shows [Kc 6h] (a pair of Kings)
ucenicul: mucks hand
Pandakey collected $35.50 from pot
*** SUMMARY ***
Total pot $36 | Rake $0.50
Board [Jh Kh 2s Qc 9h]
Seat 1: ucenicul (big blind) mucked
Seat 7: Pandakey (button) (small blind) showed [Kc 6h] and won ($35.50) with a pair of Kings


PokerStars Hand #153489625399:  Hold'em Limit ($3/$6 USD) - 2016/05/18 9:32:50 ET
Table 'Nysa' 10-max Seat #1 is the button
Seat 1: ucenicul ($101 in chips)
Seat 7: Pandakey ($138.50 in chips)
ucenicul: posts small blind $1
Pandakey: posts big blind $3
*** HOLE CARDS ***
ucenicul: raises $3 to $6
Pandakey: calls $3
*** FLOP *** [4c 5c 7c]
B_loJkl joins the table at seat #2
Pandakey: bets $3
ucenicul: calls $3
*** TURN *** [4c 5c 7c] [Jh]
Pandakey: bets $6
ucenicul: calls $6
*** RIVER *** [4c 5c 7c Jh] [Ks]
Pandakey: checks
ucenicul: checks
*** SHOW DOWN ***
Pandakey: shows [Qs 8c] (high card King)
ucenicul: shows [As 9c] (high card Ace)
ucenicul collected $29.50 from pot
*** SUMMARY ***
Total pot $30 | Rake $0.50
Board [4c 5c 7c Jh Ks]
Seat 1: ucenicul (button) (small blind) showed [As 9c] and won ($29.50) with high card Ace
Seat 7: Pandakey (big blind) showed [Qs 8c] and lost with high card King


PokerStars Hand #153489651799:  Hold'em Limit ($3/$6 USD) - 2016/05/18 9:33:36 ET
Table 'Nysa' 10-max Seat #7 is the button
Seat 1: ucenicul ($115.50 in chips)
Seat 7: Pandakey ($123.50 in chips)
Pandakey: posts small blind $1
ucenicul: posts big blind $3
*** HOLE CARDS ***
Pandakey: raises $3 to $6
ucenicul: calls $3
*** FLOP *** [5d 9d 6d]
ucenicul: checks
Pandakey: bets $3
ucenicul: calls $3
*** TURN *** [5d 9d 6d] [5s]
ucenicul: checks
Pandakey: bets $6
Punkyfee joins the table at seat #4
ucenicul: calls $6
*** RIVER *** [5d 9d 6d 5s] [7d]
ucenicul: checks
Pandakey: bets $6
ucenicul: raises $6 to $12
Pandakey: raises $6 to $18
ucenicul: raises $6 to $24
Betting is capped
Syyyden joins the table at seat #5
Pandakey: calls $6
*** SHOW DOWN ***
ucenicul: shows [6c 8d] (a straight flush, Five to Nine)
Pandakey: mucks hand
ucenicul collected $77.50 from pot
*** SUMMARY ***
Total pot $78 | Rake $0.50
Board [5d 9d 6d 5s 7d]
Seat 1: ucenicul (big blind) showed [6c 8d] and won ($77.50) with a straight flush, Five to Nine
Seat 7: Pandakey (button) (small blind) mucked


PokerStars Hand #153490717041:  Hold'em Limit ($3/$6 USD) - 2016/05/18 10:04:14 ET
Table 'Nysa' 10-max Seat #2 is the button
Seat 1: ucenicul ($157.20 in chips)
Seat 2: B_loJkl ($241.24 in chips)
B_loJkl: posts small blind $1
SirRomanov: is sitting out
oj_pimpson: is sitting out
ucenicul: posts big blind $3
*** HOLE CARDS ***
SirRomanov leaves the table
oj_pimpson leaves the table
B_loJkl: raises $3 to $6
ucenicul: calls $3
*** FLOP *** [Kd Ac Jh]
ucenicul: checks
B_loJkl: bets $3
ucenicul: calls $3
*** TURN *** [Kd Ac Jh] [6s]
ucenicul: checks
B_loJkl: bets $6
ucenicul: folds
Uncalled bet ($6) returned to B_loJkl
B_loJkl collected $17.64 from pot
B_loJkl: doesn't show hand
*** SUMMARY ***
Total pot $18 | Rake $0.36
Board [Kd Ac Jh 6s]
Seat 1: ucenicul (big blind) folded on the Turn
Seat 2: B_loJkl (button) (small blind) collected ($17.64)


PokerStars Hand #153490731104:  Hold'em Limit ($3/$6 USD) - 2016/05/18 10:04:37 ET
Table 'Nysa' 10-max Seat #1 is the button
Seat 1: ucenicul ($148.20 in chips)
Seat 2: B_loJkl ($249.88 in chips)
ucenicul: posts small blind $1
B_loJkl: posts big blind $3
*** HOLE CARDS ***
ucenicul: folds
Uncalled bet ($2) returned to B_loJkl
B_loJkl collected $2 from pot
B_loJkl: doesn't show hand
*** SUMMARY ***
Total pot $2 | Rake $0
Seat 1: ucenicul (button) (small blind) folded before Flop
Seat 2: B_loJkl (big blind) collected ($2)


PokerStars Hand #153490734741:  Hold'em Limit ($3/$6 USD) - 2016/05/18 10:04:43 ET
Table 'Nysa' 10-max Seat #2 is the button
Seat 1: ucenicul ($147.20 in chips)
Seat 2: B_loJkl ($250.88 in chips)
B_loJkl: posts small blind $1
ucenicul: posts big blind $3
*** HOLE CARDS ***
B_loJkl: raises $3 to $6
ucenicul: calls $3
*** FLOP *** [Qs 7d 2h]
ucenicul: checks
B_loJkl: bets $3
ucenicul: calls $3
*** TURN *** [Qs 7d 2h] [Qd]
ucenicul: checks
B_loJkl: bets $6
ucenicul: calls $6
*** RIVER *** [Qs 7d 2h Qd] [6s]
ucenicul: checks
B_loJkl: checks
*** SHOW DOWN ***
ucenicul: shows [7c Ac] (two pair, Queens and Sevens)
B_loJkl: mucks hand
ucenicul collected $29.50 from pot
*** SUMMARY ***
Total pot $30 | Rake $0.50
Board [Qs 7d 2h Qd 6s]
Seat 1: ucenicul (big blind) showed [7c Ac] and won ($29.50) with two pair, Queens and Sevens
Seat 2: B_loJkl (button) (small blind) mucked


PokerStars Hand #153490757816:  Hold'em Limit ($3/$6 USD) - 2016/05/18 10:05:21 ET
Table 'Nysa' 10-max Seat #1 is the button
Seat 1: ucenicul ($161.70 in chips)
Seat 2: B_loJkl ($235.88 in chips)
ucenicul: posts small blind $1
B_loJkl: posts big blind $3
*** HOLE CARDS ***
ucenicul: raises $3 to $6
B_loJkl: calls $3
*** FLOP *** [3d 5s As]
B_loJkl: checks
ucenicul: bets $3
B_loJkl: calls $3
*** TURN *** [3d 5s As] [8d]
B_loJkl: checks
ucenicul: checks
*** RIVER *** [3d 5s As 8d] [4h]
B_loJkl: checks
ucenicul: bets $6
B_loJkl: calls $6
*** SHOW DOWN ***
ucenicul: shows [7d 7c] (a pair of Sevens)
B_loJkl: mucks hand
ucenicul collected $29.50 from pot
*** SUMMARY ***
Total pot $30 | Rake $0.50
Board [3d 5s As 8d 4h]
Seat 1: ucenicul (button) (small blind) showed [7d 7c] and won ($29.50) with a pair of Sevens
Seat 2: B_loJkl (big blind) mucked


PokerStars Hand #153490773546:  Hold'em Limit ($3/$6 USD) - 2016/05/18 10:05:47 ET
Table 'Nysa' 10-max Seat #2 is the button
Seat 1: ucenicul ($176.20 in chips)
Seat 2: B_loJkl ($220.88 in chips)
B_loJkl: posts small blind $1
ucenicul: posts big blind $3
*** HOLE CARDS ***
B_loJkl: raises $3 to $6
ucenicul: folds
Uncalled bet ($3) returned to B_loJkl
B_loJkl collected $6 from pot
B_loJkl: doesn't show hand
*** SUMMARY ***
Total pot $6 | Rake $0
Seat 1: ucenicul (big blind) folded before Flop
Seat 2: B_loJkl (button) (small blind) collected ($6)


PokerStars Hand #153490793439:  Hold'em Limit ($3/$6 USD) - 2016/05/18 10:06:19 ET
Table 'Nysa' 10-max Seat #2 is the button
Seat 1: ucenicul ($167.20 in chips)
Seat 2: B_loJkl ($229.64 in chips)
B_loJkl: posts small blind $1
ucenicul: posts big blind $3
*** HOLE CARDS ***
B_loJkl: folds
Uncalled bet ($2) returned to ucenicul
ucenicul collected $2 from pot
ucenicul: doesn't show hand
*** SUMMARY ***
Total pot $2 | Rake $0
Seat 1: ucenicul (big blind) collected ($2)
Seat 2: B_loJkl (button) (small blind) folded before Flop


PokerStars Hand #153490778807:  Hold'em Limit ($3/$6 USD) - 2016/05/18 10:05:56 ET
Table 'Nysa' 10-max Seat #1 is the button
Seat 1: ucenicul ($173.20 in chips)
Seat 2: B_loJkl ($223.88 in chips)
ucenicul: posts small blind $1
B_loJkl: posts big blind $3
*** HOLE CARDS ***
ucenicul: raises $3 to $6
B_loJkl: calls $3
*** FLOP *** [Kd Tc 6h]
B_loJkl: checks
ucenicul: checks
*** TURN *** [Kd Tc 6h] [8h]
B_loJkl: bets $6
ucenicul: folds
Uncalled bet ($6) returned to B_loJkl
B_loJkl collected $11.76 from pot
B_loJkl: doesn't show hand
*** SUMMARY ***
Total pot $12 | Rake $0.24
Board [Kd Tc 6h 8h]
Seat 1: ucenicul (button) (small blind) folded on the Turn
Seat 2: B_loJkl (big blind) collected ($11.76)


PokerStars Hand #153490823722:  Hold'em Limit ($3/$6 USD) - 2016/05/18 10:07:09 ET
Table 'Nysa' 10-max Seat #2 is the button
Seat 1: ucenicul ($169.84 in chips)
Seat 2: B_loJkl ($226.40 in chips)
B_loJkl: posts small blind $1
ucenicul: posts big blind $3
*** HOLE CARDS ***
B_loJkl: raises $3 to $6
ucenicul: folds
Uncalled bet ($3) returned to B_loJkl
B_loJkl collected $6 from pot
B_loJkl: doesn't show hand
*** SUMMARY ***
Total pot $6 | Rake $0
Seat 1: ucenicul (big blind) folded before Flop
Seat 2: B_loJkl (button) (small blind) collected ($6)


PokerStars Hand #153490797383:  Hold'em Limit ($3/$6 USD) - 2016/05/18 10:06:26 ET
Table 'Nysa' 10-max Seat #1 is the button
Seat 1: ucenicul ($168.20 in chips)
Seat 2: B_loJkl ($228.64 in chips)
ucenicul: posts small blind $1
B_loJkl: posts big blind $3
*** HOLE CARDS ***
ucenicul: raises $3 to $6
B_loJkl: calls $3
*** FLOP *** [As 5s 8d]
B_loJkl: checks
ucenicul: bets $3
B_loJkl: calls $3
*** TURN *** [As 5s 8d] [7c]
B_loJkl: checks
ucenicul: checks
*** RIVER *** [As 5s 8d 7c] [Ac]
B_loJkl: checks
ucenicul: checks
*** SHOW DOWN ***
B_loJkl: shows [Qs 3h] (a pair of Aces)
ucenicul: shows [Kd Jc] (a pair of Aces - King kicker)
ucenicul collected $17.64 from pot
*** SUMMARY ***
Total pot $18 | Rake $0.36
Board [As 5s 8d 7c Ac]
Seat 1: ucenicul (button) (small blind) showed [Kd Jc] and won ($17.64) with a pair of Aces
Seat 2: B_loJkl (big blind) showed [Qs 3h] and lost with a pair of Aces


PokerStars Hand #153490810995:  Hold'em Limit ($3/$6 USD) - 2016/05/18 10:06:48 ET
Table 'Nysa' 10-max Seat #2 is the button
Seat 1: ucenicul ($176.84 in chips)
Seat 2: B_loJkl ($219.64 in chips)
B_loJkl: posts small blind $1
ucenicul: posts big blind $3
*** HOLE CARDS ***
B_loJkl: raises $3 to $6
ucenicul: calls $3
*** FLOP *** [7c 8d Ks]
ucenicul: checks
B_loJkl: bets $3
ucenicul: folds
Uncalled bet ($3) returned to B_loJkl
B_loJkl collected $11.76 from pot
B_loJkl: doesn't show hand
*** SUMMARY ***
Total pot $12 | Rake $0.24
Board [7c 8d Ks]
Seat 1: ucenicul (big blind) folded on the Flop
Seat 2: B_loJkl (button) (small blind) collected ($11.76)


PokerStars Hand #153490820444:  Hold'em Limit ($3/$6 USD) - 2016/05/18 10:07:04 ET
Table 'Nysa' 10-max Seat #1 is the button
Seat 1: ucenicul ($170.84 in chips)
Seat 2: B_loJkl ($225.40 in chips)
ucenicul: posts small blind $1
B_loJkl: posts big blind $3
*** HOLE CARDS ***
ucenicul: folds
Uncalled bet ($2) returned to B_loJkl
B_loJkl collected $2 from pot
B_loJkl: doesn't show hand
*** SUMMARY ***
Total pot $2 | Rake $0
Seat 1: ucenicul (button) (small blind) folded before Flop
Seat 2: B_loJkl (big blind) collected ($2)


PokerStars Hand #153490830611:  Hold'em Limit ($3/$6 USD) - 2016/05/18 10:07:21 ET
Table 'Nysa' 10-max Seat #1 is the button
Seat 1: ucenicul ($166.84 in chips)
Seat 2: B_loJkl ($229.40 in chips)
ucenicul: posts small blind $1
B_loJkl: posts big blind $3
*** HOLE CARDS ***
ucenicul: raises $3 to $6
B_loJkl: folds
Uncalled bet ($3) returned to ucenicul
ucenicul collected $6 from pot
ucenicul: doesn't show hand
*** SUMMARY ***
Total pot $6 | Rake $0
Seat 1: ucenicul (button) (small blind) collected ($6)
Seat 2: B_loJkl (big blind) folded before Flop


PokerStars Hand #153490839779:  Hold'em Limit ($3/$6 USD) - 2016/05/18 10:07:36 ET
Table 'Nysa' 10-max Seat #2 is the button
Seat 1: ucenicul ($169.84 in chips)
Seat 2: B_loJkl ($226.40 in chips)
B_loJkl: posts small blind $1
ucenicul: posts big blind $3
*** HOLE CARDS ***
B_loJkl: raises $3 to $6
ucenicul: calls $3
*** FLOP *** [Ah As 3s]
ucenicul: checks
B_loJkl: bets $3
ucenicul: folds
Uncalled bet ($3) returned to B_loJkl
B_loJkl collected $11.76 from pot
B_loJkl: doesn't show hand
*** SUMMARY ***
Total pot $12 | Rake $0.24
Board [Ah As 3s]
Seat 1: ucenicul (big blind) folded on the Flop
Seat 2: B_loJkl (button) (small blind) collected ($11.76)


PokerStars Hand #153490847276:  Hold'em Limit ($3/$6 USD) - 2016/05/18 10:07:49 ET
Table 'Nysa' 10-max Seat #1 is the button
Seat 1: ucenicul ($163.84 in chips)
Seat 2: B_loJkl ($232.16 in chips)
ucenicul: posts small blind $1
B_loJkl: posts big blind $3
*** HOLE CARDS ***
ucenicul: folds
Uncalled bet ($2) returned to B_loJkl
B_loJkl collected $2 from pot
B_loJkl: doesn't show hand
*** SUMMARY ***
Total pot $2 | Rake $0
Seat 1: ucenicul (button) (small blind) folded before Flop
Seat 2: B_loJkl (big blind) collected ($2)


PokerStars Hand #153490851825:  Hold'em Limit ($3/$6 USD) - 2016/05/18 10:07:56 ET
Table 'Nysa' 10-max Seat #2 is the button
Seat 1: ucenicul ($162.84 in chips)
Seat 2: B_loJkl ($233.16 in chips)
B_loJkl: posts small blind $1
ucenicul: posts big blind $3
*** HOLE CARDS ***
B_loJkl: raises $3 to $6
ucenicul: folds
Uncalled bet ($3) returned to B_loJkl
B_loJkl collected $6 from pot
B_loJkl: doesn't show hand
*** SUMMARY ***
Total pot $6 | Rake $0
Seat 1: ucenicul (big blind) folded before Flop
Seat 2: B_loJkl (button) (small blind) collected ($6)


PokerStars Hand #153490862358:  Hold'em Limit ($3/$6 USD) - 2016/05/18 10:08:14 ET
Table 'Nysa' 10-max Seat #1 is the button
Seat 1: ucenicul ($159.84 in chips)
Seat 2: B_loJkl ($236.16 in chips)
ucenicul: posts small blind $1
B_loJkl: posts big blind $3
*** HOLE CARDS ***
ucenicul: folds
Uncalled bet ($2) returned to B_loJkl
B_loJkl collected $2 from pot
B_loJkl: doesn't show hand
*** SUMMARY ***
Total pot $2 | Rake $0
Seat 1: ucenicul (button) (small blind) folded before Flop
Seat 2: B_loJkl (big blind) collected ($2)


PokerStars Hand #153490865949:  Hold'em Limit ($3/$6 USD) - 2016/05/18 10:08:20 ET
Table 'Nysa' 10-max Seat #2 is the button
Seat 1: ucenicul ($158.84 in chips)
Seat 2: B_loJkl ($237.16 in chips)
B_loJkl: posts small blind $1
ucenicul: posts big blind $3
*** HOLE CARDS ***
B_loJkl: raises $3 to $6
ucenicul: calls $3
*** FLOP *** [6c 6h 9s]
ucenicul: checks
B_loJkl: bets $3
ucenicul: calls $3
*** TURN *** [6c 6h 9s] [5c]
ucenicul: checks
B_loJkl: checks
*** RIVER *** [6c 6h 9s 5c] [8s]
ucenicul: bets $6
B_loJkl: folds
Uncalled bet ($6) returned to ucenicul
ucenicul collected $17.64 from pot
ucenicul: doesn't show hand
*** SUMMARY ***
Total pot $18 | Rake $0.36
Board [6c 6h 9s 5c 8s]
Seat 1: ucenicul (big blind) collected ($17.64)
Seat 2: B_loJkl (button) (small blind) folded on the River


PokerStars Hand #153490898775:  Hold'em Limit ($3/$6 USD) - 2016/05/18 10:09:15 ET
Table 'Nysa' 10-max Seat #2 is the button
Seat 1: ucenicul ($166.48 in chips)
Seat 2: B_loJkl ($229.16 in chips)
B_loJkl: posts small blind $1
ucenicul: posts big blind $3
*** HOLE CARDS ***
B_loJkl: raises $3 to $6
ucenicul: calls $3
*** FLOP *** [3h 8d Ts]
ucenicul: checks
B_loJkl: bets $3
ucenicul: calls $3
*** TURN *** [3h 8d Ts] [6s]
ucenicul: checks
B_loJkl: bets $6
ucenicul: calls $6
*** RIVER *** [3h 8d Ts 6s] [5s]
ucenicul: checks
B_loJkl: bets $6
ucenicul: folds
Uncalled bet ($6) returned to B_loJkl
B_loJkl collected $29.50 from pot
B_loJkl: doesn't show hand
*** SUMMARY ***
Total pot $30 | Rake $0.50
Board [3h 8d Ts 6s 5s]
Seat 1: ucenicul (big blind) folded on the River
Seat 2: B_loJkl (button) (small blind) collected ($29.50)


PokerStars Hand #153490913238:  Hold'em Limit ($3/$6 USD) - 2016/05/18 10:09:39 ET
Table 'Nysa' 10-max Seat #1 is the button
Seat 1: ucenicul ($151.48 in chips)
Seat 2: B_loJkl ($243.66 in chips)
ucenicul: posts small blind $1
B_loJkl: posts big blind $3
*** HOLE CARDS ***
ucenicul: raises $3 to $6
B_loJkl: calls $3
*** FLOP *** [7c 2h Qh]
B_loJkl: checks
ucenicul: bets $3
B_loJkl: raises $3 to $6
ucenicul: calls $3
*** TURN *** [7c 2h Qh] [7s]
B_loJkl: bets $6
ucenicul: folds
Uncalled bet ($6) returned to B_loJkl
B_loJkl collected $23.52 from pot
B_loJkl: doesn't show hand
*** SUMMARY ***
Total pot $24 | Rake $0.48
Board [7c 2h Qh 7s]
Seat 1: ucenicul (button) (small blind) folded on the Turn
Seat 2: B_loJkl (big blind) collected ($23.52)


PokerStars Hand #153490935507:  Hold'em Limit ($3/$6 USD) - 2016/05/18 10:10:16 ET
Table 'Nysa' 10-max Seat #2 is the button
Seat 1: ucenicul ($139.48 in chips)
Seat 2: B_loJkl ($255.18 in chips)
B_loJkl: posts small blind $1
ucenicul: posts big blind $3
*** HOLE CARDS ***
B_loJkl: raises $3 to $6
ucenicul: calls $3
*** FLOP *** [7d Kh 9s]
ucenicul: bets $3
B_loJkl: calls $3
*** TURN *** [7d Kh 9s] [8h]
ucenicul: bets $6
B_loJkl: calls $6
*** RIVER *** [7d Kh 9s 8h] [8s]
ucenicul: bets $6
B_loJkl: raises $6 to $12
ucenicul: folds
Uncalled bet ($6) returned to B_loJkl
B_loJkl collected $41.50 from pot
B_loJkl: doesn't show hand
*** SUMMARY ***
Total pot $42 | Rake $0.50
Board [7d Kh 9s 8h 8s]
Seat 1: ucenicul (big blind) folded on the River
Seat 2: B_loJkl (button) (small blind) collected ($41.50)


PokerStars Hand #153490952529:  Hold'em Limit ($3/$6 USD) - 2016/05/18 10:10:44 ET
Table 'Nysa' 10-max Seat #1 is the button
Seat 1: ucenicul ($118.48 in chips)
Seat 2: B_loJkl ($275.68 in chips)
ucenicul: posts small blind $1
B_loJkl: posts big blind $3
*** HOLE CARDS ***
ucenicul: raises $3 to $6
B_loJkl: calls $3
*** FLOP *** [7h 4d 2d]
B_loJkl: checks
ucenicul: bets $3
B_loJkl: calls $3
*** TURN *** [7h 4d 2d] [Jc]
B_loJkl: checks
ucenicul: bets $6
B_loJkl: calls $6
*** RIVER *** [7h 4d 2d Jc] [8h]
B_loJkl: checks
ucenicul: bets $6
B_loJkl: folds
Uncalled bet ($6) returned to ucenicul
ucenicul collected $29.50 from pot
ucenicul: doesn't show hand
*** SUMMARY ***
Total pot $30 | Rake $0.50
Board [7h 4d 2d Jc 8h]
Seat 1: ucenicul (button) (small blind) collected ($29.50)
Seat 2: B_loJkl (big blind) folded on the River


PokerStars Hand #153490977999:  Hold'em Limit ($3/$6 USD) - 2016/05/18 10:11:27 ET
Table 'Nysa' 10-max Seat #2 is the button
Seat 1: ucenicul ($132.98 in chips)
Seat 2: B_loJkl ($260.68 in chips)
B_loJkl: posts small blind $1
ucenicul: posts big blind $3
*** HOLE CARDS ***
B_loJkl: raises $3 to $6
ucenicul: raises $3 to $9
lin1rabbit joins the table at seat #6
B_loJkl: calls $3
*** FLOP *** [2c 7d Th]
ucenicul: bets $3
B_loJkl: calls $3
*** TURN *** [2c 7d Th] [4s]
ucenicul: checks
B_loJkl: bets $6
ucenicul: calls $6
*** RIVER *** [2c 7d Th 4s] [3s]
ucenicul: checks
B_loJkl: bets $6
ucenicul: calls $6
*** SHOW DOWN ***
B_loJkl: shows [Ah Jd] (high card Ace)
ucenicul: shows [As Qd] (high card Ace - Queen kicker)
ucenicul collected $47.50 from pot
*** SUMMARY ***
Total pot $48 | Rake $0.50
Board [2c 7d Th 4s 3s]
Seat 1: ucenicul (big blind) showed [As Qd] and won ($47.50) with high card Ace
Seat 2: B_loJkl (button) (small blind) showed [Ah Jd] and lost with high card Ace


PokerStars Hand #153491002960:  Hold'em Limit ($3/$6 USD) - 2016/05/18 10:12:08 ET
Table 'Nysa' 10-max Seat #1 is the button
Seat 1: ucenicul ($156.48 in chips)
Seat 2: B_loJkl ($236.68 in chips)
ucenicul: posts small blind $1
B_loJkl: posts big blind $3
*** HOLE CARDS ***
ucenicul: raises $3 to $6
B_loJkl: calls $3
*** FLOP *** [2d 7h Kd]
B_loJkl: checks
ucenicul: bets $3
B_loJkl: calls $3
*** TURN *** [2d 7h Kd] [Ad]
B_loJkl: checks
ucenicul: checks
*** RIVER *** [2d 7h Kd Ad] [Ah]
B_loJkl: checks
ucenicul: checks
*** SHOW DOWN ***
B_loJkl: shows [2s 6s] (two pair, Aces and Deuces)
ucenicul: shows [7s 8c] (two pair, Aces and Sevens)
ucenicul collected $17.64 from pot
*** SUMMARY ***
Total pot $18 | Rake $0.36
Board [2d 7h Kd Ad Ah]
Seat 1: ucenicul (button) (small blind) showed [7s 8c] and won ($17.64) with two pair, Aces and Sevens
Seat 2: B_loJkl (big blind) showed [2s 6s] and lost with two pair, Aces and Deuces


PokerStars Hand #153491248885:  Hold'em Limit ($3/$6 USD) - 2016/05/18 10:18:53 ET
Table 'Nysa' 10-max Seat #1 is the button
Seat 1: ucenicul ($198 in chips)
Seat 2: B_loJkl ($198.57 in chips)
ucenicul: posts small blind $1
B_loJkl: posts big blind $3
*** HOLE CARDS ***
ucenicul: raises $3 to $6
B_loJkl: calls $3
*** FLOP *** [Jd Qs 9h]
B_loJkl: checks
ucenicul: checks
*** TURN *** [Jd Qs 9h] [9d]
lin1rabbit leaves the table
B_loJkl: checks
ucenicul: checks
*** RIVER *** [Jd Qs 9h 9d] [2c]
B_loJkl: checks
ucenicul: checks
*** SHOW DOWN ***
B_loJkl: shows [4d 5c] (a pair of Nines)
ucenicul: shows [7c Kc] (a pair of Nines - King kicker)
ucenicul collected $11.76 from pot
*** SUMMARY ***
Total pot $12 | Rake $0.24
Board [Jd Qs 9h 9d 2c]
Seat 1: ucenicul (button) (small blind) showed [7c Kc] and won ($11.76) with a pair of Nines
Seat 2: B_loJkl (big blind) showed [4d 5c] and lost with a pair of Nines


PokerStars Hand #153491219612:  Hold'em Limit ($3/$6 USD) - 2016/05/18 10:18:04 ET
Table 'Nysa' 10-max Seat #2 is the button
Seat 1: ucenicul ($189.36 in chips)
Seat 2: B_loJkl ($207.57 in chips)
lin1rabbit has timed out while being disconnected
lin1rabbit: is sitting out
B_loJkl: posts small blind $1
ucenicul: posts big blind $3
*** HOLE CARDS ***
B_loJkl: raises $3 to $6
ucenicul: calls $3
*** FLOP *** [3c Jh Qd]
ucenicul: checks
B_loJkl: bets $3
ucenicul: calls $3
*** TURN *** [3c Jh Qd] [3s]
ucenicul: checks
B_loJkl: checks
*** RIVER *** [3c Jh Qd 3s] [Qc]
lin1rabbit is disconnected
ucenicul: bets $6
B_loJkl: folds
Uncalled bet ($6) returned to ucenicul
ucenicul collected $17.64 from pot
ucenicul: doesn't show hand
*** SUMMARY ***
Total pot $18 | Rake $0.36
Board [3c Jh Qd 3s Qc]
Seat 1: ucenicul (big blind) collected ($17.64)
Seat 2: B_loJkl (button) (small blind) folded on the River


PokerStars Hand #153491292371:  Hold'em Limit ($3/$6 USD) - 2016/05/18 10:20:02 ET
Table 'Nysa' 10-max Seat #1 is the button
Seat 1: ucenicul ($221.26 in chips)
Seat 2: B_loJkl ($174.57 in chips)
ucenicul: posts small blind $1
B_loJkl: posts big blind $3
*** HOLE CARDS ***
ucenicul: raises $3 to $6
B_loJkl: calls $3
*** FLOP *** [3h 6h 7h]
B_loJkl: checks
ucenicul: bets $3
B_loJkl: calls $3
*** TURN *** [3h 6h 7h] [5d]
B_loJkl: checks
ucenicul: checks
*** RIVER *** [3h 6h 7h 5d] [Td]
B_loJkl: checks
ucenicul: checks
*** SHOW DOWN ***
B_loJkl: shows [9h Kd] (high card King)
ucenicul: mucks hand
B_loJkl collected $17.64 from pot
*** SUMMARY ***
Total pot $18 | Rake $0.36
Board [3h 6h 7h 5d Td]
Seat 1: ucenicul (button) (small blind) mucked
Seat 2: B_loJkl (big blind) showed [9h Kd] and won ($17.64) with high card King


PokerStars Hand #153491271294:  Hold'em Limit ($3/$6 USD) - 2016/05/18 10:19:30 ET
Table 'Nysa' 10-max Seat #2 is the button
Seat 1: ucenicul ($203.76 in chips)
Seat 2: B_loJkl ($192.57 in chips)
B_loJkl: posts small blind $1
ucenicul: posts big blind $3
*** HOLE CARDS ***
B_loJkl: raises $3 to $6
ucenicul: raises $3 to $9
B_loJkl: calls $3
*** FLOP *** [9c 4h Kd]
ucenicul: bets $3
B_loJkl: calls $3
*** TURN *** [9c 4h Kd] [Kh]
ucenicul: checks
B_loJkl: bets $6
ucenicul: calls $6
*** RIVER *** [9c 4h Kd Kh] [Tc]
ucenicul: checks
B_loJkl: checks
*** SHOW DOWN ***
ucenicul: shows [7s 7c] (two pair, Kings and Sevens)
B_loJkl: mucks hand
ucenicul collected $35.50 from pot
*** SUMMARY ***
Total pot $36 | Rake $0.50
Board [9c 4h Kd Kh Tc]
Seat 1: ucenicul (big blind) showed [7s 7c] and won ($35.50) with two pair, Kings and Sevens
Seat 2: B_loJkl (button) (small blind) mucked


PokerStars Hand #153491309586:  Hold'em Limit ($3/$6 USD) - 2016/05/18 10:20:31 ET
Table 'Nysa' 10-max Seat #2 is the button
Seat 1: ucenicul ($212.26 in chips)
Seat 2: B_loJkl ($183.21 in chips)
B_loJkl: posts small blind $1
ucenicul: posts big blind $3
*** HOLE CARDS ***
Tryptamean joins the table at seat #5
B_loJkl: raises $3 to $6
ucenicul: calls $3
*** FLOP *** [8s 5s Kc]
ucenicul: bets $3
B_loJkl: calls $3
*** TURN *** [8s 5s Kc] [Td]
ucenicul: bets $6
B_loJkl: calls $6
*** RIVER *** [8s 5s Kc Td] [3h]
ucenicul: bets $6
B_loJkl: calls $6
*** SHOW DOWN ***
ucenicul: shows [Th Kh] (two pair, Kings and Tens)
B_loJkl: mucks hand
ucenicul collected $41.50 from pot
*** SUMMARY ***
Total pot $42 | Rake $0.50
Board [8s 5s Kc Td 3h]
Seat 1: ucenicul (big blind) showed [Th Kh] and won ($41.50) with two pair, Kings and Tens
Seat 2: B_loJkl (button) (small blind) mucked


PokerStars Hand #153491755509:  Hold'em Limit ($3/$6 USD) - 2016/05/18 10:32:39 ET
Table 'Nysa' 10-max Seat #5 is the button
Seat 2: B_loJkl ($213.26 in chips)
Seat 5: Tryptamean ($133.60 in chips)
Tryptamean: posts small blind $1
B_loJkl: posts big blind $3
*** HOLE CARDS ***
Tryptamean: raises $3 to $6
B_loJkl: folds
Uncalled bet ($3) returned to Tryptamean
Tryptamean collected $6 from pot
Tryptamean: doesn't show hand
*** SUMMARY ***
Total pot $6 | Rake $0
Seat 2: B_loJkl (big blind) folded before Flop
Seat 5: Tryptamean (button) (small blind) collected ($6)


PokerStars Hand #153491767747:  Hold'em Limit ($3/$6 USD) - 2016/05/18 10:32:59 ET
Table 'Nysa' 10-max Seat #2 is the button
Seat 2: B_loJkl ($210.26 in chips)
Seat 5: Tryptamean ($136.60 in chips)
B_loJkl: posts small blind $1
Tryptamean: posts big blind $3
*** HOLE CARDS ***
B_loJkl: raises $3 to $6
Tryptamean: raises $3 to $9
B_loJkl: calls $3
*** FLOP *** [3h 6d 4d]
Tryptamean: bets $3
B_loJkl: folds
Uncalled bet ($3) returned to Tryptamean
Tryptamean collected $17.64 from pot
Tryptamean: doesn't show hand
*** SUMMARY ***
Total pot $18 | Rake $0.36
Board [3h 6d 4d]
Seat 2: B_loJkl (button) (small blind) folded on the Flop
Seat 5: Tryptamean (big blind) collected ($17.64)


PokerStars Hand #153492174349:  Hold'em Limit ($3/$6 USD) - 2016/05/18 10:43:47 ET
Table 'Nysa' 10-max Seat #5 is the button
Seat 2: B_loJkl ($199.82 in chips)
Seat 5: Tryptamean ($135.23 in chips)
Tryptamean: posts small blind $1
B_loJkl: posts big blind $3
*** HOLE CARDS ***
ucenicul leaves the table
Tryptamean: folds
Uncalled bet ($2) returned to B_loJkl
B_loJkl collected $2 from pot
B_loJkl: doesn't show hand
*** SUMMARY ***
Total pot $2 | Rake $0
Seat 2: B_loJkl (big blind) collected ($2)
Seat 5: Tryptamean (button) (small blind) folded before Flop


PokerStars Hand #153492178639:  Hold'em Limit ($3/$6 USD) - 2016/05/18 10:43:54 ET
Table 'Nysa' 10-max Seat #2 is the button
Seat 2: B_loJkl ($200.82 in chips)
Seat 5: Tryptamean ($134.23 in chips)
B_loJkl: posts small blind $1
Tryptamean: posts big blind $3
*** HOLE CARDS ***
B_loJkl: raises $3 to $6
Tryptamean: calls $3
*** FLOP *** [8d Jc Th]
Tryptamean: checks
B_loJkl: checks
*** TURN *** [8d Jc Th] [8c]
Tryptamean: checks
B_loJkl: bets $6
Tryptamean: folds
Uncalled bet ($6) returned to B_loJkl
B_loJkl collected $11.76 from pot
B_loJkl: doesn't show hand
*** SUMMARY ***
Total pot $12 | Rake $0.24
Board [8d Jc Th 8c]
Seat 2: B_loJkl (button) (small blind) collected ($11.76)
Seat 5: Tryptamean (big blind) folded on the Turn


PokerStars Hand #153513047691:  Hold'em Limit ($3/$6 USD) - 2016/05/18 17:53:25 ET
Table 'Nysa' 10-max Seat #6 is the button
Seat 6: xitrec321 ($171.22 in chips)
Seat 7: Actionni13 ($150 in chips)
xitrec321: posts small blind $1
Actionni13: posts big blind $3
*** HOLE CARDS ***
xitrec321: calls $2
Actionni13: checks
*** FLOP *** [8d Tc 7s]
Zubasa07 joins the table at seat #9
Actionni13: checks
xitrec321: bets $3
Actionni13: folds
Uncalled bet ($3) returned to xitrec321
xitrec321 collected $5.88 from pot
*** SUMMARY ***
Total pot $6 | Rake $0.12
Board [8d Tc 7s]
Seat 6: xitrec321 (button) (small blind) collected ($5.88)
Seat 7: Actionni13 (big blind) folded on the Flop


PokerStars Hand #153513019618:  Hold'em Limit ($3/$6 USD) - 2016/05/18 17:52:51 ET
Table 'Nysa' 10-max Seat #7 is the button
Seat 6: xitrec321 ($147.72 in chips)
Seat 7: Actionni13 ($150 in chips)
Actionni13: posts small blind $1
xitrec321: posts big blind $3
*** HOLE CARDS ***
Actionni13: raises $3 to $6
xitrec321: raises $3 to $9
Actionni13: calls $3
*** FLOP *** [Ts 6h As]
xitrec321: checks
Actionni13: bets $3
xitrec321: calls $3
*** TURN *** [Ts 6h As] [Kh]
xitrec321: checks
Actionni13: bets $6
xitrec321: calls $6
*** RIVER *** [Ts 6h As Kh] [4s]
xitrec321: checks
Actionni13: bets $6
xitrec321: calls $6
*** SHOW DOWN ***
Actionni13: shows [5h Ad] (a pair of Aces)
xitrec321: shows [Jh Ah] (a pair of Aces - King+Jack kicker)
xitrec321 collected $47.50 from pot
*** SUMMARY ***
Total pot $48 | Rake $0.50
Board [Ts 6h As Kh 4s]
Seat 6: xitrec321 (big blind) showed [Jh Ah] and won ($47.50) with a pair of Aces
Seat 7: Actionni13 (button) (small blind) showed [5h Ad] and lost with a pair of Aces


