PokerStars Hand #163376586222:  Hold'em Limit ($3/$6 USD) - 2016/12/22 23:07:00 ET
Table 'Nysa II' 6-max Seat #2 is the button
Seat 2: Cigarete94 ($83.86 in chips)
Seat 6: ToDaFelt ($219.13 in chips)
Cigarete94: posts small blind $1
RaisemyNut$: is sitting out
ToDaFelt: posts big blind $3
*** HOLE CARDS ***
Cigarete94: folds
Uncalled bet ($2) returned to ToDaFelt
ToDaFelt collected $2 from pot
ToDaFelt: doesn't show hand
*** SUMMARY ***
Total pot $2 | Rake $0
Seat 2: Cigarete94 (button) (small blind) folded before Flop
Seat 6: ToDaFelt (big blind) collected ($2)


PokerStars Hand #163376588015:  Hold'em Limit ($3/$6 USD) - 2016/12/22 23:07:05 ET
Table 'Nysa II' 6-max Seat #6 is the button
Seat 2: Cigarete94 ($82.86 in chips)
Seat 6: ToDaFelt ($220.13 in chips)
ToDaFelt: posts small blind $1
Cigarete94: posts big blind $3
*** HOLE CARDS ***
ToDaFelt: raises $3 to $6
Cigarete94: folds
Uncalled bet ($3) returned to ToDaFelt
ToDaFelt collected $6 from pot
ToDaFelt: doesn't show hand
*** SUMMARY ***
Total pot $6 | Rake $0
Seat 2: Cigarete94 (big blind) folded before Flop
Seat 6: ToDaFelt (button) (small blind) collected ($6)


