PokerStars Hand #162927184355:  Hold'em Limit ($3/$6 USD) - 2016/12/14 8:40:16 ET
Table 'Oberon II' 6-max Seat #4 is the button
Seat 3: Blikon ($129.50 in chips)
Seat 4: MTails ($90 in chips)
MTails: posts small blind $1
Blikon: posts big blind $3
*** HOLE CARDS ***
MTails: raises $3 to $6
Blikon: calls $3
*** FLOP *** [5s 2d 9s]
Blikon: checks
_fayzulllo_ joins the table at seat #5
MTails: bets $3
Blikon: calls $3
*** TURN *** [5s 2d 9s] [Qh]
Blikon: checks
MTails: bets $6
Blikon: folds
Uncalled bet ($6) returned to MTails
MTails collected $17.64 from pot
*** SUMMARY ***
Total pot $18 | Rake $0.36
Board [5s 2d 9s Qh]
Seat 3: Blikon (big blind) folded on the Turn
Seat 4: MTails (button) (small blind) collected ($17.64)


PokerStars Hand #162927193101:  Hold'em Limit ($3/$6 USD) - 2016/12/14 8:40:31 ET
Table 'Oberon II' 6-max Seat #3 is the button
Seat 3: Blikon ($120.50 in chips)
Seat 4: MTails ($98.64 in chips)
Blikon: posts small blind $1
MTails: posts big blind $3
*** HOLE CARDS ***
Blikon: raises $3 to $6
MTails: raises $3 to $9
Blikon: calls $3
*** FLOP *** [2s 9d 6d]
MTails: bets $3
Blikon: raises $3 to $6
MTails: calls $3
*** TURN *** [2s 9d 6d] [4d]
MTails: checks
Blikon: bets $6
MTails: raises $6 to $12
Blikon: calls $6
*** RIVER *** [2s 9d 6d 4d] [4s]
MTails: bets $6
Blikon: folds
Uncalled bet ($6) returned to MTails
MTails collected $53.50 from pot
*** SUMMARY ***
Total pot $54 | Rake $0.50
Board [2s 9d 6d 4d 4s]
Seat 3: Blikon (button) (small blind) folded on the River
Seat 4: MTails (big blind) collected ($53.50)


PokerStars Hand #162929393764:  Hold'em Limit ($3/$6 USD) - 2016/12/14 9:40:00 ET
Table 'Oberon II' 6-max Seat #1 is the button
Seat 1: SmellyToes4u ($190.26 in chips)
Seat 6: ToDaFelt ($151.38 in chips)
SmellyToes4u: posts small blind $1
feilinho: is sitting out
ToDaFelt: posts big blind $3
*** HOLE CARDS ***
feilinho leaves the table
SmellyToes4u: raises $3 to $6
ToDaFelt: calls $3
*** FLOP *** [4s 8h 2s]
ToDaFelt: checks
SmellyToes4u: bets $3
ToDaFelt: raises $3 to $6
SmellyToes4u: calls $3
*** TURN *** [4s 8h 2s] [5c]
ToDaFelt: bets $6
SmellyToes4u: folds
Uncalled bet ($6) returned to ToDaFelt
ToDaFelt collected $23.52 from pot
ToDaFelt: doesn't show hand
*** SUMMARY ***
Total pot $24 | Rake $0.48
Board [4s 8h 2s 5c]
Seat 1: SmellyToes4u (button) (small blind) folded on the Turn
Seat 6: ToDaFelt (big blind) collected ($23.52)


