PokerStars Hand #155982085253:  Hold'em Limit ($3/$6 USD) - 2016/07/14 20:35:31 ET
Table 'Oberon' 6-max Seat #2 is the button
Seat 2: hewey1 ($5.88 in chips)
Seat 5: TinaTurner72 ($143.50 in chips)
hewey1: posts small blind $1
TinaTurner72: posts big blind $3
*** HOLE CARDS ***
hewey1: folds
Uncalled bet ($2) returned to TinaTurner72
TinaTurner72 collected $2 from pot
*** SUMMARY ***
Total pot $2 | Rake $0
Seat 2: hewey1 (button) (small blind) folded before Flop
Seat 5: TinaTurner72 (big blind) collected ($2)


PokerStars Hand #155982067096:  Hold'em Limit ($3/$6 USD) - 2016/07/14 20:34:47 ET
Table 'Oberon' 6-max Seat #2 is the button
Seat 2: hewey1 ($30 in chips)
Seat 5: TinaTurner72 ($120 in chips)
hewey1: posts small blind $1
TinaTurner72: posts big blind $3
*** HOLE CARDS ***
hewey1: calls $2
TinaTurner72: checks
*** FLOP *** [Td Qd As]
TinaTurner72: checks
hewey1: bets $3
TinaTurner72: folds
Uncalled bet ($3) returned to hewey1
hewey1 collected $5.88 from pot
hewey1: doesn't show hand
*** SUMMARY ***
Total pot $6 | Rake $0.12
Board [Td Qd As]
Seat 2: hewey1 (button) (small blind) collected ($5.88)
Seat 5: TinaTurner72 (big blind) folded on the Flop


PokerStars Hand #155982074498:  Hold'em Limit ($3/$6 USD) - 2016/07/14 20:35:05 ET
Table 'Oberon' 6-max Seat #5 is the button
Seat 2: hewey1 ($32.88 in chips)
Seat 5: TinaTurner72 ($117 in chips)
TinaTurner72: posts small blind $1
hewey1: posts big blind $3
*** HOLE CARDS ***
TinaTurner72: raises $3 to $6
hewey1: calls $3
*** FLOP *** [Td Js Ac]
hewey1: checks
TinaTurner72: bets $3
hewey1: calls $3
*** TURN *** [Td Js Ac] [2s]
hewey1: checks
TinaTurner72: bets $6
hewey1: calls $6
*** RIVER *** [Td Js Ac 2s] [6h]
hewey1: bets $6
TinaTurner72: raises $6 to $12
hewey1: calls $6
*** SHOW DOWN ***
TinaTurner72: shows [Th Ts] (three of a kind, Tens)
hewey1: mucks hand
TinaTurner72 collected $53.50 from pot
*** SUMMARY ***
Total pot $54 | Rake $0.50
Board [Td Js Ac 2s 6h]
Seat 2: hewey1 (big blind) mucked
Seat 5: TinaTurner72 (button) (small blind) showed [Th Ts] and won ($53.50) with three of a kind, Tens


PokerStars Hand #155982088056:  Hold'em Limit ($3/$6 USD) - 2016/07/14 20:35:37 ET
Table 'Oberon' 6-max Seat #5 is the button
Seat 2: hewey1 ($4.88 in chips)
Seat 5: TinaTurner72 ($144.50 in chips)
TinaTurner72: posts small blind $1
hewey1: posts big blind $3
*** HOLE CARDS ***
TinaTurner72: raises $3 to $6
hewey1: calls $1.88 and is all-in
Uncalled bet ($1.12) returned to TinaTurner72
*** FLOP *** [Qc 8s 5c]
*** TURN *** [Qc 8s 5c] [Jd]
*** RIVER *** [Qc 8s 5c Jd] [Ad]
*** SHOW DOWN ***
hewey1: shows [Tc As] (a pair of Aces)
TinaTurner72: shows [2h 6h] (high card Ace)
hewey1 collected $9.56 from pot
*** SUMMARY ***
Total pot $9.76 | Rake $0.20
Board [Qc 8s 5c Jd Ad]
Seat 2: hewey1 (big blind) showed [Tc As] and won ($9.56) with a pair of Aces
Seat 5: TinaTurner72 (button) (small blind) showed [2h 6h] and lost with high card Ace


PokerStars Hand #155982097955:  Hold'em Limit ($3/$6 USD) - 2016/07/14 20:36:01 ET
Table 'Oberon' 6-max Seat #2 is the button
Seat 2: hewey1 ($9.56 in chips)
Seat 5: TinaTurner72 ($139.62 in chips)
hewey1: posts small blind $1
TinaTurner72: posts big blind $3
*** HOLE CARDS ***
hewey1: raises $3 to $6
TinaTurner72: calls $3
*** FLOP *** [2h Ks Jh]
TinaTurner72: checks
hewey1: bets $3
TinaTurner72: folds
Uncalled bet ($3) returned to hewey1
hewey1 collected $11.76 from pot
hewey1: doesn't show hand
*** SUMMARY ***
Total pot $12 | Rake $0.24
Board [2h Ks Jh]
Seat 2: hewey1 (button) (small blind) collected ($11.76)
Seat 5: TinaTurner72 (big blind) folded on the Flop


PokerStars Hand #155982106623:  Hold'em Limit ($3/$6 USD) - 2016/07/14 20:36:21 ET
Table 'Oberon' 6-max Seat #5 is the button
Seat 2: hewey1 ($15.32 in chips)
Seat 5: TinaTurner72 ($133.62 in chips)
TinaTurner72: posts small blind $1
hewey1: posts big blind $3
*** HOLE CARDS ***
TinaTurner72: raises $3 to $6
hewey1: calls $3
*** FLOP *** [5d 2h 3h]
hewey1: checks
TinaTurner72: bets $3
hewey1: calls $3
*** TURN *** [5d 2h 3h] [Qs]
hewey1: checks
TinaTurner72: checks
*** RIVER *** [5d 2h 3h Qs] [9s]
hewey1: bets $6
TinaTurner72: calls $6
*** SHOW DOWN ***
hewey1: shows [4d As] (a straight, Ace to Five)
TinaTurner72: mucks hand
hewey1 collected $29.50 from pot
*** SUMMARY ***
Total pot $30 | Rake $0.50
Board [5d 2h 3h Qs 9s]
Seat 2: hewey1 (big blind) showed [4d As] and won ($29.50) with a straight, Ace to Five
Seat 5: TinaTurner72 (button) (small blind) mucked


PokerStars Hand #155982120936:  Hold'em Limit ($3/$6 USD) - 2016/07/14 20:36:55 ET
Table 'Oberon' 6-max Seat #2 is the button
Seat 2: hewey1 ($29.82 in chips)
Seat 5: TinaTurner72 ($118.62 in chips)
hewey1: posts small blind $1
TinaTurner72: posts big blind $3
*** HOLE CARDS ***
hewey1: calls $2
TinaTurner72: checks
*** FLOP *** [6h 8c 4h]
TinaTurner72: bets $3
hewey1: calls $3
*** TURN *** [6h 8c 4h] [Kd]
TinaTurner72: checks
hewey1: checks
*** RIVER *** [6h 8c 4h Kd] [Jd]
TinaTurner72: checks
hewey1: checks
*** SHOW DOWN ***
TinaTurner72: shows [4s Qs] (a pair of Fours)
hewey1: shows [5d 5h] (a pair of Fives)
hewey1 collected $11.76 from pot
*** SUMMARY ***
Total pot $12 | Rake $0.24
Board [6h 8c 4h Kd Jd]
Seat 2: hewey1 (button) (small blind) showed [5d 5h] and won ($11.76) with a pair of Fives
Seat 5: TinaTurner72 (big blind) showed [4s Qs] and lost with a pair of Fours


PokerStars Hand #155982128898:  Hold'em Limit ($3/$6 USD) - 2016/07/14 20:37:14 ET
Table 'Oberon' 6-max Seat #5 is the button
Seat 2: hewey1 ($35.58 in chips)
Seat 5: TinaTurner72 ($112.62 in chips)
TinaTurner72: posts small blind $1
hewey1: posts big blind $3
*** HOLE CARDS ***
TinaTurner72: raises $3 to $6
hewey1: calls $3
*** FLOP *** [Jc 4c Jh]
hewey1: checks
TinaTurner72: bets $3
hewey1: calls $3
*** TURN *** [Jc 4c Jh] [7d]
hewey1: checks
TinaTurner72: bets $6
hewey1: folds
Uncalled bet ($6) returned to TinaTurner72
TinaTurner72 collected $17.64 from pot
TinaTurner72: doesn't show hand
*** SUMMARY ***
Total pot $18 | Rake $0.36
Board [Jc 4c Jh 7d]
Seat 2: hewey1 (big blind) folded on the Turn
Seat 5: TinaTurner72 (button) (small blind) collected ($17.64)


PokerStars Hand #155982138156:  Hold'em Limit ($3/$6 USD) - 2016/07/14 20:37:36 ET
Table 'Oberon' 6-max Seat #2 is the button
Seat 2: hewey1 ($26.58 in chips)
Seat 5: TinaTurner72 ($121.26 in chips)
hewey1: posts small blind $1
TinaTurner72: posts big blind $3
*** HOLE CARDS ***
hewey1: raises $3 to $6
TinaTurner72: calls $3
*** FLOP *** [Th 4h 2c]
TinaTurner72: checks
hewey1: bets $3
TinaTurner72: calls $3
*** TURN *** [Th 4h 2c] [Qd]
TinaTurner72: checks
hewey1: checks
*** RIVER *** [Th 4h 2c Qd] [Jh]
TinaTurner72: checks
hewey1: checks
*** SHOW DOWN ***
TinaTurner72: shows [2s Kh] (a pair of Deuces)
hewey1: shows [Ad 4s] (a pair of Fours)
hewey1 collected $17.64 from pot
*** SUMMARY ***
Total pot $18 | Rake $0.36
Board [Th 4h 2c Qd Jh]
Seat 2: hewey1 (button) (small blind) showed [Ad 4s] and won ($17.64) with a pair of Fours
Seat 5: TinaTurner72 (big blind) showed [2s Kh] and lost with a pair of Deuces


PokerStars Hand #155982146364:  Hold'em Limit ($3/$6 USD) - 2016/07/14 20:37:56 ET
Table 'Oberon' 6-max Seat #5 is the button
Seat 2: hewey1 ($35.22 in chips)
Seat 5: TinaTurner72 ($112.26 in chips)
TinaTurner72: posts small blind $1
hewey1: posts big blind $3
*** HOLE CARDS ***
TinaTurner72: raises $3 to $6
hewey1: raises $3 to $9
TinaTurner72: calls $3
*** FLOP *** [6s Qs Ah]
hewey1: bets $3
TinaTurner72: calls $3
*** TURN *** [6s Qs Ah] [Jd]
hewey1: checks
TinaTurner72: checks
*** RIVER *** [6s Qs Ah Jd] [9d]
hewey1: checks
TinaTurner72: bets $6
hewey1: calls $6
*** SHOW DOWN ***
TinaTurner72: shows [Js Kd] (a pair of Jacks)
hewey1: mucks hand
TinaTurner72 collected $35.50 from pot
*** SUMMARY ***
Total pot $36 | Rake $0.50
Board [6s Qs Ah Jd 9d]
Seat 2: hewey1 (big blind) mucked
Seat 5: TinaTurner72 (button) (small blind) showed [Js Kd] and won ($35.50) with a pair of Jacks


PokerStars Hand #155982155827:  Hold'em Limit ($3/$6 USD) - 2016/07/14 20:38:19 ET
Table 'Oberon' 6-max Seat #2 is the button
Seat 2: hewey1 ($17.22 in chips)
Seat 5: TinaTurner72 ($129.76 in chips)
hewey1: posts small blind $1
TinaTurner72: posts big blind $3
*** HOLE CARDS ***
hewey1: calls $2
TinaTurner72: checks
*** FLOP *** [3d 7s 6c]
TinaTurner72: checks
hewey1: bets $3
TinaTurner72: folds
Uncalled bet ($3) returned to hewey1
hewey1 collected $5.88 from pot
hewey1: doesn't show hand
*** SUMMARY ***
Total pot $6 | Rake $0.12
Board [3d 7s 6c]
Seat 2: hewey1 (button) (small blind) collected ($5.88)
Seat 5: TinaTurner72 (big blind) folded on the Flop


PokerStars Hand #155982164147:  Hold'em Limit ($3/$6 USD) - 2016/07/14 20:38:38 ET
Table 'Oberon' 6-max Seat #5 is the button
Seat 2: hewey1 ($20.10 in chips)
Seat 5: TinaTurner72 ($126.76 in chips)
TinaTurner72: posts small blind $1
hewey1: posts big blind $3
*** HOLE CARDS ***
TinaTurner72: raises $3 to $6
hewey1: calls $3
*** FLOP *** [Ah 3c Kd]
hewey1: checks
TinaTurner72: bets $3
hewey1: folds
Uncalled bet ($3) returned to TinaTurner72
TinaTurner72 collected $11.76 from pot
TinaTurner72: doesn't show hand
*** SUMMARY ***
Total pot $12 | Rake $0.24
Board [Ah 3c Kd]
Seat 2: hewey1 (big blind) folded on the Flop
Seat 5: TinaTurner72 (button) (small blind) collected ($11.76)


PokerStars Hand #155982172121:  Hold'em Limit ($3/$6 USD) - 2016/07/14 20:38:58 ET
Table 'Oberon' 6-max Seat #2 is the button
Seat 2: hewey1 ($14.10 in chips)
Seat 5: TinaTurner72 ($132.52 in chips)
hewey1: posts small blind $1
TinaTurner72: posts big blind $3
*** HOLE CARDS ***
hewey1: raises $3 to $6
TinaTurner72: calls $3
*** FLOP *** [7s 2s 8s]
TinaTurner72: checks
hewey1: bets $3
TinaTurner72: calls $3
*** TURN *** [7s 2s 8s] [9s]
TinaTurner72: checks
hewey1: bets $5.10 and is all-in
TinaTurner72: calls $5.10
*** RIVER *** [7s 2s 8s 9s] [Kc]
*** SHOW DOWN ***
TinaTurner72: shows [3s Td] (a flush, Nine high)
hewey1: shows [5c 5d] (a pair of Fives)
TinaTurner72 collected $27.70 from pot
*** SUMMARY ***
Total pot $28.20 | Rake $0.50
Board [7s 2s 8s 9s Kc]
Seat 2: hewey1 (button) (small blind) showed [5c 5d] and lost with a pair of Fives
Seat 5: TinaTurner72 (big blind) showed [3s Td] and won ($27.70) with a flush, Nine high


