PokerStars Hand #170761385318:  Hold'em Limit ($3/$6 USD) - 2017/05/22 8:41:40 ET
Table 'Oberon II' 6-max Seat #2 is the button
Seat 2: **Geka**555 ($30 in chips)
Seat 3: sim5sim5 ($72 in chips)
**Geka**555: posts small blind $1
sim5sim5: posts big blind $3
*** HOLE CARDS ***
**Geka**555: calls $2
sim5sim5: checks
*** FLOP *** [Jd Qc 2h]
sim5sim5: bets $3
**Geka**555: calls $3
*** TURN *** [Jd Qc 2h] [9d]
sim5sim5: bets $6
**Geka**555: calls $6
*** RIVER *** [Jd Qc 2h 9d] [Qs]
sim5sim5: bets $6
**Geka**555: raises $6 to $12
sim5sim5: raises $6 to $18
**Geka**555: calls $6 and is all-in
*** SHOW DOWN ***
sim5sim5: shows [9c Qd] (a full house, Queens full of Nines)
**Geka**555: shows [Jc 5c] (two pair, Queens and Jacks)
sim5sim5 collected $59.50 from pot
*** SUMMARY ***
Total pot $60 | Rake $0.50
Board [Jd Qc 2h 9d Qs]
Seat 2: **Geka**555 (button) (small blind) showed [Jc 5c] and lost with two pair, Queens and Jacks
Seat 3: sim5sim5 (big blind) showed [9c Qd] and won ($59.50) with a full house, Queens full of Nines


PokerStars Hand #170761431908:  Hold'em Limit ($3/$6 USD) - 2017/05/22 8:43:15 ET
Table 'Oberon II' 6-max Seat #1 is the button
Seat 1: andrey0709 ($111 in chips)
Seat 3: sim5sim5 ($110.14 in chips)
andrey0709: posts small blind $1
sim5sim5: posts big blind $3
*** HOLE CARDS ***
andrey0709: folds
Uncalled bet ($2) returned to sim5sim5
sim5sim5 collected $2 from pot
sim5sim5: doesn't show hand
*** SUMMARY ***
Total pot $2 | Rake $0
Seat 1: andrey0709 (button) (small blind) folded before Flop
Seat 3: sim5sim5 (big blind) collected ($2)


PokerStars Hand #170761421856:  Hold'em Limit ($3/$6 USD) - 2017/05/22 8:42:55 ET
Table 'Oberon II' 6-max Seat #3 is the button
Seat 1: andrey0709 ($120 in chips)
Seat 3: sim5sim5 ($101.50 in chips)
sim5sim5: posts small blind $1
andrey0709: posts big blind $3
*** HOLE CARDS ***
sim5sim5: raises $3 to $6
andrey0709: calls $3
*** FLOP *** [2d 5h 4c]
andrey0709: checks
sim5sim5: bets $3
andrey0709: calls $3
*** TURN *** [2d 5h 4c] [Ad]
andrey0709: checks
sim5sim5: bets $6
andrey0709: folds
Uncalled bet ($6) returned to sim5sim5
sim5sim5 collected $17.64 from pot
sim5sim5: doesn't show hand
*** SUMMARY ***
Total pot $18 | Rake $0.36
Board [2d 5h 4c Ad]
Seat 1: andrey0709 (big blind) folded on the Turn
Seat 3: sim5sim5 (button) (small blind) collected ($17.64)


PokerStars Hand #170761451487:  Hold'em Limit ($3/$6 USD) - 2017/05/22 8:43:55 ET
Table 'Oberon II' 6-max Seat #1 is the button
Seat 1: andrey0709 ($119.52 in chips)
Seat 3: sim5sim5 ($101.14 in chips)
andrey0709: posts small blind $1
sim5sim5: posts big blind $3
*** HOLE CARDS ***
andrey0709: calls $2
sim5sim5: raises $3 to $6
andrey0709: raises $3 to $9
sim5sim5: calls $3
*** FLOP *** [Kc 8h Tc]
sim5sim5: checks
andrey0709: bets $3
sim5sim5: raises $3 to $6
andrey0709: calls $3
*** TURN *** [Kc 8h Tc] [2c]
sim5sim5: bets $6
andrey0709: calls $6
*** RIVER *** [Kc 8h Tc 2c] [5h]
sim5sim5: bets $6
andrey0709: calls $6
*** SHOW DOWN ***
sim5sim5: shows [Js Th] (a pair of Tens)
andrey0709: shows [As Ah] (a pair of Aces)
andrey0709 collected $53.50 from pot
*** SUMMARY ***
Total pot $54 | Rake $0.50
Board [Kc 8h Tc 2c 5h]
Seat 1: andrey0709 (button) (small blind) showed [As Ah] and won ($53.50) with a pair of Aces
Seat 3: sim5sim5 (big blind) showed [Js Th] and lost with a pair of Tens


PokerStars Hand #170761436854:  Hold'em Limit ($3/$6 USD) - 2017/05/22 8:43:25 ET
Table 'Oberon II' 6-max Seat #1 is the button
Seat 1: andrey0709 ($111 in chips)
Seat 3: sim5sim5 ($110.14 in chips)
andrey0709: posts small blind $1
sim5sim5: posts big blind $3
*** HOLE CARDS ***
andrey0709: raises $3 to $6
sim5sim5: calls $3
*** FLOP *** [7h Qc 3c]
sim5sim5: checks
andrey0709: checks
*** TURN *** [7h Qc 3c] [4s]
sim5sim5: checks
andrey0709: bets $6
sim5sim5: calls $6
*** RIVER *** [7h Qc 3c 4s] [Kh]
sim5sim5: checks
andrey0709: bets $6
sim5sim5: folds
Uncalled bet ($6) returned to andrey0709
andrey0709 collected $23.52 from pot
andrey0709: doesn't show hand
*** SUMMARY ***
Total pot $24 | Rake $0.48
Board [7h Qc 3c 4s Kh]
Seat 1: andrey0709 (button) (small blind) collected ($23.52)
Seat 3: sim5sim5 (big blind) folded on the River


PokerStars Hand #170761448583:  Hold'em Limit ($3/$6 USD) - 2017/05/22 8:43:49 ET
Table 'Oberon II' 6-max Seat #3 is the button
Seat 1: andrey0709 ($122.52 in chips)
Seat 3: sim5sim5 ($98.14 in chips)
sim5sim5: posts small blind $1
andrey0709: posts big blind $3
*** HOLE CARDS ***
sim5sim5: raises $3 to $6
andrey0709: folds
Uncalled bet ($3) returned to sim5sim5
sim5sim5 collected $6 from pot
sim5sim5: doesn't show hand
*** SUMMARY ***
Total pot $6 | Rake $0
Seat 1: andrey0709 (big blind) folded before Flop
Seat 3: sim5sim5 (button) (small blind) collected ($6)


PokerStars Hand #170761434141:  Hold'em Limit ($3/$6 USD) - 2017/05/22 8:43:19 ET
Table 'Oberon II' 6-max Seat #3 is the button
Seat 1: andrey0709 ($110 in chips)
Seat 3: sim5sim5 ($111.14 in chips)
sim5sim5: posts small blind $1
andrey0709: posts big blind $3
*** HOLE CARDS ***
sim5sim5: folds
Uncalled bet ($2) returned to andrey0709
andrey0709 collected $2 from pot
andrey0709: doesn't show hand
*** SUMMARY ***
Total pot $2 | Rake $0
Seat 1: andrey0709 (big blind) collected ($2)
Seat 3: sim5sim5 (button) (small blind) folded before Flop


PokerStars Hand #170761463194:  Hold'em Limit ($3/$6 USD) - 2017/05/22 8:44:18 ET
Table 'Oberon II' 6-max Seat #3 is the button
Seat 1: andrey0709 ($146.02 in chips)
Seat 3: sim5sim5 ($74.14 in chips)
sim5sim5: posts small blind $1
andrey0709: posts big blind $3
*** HOLE CARDS ***
sim5sim5: raises $3 to $6
andrey0709: folds
Uncalled bet ($3) returned to sim5sim5
sim5sim5 collected $6 from pot
sim5sim5: doesn't show hand
*** SUMMARY ***
Total pot $6 | Rake $0
Seat 1: andrey0709 (big blind) folded before Flop
Seat 3: sim5sim5 (button) (small blind) collected ($6)


PokerStars Hand #170761479988:  Hold'em Limit ($3/$6 USD) - 2017/05/22 8:44:52 ET
Table 'Oberon II' 6-max Seat #3 is the button
Seat 1: andrey0709 ($160.52 in chips)
Seat 3: sim5sim5 ($72 in chips)
sim5sim5: posts small blind $1
andrey0709: posts big blind $3
*** HOLE CARDS ***
sim5sim5: raises $3 to $6
andrey0709: calls $3
*** FLOP *** [3d Ts 3h]
andrey0709: checks
sim5sim5: bets $3
andrey0709: calls $3
*** TURN *** [3d Ts 3h] [5c]
andrey0709: checks
sim5sim5: checks
*** RIVER *** [3d Ts 3h 5c] [8s]
andrey0709: checks
sim5sim5: checks
*** SHOW DOWN ***
andrey0709: shows [7d 7h] (two pair, Sevens and Threes)
sim5sim5: mucks hand
andrey0709 collected $17.64 from pot
*** SUMMARY ***
Total pot $18 | Rake $0.36
Board [3d Ts 3h 5c 8s]
Seat 1: andrey0709 (big blind) showed [7d 7h] and won ($17.64) with two pair, Sevens and Threes
Seat 3: sim5sim5 (button) (small blind) mucked


PokerStars Hand #170761466391:  Hold'em Limit ($3/$6 USD) - 2017/05/22 8:44:25 ET
Table 'Oberon II' 6-max Seat #1 is the button
Seat 1: andrey0709 ($143.02 in chips)
Seat 3: sim5sim5 ($77.14 in chips)
andrey0709: posts small blind $1
sim5sim5: posts big blind $3
*** HOLE CARDS ***
andrey0709: calls $2
sim5sim5: checks
*** FLOP *** [9s 5h 3c]
sim5sim5: bets $3
andrey0709: calls $3
*** TURN *** [9s 5h 3c] [2d]
sim5sim5: bets $6
andrey0709: calls $6
*** RIVER *** [9s 5h 3c 2d] [3h]
**Geka**555 joins the table at seat #2
sim5sim5: bets $6
andrey0709: raises $6 to $12
sim5sim5: folds
Uncalled bet ($6) returned to andrey0709
andrey0709 collected $35.50 from pot
*** SUMMARY ***
Total pot $36 | Rake $0.50
Board [9s 5h 3c 2d 3h]
Seat 1: andrey0709 (button) (small blind) collected ($35.50)
Seat 3: sim5sim5 (big blind) folded on the River


PokerStars Hand #170761509683:  Hold'em Limit ($3/$6 USD) - 2017/05/22 8:45:52 ET
Table 'Oberon II' 6-max Seat #3 is the button
Seat 2: **Geka**555 ($46 in chips)
Seat 3: sim5sim5 ($72 in chips)
sim5sim5: posts small blind $1
**Geka**555: posts big blind $3
*** HOLE CARDS ***
sim5sim5: raises $3 to $6
**Geka**555: calls $3
*** FLOP *** [6h Kd 3c]
**Geka**555: checks
sim5sim5: bets $3
**Geka**555: calls $3
*** TURN *** [6h Kd 3c] [2s]
**Geka**555: checks
sim5sim5: bets $6
**Geka**555: raises $6 to $12
sim5sim5: calls $6
*** RIVER *** [6h Kd 3c 2s] [Qd]
**Geka**555: bets $6
sim5sim5: calls $6
*** SHOW DOWN ***
**Geka**555: shows [6s Kh] (two pair, Kings and Sixes)
sim5sim5: mucks hand
**Geka**555 collected $53.50 from pot
*** SUMMARY ***
Total pot $54 | Rake $0.50
Board [6h Kd 3c 2s Qd]
Seat 2: **Geka**555 (big blind) showed [6s Kh] and won ($53.50) with two pair, Kings and Sixes
Seat 3: sim5sim5 (button) (small blind) mucked


PokerStars Hand #170761488907:  Hold'em Limit ($3/$6 USD) - 2017/05/22 8:45:10 ET
Table 'Oberon II' 6-max Seat #1 is the button
Seat 1: andrey0709 ($169.16 in chips)
Seat 3: sim5sim5 ($72 in chips)
andrey0709: posts small blind $1
**Geka**555 is disconnected
**Geka**555 has timed out while disconnected
**Geka**555: is sitting out
sim5sim5: posts big blind $3
*** HOLE CARDS ***
andrey0709: calls $2
sim5sim5: checks
*** FLOP *** [4s Td Kd]
sim5sim5: checks
andrey0709: checks
*** TURN *** [4s Td Kd] [5h]
sim5sim5: checks
andrey0709: checks
*** RIVER *** [4s Td Kd 5h] [7h]
sim5sim5: checks
andrey0709: checks
*** SHOW DOWN ***
sim5sim5: shows [Js 8h] (high card King)
andrey0709: shows [4c 3c] (a pair of Fours)
andrey0709 collected $5.88 from pot
*** SUMMARY ***
Total pot $6 | Rake $0.12
Board [4s Td Kd 5h 7h]
Seat 1: andrey0709 (button) (small blind) showed [4c 3c] and won ($5.88) with a pair of Fours
Seat 3: sim5sim5 (big blind) showed [Js 8h] and lost with high card King


PokerStars Hand #170761545969:  Hold'em Limit ($3/$6 USD) - 2017/05/22 8:47:04 ET
Table 'Oberon II' 6-max Seat #3 is the button
Seat 2: **Geka**555 ($89 in chips)
Seat 3: sim5sim5 ($78.76 in chips)
sim5sim5: posts small blind $1
**Geka**555: posts big blind $3
*** HOLE CARDS ***
sim5sim5: raises $3 to $6
**Geka**555: calls $3
*** FLOP *** [Jh Tc Ad]
**Geka**555: checks
sim5sim5: bets $3
**Geka**555: raises $3 to $6
sim5sim5: folds
Uncalled bet ($3) returned to **Geka**555
**Geka**555 collected $17.64 from pot
**Geka**555: doesn't show hand
*** SUMMARY ***
Total pot $18 | Rake $0.36
Board [Jh Tc Ad]
Seat 2: **Geka**555 (big blind) collected ($17.64)
Seat 3: sim5sim5 (button) (small blind) folded on the Flop


PokerStars Hand #170761543374:  Hold'em Limit ($3/$6 USD) - 2017/05/22 8:46:59 ET
Table 'Oberon II' 6-max Seat #2 is the button
Seat 2: **Geka**555 ($90 in chips)
Seat 3: sim5sim5 ($77.76 in chips)
**Geka**555: posts small blind $1
sim5sim5: posts big blind $3
*** HOLE CARDS ***
**Geka**555: folds
Uncalled bet ($2) returned to sim5sim5
sim5sim5 collected $2 from pot
sim5sim5: doesn't show hand
*** SUMMARY ***
Total pot $2 | Rake $0
Seat 2: **Geka**555 (button) (small blind) folded before Flop
Seat 3: sim5sim5 (big blind) collected ($2)


PokerStars Hand #170761521852:  Hold'em Limit ($3/$6 USD) - 2017/05/22 8:46:16 ET
Table 'Oberon II' 6-max Seat #2 is the button
Seat 2: **Geka**555 ($72.50 in chips)
Seat 3: sim5sim5 ($72 in chips)
**Geka**555: posts small blind $1
sim5sim5: posts big blind $3
*** HOLE CARDS ***
**Geka**555: calls $2
sim5sim5: raises $3 to $6
**Geka**555: calls $3
*** FLOP *** [5c 7h Th]
sim5sim5: bets $3
**Geka**555: raises $3 to $6
sim5sim5: raises $3 to $9
**Geka**555: raises $3 to $12
Betting is capped
sim5sim5: calls $3
*** TURN *** [5c 7h Th] [Td]
sim5sim5: checks
**Geka**555: bets $6
sim5sim5: calls $6
*** RIVER *** [5c 7h Th Td] [5d]
sim5sim5: checks
**Geka**555: bets $6
sim5sim5: folds
Uncalled bet ($6) returned to **Geka**555
**Geka**555 collected $47.50 from pot
**Geka**555: doesn't show hand
*** SUMMARY ***
Total pot $48 | Rake $0.50
Board [5c 7h Th Td 5d]
Seat 2: **Geka**555 (button) (small blind) collected ($47.50)
Seat 3: sim5sim5 (big blind) folded on the River


PokerStars Hand #170761537433:  Hold'em Limit ($3/$6 USD) - 2017/05/22 8:46:47 ET
Table 'Oberon II' 6-max Seat #3 is the button
Seat 2: **Geka**555 ($96 in chips)
Seat 3: sim5sim5 ($72 in chips)
sim5sim5: posts small blind $1
**Geka**555: posts big blind $3
*** HOLE CARDS ***
sim5sim5: raises $3 to $6
**Geka**555: calls $3
*** FLOP *** [8d 6d 8s]
**Geka**555: checks
sim5sim5: bets $3
**Geka**555: folds
Uncalled bet ($3) returned to sim5sim5
sim5sim5 collected $11.76 from pot
sim5sim5: doesn't show hand
*** SUMMARY ***
Total pot $12 | Rake $0.24
Board [8d 6d 8s]
Seat 2: **Geka**555 (big blind) folded on the Flop
Seat 3: sim5sim5 (button) (small blind) collected ($11.76)


PokerStars Hand #170761555875:  Hold'em Limit ($3/$6 USD) - 2017/05/22 8:47:24 ET
Table 'Oberon II' 6-max Seat #3 is the button
Seat 2: **Geka**555 ($100.64 in chips)
Seat 3: sim5sim5 ($72 in chips)
sim5sim5: posts small blind $1
**Geka**555: posts big blind $3
*** HOLE CARDS ***
sim5sim5: raises $3 to $6
**Geka**555: calls $3
*** FLOP *** [Tc 9s Ks]
**Geka**555: bets $3
sim5sim5: raises $3 to $6
**Geka**555: calls $3
*** TURN *** [Tc 9s Ks] [Qd]
**Geka**555: checks
sim5sim5: checks
*** RIVER *** [Tc 9s Ks Qd] [3c]
**Geka**555: checks
sim5sim5: bets $6
**Geka**555: calls $6
*** SHOW DOWN ***
sim5sim5: shows [9h 3h] (two pair, Nines and Threes)
**Geka**555: mucks hand
sim5sim5 collected $35.50 from pot
*** SUMMARY ***
Total pot $36 | Rake $0.50
Board [Tc 9s Ks Qd 3c]
Seat 2: **Geka**555 (big blind) mucked
Seat 3: sim5sim5 (button) (small blind) showed [9h 3h] and won ($35.50) with two pair, Nines and Threes


PokerStars Hand #170761568306:  Hold'em Limit ($3/$6 USD) - 2017/05/22 8:47:49 ET
Table 'Oberon II' 6-max Seat #2 is the button
Seat 2: **Geka**555 ($82.64 in chips)
Seat 3: sim5sim5 ($89.50 in chips)
**Geka**555: posts small blind $1
sim5sim5: posts big blind $3
*** HOLE CARDS ***
**Geka**555: raises $3 to $6
andrey0709 leaves the table
sim5sim5: raises $3 to $9
**Geka**555: calls $3
*** FLOP *** [9s 6c 6d]
sim5sim5: bets $3
**Geka**555: calls $3
*** TURN *** [9s 6c 6d] [Th]
sim5sim5: checks
**Geka**555: checks
*** RIVER *** [9s 6c 6d Th] [Jd]
sim5sim5: bets $6
**Geka**555: calls $6
*** SHOW DOWN ***
sim5sim5: shows [Kd Qs] (a straight, Nine to King)
**Geka**555: mucks hand
sim5sim5 collected $35.50 from pot
*** SUMMARY ***
Total pot $36 | Rake $0.50
Board [9s 6c 6d Th Jd]
Seat 2: **Geka**555 (button) (small blind) mucked
Seat 3: sim5sim5 (big blind) showed [Kd Qs] and won ($35.50) with a straight, Nine to King


PokerStars Hand #170761552521:  Hold'em Limit ($3/$6 USD) - 2017/05/22 8:47:17 ET
Table 'Oberon II' 6-max Seat #2 is the button
Seat 2: **Geka**555 ($97.64 in chips)
Seat 3: sim5sim5 ($72 in chips)
**Geka**555: posts small blind $1
sim5sim5: posts big blind $3
*** HOLE CARDS ***
**Geka**555: raises $3 to $6
sim5sim5: folds
Uncalled bet ($3) returned to **Geka**555
**Geka**555 collected $6 from pot
**Geka**555: doesn't show hand
*** SUMMARY ***
Total pot $6 | Rake $0
Seat 2: **Geka**555 (button) (small blind) collected ($6)
Seat 3: sim5sim5 (big blind) folded before Flop


PokerStars Hand #170761601961:  Hold'em Limit ($3/$6 USD) - 2017/05/22 8:48:55 ET
Table 'Oberon II' 6-max Seat #3 is the button
Seat 2: **Geka**555 ($46.16 in chips)
Seat 3: sim5sim5 ($124.50 in chips)
sim5sim5: posts small blind $1
**Geka**555: posts big blind $3
*** HOLE CARDS ***
sim5sim5: folds
Uncalled bet ($2) returned to **Geka**555
**Geka**555 collected $2 from pot
**Geka**555: doesn't show hand
*** SUMMARY ***
Total pot $2 | Rake $0
Seat 2: **Geka**555 (big blind) collected ($2)
Seat 3: sim5sim5 (button) (small blind) folded before Flop


PokerStars Hand #170761586897:  Hold'em Limit ($3/$6 USD) - 2017/05/22 8:48:25 ET
Table 'Oberon II' 6-max Seat #2 is the button
Seat 2: **Geka**555 ($76.16 in chips)
Seat 3: sim5sim5 ($95 in chips)
**Geka**555: posts small blind $1
sim5sim5: posts big blind $3
*** HOLE CARDS ***
**Geka**555: calls $2
sim5sim5: raises $3 to $6
**Geka**555: raises $3 to $9
sim5sim5: calls $3
*** FLOP *** [9d Qd Kc]
sim5sim5: checks
**Geka**555: bets $3
sim5sim5: calls $3
*** TURN *** [9d Qd Kc] [5c]
sim5sim5: checks
**Geka**555: checks
*** RIVER *** [9d Qd Kc 5c] [Tc]
sim5sim5: bets $6
**Geka**555: raises $6 to $12
sim5sim5: raises $6 to $18
**Geka**555: calls $6
*** SHOW DOWN ***
sim5sim5: shows [Ac 8c] (a flush, Ace high)
**Geka**555: mucks hand
sim5sim5 collected $59.50 from pot
*** SUMMARY ***
Total pot $60 | Rake $0.50
Board [9d Qd Kc 5c Tc]
Seat 2: **Geka**555 (button) (small blind) mucked
Seat 3: sim5sim5 (big blind) showed [Ac 8c] and won ($59.50) with a flush, Ace high


PokerStars Hand #170761578207:  Hold'em Limit ($3/$6 USD) - 2017/05/22 8:48:08 ET
Table 'Oberon II' 6-max Seat #3 is the button
Seat 2: **Geka**555 ($64.64 in chips)
Seat 3: sim5sim5 ($107 in chips)
sim5sim5: posts small blind $1
**Geka**555: posts big blind $3
*** HOLE CARDS ***
sim5sim5: raises $3 to $6
**Geka**555: raises $3 to $9
sim5sim5: calls $3
*** FLOP *** [Qd 7d 7c]
**Geka**555: bets $3
sim5sim5: calls $3
*** TURN *** [Qd 7d 7c] [2s]
**Geka**555: bets $6
sim5sim5: folds
Uncalled bet ($6) returned to **Geka**555
**Geka**555 collected $23.52 from pot
**Geka**555: doesn't show hand
*** SUMMARY ***
Total pot $24 | Rake $0.48
Board [Qd 7d 7c 2s]
Seat 2: **Geka**555 (big blind) collected ($23.52)
Seat 3: sim5sim5 (button) (small blind) folded on the Turn


PokerStars Hand #170761604687:  Hold'em Limit ($3/$6 USD) - 2017/05/22 8:49:01 ET
Table 'Oberon II' 6-max Seat #2 is the button
Seat 2: **Geka**555 ($47.16 in chips)
Seat 3: sim5sim5 ($123.50 in chips)
**Geka**555: posts small blind $1
sim5sim5: posts big blind $3
*** HOLE CARDS ***
**Geka**555: folds
Uncalled bet ($2) returned to sim5sim5
sim5sim5 collected $2 from pot
sim5sim5: doesn't show hand
*** SUMMARY ***
Total pot $2 | Rake $0
Seat 2: **Geka**555 (button) (small blind) folded before Flop
Seat 3: sim5sim5 (big blind) collected ($2)


PokerStars Hand #170761627239:  Hold'em Limit ($3/$6 USD) - 2017/05/22 8:49:46 ET
Table 'Oberon II' 6-max Seat #3 is the button
Seat 2: **Geka**555 ($28.16 in chips)
Seat 3: sim5sim5 ($142 in chips)
sim5sim5: posts small blind $1
**Geka**555: posts big blind $3
*** HOLE CARDS ***
sim5sim5: raises $3 to $6
**Geka**555: calls $3
*** FLOP *** [9h Jc Td]
**Geka**555: checks
sim5sim5: bets $3
**Geka**555: raises $3 to $6
sim5sim5: calls $3
*** TURN *** [9h Jc Td] [Ad]
**Geka**555: bets $6
sim5sim5: folds
Uncalled bet ($6) returned to **Geka**555
**Geka**555 collected $23.52 from pot
**Geka**555: doesn't show hand
*** SUMMARY ***
Total pot $24 | Rake $0.48
Board [9h Jc Td Ad]
Seat 2: **Geka**555 (big blind) collected ($23.52)
Seat 3: sim5sim5 (button) (small blind) folded on the Turn


PokerStars Hand #170761639742:  Hold'em Limit ($3/$6 USD) - 2017/05/22 8:50:11 ET
Table 'Oberon II' 6-max Seat #2 is the button
Seat 2: **Geka**555 ($39.68 in chips)
Seat 3: sim5sim5 ($130 in chips)
**Geka**555: posts small blind $1
sim5sim5: posts big blind $3
*** HOLE CARDS ***
**Geka**555: folds
Uncalled bet ($2) returned to sim5sim5
sim5sim5 collected $2 from pot
sim5sim5: doesn't show hand
*** SUMMARY ***
Total pot $2 | Rake $0
Seat 2: **Geka**555 (button) (small blind) folded before Flop
Seat 3: sim5sim5 (big blind) collected ($2)


PokerStars Hand #170761607232:  Hold'em Limit ($3/$6 USD) - 2017/05/22 8:49:06 ET
Table 'Oberon II' 6-max Seat #3 is the button
Seat 2: **Geka**555 ($46.16 in chips)
Seat 3: sim5sim5 ($124.50 in chips)
sim5sim5: posts small blind $1
**Geka**555: posts big blind $3
*** HOLE CARDS ***
sim5sim5: raises $3 to $6
**Geka**555: raises $3 to $9
sim5sim5: calls $3
*** FLOP *** [8s 9h 7d]
**Geka**555: bets $3
sim5sim5: raises $3 to $6
**Geka**555: calls $3
*** TURN *** [8s 9h 7d] [4c]
**Geka**555: checks
sim5sim5: bets $6
**Geka**555: calls $6
*** RIVER *** [8s 9h 7d 4c] [2s]
**Geka**555: checks
sim5sim5: checks
*** SHOW DOWN ***
**Geka**555: shows [Ac Kd] (high card Ace)
sim5sim5: shows [7h Kc] (a pair of Sevens)
sim5sim5 collected $41.50 from pot
*** SUMMARY ***
Total pot $42 | Rake $0.50
Board [8s 9h 7d 4c 2s]
Seat 2: **Geka**555 (big blind) showed [Ac Kd] and lost with high card Ace
Seat 3: sim5sim5 (button) (small blind) showed [7h Kc] and won ($41.50) with a pair of Sevens


PokerStars Hand #170761623318:  Hold'em Limit ($3/$6 USD) - 2017/05/22 8:49:38 ET
Table 'Oberon II' 6-max Seat #2 is the button
Seat 2: **Geka**555 ($25.16 in chips)
Seat 3: sim5sim5 ($145 in chips)
**Geka**555: posts small blind $1
sim5sim5: posts big blind $3
*** HOLE CARDS ***
**Geka**555: raises $3 to $6
sim5sim5: folds
Uncalled bet ($3) returned to **Geka**555
**Geka**555 collected $6 from pot
**Geka**555: doesn't show hand
*** SUMMARY ***
Total pot $6 | Rake $0
Seat 2: **Geka**555 (button) (small blind) collected ($6)
Seat 3: sim5sim5 (big blind) folded before Flop


PokerStars Hand #170761642254:  Hold'em Limit ($3/$6 USD) - 2017/05/22 8:50:16 ET
Table 'Oberon II' 6-max Seat #3 is the button
Seat 2: **Geka**555 ($38.68 in chips)
Seat 3: sim5sim5 ($131 in chips)
sim5sim5: posts small blind $1
**Geka**555: posts big blind $3
*** HOLE CARDS ***
sim5sim5: folds
Uncalled bet ($2) returned to **Geka**555
**Geka**555 collected $2 from pot
**Geka**555: doesn't show hand
*** SUMMARY ***
Total pot $2 | Rake $0
Seat 2: **Geka**555 (big blind) collected ($2)
Seat 3: sim5sim5 (button) (small blind) folded before Flop


PokerStars Hand #170761658418:  Hold'em Limit ($3/$6 USD) - 2017/05/22 8:50:49 ET
Table 'Oberon II' 6-max Seat #3 is the button
Seat 2: **Geka**555 ($24.68 in chips)
Seat 3: sim5sim5 ($144.50 in chips)
sim5sim5: posts small blind $1
**Geka**555: posts big blind $3
*** HOLE CARDS ***
sim5sim5: raises $3 to $6
**Geka**555: calls $3
*** FLOP *** [Jh 6d Tc]
**Geka**555: checks
sim5sim5: bets $3
**Geka**555: raises $3 to $6
sim5sim5: raises $3 to $9
**Geka**555: raises $3 to $12
Betting is capped
sim5sim5: calls $3
*** TURN *** [Jh 6d Tc] [7s]
**Geka**555: bets $6
sim5sim5: raises $6 to $12
**Geka**555: calls $0.68 and is all-in
Uncalled bet ($5.32) returned to sim5sim5
*** RIVER *** [Jh 6d Tc 7s] [8h]
*** SHOW DOWN ***
**Geka**555: shows [Ts 3d] (a pair of Tens)
sim5sim5: shows [5s Jc] (a pair of Jacks)
sim5sim5 collected $48.86 from pot
*** SUMMARY ***
Total pot $49.36 | Rake $0.50
Board [Jh 6d Tc 7s 8h]
Seat 2: **Geka**555 (big blind) showed [Ts 3d] and lost with a pair of Tens
Seat 3: sim5sim5 (button) (small blind) showed [5s Jc] and won ($48.86) with a pair of Jacks


PokerStars Hand #170761645260:  Hold'em Limit ($3/$6 USD) - 2017/05/22 8:50:22 ET
Table 'Oberon II' 6-max Seat #2 is the button
Seat 2: **Geka**555 ($39.68 in chips)
Seat 3: sim5sim5 ($130 in chips)
**Geka**555: posts small blind $1
sim5sim5: posts big blind $3
*** HOLE CARDS ***
**Geka**555: raises $3 to $6
sim5sim5: calls $3
*** FLOP *** [Jd 2d 7c]
sim5sim5: checks
**Geka**555: bets $3
sim5sim5: calls $3
*** TURN *** [Jd 2d 7c] [Ks]
sim5sim5: checks
**Geka**555: bets $6
sim5sim5: calls $6
*** RIVER *** [Jd 2d 7c Ks] [As]
sim5sim5: checks
**Geka**555: checks
*** SHOW DOWN ***
sim5sim5: shows [Td Qs] (a straight, Ten to Ace)
**Geka**555: mucks hand
sim5sim5 collected $29.50 from pot
*** SUMMARY ***
Total pot $30 | Rake $0.50
Board [Jd 2d 7c Ks As]
Seat 2: **Geka**555 (button) (small blind) mucked
Seat 3: sim5sim5 (big blind) showed [Td Qs] and won ($29.50) with a straight, Ten to Ace


