PokerStars Hand #158604438967:  Hold'em Limit ($3/$6 USD) - 2016/09/14 15:19:38 ET
Table 'Oceana II' 6-max Seat #4 is the button
Seat 3: simper11 ($120 in chips)
Seat 4: moveoverover ($157.89 in chips)
moveoverover: posts small blind $1
simper11: posts big blind $3
*** HOLE CARDS ***
moveoverover: folds
Uncalled bet ($2) returned to simper11
simper11 collected $2 from pot
simper11: doesn't show hand
*** SUMMARY ***
Total pot $2 | Rake $0
Seat 3: simper11 (big blind) collected ($2)
Seat 4: moveoverover (button) (small blind) folded before Flop


PokerStars Hand #158604412574:  Hold'em Limit ($3/$6 USD) - 2016/09/14 15:19:05 ET
Table 'Oceana II' 6-max Seat #3 is the button
Seat 3: simper11 ($120 in chips)
Seat 4: moveoverover ($128.39 in chips)
simper11: posts small blind $1
moveoverover: posts big blind $3
*** HOLE CARDS ***
simper11: raises $3 to $6
moveoverover: raises $3 to $9
simper11: calls $3
*** FLOP *** [8h Ts 2s]
moveoverover: bets $3
simper11: raises $3 to $6
moveoverover: raises $3 to $9
simper11: calls $3
*** TURN *** [8h Ts 2s] [3d]
moveoverover: bets $6
simper11: calls $6
*** RIVER *** [8h Ts 2s 3d] [9c]
moveoverover: bets $6
simper11: calls $6
*** SHOW DOWN ***
moveoverover: shows [9s 7c] (a pair of Nines)
simper11: mucks hand
moveoverover collected $59.50 from pot
*** SUMMARY ***
Total pot $60 | Rake $0.50
Board [8h Ts 2s 3d 9c]
Seat 3: simper11 (button) (small blind) mucked
Seat 4: moveoverover (big blind) showed [9s 7c] and won ($59.50) with a pair of Nines


PokerStars Hand #158604443372:  Hold'em Limit ($3/$6 USD) - 2016/09/14 15:19:43 ET
Table 'Oceana II' 6-max Seat #3 is the button
Seat 3: simper11 ($121 in chips)
Seat 4: moveoverover ($156.89 in chips)
simper11: posts small blind $1
moveoverover: posts big blind $3
*** HOLE CARDS ***
simper11: raises $3 to $6
moveoverover: raises $3 to $9
simper11: calls $3
*** FLOP *** [Th 5d 5h]
moveoverover: bets $3
simper11: calls $3
*** TURN *** [Th 5d 5h] [7d]
moveoverover: checks
simper11: bets $6
moveoverover: calls $6
*** RIVER *** [Th 5d 5h 7d] [7h]
moveoverover: checks
simper11: bets $6
moveoverover: calls $6
*** SHOW DOWN ***
simper11: shows [8h 9c] (two pair, Sevens and Fives)
moveoverover: shows [Ad Jc] (two pair, Sevens and Fives - Ace kicker)
moveoverover collected $47.50 from pot
*** SUMMARY ***
Total pot $48 | Rake $0.50
Board [Th 5d 5h 7d 7h]
Seat 3: simper11 (button) (small blind) showed [8h 9c] and lost with two pair, Sevens and Fives
Seat 4: moveoverover (big blind) showed [Ad Jc] and won ($47.50) with two pair, Sevens and Fives


PokerStars Hand #158604464617:  Hold'em Limit ($3/$6 USD) - 2016/09/14 15:20:09 ET
Table 'Oceana II' 6-max Seat #4 is the button
Seat 3: simper11 ($120 in chips)
Seat 4: moveoverover ($180.39 in chips)
moveoverover: posts small blind $1
simper11: posts big blind $3
*** HOLE CARDS ***
moveoverover: folds
Uncalled bet ($2) returned to simper11
simper11 collected $2 from pot
*** SUMMARY ***
Total pot $2 | Rake $0
Seat 3: simper11 (big blind) collected ($2)
Seat 4: moveoverover (button) (small blind) folded before Flop


PokerStars Hand #158604469211:  Hold'em Limit ($3/$6 USD) - 2016/09/14 15:20:15 ET
Table 'Oceana II' 6-max Seat #3 is the button
Seat 3: simper11 ($121 in chips)
Seat 4: moveoverover ($179.39 in chips)
simper11: posts small blind $1
moveoverover: posts big blind $3
*** HOLE CARDS ***
simper11: raises $3 to $6
moveoverover: calls $3
*** FLOP *** [Kd 7s 3d]
moveoverover: checks
simper11: bets $3
moveoverover: calls $3
*** TURN *** [Kd 7s 3d] [Qd]
moveoverover: checks
ulrich80 joins the table at seat #5
simper11 is disconnected
Hannibal2211 joins the table at seat #6
simper11 is connected
simper11: bets $6
moveoverover: folds
Uncalled bet ($6) returned to simper11
simper11 collected $17.64 from pot
simper11: doesn't show hand
*** SUMMARY ***
Total pot $18 | Rake $0.36
Board [Kd 7s 3d Qd]
Seat 3: simper11 (button) (small blind) collected ($17.64)
Seat 4: moveoverover (big blind) folded on the Turn


PokerStars Hand #158604806390:  Hold'em Limit ($3/$6 USD) - 2016/09/14 15:27:12 ET
Table 'Oceana II' 6-max Seat #3 is the button
Seat 3: simper11 ($191.82 in chips)
Seat 6: Hannibal2211 ($108.31 in chips)
simper11: posts small blind $1
Hannibal2211: posts big blind $3
*** HOLE CARDS ***
simper11: raises $3 to $6
Hannibal2211: folds
Uncalled bet ($3) returned to simper11
simper11 collected $6 from pot
simper11: doesn't show hand
*** SUMMARY ***
Total pot $6 | Rake $0
Seat 3: simper11 (button) (small blind) collected ($6)
Seat 6: Hannibal2211 (big blind) folded before Flop


PokerStars Hand #158604812108:  Hold'em Limit ($3/$6 USD) - 2016/09/14 15:27:19 ET
Table 'Oceana II' 6-max Seat #6 is the button
Seat 3: simper11 ($194.82 in chips)
Seat 6: Hannibal2211 ($105.31 in chips)
Hannibal2211: posts small blind $1
simper11: posts big blind $3
*** HOLE CARDS ***
Hannibal2211: folds
Uncalled bet ($2) returned to simper11
simper11 collected $2 from pot
simper11: doesn't show hand
*** SUMMARY ***
Total pot $2 | Rake $0
Seat 3: simper11 (big blind) collected ($2)
Seat 6: Hannibal2211 (button) (small blind) folded before Flop


PokerStars Hand #158604816311:  Hold'em Limit ($3/$6 USD) - 2016/09/14 15:27:24 ET
Table 'Oceana II' 6-max Seat #3 is the button
Seat 3: simper11 ($195.82 in chips)
Seat 6: Hannibal2211 ($104.31 in chips)
simper11: posts small blind $1
Hannibal2211: posts big blind $3
*** HOLE CARDS ***
simper11: raises $3 to $6
Hannibal2211: raises $3 to $9
simper11: calls $3
*** FLOP *** [Ad Qs Qc]
Hannibal2211: bets $3
simper11: folds
Uncalled bet ($3) returned to Hannibal2211
Hannibal2211 collected $17.64 from pot
*** SUMMARY ***
Total pot $18 | Rake $0.36
Board [Ad Qs Qc]
Seat 3: simper11 (button) (small blind) folded on the Flop
Seat 6: Hannibal2211 (big blind) collected ($17.64)


PokerStars Hand #158604825336:  Hold'em Limit ($3/$6 USD) - 2016/09/14 15:27:36 ET
Table 'Oceana II' 6-max Seat #6 is the button
Seat 3: simper11 ($186.82 in chips)
Seat 6: Hannibal2211 ($112.95 in chips)
Hannibal2211: posts small blind $1
simper11: posts big blind $3
*** HOLE CARDS ***
Hannibal2211: raises $3 to $6
simper11: calls $3
*** FLOP *** [5c 3d 7h]
simper11: checks
Hannibal2211: bets $3
simper11: raises $3 to $6
Hannibal2211: calls $3
*** TURN *** [5c 3d 7h] [Ks]
simper11: bets $6
Hannibal2211: calls $6
*** RIVER *** [5c 3d 7h Ks] [Kd]
simper11: bets $6
Hannibal2211: folds
Uncalled bet ($6) returned to simper11
simper11 collected $35.50 from pot
simper11: doesn't show hand
*** SUMMARY ***
Total pot $36 | Rake $0.50
Board [5c 3d 7h Ks Kd]
Seat 3: simper11 (big blind) collected ($35.50)
Seat 6: Hannibal2211 (button) (small blind) folded on the River


PokerStars Hand #158604843699:  Hold'em Limit ($3/$6 USD) - 2016/09/14 15:27:58 ET
Table 'Oceana II' 6-max Seat #6 is the button
Seat 3: simper11 ($203.32 in chips)
Seat 6: Hannibal2211 ($95.95 in chips)
Hannibal2211: posts small blind $1
simper11: posts big blind $3
*** HOLE CARDS ***
Hannibal2211: raises $3 to $6
simper11: folds
Uncalled bet ($3) returned to Hannibal2211
Hannibal2211 collected $6 from pot
*** SUMMARY ***
Total pot $6 | Rake $0
Seat 3: simper11 (big blind) folded before Flop
Seat 6: Hannibal2211 (button) (small blind) collected ($6)


PokerStars Hand #158604839987:  Hold'em Limit ($3/$6 USD) - 2016/09/14 15:27:54 ET
Table 'Oceana II' 6-max Seat #3 is the button
Seat 3: simper11 ($204.32 in chips)
Seat 6: Hannibal2211 ($94.95 in chips)
simper11: posts small blind $1
Hannibal2211: posts big blind $3
*** HOLE CARDS ***
simper11: folds
Uncalled bet ($2) returned to Hannibal2211
Hannibal2211 collected $2 from pot
*** SUMMARY ***
Total pot $2 | Rake $0
Seat 3: simper11 (button) (small blind) folded before Flop
Seat 6: Hannibal2211 (big blind) collected ($2)


PokerStars Hand #158604847969:  Hold'em Limit ($3/$6 USD) - 2016/09/14 15:28:04 ET
Table 'Oceana II' 6-max Seat #3 is the button
Seat 3: simper11 ($200.32 in chips)
Seat 6: Hannibal2211 ($98.95 in chips)
simper11: posts small blind $1
Hannibal2211: posts big blind $3
*** HOLE CARDS ***
simper11: raises $3 to $6
Hannibal2211: calls $3
*** FLOP *** [Td 7d 8s]
Hannibal2211: checks
Auge72 joins the table at seat #2
simper11: bets $3
Hannibal2211: raises $3 to $6
simper11: calls $3
*** TURN *** [Td 7d 8s] [5d]
Hannibal2211: bets $6
simper11: raises $6 to $12
Hannibal2211: calls $6
*** RIVER *** [Td 7d 8s 5d] [4d]
Hannibal2211: bets $6
simper11: calls $6
*** SHOW DOWN ***
Hannibal2211: shows [8c Qd] (a flush, Queen high)
CatPuppy1999 joins the table at seat #4
simper11: mucks hand
Hannibal2211 collected $59.50 from pot
*** SUMMARY ***
Total pot $60 | Rake $0.50
Board [Td 7d 8s 5d 4d]
Seat 3: simper11 (button) (small blind) mucked
Seat 6: Hannibal2211 (big blind) showed [8c Qd] and won ($59.50) with a flush, Queen high


