PokerStars Hand #148165034015:  Hold'em Limit ($3/$6 USD) - 2016/02/03 9:56:08 ET
Table 'Oceana II' 6-max Seat #2 is the button
Seat 1: 19woody58 ($54.87 in chips)
Seat 2: AzureCaper ($72 in chips)
AzureCaper: posts small blind $1
TbIP-TbIP 88: is sitting out
TbIP-TbIP 88 leaves the table
19woody58: posts big blind $3
*** HOLE CARDS ***
AzureCaper: raises $3 to $6
19woody58: calls $3
*** FLOP *** [8d Th Js]
19woody58: checks
AzureCaper: checks
*** TURN *** [8d Th Js] [9d]
19woody58: bets $6
AzureCaper: calls $6
*** RIVER *** [8d Th Js 9d] [3d]
19woody58: checks
AzureCaper: bets $6
19woody58: calls $6
*** SHOW DOWN ***
AzureCaper: shows [Kh 7c] (a straight, Seven to Jack)
19woody58: mucks hand
AzureCaper collected $35.50 from pot
*** SUMMARY ***
Total pot $36 | Rake $0.50
Board [8d Th Js 9d 3d]
Seat 1: 19woody58 (big blind) mucked
Seat 2: AzureCaper (button) (small blind) showed [Kh 7c] and won ($35.50) with a straight, Seven to Jack


PokerStars Hand #148165076145:  Hold'em Limit ($3/$6 USD) - 2016/02/03 9:57:15 ET
Table 'Oceana II' 6-max Seat #1 is the button
Seat 1: 19woody58 ($36.87 in chips)
Seat 2: AzureCaper ($89.50 in chips)
19woody58: posts small blind $1
AzureCaper: posts big blind $3
*** HOLE CARDS ***
19woody58: raises $3 to $6
AzureCaper: calls $3
*** FLOP *** [7s Th 7c]
AzureCaper: checks
19woody58: bets $3
AzureCaper: calls $3
*** TURN *** [7s Th 7c] [Qh]
AzureCaper: checks
19woody58: checks
*** RIVER *** [7s Th 7c Qh] [7h]
AzureCaper: bets $6
19woody58: calls $6
*** SHOW DOWN ***
AzureCaper: shows [6s 6h] (a full house, Sevens full of Sixes)
19woody58: mucks hand
AzureCaper collected $29.50 from pot
*** SUMMARY ***
Total pot $30 | Rake $0.50
Board [7s Th 7c Qh 7h]
Seat 1: 19woody58 (button) (small blind) mucked
Seat 2: AzureCaper (big blind) showed [6s 6h] and won ($29.50) with a full house, Sevens full of Sixes


PokerStars Hand #148165072200:  Hold'em Limit ($3/$6 USD) - 2016/02/03 9:57:09 ET
Table 'Oceana II' 6-max Seat #2 is the button
Seat 1: 19woody58 ($39.87 in chips)
Seat 2: AzureCaper ($86.50 in chips)
AzureCaper: posts small blind $1
19woody58: posts big blind $3
*** HOLE CARDS ***
AzureCaper: raises $3 to $6
19woody58: folds
Uncalled bet ($3) returned to AzureCaper
AzureCaper collected $6 from pot
AzureCaper: doesn't show hand
*** SUMMARY ***
Total pot $6 | Rake $0
Seat 1: 19woody58 (big blind) folded before Flop
Seat 2: AzureCaper (button) (small blind) collected ($6)


PokerStars Hand #148165068776:  Hold'em Limit ($3/$6 USD) - 2016/02/03 9:57:03 ET
Table 'Oceana II' 6-max Seat #1 is the button
Seat 1: 19woody58 ($40.87 in chips)
Seat 2: AzureCaper ($85.50 in chips)
19woody58: posts small blind $1
AzureCaper: posts big blind $3
*** HOLE CARDS ***
19woody58: folds
Uncalled bet ($2) returned to AzureCaper
AzureCaper collected $2 from pot
AzureCaper: doesn't show hand
*** SUMMARY ***
Total pot $2 | Rake $0
Seat 1: 19woody58 (button) (small blind) folded before Flop
Seat 2: AzureCaper (big blind) collected ($2)


PokerStars Hand #148165059086:  Hold'em Limit ($3/$6 USD) - 2016/02/03 9:56:48 ET
Table 'Oceana II' 6-max Seat #2 is the button
Seat 1: 19woody58 ($39.87 in chips)
Seat 2: AzureCaper ($86.50 in chips)
AzureCaper: posts small blind $1
19woody58: posts big blind $3
*** HOLE CARDS ***
AzureCaper: folds
Uncalled bet ($2) returned to 19woody58
19woody58 collected $2 from pot
*** SUMMARY ***
Total pot $2 | Rake $0
Seat 1: 19woody58 (big blind) collected ($2)
Seat 2: AzureCaper (button) (small blind) folded before Flop


PokerStars Hand #148165054473:  Hold'em Limit ($3/$6 USD) - 2016/02/03 9:56:41 ET
Table 'Oceana II' 6-max Seat #1 is the button
Seat 1: 19woody58 ($36.87 in chips)
Seat 2: AzureCaper ($89.50 in chips)
19woody58: posts small blind $1
AzureCaper: posts big blind $3
*** HOLE CARDS ***
19woody58: raises $3 to $6
AzureCaper: folds
Uncalled bet ($3) returned to 19woody58
19woody58 collected $6 from pot
*** SUMMARY ***
Total pot $6 | Rake $0
Seat 1: 19woody58 (button) (small blind) collected ($6)
Seat 2: AzureCaper (big blind) folded before Flop


PokerStars Hand #148165093869:  Hold'em Limit ($3/$6 USD) - 2016/02/03 9:57:43 ET
Table 'Oceana II' 6-max Seat #1 is the button
Seat 1: 19woody58 ($18.87 in chips)
Seat 2: AzureCaper ($107 in chips)
19woody58: posts small blind $1
AzureCaper: posts big blind $3
*** HOLE CARDS ***
19woody58: folds
Uncalled bet ($2) returned to AzureCaper
AzureCaper collected $2 from pot
AzureCaper: doesn't show hand
*** SUMMARY ***
Total pot $2 | Rake $0
Seat 1: 19woody58 (button) (small blind) folded before Flop
Seat 2: AzureCaper (big blind) collected ($2)


PokerStars Hand #148165089677:  Hold'em Limit ($3/$6 USD) - 2016/02/03 9:57:36 ET
Table 'Oceana II' 6-max Seat #2 is the button
Seat 1: 19woody58 ($21.87 in chips)
Seat 2: AzureCaper ($104 in chips)
AzureCaper: posts small blind $1
19woody58: posts big blind $3
*** HOLE CARDS ***
AzureCaper: raises $3 to $6
19woody58: folds
Uncalled bet ($3) returned to AzureCaper
AzureCaper collected $6 from pot
AzureCaper: doesn't show hand
*** SUMMARY ***
Total pot $6 | Rake $0
Seat 1: 19woody58 (big blind) folded before Flop
Seat 2: AzureCaper (button) (small blind) collected ($6)


PokerStars Hand #148165098011:  Hold'em Limit ($3/$6 USD) - 2016/02/03 9:57:49 ET
Table 'Oceana II' 6-max Seat #2 is the button
Seat 1: 19woody58 ($17.87 in chips)
Seat 2: AzureCaper ($108 in chips)
AzureCaper: posts small blind $1
19woody58: posts big blind $3
*** HOLE CARDS ***
AzureCaper: raises $3 to $6
19woody58: folds
Uncalled bet ($3) returned to AzureCaper
AzureCaper collected $6 from pot
AzureCaper: doesn't show hand
*** SUMMARY ***
Total pot $6 | Rake $0
Seat 1: 19woody58 (big blind) folded before Flop
Seat 2: AzureCaper (button) (small blind) collected ($6)


PokerStars Hand #148165106716:  Hold'em Limit ($3/$6 USD) - 2016/02/03 9:58:03 ET
Table 'Oceana II' 6-max Seat #2 is the button
Seat 1: 19woody58 ($17.87 in chips)
Seat 2: AzureCaper ($108 in chips)
AzureCaper: posts small blind $1
19woody58: posts big blind $3
*** HOLE CARDS ***
AzureCaper: folds
Uncalled bet ($2) returned to 19woody58
19woody58 collected $2 from pot
*** SUMMARY ***
Total pot $2 | Rake $0
Seat 1: 19woody58 (big blind) collected ($2)
Seat 2: AzureCaper (button) (small blind) folded before Flop


PokerStars Hand #148165101732:  Hold'em Limit ($3/$6 USD) - 2016/02/03 9:57:55 ET
Table 'Oceana II' 6-max Seat #1 is the button
Seat 1: 19woody58 ($14.87 in chips)
Seat 2: AzureCaper ($111 in chips)
19woody58: posts small blind $1
AzureCaper: posts big blind $3
*** HOLE CARDS ***
19woody58: raises $3 to $6
AzureCaper: folds
Uncalled bet ($3) returned to 19woody58
19woody58 collected $6 from pot
*** SUMMARY ***
Total pot $6 | Rake $0
Seat 1: 19woody58 (button) (small blind) collected ($6)
Seat 2: AzureCaper (big blind) folded before Flop


