PokerStars Hand #162145874805:  Hold'em Limit ($3/$6 USD) - 2016/11/29 12:44:52 ET
Table 'Oceana II' 6-max Seat #1 is the button
Seat 1: assitoni ($95.50 in chips)
Seat 3: Meelek ($97 in chips)
assitoni: posts small blind $1
Meelek: posts big blind $3
*** HOLE CARDS ***
assitoni: folds
Uncalled bet ($2) returned to Meelek
Meelek collected $2 from pot
*** SUMMARY ***
Total pot $2 | Rake $0
Seat 1: assitoni (button) (small blind) folded before Flop
Seat 3: Meelek (big blind) collected ($2)


PokerStars Hand #162145855430:  Hold'em Limit ($3/$6 USD) - 2016/11/29 12:44:29 ET
Table 'Oceana II' 6-max Seat #3 is the button
Seat 1: assitoni ($72 in chips)
Seat 3: Meelek ($121 in chips)
Meelek: posts small blind $1
assitoni: posts big blind $3
*** HOLE CARDS ***
Meelek: raises $3 to $6
assitoni: raises $3 to $9
Meelek: calls $3
*** FLOP *** [Ks Kc 2h]
assitoni: bets $3
Meelek: calls $3
*** TURN *** [Ks Kc 2h] [6h]
assitoni: bets $6
Meelek: calls $6
*** RIVER *** [Ks Kc 2h 6h] [2s]
assitoni: bets $6
Meelek: calls $6
*** SHOW DOWN ***
assitoni: shows [Kh Ac] (a full house, Kings full of Deuces)
Meelek: mucks hand
assitoni collected $47.50 from pot
*** SUMMARY ***
Total pot $48 | Rake $0.50
Board [Ks Kc 2h 6h 2s]
Seat 1: assitoni (big blind) showed [Kh Ac] and won ($47.50) with a full house, Kings full of Deuces
Seat 3: Meelek (button) (small blind) mucked


PokerStars Hand #162145845172:  Hold'em Limit ($3/$6 USD) - 2016/11/29 12:44:17 ET
Table 'Oceana II' 6-max Seat #1 is the button
Seat 1: assitoni ($72 in chips)
Seat 3: Meelek ($120 in chips)
assitoni: posts small blind $1
Meelek: posts big blind $3
*** HOLE CARDS ***
assitoni: folds
Uncalled bet ($2) returned to Meelek
Meelek collected $2 from pot
*** SUMMARY ***
Total pot $2 | Rake $0
Seat 1: assitoni (button) (small blind) folded before Flop
Seat 3: Meelek (big blind) collected ($2)


PokerStars Hand #162145910457:  Hold'em Limit ($3/$6 USD) - 2016/11/29 12:45:35 ET
Table 'Oceana II' 6-max Seat #3 is the button
Seat 1: assitoni ($81.50 in chips)
Seat 3: Meelek ($110.52 in chips)
Meelek: posts small blind $1
assitoni: posts big blind $3
*** HOLE CARDS ***
Meelek: raises $3 to $6
assitoni: raises $3 to $9
Meelek: calls $3
*** FLOP *** [3d 8d 8h]
assitoni: bets $3
Meelek: calls $3
*** TURN *** [3d 8d 8h] [Ah]
assitoni: bets $6
Meelek: raises $6 to $12
assitoni: calls $6
*** RIVER *** [3d 8d 8h Ah] [9h]
assitoni: checks
Meelek: bets $6
assitoni: calls $6
*** SHOW DOWN ***
Meelek: shows [Ts Qh] (a pair of Eights)
assitoni: shows [7s As] (two pair, Aces and Eights)
assitoni collected $59.50 from pot
*** SUMMARY ***
Total pot $60 | Rake $0.50
Board [3d 8d 8h Ah 9h]
Seat 1: assitoni (big blind) showed [7s As] and won ($59.50) with two pair, Aces and Eights
Seat 3: Meelek (button) (small blind) showed [Ts Qh] and lost with a pair of Eights


PokerStars Hand #162145904481:  Hold'em Limit ($3/$6 USD) - 2016/11/29 12:45:28 ET
Table 'Oceana II' 6-max Seat #1 is the button
Seat 1: assitoni ($82.50 in chips)
Seat 3: Meelek ($109.52 in chips)
assitoni: posts small blind $1
Meelek: posts big blind $3
*** HOLE CARDS ***
assitoni: folds
Uncalled bet ($2) returned to Meelek
Meelek collected $2 from pot
*** SUMMARY ***
Total pot $2 | Rake $0
Seat 1: assitoni (button) (small blind) folded before Flop
Seat 3: Meelek (big blind) collected ($2)


PokerStars Hand #162145880544:  Hold'em Limit ($3/$6 USD) - 2016/11/29 12:44:59 ET
Table 'Oceana II' 6-max Seat #3 is the button
Seat 1: assitoni ($94.50 in chips)
Seat 3: Meelek ($98 in chips)
Meelek: posts small blind $1
assitoni: posts big blind $3
*** HOLE CARDS ***
Meelek: raises $3 to $6
assitoni: calls $3
*** FLOP *** [Ks 9h Jc]
assitoni: checks
Meelek: bets $3
assitoni: raises $3 to $6
Meelek: calls $3
*** TURN *** [Ks 9h Jc] [Ah]
assitoni: checks
Meelek: bets $6
assitoni: folds
Uncalled bet ($6) returned to Meelek
Meelek collected $23.52 from pot
*** SUMMARY ***
Total pot $24 | Rake $0.48
Board [Ks 9h Jc Ah]
Seat 1: assitoni (big blind) folded on the Turn
Seat 3: Meelek (button) (small blind) collected ($23.52)


PokerStars Hand #162145990367:  Hold'em Limit ($3/$6 USD) - 2016/11/29 12:47:09 ET
Table 'Oceana II' 6-max Seat #1 is the button
Seat 1: assitoni ($100 in chips)
Seat 3: Meelek ($91.28 in chips)
assitoni: posts small blind $1
Meelek: posts big blind $3
*** HOLE CARDS ***
assitoni: folds
Uncalled bet ($2) returned to Meelek
Meelek collected $2 from pot
Meelek: doesn't show hand
*** SUMMARY ***
Total pot $2 | Rake $0
Seat 1: assitoni (button) (small blind) folded before Flop
Seat 3: Meelek (big blind) collected ($2)


PokerStars Hand #162145976275:  Hold'em Limit ($3/$6 USD) - 2016/11/29 12:46:53 ET
Table 'Oceana II' 6-max Seat #3 is the button
Seat 1: assitoni ($106 in chips)
Seat 3: Meelek ($85.52 in chips)
Meelek: posts small blind $1
assitoni: posts big blind $3
*** HOLE CARDS ***
Meelek: raises $3 to $6
assitoni: calls $3
*** FLOP *** [6h 7d 2d]
assitoni: checks
Meelek: bets $3
assitoni: folds
Uncalled bet ($3) returned to Meelek
Meelek collected $11.76 from pot
*** SUMMARY ***
Total pot $12 | Rake $0.24
Board [6h 7d 2d]
Seat 1: assitoni (big blind) folded on the Flop
Seat 3: Meelek (button) (small blind) collected ($11.76)


PokerStars Hand #162145971228:  Hold'em Limit ($3/$6 USD) - 2016/11/29 12:46:47 ET
Table 'Oceana II' 6-max Seat #1 is the button
Seat 1: assitoni ($107 in chips)
Seat 3: Meelek ($84.52 in chips)
assitoni: posts small blind $1
Meelek: posts big blind $3
*** HOLE CARDS ***
assitoni: folds
Uncalled bet ($2) returned to Meelek
Meelek collected $2 from pot
*** SUMMARY ***
Total pot $2 | Rake $0
Seat 1: assitoni (button) (small blind) folded before Flop
Seat 3: Meelek (big blind) collected ($2)


PokerStars Hand #162145967257:  Hold'em Limit ($3/$6 USD) - 2016/11/29 12:46:42 ET
Table 'Oceana II' 6-max Seat #3 is the button
Seat 1: assitoni ($106 in chips)
Seat 3: Meelek ($85.52 in chips)
Meelek: posts small blind $1
assitoni: posts big blind $3
*** HOLE CARDS ***
Meelek: folds
Uncalled bet ($2) returned to assitoni
assitoni collected $2 from pot
assitoni: doesn't show hand
*** SUMMARY ***
Total pot $2 | Rake $0
Seat 1: assitoni (big blind) collected ($2)
Seat 3: Meelek (button) (small blind) folded before Flop


PokerStars Hand #162145962588:  Hold'em Limit ($3/$6 USD) - 2016/11/29 12:46:37 ET
Table 'Oceana II' 6-max Seat #1 is the button
Seat 1: assitoni ($107 in chips)
Seat 3: Meelek ($84.52 in chips)
assitoni: posts small blind $1
Meelek: posts big blind $3
*** HOLE CARDS ***
assitoni: folds
Uncalled bet ($2) returned to Meelek
Meelek collected $2 from pot
Meelek: doesn't show hand
*** SUMMARY ***
Total pot $2 | Rake $0
Seat 1: assitoni (button) (small blind) folded before Flop
Seat 3: Meelek (big blind) collected ($2)


PokerStars Hand #162145955036:  Hold'em Limit ($3/$6 USD) - 2016/11/29 12:46:28 ET
Table 'Oceana II' 6-max Seat #3 is the button
Seat 1: assitoni ($110 in chips)
Seat 3: Meelek ($81.52 in chips)
Meelek: posts small blind $1
assitoni: posts big blind $3
*** HOLE CARDS ***
Meelek: raises $3 to $6
assitoni: folds
Uncalled bet ($3) returned to Meelek
Meelek collected $6 from pot
Meelek: doesn't show hand
*** SUMMARY ***
Total pot $6 | Rake $0
Seat 1: assitoni (big blind) folded before Flop
Seat 3: Meelek (button) (small blind) collected ($6)


PokerStars Hand #162145948650:  Hold'em Limit ($3/$6 USD) - 2016/11/29 12:46:20 ET
Table 'Oceana II' 6-max Seat #1 is the button
Seat 1: assitoni ($111 in chips)
Seat 3: Meelek ($80.52 in chips)
assitoni: posts small blind $1
Meelek: posts big blind $3
*** HOLE CARDS ***
assitoni: folds
Uncalled bet ($2) returned to Meelek
Meelek collected $2 from pot
*** SUMMARY ***
Total pot $2 | Rake $0
Seat 1: assitoni (button) (small blind) folded before Flop
Seat 3: Meelek (big blind) collected ($2)


PokerStars Hand #162146026603:  Hold'em Limit ($3/$6 USD) - 2016/11/29 12:47:51 ET
Table 'Oceana II' 6-max Seat #3 is the button
Seat 1: assitoni ($74 in chips)
Seat 3: Meelek ($116.78 in chips)
Meelek: posts small blind $1
assitoni: posts big blind $3
*** HOLE CARDS ***
Meelek: raises $3 to $6
assitoni: raises $3 to $9
Meelek: calls $3
*** FLOP *** [Ks As 9h]
assitoni: bets $3
Meelek: calls $3
*** TURN *** [Ks As 9h] [Jh]
assitoni: checks
Meelek: bets $6
assitoni: folds
Uncalled bet ($6) returned to Meelek
Meelek collected $23.52 from pot
Meelek: doesn't show hand
*** SUMMARY ***
Total pot $24 | Rake $0.48
Board [Ks As 9h Jh]
Seat 1: assitoni (big blind) folded on the Turn
Seat 3: Meelek (button) (small blind) collected ($23.52)


PokerStars Hand #162146018578:  Hold'em Limit ($3/$6 USD) - 2016/11/29 12:47:41 ET
Table 'Oceana II' 6-max Seat #1 is the button
Seat 1: assitoni ($75 in chips)
Seat 3: Meelek ($115.78 in chips)
assitoni: posts small blind $1
Meelek: posts big blind $3
*** HOLE CARDS ***
assitoni: folds
Uncalled bet ($2) returned to Meelek
Meelek collected $2 from pot
Meelek: doesn't show hand
*** SUMMARY ***
Total pot $2 | Rake $0
Seat 1: assitoni (button) (small blind) folded before Flop
Seat 3: Meelek (big blind) collected ($2)


PokerStars Hand #162145996039:  Hold'em Limit ($3/$6 USD) - 2016/11/29 12:47:15 ET
Table 'Oceana II' 6-max Seat #3 is the button
Seat 1: assitoni ($99 in chips)
Seat 3: Meelek ($92.28 in chips)
Meelek: posts small blind $1
assitoni: posts big blind $3
*** HOLE CARDS ***
Meelek: raises $3 to $6
assitoni: raises $3 to $9
Meelek: calls $3
*** FLOP *** [8c Ac Jc]
assitoni: bets $3
Meelek: calls $3
*** TURN *** [8c Ac Jc] [Js]
assitoni: bets $6
Meelek: raises $6 to $12
assitoni: calls $6
*** RIVER *** [8c Ac Jc Js] [5c]
assitoni: checks
Meelek: bets $6
assitoni: folds
Uncalled bet ($6) returned to Meelek
Meelek collected $47.50 from pot
*** SUMMARY ***
Total pot $48 | Rake $0.50
Board [8c Ac Jc Js 5c]
Seat 1: assitoni (big blind) folded on the River
Seat 3: Meelek (button) (small blind) collected ($47.50)


PokerStars Hand #162146061154:  Hold'em Limit ($3/$6 USD) - 2016/11/29 12:48:30 ET
Table 'Oceana II' 6-max Seat #3 is the button
Seat 1: assitoni ($80.64 in chips)
Seat 3: Meelek ($119.30 in chips)
Meelek: posts small blind $1
assitoni: posts big blind $3
*** HOLE CARDS ***
Meelek: raises $3 to $6
assitoni: calls $3
*** FLOP *** [5h 6d Qd]
assitoni: checks
Meelek: bets $3
assitoni: calls $3
*** TURN *** [5h 6d Qd] [As]
assitoni: checks
Meelek: bets $6
assitoni: calls $6
*** RIVER *** [5h 6d Qd As] [7c]
assitoni: checks
Meelek: bets $6
assitoni: raises $6 to $12
Meelek: calls $6
*** SHOW DOWN ***
assitoni: shows [Qc 7s] (two pair, Queens and Sevens)
Meelek: mucks hand
assitoni collected $53.50 from pot
*** SUMMARY ***
Total pot $54 | Rake $0.50
Board [5h 6d Qd As 7c]
Seat 1: assitoni (big blind) showed [Qc 7s] and won ($53.50) with two pair, Queens and Sevens
Seat 3: Meelek (button) (small blind) mucked


PokerStars Hand #162146043840:  Hold'em Limit ($3/$6 USD) - 2016/11/29 12:48:10 ET
Table 'Oceana II' 6-max Seat #1 is the button
Seat 1: assitoni ($72 in chips)
Seat 3: Meelek ($128.30 in chips)
assitoni: posts small blind $1
Meelek: posts big blind $3
*** HOLE CARDS ***
assitoni: raises $3 to $6
Meelek: calls $3
*** FLOP *** [3d 8c 6c]
Meelek: checks
assitoni: bets $3
Meelek: calls $3
*** TURN *** [3d 8c 6c] [Ah]
Meelek: checks
assitoni: bets $6
Meelek: folds
Uncalled bet ($6) returned to assitoni
assitoni collected $17.64 from pot
assitoni: doesn't show hand
*** SUMMARY ***
Total pot $18 | Rake $0.36
Board [3d 8c 6c Ah]
Seat 1: assitoni (button) (small blind) collected ($17.64)
Seat 3: Meelek (big blind) folded on the Turn


PokerStars Hand #162146145303:  Hold'em Limit ($3/$6 USD) - 2016/11/29 12:50:05 ET
Table 'Oceana II' 6-max Seat #1 is the button
Seat 1: assitoni ($89.14 in chips)
Seat 3: Meelek ($109.58 in chips)
assitoni: posts small blind $1
Meelek: posts big blind $3
*** HOLE CARDS ***
assitoni: raises $3 to $6
Meelek: folds
Uncalled bet ($3) returned to assitoni
assitoni collected $6 from pot
assitoni: doesn't show hand
*** SUMMARY ***
Total pot $6 | Rake $0
Seat 1: assitoni (button) (small blind) collected ($6)
Seat 3: Meelek (big blind) folded before Flop


PokerStars Hand #162146115779:  Hold'em Limit ($3/$6 USD) - 2016/11/29 12:49:31 ET
Table 'Oceana II' 6-max Seat #3 is the button
Seat 1: assitoni ($98.14 in chips)
Seat 3: Meelek ($100.94 in chips)
Meelek: posts small blind $1
assitoni: posts big blind $3
*** HOLE CARDS ***
Meelek: raises $3 to $6
assitoni: calls $3
*** FLOP *** [Kd 9h 6c]
assitoni: checks
Meelek: bets $3
assitoni: calls $3
*** TURN *** [Kd 9h 6c] [5h]
assitoni: checks
Meelek: bets $6
assitoni: folds
Uncalled bet ($6) returned to Meelek
Meelek collected $17.64 from pot
*** SUMMARY ***
Total pot $18 | Rake $0.36
Board [Kd 9h 6c 5h]
Seat 1: assitoni (big blind) folded on the Turn
Seat 3: Meelek (button) (small blind) collected ($17.64)


PokerStars Hand #162146089429:  Hold'em Limit ($3/$6 USD) - 2016/11/29 12:49:02 ET
Table 'Oceana II' 6-max Seat #1 is the button
Seat 1: assitoni ($107.14 in chips)
Seat 3: Meelek ($92.30 in chips)
assitoni: posts small blind $1
Meelek: posts big blind $3
*** HOLE CARDS ***
assitoni: raises $3 to $6
Meelek: raises $3 to $9
assitoni: calls $3
*** FLOP *** [Ac Kc 9s]
Meelek: bets $3
assitoni: folds
Uncalled bet ($3) returned to Meelek
Meelek collected $17.64 from pot
*** SUMMARY ***
Total pot $18 | Rake $0.36
Board [Ac Kc 9s]
Seat 1: assitoni (button) (small blind) folded on the Flop
Seat 3: Meelek (big blind) collected ($17.64)


PokerStars Hand #162146174613:  Hold'em Limit ($3/$6 USD) - 2016/11/29 12:50:38 ET
Table 'Oceana II' 6-max Seat #1 is the button
Seat 1: assitoni ($118.64 in chips)
Seat 3: Meelek ($79.58 in chips)
assitoni: posts small blind $1
Meelek: posts big blind $3
*** HOLE CARDS ***
assitoni: folds
Uncalled bet ($2) returned to Meelek
Meelek collected $2 from pot
Meelek leaves the table
*** SUMMARY ***
Total pot $2 | Rake $0
Seat 1: assitoni (button) (small blind) folded before Flop
Seat 3: Meelek (big blind) collected ($2)


PokerStars Hand #162146151437:  Hold'em Limit ($3/$6 USD) - 2016/11/29 12:50:12 ET
Table 'Oceana II' 6-max Seat #3 is the button
Seat 1: assitoni ($92.14 in chips)
Seat 3: Meelek ($106.58 in chips)
Meelek: posts small blind $1
assitoni: posts big blind $3
*** HOLE CARDS ***
Meelek: raises $3 to $6
assitoni: raises $3 to $9
Meelek: raises $3 to $12
Betting is capped
assitoni: calls $3
*** FLOP *** [Jc 4c 3h]
assitoni: bets $3
Meelek: calls $3
*** TURN *** [Jc 4c 3h] [4d]
assitoni: bets $6
Meelek: calls $6
*** RIVER *** [Jc 4c 3h 4d] [Jd]
assitoni: bets $6
Meelek: calls $6
*** SHOW DOWN ***
assitoni: shows [Ad As] (two pair, Aces and Jacks)
Meelek: mucks hand
assitoni collected $53.50 from pot
*** SUMMARY ***
Total pot $54 | Rake $0.50
Board [Jc 4c 3h 4d Jd]
Seat 1: assitoni (big blind) showed [Ad As] and won ($53.50) with two pair, Aces and Jacks
Seat 3: Meelek (button) (small blind) mucked


PokerStars Hand #162147867813:  Hold'em Limit ($3/$6 USD) - 2016/11/29 13:23:05 ET
Table 'Oceana II' 6-max Seat #1 is the button
Seat 1: assitoni ($88.24 in chips)
Seat 6: stiflerkk ($63.34 in chips)
assitoni: posts small blind $1
stiflerkk: posts big blind $3
*** HOLE CARDS ***
assitoni: folds
Uncalled bet ($2) returned to stiflerkk
stiflerkk collected $2 from pot
stiflerkk: doesn't show hand
*** SUMMARY ***
Total pot $2 | Rake $0
Seat 1: assitoni (button) (small blind) folded before Flop
Seat 6: stiflerkk (big blind) collected ($2)


PokerStars Hand #162147852787:  Hold'em Limit ($3/$6 USD) - 2016/11/29 13:22:48 ET
Table 'Oceana II' 6-max Seat #6 is the button
Seat 1: assitoni ($100.24 in chips)
Seat 6: stiflerkk ($51.82 in chips)
stiflerkk: posts small blind $1
assitoni: posts big blind $3
*** HOLE CARDS ***
stiflerkk: raises $3 to $6
assitoni: calls $3
*** FLOP *** [Ks 7d Qh]
assitoni: checks
stiflerkk: bets $3
assitoni: raises $3 to $6
stiflerkk: raises $3 to $9
assitoni: folds
Uncalled bet ($3) returned to stiflerkk
stiflerkk collected $23.52 from pot
stiflerkk: doesn't show hand
*** SUMMARY ***
Total pot $24 | Rake $0.48
Board [Ks 7d Qh]
Seat 1: assitoni (big blind) folded on the Flop
Seat 6: stiflerkk (button) (small blind) collected ($23.52)


PokerStars Hand #162147839215:  Hold'em Limit ($3/$6 USD) - 2016/11/29 13:22:33 ET
Table 'Oceana II' 6-max Seat #1 is the button
Seat 1: assitoni ($112.24 in chips)
Seat 6: stiflerkk ($40.30 in chips)
assitoni: posts small blind $1
stiflerkk: posts big blind $3
*** HOLE CARDS ***
assitoni: raises $3 to $6
stiflerkk: calls $3
*** FLOP *** [Qd 9s Tc]
stiflerkk: checks
assitoni: bets $3
stiflerkk: raises $3 to $6
assitoni: calls $3
*** TURN *** [Qd 9s Tc] [8c]
stiflerkk: bets $6
assitoni: folds
Uncalled bet ($6) returned to stiflerkk
stiflerkk collected $23.52 from pot
stiflerkk: doesn't show hand
*** SUMMARY ***
Total pot $24 | Rake $0.48
Board [Qd 9s Tc 8c]
Seat 1: assitoni (button) (small blind) folded on the Turn
Seat 6: stiflerkk (big blind) collected ($23.52)


PokerStars Hand #162149800318:  Hold'em Limit ($3/$6 USD) - 2016/11/29 13:59:40 ET
Table 'Oceana II' 6-max Seat #6 is the button
Seat 1: assitoni ($87.24 in chips)
Seat 6: stiflerkk ($36.67 in chips)
stiflerkk: posts small blind $1
assitoni: posts big blind $3
*** HOLE CARDS ***
stiflerkk: raises $3 to $6
assitoni: raises $3 to $9
stiflerkk: calls $3
*** FLOP *** [Ks As 3c]
assitoni: bets $3
stiflerkk: calls $3
*** TURN *** [Ks As 3c] [Kc]
assitoni: checks
stiflerkk: checks
*** RIVER *** [Ks As 3c Kc] [5d]
assitoni: bets $6
stiflerkk: calls $6
*** SHOW DOWN ***
assitoni: shows [4s Ac] (two pair, Aces and Kings)
stiflerkk: shows [Ah 5h] (two pair, Aces and Kings)
assitoni collected $17.75 from pot
stiflerkk collected $17.75 from pot
*** SUMMARY ***
Total pot $36 | Rake $0.50
Board [Ks As 3c Kc 5d]
Seat 1: assitoni (big blind) showed [4s Ac] and won ($17.75) with two pair, Aces and Kings
Seat 6: stiflerkk (button) (small blind) showed [Ah 5h] and won ($17.75) with two pair, Aces and Kings


PokerStars Hand #162149869590:  Hold'em Limit ($3/$6 USD) - 2016/11/29 14:01:09 ET
Table 'Oceana II' 6-max Seat #1 is the button
Seat 1: assitoni ($77.64 in chips)
Seat 6: stiflerkk ($63.92 in chips)
assitoni: posts small blind $1
stiflerkk: posts big blind $3
*** HOLE CARDS ***
assitoni: folds
Uncalled bet ($2) returned to stiflerkk
stiflerkk collected $2 from pot
stiflerkk: doesn't show hand
*** SUMMARY ***
Total pot $2 | Rake $0
Seat 1: assitoni (button) (small blind) folded before Flop
Seat 6: stiflerkk (big blind) collected ($2)


PokerStars Hand #162149864099:  Hold'em Limit ($3/$6 USD) - 2016/11/29 14:01:02 ET
Table 'Oceana II' 6-max Seat #6 is the button
Seat 1: assitoni ($80.64 in chips)
Seat 6: stiflerkk ($60.92 in chips)
stiflerkk: posts small blind $1
assitoni: posts big blind $3
*** HOLE CARDS ***
stiflerkk: raises $3 to $6
assitoni: folds
Uncalled bet ($3) returned to stiflerkk
stiflerkk collected $6 from pot
stiflerkk: doesn't show hand
*** SUMMARY ***
Total pot $6 | Rake $0
Seat 1: assitoni (big blind) folded before Flop
Seat 6: stiflerkk (button) (small blind) collected ($6)


PokerStars Hand #162149852111:  Hold'em Limit ($3/$6 USD) - 2016/11/29 14:00:48 ET
Table 'Oceana II' 6-max Seat #1 is the button
Seat 1: assitoni ($72 in chips)
Seat 6: stiflerkk ($69.92 in chips)
assitoni: posts small blind $1
stiflerkk: posts big blind $3
*** HOLE CARDS ***
assitoni: raises $3 to $6
stiflerkk: calls $3
*** FLOP *** [Jc Ks 3s]
stiflerkk: checks
assitoni: bets $3
stiflerkk: calls $3
*** TURN *** [Jc Ks 3s] [7d]
stiflerkk: checks
assitoni: bets $6
stiflerkk: folds
Uncalled bet ($6) returned to assitoni
assitoni collected $17.64 from pot
assitoni: doesn't show hand
*** SUMMARY ***
Total pot $18 | Rake $0.36
Board [Jc Ks 3s 7d]
Seat 1: assitoni (button) (small blind) collected ($17.64)
Seat 6: stiflerkk (big blind) folded on the Turn


PokerStars Hand #162149847084:  Hold'em Limit ($3/$6 USD) - 2016/11/29 14:00:41 ET
Table 'Oceana II' 6-max Seat #6 is the button
Seat 1: assitoni ($72 in chips)
Seat 6: stiflerkk ($66.92 in chips)
stiflerkk: posts small blind $1
assitoni: posts big blind $3
*** HOLE CARDS ***
stiflerkk: raises $3 to $6
assitoni: folds
Uncalled bet ($3) returned to stiflerkk
stiflerkk collected $6 from pot
stiflerkk: doesn't show hand
*** SUMMARY ***
Total pot $6 | Rake $0
Seat 1: assitoni (big blind) folded before Flop
Seat 6: stiflerkk (button) (small blind) collected ($6)


PokerStars Hand #162149838245:  Hold'em Limit ($3/$6 USD) - 2016/11/29 14:00:30 ET
Table 'Oceana II' 6-max Seat #6 is the button
Seat 1: assitoni ($72 in chips)
Seat 6: stiflerkk ($62.92 in chips)
stiflerkk: posts small blind $1
assitoni: posts big blind $3
*** HOLE CARDS ***
stiflerkk: raises $3 to $6
assitoni: folds
Uncalled bet ($3) returned to stiflerkk
stiflerkk collected $6 from pot
stiflerkk: doesn't show hand
*** SUMMARY ***
Total pot $6 | Rake $0
Seat 1: assitoni (big blind) folded before Flop
Seat 6: stiflerkk (button) (small blind) collected ($6)


PokerStars Hand #162149820569:  Hold'em Limit ($3/$6 USD) - 2016/11/29 14:00:07 ET
Table 'Oceana II' 6-max Seat #1 is the button
Seat 1: assitoni ($86.99 in chips)
Seat 6: stiflerkk ($36.42 in chips)
assitoni: posts small blind $1
stiflerkk: posts big blind $3
*** HOLE CARDS ***
assitoni: raises $3 to $6
stiflerkk: calls $3
*** FLOP *** [4h 3d Kd]
stiflerkk: bets $3
assitoni: raises $3 to $6
stiflerkk: raises $3 to $9
assitoni: calls $3
*** TURN *** [4h 3d Kd] [9d]
stiflerkk: bets $6
assitoni: calls $6
*** RIVER *** [4h 3d Kd 9d] [Ks]
stiflerkk: bets $6
assitoni: calls $6
*** SHOW DOWN ***
stiflerkk: shows [6d 5d] (a flush, King high)
assitoni: mucks hand
stiflerkk collected $53.50 from pot
*** SUMMARY ***
Total pot $54 | Rake $0.50
Board [4h 3d Kd 9d Ks]
Seat 1: assitoni (button) (small blind) mucked
Seat 6: stiflerkk (big blind) showed [6d 5d] and won ($53.50) with a flush, King high


PokerStars Hand #162149878870:  Hold'em Limit ($3/$6 USD) - 2016/11/29 14:01:20 ET
Table 'Oceana II' 6-max Seat #1 is the button
Seat 1: assitoni ($73.64 in chips)
Seat 6: stiflerkk ($67.92 in chips)
assitoni: posts small blind $1
stiflerkk: posts big blind $3
*** HOLE CARDS ***
assitoni: raises $3 to $6
stiflerkk: calls $3
*** FLOP *** [8h 9s Jc]
stiflerkk: checks
assitoni: bets $3
stiflerkk: calls $3
*** TURN *** [8h 9s Jc] [3h]
stiflerkk: checks
assitoni: bets $6
stiflerkk: raises $6 to $12
assitoni: calls $6
*** RIVER *** [8h 9s Jc 3h] [7c]
stiflerkk: bets $6
assitoni: folds
Uncalled bet ($6) returned to stiflerkk
stiflerkk collected $41.50 from pot
stiflerkk: doesn't show hand
*** SUMMARY ***
Total pot $42 | Rake $0.50
Board [8h 9s Jc 3h 7c]
Seat 1: assitoni (button) (small blind) folded on the River
Seat 6: stiflerkk (big blind) collected ($41.50)


PokerStars Hand #162149873635:  Hold'em Limit ($3/$6 USD) - 2016/11/29 14:01:14 ET
Table 'Oceana II' 6-max Seat #6 is the button
Seat 1: assitoni ($76.64 in chips)
Seat 6: stiflerkk ($64.92 in chips)
stiflerkk: posts small blind $1
assitoni: posts big blind $3
*** HOLE CARDS ***
stiflerkk: raises $3 to $6
assitoni: folds
Uncalled bet ($3) returned to stiflerkk
stiflerkk collected $6 from pot
stiflerkk: doesn't show hand
*** SUMMARY ***
Total pot $6 | Rake $0
Seat 1: assitoni (big blind) folded before Flop
Seat 6: stiflerkk (button) (small blind) collected ($6)


PokerStars Hand #162150960746:  Hold'em Limit ($3/$6 USD) - 2016/11/29 14:21:01 ET
Table 'Oceana II' 6-max Seat #2 is the button
Seat 1: assitoni ($80.64 in chips)
Seat 2: xitrec123 ($82.21 in chips)
xitrec123: posts small blind $1
assitoni: posts big blind $3
*** HOLE CARDS ***
xitrec123: raises $3 to $6
assitoni: calls $3
*** FLOP *** [4d 7s 5h]
assitoni: checks
xitrec123: bets $3
assitoni: raises $3 to $6
xitrec123: calls $3
*** TURN *** [4d 7s 5h] [Kh]
assitoni: bets $6
xitrec123: calls $6
*** RIVER *** [4d 7s 5h Kh] [9s]
assitoni: bets $6
xitrec123: calls $6
*** SHOW DOWN ***
assitoni: shows [7d Tc] (a pair of Sevens)
xitrec123: mucks hand
assitoni collected $47.50 from pot
*** SUMMARY ***
Total pot $48 | Rake $0.50
Board [4d 7s 5h Kh 9s]
Seat 1: assitoni (big blind) showed [7d Tc] and won ($47.50) with a pair of Sevens
Seat 2: xitrec123 (button) (small blind) mucked


PokerStars Hand #162150935297:  Hold'em Limit ($3/$6 USD) - 2016/11/29 14:20:33 ET
Table 'Oceana II' 6-max Seat #1 is the button
Seat 1: assitoni ($72 in chips)
Seat 2: xitrec123 ($91.21 in chips)
assitoni: posts small blind $1
xitrec123: posts big blind $3
*** HOLE CARDS ***
assitoni: raises $3 to $6
xitrec123: calls $3
*** FLOP *** [Kd As Js]
xitrec123: checks
assitoni: bets $3
xitrec123: calls $3
*** TURN *** [Kd As Js] [Th]
xitrec123: checks
assitoni: checks
*** RIVER *** [Kd As Js Th] [Kh]
xitrec123: checks
assitoni: bets $6
xitrec123: folds
Uncalled bet ($6) returned to assitoni
assitoni collected $17.64 from pot
assitoni: doesn't show hand
*** SUMMARY ***
Total pot $18 | Rake $0.36
Board [Kd As Js Th Kh]
Seat 1: assitoni (button) (small blind) collected ($17.64)
Seat 2: xitrec123 (big blind) folded on the River


PokerStars Hand #162151038922:  Hold'em Limit ($3/$6 USD) - 2016/11/29 14:22:25 ET
Table 'Oceana II' 6-max Seat #4 is the button
Seat 2: xitrec123 ($64.53 in chips)
Seat 4: Franky4Four ($14 in chips)
Franky4Four: posts small blind $1
xitrec123: posts big blind $3
*** HOLE CARDS ***
Franky4Four: folds
Uncalled bet ($2) returned to xitrec123
xitrec123 collected $2 from pot
*** SUMMARY ***
Total pot $2 | Rake $0
Seat 2: xitrec123 (big blind) collected ($2)
Seat 4: Franky4Four (button) (small blind) folded before Flop


PokerStars Hand #162151024669:  Hold'em Limit ($3/$6 USD) - 2016/11/29 14:22:10 ET
Table 'Oceana II' 6-max Seat #2 is the button
Seat 2: xitrec123 ($47.03 in chips)
Seat 4: Franky4Four ($32 in chips)
xitrec123: posts small blind $1
Franky4Four: posts big blind $3
*** HOLE CARDS ***
xitrec123: raises $3 to $6
Franky4Four: calls $3
*** FLOP *** [Jh Js 8s]
Franky4Four: checks
xitrec123: checks
*** TURN *** [Jh Js 8s] [As]
Franky4Four: bets $6
xitrec123: calls $6
*** RIVER *** [Jh Js 8s As] [2h]
Franky4Four: bets $6
xitrec123: calls $6
*** SHOW DOWN ***
Franky4Four: shows [Th 2d] (two pair, Jacks and Deuces)
xitrec123: shows [Ts Ad] (two pair, Aces and Jacks)
xitrec123 collected $35.50 from pot
*** SUMMARY ***
Total pot $36 | Rake $0.50
Board [Jh Js 8s As 2h]
Seat 2: xitrec123 (button) (small blind) showed [Ts Ad] and won ($35.50) with two pair, Aces and Jacks
Seat 4: Franky4Four (big blind) showed [Th 2d] and lost with two pair, Jacks and Deuces


PokerStars Hand #162151019084:  Hold'em Limit ($3/$6 USD) - 2016/11/29 14:22:04 ET
Table 'Oceana II' 6-max Seat #4 is the button
Seat 2: xitrec123 ($46.03 in chips)
Seat 4: Franky4Four ($33 in chips)
Franky4Four: posts small blind $1
assitoni: is sitting out
xitrec123: posts big blind $3
*** HOLE CARDS ***
Franky4Four: folds
Uncalled bet ($2) returned to xitrec123
xitrec123 collected $2 from pot
*** SUMMARY ***
Total pot $2 | Rake $0
Seat 2: xitrec123 (big blind) collected ($2)
Seat 4: Franky4Four (button) (small blind) folded before Flop


PokerStars Hand #162150986491:  Hold'em Limit ($3/$6 USD) - 2016/11/29 14:21:29 ET
Table 'Oceana II' 6-max Seat #1 is the button
Seat 1: assitoni ($104.14 in chips)
Seat 2: xitrec123 ($58.21 in chips)
assitoni: posts small blind $1
xitrec123: posts big blind $3
*** HOLE CARDS ***
assitoni: raises $3 to $6
xitrec123: calls $3
*** FLOP *** [Qd Ac Jh]
xitrec123: checks
assitoni: bets $3
xitrec123: calls $3
*** TURN *** [Qd Ac Jh] [Kh]
xitrec123: checks
assitoni: checks
*** RIVER *** [Qd Ac Jh Kh] [Ad]
xitrec123: checks
assitoni: bets $6
xitrec123: calls $6
*** SHOW DOWN ***
assitoni: shows [8h Kc] (two pair, Aces and Kings)
Franky4Four joins the table at seat #4
xitrec123: mucks hand
assitoni collected $29.50 from pot
*** SUMMARY ***
Total pot $30 | Rake $0.50
Board [Qd Ac Jh Kh Ad]
Seat 1: assitoni (button) (small blind) showed [8h Kc] and won ($29.50) with two pair, Aces and Kings
Seat 2: xitrec123 (big blind) mucked


PokerStars Hand #162151089201:  Hold'em Limit ($3/$6 USD) - 2016/11/29 14:23:19 ET
Table 'Oceana II' 6-max Seat #2 is the button
Seat 2: xitrec123 ($40.53 in chips)
Seat 4: Franky4Four ($126.57 in chips)
xitrec123: posts small blind $1
Franky4Four: posts big blind $3
*** HOLE CARDS ***
xitrec123: raises $3 to $6
Franky4Four: calls $3
*** FLOP *** [Kd Qc 8s]
Franky4Four: checks
xitrec123: checks
*** TURN *** [Kd Qc 8s] [2d]
Franky4Four: bets $6
xitrec123: calls $6
*** RIVER *** [Kd Qc 8s 2d] [5s]
Franky4Four: bets $6
xitrec123: folds
Uncalled bet ($6) returned to Franky4Four
Franky4Four collected $23.52 from pot
Franky4Four: doesn't show hand
*** SUMMARY ***
Total pot $24 | Rake $0.48
Board [Kd Qc 8s 2d 5s]
Seat 2: xitrec123 (button) (small blind) folded on the River
Seat 4: Franky4Four (big blind) collected ($23.52)


PokerStars Hand #162151065499:  Hold'em Limit ($3/$6 USD) - 2016/11/29 14:22:54 ET
Table 'Oceana II' 6-max Seat #4 is the button
Seat 2: xitrec123 ($52.53 in chips)
Seat 4: Franky4Four ($115.05 in chips)
Franky4Four: posts small blind $1
xitrec123: posts big blind $3
*** HOLE CARDS ***
Franky4Four: calls $2
xitrec123: checks
*** FLOP *** [7d 5c 9d]
xitrec123: bets $3
Franky4Four: calls $3
*** TURN *** [7d 5c 9d] [7h]
xitrec123: checks
Franky4Four: bets $6
xitrec123: calls $6
*** RIVER *** [7d 5c 9d 7h] [Qh]
assitoni leaves the table
xitrec123: checks
Franky4Four: bets $6
xitrec123: folds
Uncalled bet ($6) returned to Franky4Four
Franky4Four collected $23.52 from pot
Franky4Four: doesn't show hand
*** SUMMARY ***
Total pot $24 | Rake $0.48
Board [7d 5c 9d 7h Qh]
Seat 2: xitrec123 (big blind) folded on the River
Seat 4: Franky4Four (button) (small blind) collected ($23.52)


PokerStars Hand #162151046397:  Hold'em Limit ($3/$6 USD) - 2016/11/29 14:22:33 ET
Table 'Oceana II' 6-max Seat #2 is the button
Seat 2: xitrec123 ($65.53 in chips)
Seat 4: Franky4Four ($13 in chips)
xitrec123: posts small blind $1
Franky4Four: posts big blind $3
*** HOLE CARDS ***
xitrec123: raises $3 to $6
Franky4Four: calls $3
*** FLOP *** [Jd 2c Qs]
Franky4Four: checks
xitrec123: bets $3
Franky4Four: calls $3
*** TURN *** [Jd 2c Qs] [Qc]
Franky4Four: bets $4 and is all-in
xitrec123: calls $4
*** RIVER *** [Jd 2c Qs Qc] [4c]
*** SHOW DOWN ***
Franky4Four: shows [8c 5c] (a flush, Queen high)
xitrec123: shows [5d As] (a pair of Queens)
Franky4Four collected $25.50 from pot
*** SUMMARY ***
Total pot $26 | Rake $0.50
Board [Jd 2c Qs Qc 4c]
Seat 2: xitrec123 (button) (small blind) showed [5d As] and lost with a pair of Queens
Seat 4: Franky4Four (big blind) showed [8c 5c] and won ($25.50) with a flush, Queen high


PokerStars Hand #162151124380:  Hold'em Limit ($3/$6 USD) - 2016/11/29 14:23:57 ET
Table 'Oceana II' 6-max Seat #2 is the button
Seat 2: xitrec123 ($13.53 in chips)
Seat 4: Franky4Four ($152.59 in chips)
xitrec123: posts small blind $1
Franky4Four: posts big blind $3
*** HOLE CARDS ***
xitrec123: calls $2
Franky4Four: raises $3 to $6
xitrec123: calls $3
*** FLOP *** [Ks Ts 3s]
Franky4Four: bets $3
xitrec123: folds
Uncalled bet ($3) returned to Franky4Four
xitrec123 leaves the table
Franky4Four collected $11.76 from pot
Franky4Four: doesn't show hand
*** SUMMARY ***
Total pot $12 | Rake $0.24
Board [Ks Ts 3s]
Seat 2: xitrec123 (button) (small blind) folded on the Flop
Seat 4: Franky4Four (big blind) collected ($11.76)


PokerStars Hand #162151104501:  Hold'em Limit ($3/$6 USD) - 2016/11/29 14:23:36 ET
Table 'Oceana II' 6-max Seat #4 is the button
Seat 2: xitrec123 ($28.53 in chips)
Seat 4: Franky4Four ($138.09 in chips)
Franky4Four: posts small blind $1
xitrec123: posts big blind $3
*** HOLE CARDS ***
Franky4Four: raises $3 to $6
xitrec123: calls $3
*** FLOP *** [2h 3s Js]
xitrec123: checks
Franky4Four: bets $3
xitrec123: calls $3
*** TURN *** [2h 3s Js] [Tc]
xitrec123: checks
Franky4Four: checks
*** RIVER *** [2h 3s Js Tc] [8s]
xitrec123: checks
Franky4Four: bets $6
xitrec123: calls $6
*** SHOW DOWN ***
Franky4Four: shows [5h 5s] (a pair of Fives)
xitrec123: mucks hand
Franky4Four collected $29.50 from pot
*** SUMMARY ***
Total pot $30 | Rake $0.50
Board [2h 3s Js Tc 8s]
Seat 2: xitrec123 (big blind) mucked
Seat 4: Franky4Four (button) (small blind) showed [5h 5s] and won ($29.50) with a pair of Fives


