PokerStars Hand #148355993756:  Hold'em Limit ($3/$6 USD) - 2016/02/06 16:41:50 ET
Table 'Oceana III' 2-max Seat #1 is the button
Seat 1: Alnikon ($47.28 in chips)
Seat 2: -koen-2011 ($129.64 in chips)
Alnikon: posts small blind $1
-koen-2011: posts big blind $3
*** HOLE CARDS ***
Alnikon: calls $2
-koen-2011: checks
*** FLOP *** [8d Ks 7h]
-koen-2011: checks
Alnikon: bets $3
-koen-2011: raises $3 to $6
Alnikon: calls $3
*** TURN *** [8d Ks 7h] [7d]
-koen-2011: bets $6
Alnikon: raises $6 to $12
-koen-2011: calls $6
*** RIVER *** [8d Ks 7h 7d] [Qh]
-koen-2011: checks
Alnikon: bets $6
-koen-2011: folds
Uncalled bet ($6) returned to Alnikon
Alnikon collected $41.50 from pot
Alnikon: doesn't show hand
*** SUMMARY ***
Total pot $42 | Rake $0.50
Board [8d Ks 7h 7d Qh]
Seat 1: Alnikon (button) (small blind) collected ($41.50)
Seat 2: -koen-2011 (big blind) folded on the River


PokerStars Hand #148355983111:  Hold'em Limit ($3/$6 USD) - 2016/02/06 16:41:39 ET
Table 'Oceana III' 2-max Seat #2 is the button
Seat 1: Alnikon ($56.28 in chips)
Seat 2: -koen-2011 ($121 in chips)
-koen-2011: posts small blind $1
Alnikon: posts big blind $3
*** HOLE CARDS ***
-koen-2011: raises $3 to $6
Alnikon: calls $3
*** FLOP *** [Qc 6s Qh]
Alnikon: bets $3
-koen-2011: raises $3 to $6
Alnikon: folds
Uncalled bet ($3) returned to -koen-2011
-koen-2011 collected $17.64 from pot
-koen-2011: doesn't show hand
*** SUMMARY ***
Total pot $18 | Rake $0.36
Board [Qc 6s Qh]
Seat 1: Alnikon (big blind) folded on the Flop
Seat 2: -koen-2011 (button) (small blind) collected ($17.64)


PokerStars Hand #148355978317:  Hold'em Limit ($3/$6 USD) - 2016/02/06 16:41:34 ET
Table 'Oceana III' 2-max Seat #1 is the button
Seat 1: Alnikon ($57.28 in chips)
Seat 2: -koen-2011 ($120 in chips)
Alnikon: posts small blind $1
-koen-2011: posts big blind $3
*** HOLE CARDS ***
Alnikon: folds
Uncalled bet ($2) returned to -koen-2011
-koen-2011 collected $2 from pot
-koen-2011: doesn't show hand
*** SUMMARY ***
Total pot $2 | Rake $0
Seat 1: Alnikon (button) (small blind) folded before Flop
Seat 2: -koen-2011 (big blind) collected ($2)


PokerStars Hand #148355955840:  Hold'em Limit ($3/$6 USD) - 2016/02/06 16:41:11 ET
Table 'Oceana III' 2-max Seat #2 is the button
Seat 1: Alnikon ($30.78 in chips)
Seat 2: -koen-2011 ($126.76 in chips)
-koen-2011: posts small blind $1
Alnikon: posts big blind $3
*** HOLE CARDS ***
-koen-2011: raises $3 to $6
Alnikon: calls $3
*** FLOP *** [9c 7h Kd]
Alnikon: checks
-koen-2011: bets $3
Alnikon: calls $3
*** TURN *** [9c 7h Kd] [8d]
Alnikon: checks
-koen-2011: checks
*** RIVER *** [9c 7h Kd 8d] [Ah]
Alnikon: bets $6
-koen-2011: raises $6 to $12
Alnikon: raises $6 to $18
-koen-2011: calls $6
*** SHOW DOWN ***
Alnikon: shows [5s 6s] (a straight, Five to Nine)
-koen-2011: mucks hand
Alnikon collected $53.50 from pot
*** SUMMARY ***
Total pot $54 | Rake $0.50
Board [9c 7h Kd 8d Ah]
Seat 1: Alnikon (big blind) showed [5s 6s] and won ($53.50) with a straight, Five to Nine
Seat 2: -koen-2011 (button) (small blind) mucked


PokerStars Hand #148356080212:  Hold'em Limit ($3/$6 USD) - 2016/02/06 16:43:19 ET
Table 'Oceana III' 2-max Seat #2 is the button
Seat 1: Alnikon ($56.30 in chips)
Seat 2: -koen-2011 ($130.50 in chips)
-koen-2011: posts small blind $1
Alnikon: posts big blind $3
*** HOLE CARDS ***
-koen-2011: folds
Uncalled bet ($2) returned to Alnikon
Alnikon collected $2 from pot
Alnikon: doesn't show hand
*** SUMMARY ***
Total pot $2 | Rake $0
Seat 1: Alnikon (big blind) collected ($2)
Seat 2: -koen-2011 (button) (small blind) folded before Flop


PokerStars Hand #148356075732:  Hold'em Limit ($3/$6 USD) - 2016/02/06 16:43:15 ET
Table 'Oceana III' 2-max Seat #1 is the button
Seat 1: Alnikon ($57.30 in chips)
Seat 2: -koen-2011 ($129.50 in chips)
Alnikon: posts small blind $1
-koen-2011: posts big blind $3
*** HOLE CARDS ***
Alnikon: folds
Uncalled bet ($2) returned to -koen-2011
-koen-2011 collected $2 from pot
-koen-2011: doesn't show hand
*** SUMMARY ***
Total pot $2 | Rake $0
Seat 1: Alnikon (button) (small blind) folded before Flop
Seat 2: -koen-2011 (big blind) collected ($2)


PokerStars Hand #148356054058:  Hold'em Limit ($3/$6 USD) - 2016/02/06 16:42:52 ET
Table 'Oceana III' 2-max Seat #2 is the button
Seat 1: Alnikon ($45.78 in chips)
Seat 2: -koen-2011 ($141.50 in chips)
-koen-2011: posts small blind $1
Alnikon: posts big blind $3
*** HOLE CARDS ***
-koen-2011: raises $3 to $6
Alnikon: raises $3 to $9
-koen-2011: calls $3
*** FLOP *** [5s 8s 5d]
Alnikon: bets $3
-koen-2011: calls $3
*** TURN *** [5s 8s 5d] [Kc]
Alnikon: checks
-koen-2011: checks
*** RIVER *** [5s 8s 5d Kc] [Qs]
Alnikon: bets $6
-koen-2011: folds
Uncalled bet ($6) returned to Alnikon
Alnikon collected $23.52 from pot
Alnikon: doesn't show hand
*** SUMMARY ***
Total pot $24 | Rake $0.48
Board [5s 8s 5d Kc Qs]
Seat 1: Alnikon (big blind) collected ($23.52)
Seat 2: -koen-2011 (button) (small blind) folded on the River


PokerStars Hand #148356049473:  Hold'em Limit ($3/$6 USD) - 2016/02/06 16:42:47 ET
Table 'Oceana III' 2-max Seat #1 is the button
Seat 1: Alnikon ($46.78 in chips)
Seat 2: -koen-2011 ($140.50 in chips)
Alnikon: posts small blind $1
-koen-2011: posts big blind $3
*** HOLE CARDS ***
Alnikon: folds
Uncalled bet ($2) returned to -koen-2011
-koen-2011 collected $2 from pot
-koen-2011: doesn't show hand
*** SUMMARY ***
Total pot $2 | Rake $0
Seat 1: Alnikon (button) (small blind) folded before Flop
Seat 2: -koen-2011 (big blind) collected ($2)


PokerStars Hand #148356044712:  Hold'em Limit ($3/$6 USD) - 2016/02/06 16:42:43 ET
Table 'Oceana III' 2-max Seat #2 is the button
Seat 1: Alnikon ($45.78 in chips)
Seat 2: -koen-2011 ($141.50 in chips)
-koen-2011: posts small blind $1
Alnikon: posts big blind $3
*** HOLE CARDS ***
-koen-2011: folds
Uncalled bet ($2) returned to Alnikon
Alnikon collected $2 from pot
Alnikon: doesn't show hand
*** SUMMARY ***
Total pot $2 | Rake $0
Seat 1: Alnikon (big blind) collected ($2)
Seat 2: -koen-2011 (button) (small blind) folded before Flop


PokerStars Hand #148356040185:  Hold'em Limit ($3/$6 USD) - 2016/02/06 16:42:38 ET
Table 'Oceana III' 2-max Seat #1 is the button
Seat 1: Alnikon ($46.78 in chips)
Seat 2: -koen-2011 ($140.50 in chips)
Alnikon: posts small blind $1
-koen-2011: posts big blind $3
*** HOLE CARDS ***
Alnikon: folds
Uncalled bet ($2) returned to -koen-2011
-koen-2011 collected $2 from pot
-koen-2011: doesn't show hand
*** SUMMARY ***
Total pot $2 | Rake $0
Seat 1: Alnikon (button) (small blind) folded before Flop
Seat 2: -koen-2011 (big blind) collected ($2)


PokerStars Hand #148356019776:  Hold'em Limit ($3/$6 USD) - 2016/02/06 16:42:17 ET
Table 'Oceana III' 2-max Seat #2 is the button
Seat 1: Alnikon ($67.78 in chips)
Seat 2: -koen-2011 ($120 in chips)
-koen-2011: posts small blind $1
Alnikon: posts big blind $3
*** HOLE CARDS ***
-koen-2011: raises $3 to $6
Alnikon: calls $3
*** FLOP *** [Ad 6c Kc]
Alnikon: bets $3
-koen-2011: calls $3
*** TURN *** [Ad 6c Kc] [Jd]
Alnikon: checks
-koen-2011: bets $6
Alnikon: calls $6
*** RIVER *** [Ad 6c Kc Jd] [5c]
Alnikon: checks
-koen-2011: bets $6
Alnikon: calls $6
*** SHOW DOWN ***
-koen-2011: shows [Ts Kh] (a pair of Kings)
Alnikon: mucks hand
-koen-2011 collected $41.50 from pot
*** SUMMARY ***
Total pot $42 | Rake $0.50
Board [Ad 6c Kc Jd 5c]
Seat 1: Alnikon (big blind) mucked
Seat 2: -koen-2011 (button) (small blind) showed [Ts Kh] and won ($41.50) with a pair of Kings


PokerStars Hand #148356105046:  Hold'em Limit ($3/$6 USD) - 2016/02/06 16:43:45 ET
Table 'Oceana III' 2-max Seat #2 is the button
Seat 1: Alnikon ($48.30 in chips)
Seat 2: -koen-2011 ($138.14 in chips)
-koen-2011: posts small blind $1
Alnikon: posts big blind $3
*** HOLE CARDS ***
-koen-2011: raises $3 to $6
Alnikon: raises $3 to $9
-koen-2011: calls $3
*** FLOP *** [6s Jd 3h]
Alnikon: bets $3
-koen-2011: calls $3
*** TURN *** [6s Jd 3h] [8c]
Alnikon: bets $6
-koen-2011: calls $6
*** RIVER *** [6s Jd 3h 8c] [Ks]
Alnikon: bets $6
-koen-2011: raises $6 to $12
Alnikon: raises $6 to $18
-koen-2011: calls $6
*** SHOW DOWN ***
Alnikon: shows [Ah Ad] (a pair of Aces)
-koen-2011: mucks hand
Alnikon collected $71.50 from pot
*** SUMMARY ***
Total pot $72 | Rake $0.50
Board [6s Jd 3h 8c Ks]
Seat 1: Alnikon (big blind) showed [Ah Ad] and won ($71.50) with a pair of Aces
Seat 2: -koen-2011 (button) (small blind) mucked


PokerStars Hand #148356085530:  Hold'em Limit ($3/$6 USD) - 2016/02/06 16:43:25 ET
Table 'Oceana III' 2-max Seat #1 is the button
Seat 1: Alnikon ($57.30 in chips)
Seat 2: -koen-2011 ($129.50 in chips)
Alnikon: posts small blind $1
-koen-2011: posts big blind $3
*** HOLE CARDS ***
Alnikon: raises $3 to $6
-koen-2011: calls $3
*** FLOP *** [9h Ac Kd]
-koen-2011: checks
Alnikon: bets $3
-koen-2011: calls $3
*** TURN *** [9h Ac Kd] [Js]
-koen-2011: checks
Alnikon: checks
*** RIVER *** [9h Ac Kd Js] [2c]
-koen-2011: checks
Alnikon: checks
*** SHOW DOWN ***
-koen-2011: shows [Kh 4d] (a pair of Kings)
Alnikon: mucks hand
-koen-2011 collected $17.64 from pot
*** SUMMARY ***
Total pot $18 | Rake $0.36
Board [9h Ac Kd Js 2c]
Seat 1: Alnikon (button) (small blind) mucked
Seat 2: -koen-2011 (big blind) showed [Kh 4d] and won ($17.64) with a pair of Kings


PokerStars Hand #148356194968:  Hold'em Limit ($3/$6 USD) - 2016/02/06 16:45:19 ET
Table 'Oceana III' 2-max Seat #1 is the button
Seat 1: Alnikon ($88.94 in chips)
Seat 2: -koen-2011 ($129.64 in chips)
Alnikon: posts small blind $1
-koen-2011: posts big blind $3
*** HOLE CARDS ***
Alnikon: folds
Uncalled bet ($2) returned to -koen-2011
-koen-2011 collected $2 from pot
-koen-2011: doesn't show hand
*** SUMMARY ***
Total pot $2 | Rake $0
Seat 1: Alnikon (button) (small blind) folded before Flop
Seat 2: -koen-2011 (big blind) collected ($2)


PokerStars Hand #148356180480:  Hold'em Limit ($3/$6 USD) - 2016/02/06 16:45:04 ET
Table 'Oceana III' 2-max Seat #2 is the button
Seat 1: Alnikon ($97.94 in chips)
Seat 2: -koen-2011 ($121 in chips)
-koen-2011: posts small blind $1
Alnikon: posts big blind $3
*** HOLE CARDS ***
-koen-2011: raises $3 to $6
Alnikon: calls $3
*** FLOP *** [2d 8h Ac]
Alnikon: checks
-koen-2011: bets $3
Alnikon: calls $3
*** TURN *** [2d 8h Ac] [8d]
Alnikon: checks
-koen-2011: bets $6
Alnikon: folds
Uncalled bet ($6) returned to -koen-2011
-koen-2011 collected $17.64 from pot
-koen-2011: doesn't show hand
*** SUMMARY ***
Total pot $18 | Rake $0.36
Board [2d 8h Ac 8d]
Seat 1: Alnikon (big blind) folded on the Turn
Seat 2: -koen-2011 (button) (small blind) collected ($17.64)


PokerStars Hand #148356176044:  Hold'em Limit ($3/$6 USD) - 2016/02/06 16:44:59 ET
Table 'Oceana III' 2-max Seat #1 is the button
Seat 1: Alnikon ($98.94 in chips)
Seat 2: -koen-2011 ($120 in chips)
Alnikon: posts small blind $1
-koen-2011: posts big blind $3
*** HOLE CARDS ***
Alnikon: folds
Uncalled bet ($2) returned to -koen-2011
-koen-2011 collected $2 from pot
-koen-2011: doesn't show hand
*** SUMMARY ***
Total pot $2 | Rake $0
Seat 1: Alnikon (button) (small blind) folded before Flop
Seat 2: -koen-2011 (big blind) collected ($2)


PokerStars Hand #148356165528:  Hold'em Limit ($3/$6 USD) - 2016/02/06 16:44:48 ET
Table 'Oceana III' 2-max Seat #2 is the button
Seat 1: Alnikon ($90.30 in chips)
Seat 2: -koen-2011 ($128.64 in chips)
-koen-2011: posts small blind $1
Alnikon: posts big blind $3
*** HOLE CARDS ***
-koen-2011: raises $3 to $6
Alnikon: raises $3 to $9
-koen-2011: calls $3
*** FLOP *** [Th Kh 5c]
Alnikon: bets $3
-koen-2011: folds
Uncalled bet ($3) returned to Alnikon
Alnikon collected $17.64 from pot
Alnikon: doesn't show hand
*** SUMMARY ***
Total pot $18 | Rake $0.36
Board [Th Kh 5c]
Seat 1: Alnikon (big blind) collected ($17.64)
Seat 2: -koen-2011 (button) (small blind) folded on the Flop


PokerStars Hand #148356152259:  Hold'em Limit ($3/$6 USD) - 2016/02/06 16:44:34 ET
Table 'Oceana III' 2-max Seat #1 is the button
Seat 1: Alnikon ($99.30 in chips)
Seat 2: -koen-2011 ($120 in chips)
Alnikon: posts small blind $1
-koen-2011: posts big blind $3
*** HOLE CARDS ***
Alnikon: raises $3 to $6
-koen-2011: calls $3
*** FLOP *** [6s 7d Qh]
-koen-2011: bets $3
Alnikon: calls $3
*** TURN *** [6s 7d Qh] [6c]
-koen-2011: bets $6
Alnikon: folds
Uncalled bet ($6) returned to -koen-2011
-koen-2011 collected $17.64 from pot
-koen-2011: doesn't show hand
*** SUMMARY ***
Total pot $18 | Rake $0.36
Board [6s 7d Qh 6c]
Seat 1: Alnikon (button) (small blind) folded on the Turn
Seat 2: -koen-2011 (big blind) collected ($17.64)


PokerStars Hand #148356147703:  Hold'em Limit ($3/$6 USD) - 2016/02/06 16:44:30 ET
Table 'Oceana III' 2-max Seat #2 is the button
Seat 1: Alnikon ($98.30 in chips)
Seat 2: -koen-2011 ($120 in chips)
-koen-2011: posts small blind $1
Alnikon: posts big blind $3
*** HOLE CARDS ***
-koen-2011: folds
Uncalled bet ($2) returned to Alnikon
Alnikon collected $2 from pot
Alnikon: doesn't show hand
*** SUMMARY ***
Total pot $2 | Rake $0
Seat 1: Alnikon (big blind) collected ($2)
Seat 2: -koen-2011 (button) (small blind) folded before Flop


PokerStars Hand #148356129546:  Hold'em Limit ($3/$6 USD) - 2016/02/06 16:44:11 ET
Table 'Oceana III' 2-max Seat #1 is the button
Seat 1: Alnikon ($83.80 in chips)
Seat 2: -koen-2011 ($120 in chips)
Alnikon: posts small blind $1
-koen-2011: posts big blind $3
*** HOLE CARDS ***
Alnikon: calls $2
-koen-2011: raises $3 to $6
Alnikon: calls $3
*** FLOP *** [6d Qs Ac]
-koen-2011: bets $3
Alnikon: calls $3
*** TURN *** [6d Qs Ac] [As]
-koen-2011: bets $6
Alnikon: calls $6
*** RIVER *** [6d Qs Ac As] [3s]
-koen-2011: checks
Alnikon: bets $6
-koen-2011: folds
Uncalled bet ($6) returned to Alnikon
Alnikon collected $29.50 from pot
Alnikon: doesn't show hand
*** SUMMARY ***
Total pot $30 | Rake $0.50
Board [6d Qs Ac As 3s]
Seat 1: Alnikon (button) (small blind) collected ($29.50)
Seat 2: -koen-2011 (big blind) folded on the River


PokerStars Hand #148356243587:  Hold'em Limit ($3/$6 USD) - 2016/02/06 16:46:09 ET
Table 'Oceana III' 2-max Seat #2 is the button
Seat 1: Alnikon ($98.44 in chips)
Seat 2: -koen-2011 ($126.76 in chips)
-koen-2011: posts small blind $1
Alnikon: posts big blind $3
*** HOLE CARDS ***
-koen-2011: raises $3 to $6
Alnikon: calls $3
*** FLOP *** [4h Kd Jd]
Alnikon: checks
-koen-2011: bets $3
Alnikon: calls $3
*** TURN *** [4h Kd Jd] [Jc]
Alnikon: checks
-koen-2011: bets $6
Alnikon: calls $6
*** RIVER *** [4h Kd Jd Jc] [3d]
Alnikon: checks
-koen-2011: checks
*** SHOW DOWN ***
Alnikon: shows [Kc 5s] (two pair, Kings and Jacks)
-koen-2011: mucks hand
Alnikon collected $29.50 from pot
*** SUMMARY ***
Total pot $30 | Rake $0.50
Board [4h Kd Jd Jc 3d]
Seat 1: Alnikon (big blind) showed [Kc 5s] and won ($29.50) with two pair, Kings and Jacks
Seat 2: -koen-2011 (button) (small blind) mucked


PokerStars Hand #148356238470:  Hold'em Limit ($3/$6 USD) - 2016/02/06 16:46:03 ET
Table 'Oceana III' 2-max Seat #1 is the button
Seat 1: Alnikon ($99.44 in chips)
Seat 2: -koen-2011 ($125.76 in chips)
Alnikon: posts small blind $1
-koen-2011: posts big blind $3
*** HOLE CARDS ***
Alnikon: folds
Uncalled bet ($2) returned to -koen-2011
-koen-2011 collected $2 from pot
-koen-2011: doesn't show hand
*** SUMMARY ***
Total pot $2 | Rake $0
Seat 1: Alnikon (button) (small blind) folded before Flop
Seat 2: -koen-2011 (big blind) collected ($2)


PokerStars Hand #148356228410:  Hold'em Limit ($3/$6 USD) - 2016/02/06 16:45:53 ET
Table 'Oceana III' 2-max Seat #2 is the button
Seat 1: Alnikon ($105.44 in chips)
Seat 2: -koen-2011 ($120 in chips)
-koen-2011: posts small blind $1
Alnikon: posts big blind $3
*** HOLE CARDS ***
-koen-2011: raises $3 to $6
Alnikon: calls $3
*** FLOP *** [8c Ah Th]
Alnikon: checks
-koen-2011: bets $3
Alnikon: folds
Uncalled bet ($3) returned to -koen-2011
-koen-2011 collected $11.76 from pot
-koen-2011: doesn't show hand
*** SUMMARY ***
Total pot $12 | Rake $0.24
Board [8c Ah Th]
Seat 1: Alnikon (big blind) folded on the Flop
Seat 2: -koen-2011 (button) (small blind) collected ($11.76)


PokerStars Hand #148356222201:  Hold'em Limit ($3/$6 USD) - 2016/02/06 16:45:47 ET
Table 'Oceana III' 2-max Seat #1 is the button
Seat 1: Alnikon ($102.44 in chips)
Seat 2: -koen-2011 ($120 in chips)
Alnikon: posts small blind $1
-koen-2011: posts big blind $3
*** HOLE CARDS ***
Alnikon: raises $3 to $6
-koen-2011: folds
Uncalled bet ($3) returned to Alnikon
Alnikon collected $6 from pot
Alnikon: doesn't show hand
*** SUMMARY ***
Total pot $6 | Rake $0
Seat 1: Alnikon (button) (small blind) collected ($6)
Seat 2: -koen-2011 (big blind) folded before Flop


PokerStars Hand #148356202440:  Hold'em Limit ($3/$6 USD) - 2016/02/06 16:45:26 ET
Table 'Oceana III' 2-max Seat #2 is the button
Seat 1: Alnikon ($87.94 in chips)
Seat 2: -koen-2011 ($130.64 in chips)
-koen-2011: posts small blind $1
Alnikon: posts big blind $3
*** HOLE CARDS ***
-koen-2011: raises $3 to $6
Alnikon: calls $3
*** FLOP *** [Qc Jc Th]
Alnikon: checks
-koen-2011: bets $3
Alnikon: calls $3
*** TURN *** [Qc Jc Th] [Ts]
Alnikon: checks
-koen-2011: bets $6
Alnikon: calls $6
*** RIVER *** [Qc Jc Th Ts] [8s]
Alnikon: checks
-koen-2011: checks
*** SHOW DOWN ***
Alnikon: shows [9c 5h] (a straight, Eight to Queen)
-koen-2011: mucks hand
Alnikon collected $29.50 from pot
*** SUMMARY ***
Total pot $30 | Rake $0.50
Board [Qc Jc Th Ts 8s]
Seat 1: Alnikon (big blind) showed [9c 5h] and won ($29.50) with a straight, Eight to Queen
Seat 2: -koen-2011 (button) (small blind) mucked


PokerStars Hand #148356300794:  Hold'em Limit ($3/$6 USD) - 2016/02/06 16:47:05 ET
Table 'Oceana III' 2-max Seat #2 is the button
Seat 1: Alnikon ($92.94 in chips)
Seat 2: -koen-2011 ($139.50 in chips)
-koen-2011: posts small blind $1
Alnikon: posts big blind $3
*** HOLE CARDS ***
-koen-2011: raises $3 to $6
Alnikon: calls $3
*** FLOP *** [Jh Ts Qh]
Alnikon: checks
-koen-2011: bets $3
Alnikon: calls $3
*** TURN *** [Jh Ts Qh] [7c]
Alnikon: checks
-koen-2011: checks
*** RIVER *** [Jh Ts Qh 7c] [6c]
Alnikon: bets $6
-koen-2011: calls $6
*** SHOW DOWN ***
Alnikon: shows [6d Qs] (two pair, Queens and Sixes)
-koen-2011: mucks hand
Alnikon collected $29.50 from pot
*** SUMMARY ***
Total pot $30 | Rake $0.50
Board [Jh Ts Qh 7c 6c]
Seat 1: Alnikon (big blind) showed [6d Qs] and won ($29.50) with two pair, Queens and Sixes
Seat 2: -koen-2011 (button) (small blind) mucked


PokerStars Hand #148356293331:  Hold'em Limit ($3/$6 USD) - 2016/02/06 16:47:00 ET
Table 'Oceana III' 2-max Seat #1 is the button
Seat 1: Alnikon ($93.94 in chips)
Seat 2: -koen-2011 ($138.50 in chips)
Alnikon: posts small blind $1
-koen-2011: posts big blind $3
*** HOLE CARDS ***
Alnikon: folds
Uncalled bet ($2) returned to -koen-2011
-koen-2011 collected $2 from pot
-koen-2011: doesn't show hand
*** SUMMARY ***
Total pot $2 | Rake $0
Seat 1: Alnikon (button) (small blind) folded before Flop
Seat 2: -koen-2011 (big blind) collected ($2)


PokerStars Hand #148356287727:  Hold'em Limit ($3/$6 USD) - 2016/02/06 16:46:54 ET
Table 'Oceana III' 2-max Seat #2 is the button
Seat 1: Alnikon ($92.94 in chips)
Seat 2: -koen-2011 ($139.50 in chips)
-koen-2011: posts small blind $1
Alnikon: posts big blind $3
*** HOLE CARDS ***
-koen-2011: folds
Uncalled bet ($2) returned to Alnikon
Alnikon collected $2 from pot
Alnikon: doesn't show hand
*** SUMMARY ***
Total pot $2 | Rake $0
Seat 1: Alnikon (big blind) collected ($2)
Seat 2: -koen-2011 (button) (small blind) folded before Flop


PokerStars Hand #148356281777:  Hold'em Limit ($3/$6 USD) - 2016/02/06 16:46:48 ET
Table 'Oceana III' 2-max Seat #1 is the button
Seat 1: Alnikon ($89.94 in chips)
Seat 2: -koen-2011 ($142.50 in chips)
Alnikon: posts small blind $1
-koen-2011: posts big blind $3
*** HOLE CARDS ***
Alnikon: raises $3 to $6
-koen-2011: folds
Uncalled bet ($3) returned to Alnikon
Alnikon collected $6 from pot
Alnikon: doesn't show hand
*** SUMMARY ***
Total pot $6 | Rake $0
Seat 1: Alnikon (button) (small blind) collected ($6)
Seat 2: -koen-2011 (big blind) folded before Flop


PokerStars Hand #148356276797:  Hold'em Limit ($3/$6 USD) - 2016/02/06 16:46:43 ET
Table 'Oceana III' 2-max Seat #2 is the button
Seat 1: Alnikon ($88.94 in chips)
Seat 2: -koen-2011 ($143.50 in chips)
-koen-2011: posts small blind $1
Alnikon: posts big blind $3
*** HOLE CARDS ***
-koen-2011: folds
Uncalled bet ($2) returned to Alnikon
Alnikon collected $2 from pot
Alnikon: doesn't show hand
*** SUMMARY ***
Total pot $2 | Rake $0
Seat 1: Alnikon (big blind) collected ($2)
Seat 2: -koen-2011 (button) (small blind) folded before Flop


PokerStars Hand #148356259642:  Hold'em Limit ($3/$6 USD) - 2016/02/06 16:46:25 ET
Table 'Oceana III' 2-max Seat #1 is the button
Seat 1: Alnikon ($112.94 in chips)
Seat 2: -koen-2011 ($120 in chips)
Alnikon: posts small blind $1
-koen-2011: posts big blind $3
*** HOLE CARDS ***
Alnikon: raises $3 to $6
-koen-2011: raises $3 to $9
Alnikon: calls $3
*** FLOP *** [3d 6c 8c]
-koen-2011: bets $3
Alnikon: calls $3
*** TURN *** [3d 6c 8c] [2d]
-koen-2011: bets $6
Alnikon: calls $6
*** RIVER *** [3d 6c 8c 2d] [Kd]
-koen-2011: bets $6
Alnikon: calls $6
*** SHOW DOWN ***
-koen-2011: shows [4d 4c] (a pair of Fours)
Alnikon: mucks hand
-koen-2011 collected $47.50 from pot
*** SUMMARY ***
Total pot $48 | Rake $0.50
Board [3d 6c 8c 2d Kd]
Seat 1: Alnikon (button) (small blind) mucked
Seat 2: -koen-2011 (big blind) showed [4d 4c] and won ($47.50) with a pair of Fours


PokerStars Hand #148356384645:  Hold'em Limit ($3/$6 USD) - 2016/02/06 16:48:11 ET
Table 'Oceana III' 2-max Seat #2 is the button
Seat 1: Alnikon ($108.08 in chips)
Seat 2: -koen-2011 ($123 in chips)
-koen-2011: posts small blind $1
Alnikon: posts big blind $3
*** HOLE CARDS ***
-koen-2011: raises $3 to $6
Alnikon: calls $3
*** FLOP *** [Jc 7h Js]
Alnikon: checks
-koen-2011: bets $3
Alnikon: calls $3
*** TURN *** [Jc 7h Js] [7d]
Alnikon: checks
-koen-2011: checks
*** RIVER *** [Jc 7h Js 7d] [9h]
Alnikon: checks
-koen-2011: bets $6
Alnikon: folds
Uncalled bet ($6) returned to -koen-2011
-koen-2011 collected $17.64 from pot
-koen-2011: doesn't show hand
*** SUMMARY ***
Total pot $18 | Rake $0.36
Board [Jc 7h Js 7d 9h]
Seat 1: Alnikon (big blind) folded on the River
Seat 2: -koen-2011 (button) (small blind) collected ($17.64)


PokerStars Hand #148356376523:  Hold'em Limit ($3/$6 USD) - 2016/02/06 16:48:05 ET
Table 'Oceana III' 2-max Seat #1 is the button
Seat 1: Alnikon ($105.08 in chips)
Seat 2: -koen-2011 ($126 in chips)
Alnikon: posts small blind $1
-koen-2011: posts big blind $3
*** HOLE CARDS ***
Alnikon: raises $3 to $6
-koen-2011: folds
Uncalled bet ($3) returned to Alnikon
Alnikon collected $6 from pot
Alnikon: doesn't show hand
*** SUMMARY ***
Total pot $6 | Rake $0
Seat 1: Alnikon (button) (small blind) collected ($6)
Seat 2: -koen-2011 (big blind) folded before Flop


PokerStars Hand #148356370605:  Hold'em Limit ($3/$6 USD) - 2016/02/06 16:48:01 ET
Table 'Oceana III' 2-max Seat #2 is the button
Seat 1: Alnikon ($104.08 in chips)
Seat 2: -koen-2011 ($127 in chips)
-koen-2011: posts small blind $1
Alnikon: posts big blind $3
*** HOLE CARDS ***
-koen-2011: folds
Uncalled bet ($2) returned to Alnikon
Alnikon collected $2 from pot
Alnikon: doesn't show hand
*** SUMMARY ***
Total pot $2 | Rake $0
Seat 1: Alnikon (big blind) collected ($2)
Seat 2: -koen-2011 (button) (small blind) folded before Flop


PokerStars Hand #148356363175:  Hold'em Limit ($3/$6 USD) - 2016/02/06 16:47:55 ET
Table 'Oceana III' 2-max Seat #1 is the button
Seat 1: Alnikon ($101.08 in chips)
Seat 2: -koen-2011 ($130 in chips)
Alnikon: posts small blind $1
-koen-2011: posts big blind $3
*** HOLE CARDS ***
Alnikon: raises $3 to $6
-koen-2011: folds
Uncalled bet ($3) returned to Alnikon
Alnikon collected $6 from pot
Alnikon: doesn't show hand
*** SUMMARY ***
Total pot $6 | Rake $0
Seat 1: Alnikon (button) (small blind) collected ($6)
Seat 2: -koen-2011 (big blind) folded before Flop


PokerStars Hand #148356343755:  Hold'em Limit ($3/$6 USD) - 2016/02/06 16:47:40 ET
Table 'Oceana III' 2-max Seat #2 is the button
Seat 1: Alnikon ($92.44 in chips)
Seat 2: -koen-2011 ($139 in chips)
-koen-2011: posts small blind $1
Alnikon: posts big blind $3
*** HOLE CARDS ***
-koen-2011: raises $3 to $6
Alnikon: calls $3
*** FLOP *** [5c Qh Jc]
Alnikon: checks
-koen-2011: bets $3
Alnikon: calls $3
*** TURN *** [5c Qh Jc] [4h]
Alnikon: checks
-koen-2011: checks
*** RIVER *** [5c Qh Jc 4h] [7h]
Alnikon: bets $6
-koen-2011: folds
Uncalled bet ($6) returned to Alnikon
Alnikon collected $17.64 from pot
Alnikon: doesn't show hand
*** SUMMARY ***
Total pot $18 | Rake $0.36
Board [5c Qh Jc 4h 7h]
Seat 1: Alnikon (big blind) collected ($17.64)
Seat 2: -koen-2011 (button) (small blind) folded on the River


PokerStars Hand #148356318657:  Hold'em Limit ($3/$6 USD) - 2016/02/06 16:47:20 ET
Table 'Oceana III' 2-max Seat #1 is the button
Seat 1: Alnikon ($107.44 in chips)
Seat 2: -koen-2011 ($124.50 in chips)
Alnikon: posts small blind $1
-koen-2011: posts big blind $3
*** HOLE CARDS ***
Alnikon: raises $3 to $6
-koen-2011: calls $3
*** FLOP *** [9s 2d 7h]
-koen-2011: checks
Alnikon: bets $3
-koen-2011: calls $3
*** TURN *** [9s 2d 7h] [6s]
-koen-2011: checks
Alnikon: bets $6
-koen-2011: calls $6
*** RIVER *** [9s 2d 7h 6s] [8h]
-koen-2011: checks
Alnikon: checks
*** SHOW DOWN ***
-koen-2011: shows [Ks 5h] (a straight, Five to Nine)
Alnikon: mucks hand
-koen-2011 collected $29.50 from pot
*** SUMMARY ***
Total pot $30 | Rake $0.50
Board [9s 2d 7h 6s 8h]
Seat 1: Alnikon (button) (small blind) mucked
Seat 2: -koen-2011 (big blind) showed [Ks 5h] and won ($29.50) with a straight, Five to Nine


PokerStars Hand #148356465666:  Hold'em Limit ($3/$6 USD) - 2016/02/06 16:49:14 ET
Table 'Oceana III' 2-max Seat #2 is the button
Seat 1: Alnikon ($62.96 in chips)
Seat 2: -koen-2011 ($166.64 in chips)
-koen-2011: posts small blind $1
Alnikon: posts big blind $3
*** HOLE CARDS ***
-koen-2011: raises $3 to $6
Alnikon: calls $3
*** FLOP *** [As 3c 2d]
Alnikon: checks
-koen-2011: bets $3
Alnikon: calls $3
*** TURN *** [As 3c 2d] [Qh]
Alnikon: checks
-koen-2011: checks
*** RIVER *** [As 3c 2d Qh] [4c]
Alnikon: bets $6
-koen-2011: calls $6
*** SHOW DOWN ***
Alnikon: shows [Jh 5d] (a straight, Ace to Five)
-koen-2011: mucks hand
Alnikon collected $29.50 from pot
*** SUMMARY ***
Total pot $30 | Rake $0.50
Board [As 3c 2d Qh 4c]
Seat 1: Alnikon (big blind) showed [Jh 5d] and won ($29.50) with a straight, Ace to Five
Seat 2: -koen-2011 (button) (small blind) mucked


PokerStars Hand #148356444906:  Hold'em Limit ($3/$6 USD) - 2016/02/06 16:48:58 ET
Table 'Oceana III' 2-max Seat #1 is the button
Seat 1: Alnikon ($80.96 in chips)
Seat 2: -koen-2011 ($149.14 in chips)
Alnikon: posts small blind $1
-koen-2011: posts big blind $3
*** HOLE CARDS ***
Alnikon: raises $3 to $6
-koen-2011: raises $3 to $9
Alnikon: calls $3
*** FLOP *** [Ac 2d 2c]
-koen-2011: bets $3
Alnikon: calls $3
*** TURN *** [Ac 2d 2c] [7s]
-koen-2011: bets $6
Alnikon: calls $6
*** RIVER *** [Ac 2d 2c 7s] [8c]
-koen-2011: bets $6
Alnikon: folds
Uncalled bet ($6) returned to -koen-2011
-koen-2011 collected $35.50 from pot
-koen-2011: doesn't show hand
*** SUMMARY ***
Total pot $36 | Rake $0.50
Board [Ac 2d 2c 7s 8c]
Seat 1: Alnikon (button) (small blind) folded on the River
Seat 2: -koen-2011 (big blind) collected ($35.50)


PokerStars Hand #148356421505:  Hold'em Limit ($3/$6 USD) - 2016/02/06 16:48:40 ET
Table 'Oceana III' 2-max Seat #2 is the button
Seat 1: Alnikon ($101.96 in chips)
Seat 2: -koen-2011 ($128.64 in chips)
-koen-2011: posts small blind $1
Alnikon: posts big blind $3
*** HOLE CARDS ***
-koen-2011: raises $3 to $6
Alnikon: calls $3
*** FLOP *** [2s 5d 3d]
Alnikon: checks
-koen-2011: bets $3
Alnikon: calls $3
*** TURN *** [2s 5d 3d] [7d]
Alnikon: checks
-koen-2011: bets $6
Alnikon: calls $6
*** RIVER *** [2s 5d 3d 7d] [3s]
Alnikon: bets $6
-koen-2011: raises $6 to $12
Alnikon: folds
Uncalled bet ($6) returned to -koen-2011
-koen-2011 collected $41.50 from pot
-koen-2011: doesn't show hand
*** SUMMARY ***
Total pot $42 | Rake $0.50
Board [2s 5d 3d 7d 3s]
Seat 1: Alnikon (big blind) folded on the River
Seat 2: -koen-2011 (button) (small blind) collected ($41.50)


PokerStars Hand #148356405717:  Hold'em Limit ($3/$6 USD) - 2016/02/06 16:48:28 ET
Table 'Oceana III' 2-max Seat #1 is the button
Seat 1: Alnikon ($99.08 in chips)
Seat 2: -koen-2011 ($131.64 in chips)
Alnikon: posts small blind $1
-koen-2011: posts big blind $3
*** HOLE CARDS ***
Alnikon: calls $2
-koen-2011: checks
*** FLOP *** [Tc 6h As]
-koen-2011: checks
Alnikon: bets $3
-koen-2011: folds
Uncalled bet ($3) returned to Alnikon
Alnikon collected $5.88 from pot
Alnikon: doesn't show hand
*** SUMMARY ***
Total pot $6 | Rake $0.12
Board [Tc 6h As]
Seat 1: Alnikon (button) (small blind) collected ($5.88)
Seat 2: -koen-2011 (big blind) folded on the Flop


PokerStars Hand #148356552358:  Hold'em Limit ($3/$6 USD) - 2016/02/06 16:50:22 ET
Table 'Oceana III' 2-max Seat #1 is the button
Seat 1: Alnikon ($52.46 in chips)
Seat 2: -koen-2011 ($175.90 in chips)
Alnikon: posts small blind $1
-koen-2011: posts big blind $3
*** HOLE CARDS ***
Alnikon: folds
Uncalled bet ($2) returned to -koen-2011
-koen-2011 collected $2 from pot
-koen-2011: doesn't show hand
*** SUMMARY ***
Total pot $2 | Rake $0
Seat 1: Alnikon (button) (small blind) folded before Flop
Seat 2: -koen-2011 (big blind) collected ($2)


PokerStars Hand #148356546613:  Hold'em Limit ($3/$6 USD) - 2016/02/06 16:50:17 ET
Table 'Oceana III' 2-max Seat #2 is the button
Seat 1: Alnikon ($51.46 in chips)
Seat 2: -koen-2011 ($176.90 in chips)
-koen-2011: posts small blind $1
Alnikon: posts big blind $3
*** HOLE CARDS ***
-koen-2011: folds
Uncalled bet ($2) returned to Alnikon
Alnikon collected $2 from pot
Alnikon: doesn't show hand
*** SUMMARY ***
Total pot $2 | Rake $0
Seat 1: Alnikon (big blind) collected ($2)
Seat 2: -koen-2011 (button) (small blind) folded before Flop


PokerStars Hand #148356538992:  Hold'em Limit ($3/$6 USD) - 2016/02/06 16:50:11 ET
Table 'Oceana III' 2-max Seat #1 is the button
Seat 1: Alnikon ($48.46 in chips)
Seat 2: -koen-2011 ($179.90 in chips)
Alnikon: posts small blind $1
-koen-2011: posts big blind $3
*** HOLE CARDS ***
Alnikon: raises $3 to $6
-koen-2011: folds
Uncalled bet ($3) returned to Alnikon
Alnikon collected $6 from pot
Alnikon: doesn't show hand
*** SUMMARY ***
Total pot $6 | Rake $0
Seat 1: Alnikon (button) (small blind) collected ($6)
Seat 2: -koen-2011 (big blind) folded before Flop


PokerStars Hand #148356516463:  Hold'em Limit ($3/$6 USD) - 2016/02/06 16:49:54 ET
Table 'Oceana III' 2-max Seat #2 is the button
Seat 1: Alnikon ($69.46 in chips)
Seat 2: -koen-2011 ($159.40 in chips)
-koen-2011: posts small blind $1
Alnikon: posts big blind $3
*** HOLE CARDS ***
-koen-2011: raises $3 to $6
Alnikon: calls $3
*** FLOP *** [8h 5d Ks]
Alnikon: checks
-koen-2011: bets $3
Alnikon: calls $3
*** TURN *** [8h 5d Ks] [7s]
Alnikon: checks
-koen-2011: bets $6
Alnikon: calls $6
*** RIVER *** [8h 5d Ks 7s] [Ah]
Alnikon: bets $6
-koen-2011: raises $6 to $12
Alnikon: folds
Uncalled bet ($6) returned to -koen-2011
-koen-2011 collected $41.50 from pot
-koen-2011: doesn't show hand
*** SUMMARY ***
Total pot $42 | Rake $0.50
Board [8h 5d Ks 7s Ah]
Seat 1: Alnikon (big blind) folded on the River
Seat 2: -koen-2011 (button) (small blind) collected ($41.50)


PokerStars Hand #148356510522:  Hold'em Limit ($3/$6 USD) - 2016/02/06 16:49:49 ET
Table 'Oceana III' 2-max Seat #1 is the button
Seat 1: Alnikon ($70.46 in chips)
Seat 2: -koen-2011 ($158.40 in chips)
Alnikon: posts small blind $1
-koen-2011: posts big blind $3
*** HOLE CARDS ***
Alnikon: folds
Uncalled bet ($2) returned to -koen-2011
-koen-2011 collected $2 from pot
-koen-2011: doesn't show hand
*** SUMMARY ***
Total pot $2 | Rake $0
Seat 1: Alnikon (button) (small blind) folded before Flop
Seat 2: -koen-2011 (big blind) collected ($2)


PokerStars Hand #148356492578:  Hold'em Limit ($3/$6 USD) - 2016/02/06 16:49:35 ET
Table 'Oceana III' 2-max Seat #2 is the button
Seat 1: Alnikon ($76.46 in chips)
Seat 2: -koen-2011 ($152.64 in chips)
-koen-2011: posts small blind $1
Alnikon: posts big blind $3
*** HOLE CARDS ***
-koen-2011: raises $3 to $6
Alnikon: calls $3
*** FLOP *** [Th 3s Tc]
Alnikon: checks
-koen-2011: checks
*** TURN *** [Th 3s Tc] [6d]
Alnikon: checks
-koen-2011: checks
*** RIVER *** [Th 3s Tc 6d] [8d]
Alnikon: checks
-koen-2011: checks
*** SHOW DOWN ***
Alnikon: shows [Qs 2h] (a pair of Tens)
-koen-2011: shows [Kc Ac] (a pair of Tens - Ace kicker)
-koen-2011 collected $11.76 from pot
*** SUMMARY ***
Total pot $12 | Rake $0.24
Board [Th 3s Tc 6d 8d]
Seat 1: Alnikon (big blind) showed [Qs 2h] and lost with a pair of Tens
Seat 2: -koen-2011 (button) (small blind) showed [Kc Ac] and won ($11.76) with a pair of Tens


PokerStars Hand #148356485960:  Hold'em Limit ($3/$6 USD) - 2016/02/06 16:49:30 ET
Table 'Oceana III' 2-max Seat #1 is the button
Seat 1: Alnikon ($77.46 in chips)
Seat 2: -koen-2011 ($151.64 in chips)
Alnikon: posts small blind $1
-koen-2011: posts big blind $3
*** HOLE CARDS ***
Alnikon: folds
Uncalled bet ($2) returned to -koen-2011
-koen-2011 collected $2 from pot
-koen-2011: doesn't show hand
*** SUMMARY ***
Total pot $2 | Rake $0
Seat 1: Alnikon (button) (small blind) folded before Flop
Seat 2: -koen-2011 (big blind) collected ($2)


PokerStars Hand #148356581358:  Hold'em Limit ($3/$6 USD) - 2016/02/06 16:50:45 ET
Table 'Oceana III' 2-max Seat #1 is the button
Seat 1: Alnikon ($36.46 in chips)
Seat 2: -koen-2011 ($191.40 in chips)
Alnikon: posts small blind $1
-koen-2011: posts big blind $3
*** HOLE CARDS ***
Alnikon: raises $3 to $6
-koen-2011: calls $3
*** FLOP *** [3h 4s Kc]
-koen-2011: checks
Alnikon: checks
*** TURN *** [3h 4s Kc] [3c]
-koen-2011: checks
Alnikon: checks
*** RIVER *** [3h 4s Kc 3c] [5h]
-koen-2011: checks
Alnikon: checks
*** SHOW DOWN ***
-koen-2011: shows [2h 2s] (two pair, Threes and Deuces)
Alnikon: mucks hand
-koen-2011 collected $11.76 from pot
*** SUMMARY ***
Total pot $12 | Rake $0.24
Board [3h 4s Kc 3c 5h]
Seat 1: Alnikon (button) (small blind) mucked
Seat 2: -koen-2011 (big blind) showed [2h 2s] and won ($11.76) with two pair, Threes and Deuces


PokerStars Hand #148356558250:  Hold'em Limit ($3/$6 USD) - 2016/02/06 16:50:27 ET
Table 'Oceana III' 2-max Seat #2 is the button
Seat 1: Alnikon ($51.46 in chips)
Seat 2: -koen-2011 ($176.90 in chips)
-koen-2011: posts small blind $1
Alnikon: posts big blind $3
*** HOLE CARDS ***
-koen-2011: raises $3 to $6
Alnikon: raises $3 to $9
-koen-2011: calls $3
*** FLOP *** [5s 7h 6s]
Alnikon: checks
-koen-2011: checks
*** TURN *** [5s 7h 6s] [Ad]
Alnikon: bets $6
-koen-2011: calls $6
*** RIVER *** [5s 7h 6s Ad] [2h]
Alnikon: checks
-koen-2011: checks
*** SHOW DOWN ***
Alnikon: shows [Qd Jd] (high card Ace)
-koen-2011: shows [Qs 2s] (a pair of Deuces)
-koen-2011 collected $29.50 from pot
*** SUMMARY ***
Total pot $30 | Rake $0.50
Board [5s 7h 6s Ad 2h]
Seat 1: Alnikon (big blind) showed [Qd Jd] and lost with high card Ace
Seat 2: -koen-2011 (button) (small blind) showed [Qs 2s] and won ($29.50) with a pair of Deuces


PokerStars Hand #148356600848:  Hold'em Limit ($3/$6 USD) - 2016/02/06 16:51:00 ET
Table 'Oceana III' 2-max Seat #2 is the button
Seat 1: Alnikon ($30.46 in chips)
Seat 2: -koen-2011 ($197.16 in chips)
-koen-2011: posts small blind $1
Alnikon: posts big blind $3
*** HOLE CARDS ***
-koen-2011: raises $3 to $6
Alnikon: raises $3 to $9
-koen-2011: calls $3
*** FLOP *** [As 6c Tc]
Alnikon: bets $3
-koen-2011: calls $3
*** TURN *** [As 6c Tc] [9c]
Alnikon: bets $6
-koen-2011: calls $6
*** RIVER *** [As 6c Tc 9c] [3s]
Alnikon: checks
-koen-2011: bets $6
Alnikon: calls $6
*** SHOW DOWN ***
-koen-2011: shows [2d Ah] (a pair of Aces)
Alnikon: mucks hand
-koen-2011 collected $47.50 from pot
*** SUMMARY ***
Total pot $48 | Rake $0.50
Board [As 6c Tc 9c 3s]
Seat 1: Alnikon (big blind) mucked
Seat 2: -koen-2011 (button) (small blind) showed [2d Ah] and won ($47.50) with a pair of Aces


PokerStars Hand #148356627353:  Hold'em Limit ($3/$6 USD) - 2016/02/06 16:51:22 ET
Table 'Oceana III' 2-max Seat #1 is the button
Seat 1: Alnikon ($6.46 in chips)
Seat 2: -koen-2011 ($220.66 in chips)
Alnikon: posts small blind $1
-koen-2011: posts big blind $3
*** HOLE CARDS ***
Alnikon: raises $3 to $6
-koen-2011: folds
Uncalled bet ($3) returned to Alnikon
Alnikon collected $6 from pot
Alnikon: doesn't show hand
*** SUMMARY ***
Total pot $6 | Rake $0
Seat 1: Alnikon (button) (small blind) collected ($6)
Seat 2: -koen-2011 (big blind) folded before Flop


PokerStars Hand #148356637446:  Hold'em Limit ($3/$6 USD) - 2016/02/06 16:51:30 ET
Table 'Oceana III' 2-max Seat #2 is the button
Seat 1: Alnikon ($9.46 in chips)
Seat 2: -koen-2011 ($217.66 in chips)
-koen-2011: posts small blind $1
Alnikon: posts big blind $3
*** HOLE CARDS ***
-koen-2011: raises $3 to $6
Alnikon: raises $3 to $9
-koen-2011: raises $3 to $12
Betting is capped
Alnikon: calls $0.46 and is all-in
Uncalled bet ($2.54) returned to -koen-2011
*** FLOP *** [Tc Kd Jd]
*** TURN *** [Tc Kd Jd] [Jh]
*** RIVER *** [Tc Kd Jd Jh] [Ah]
*** SHOW DOWN ***
Alnikon: shows [Td 4c] (two pair, Jacks and Tens)
-koen-2011: shows [9s 8c] (a pair of Jacks)
Alnikon collected $18.54 from pot
*** SUMMARY ***
Total pot $18.92 | Rake $0.38
Board [Tc Kd Jd Jh Ah]
Seat 1: Alnikon (big blind) showed [Td 4c] and won ($18.54) with two pair, Jacks and Tens
Seat 2: -koen-2011 (button) (small blind) showed [9s 8c] and lost with a pair of Jacks


PokerStars Hand #148356655581:  Hold'em Limit ($3/$6 USD) - 2016/02/06 16:51:44 ET
Table 'Oceana III' 2-max Seat #1 is the button
Seat 1: Alnikon ($18.54 in chips)
Seat 2: -koen-2011 ($208.20 in chips)
Alnikon: posts small blind $1
-koen-2011: posts big blind $3
*** HOLE CARDS ***
Alnikon: calls $2
-koen-2011: checks
*** FLOP *** [2c 7c 5d]
-koen-2011: checks
Alnikon: bets $3
-koen-2011: calls $3
*** TURN *** [2c 7c 5d] [Ah]
-koen-2011: checks
Alnikon: bets $6
-koen-2011: folds
Uncalled bet ($6) returned to Alnikon
Alnikon collected $11.76 from pot
Alnikon: doesn't show hand
*** SUMMARY ***
Total pot $12 | Rake $0.24
Board [2c 7c 5d Ah]
Seat 1: Alnikon (button) (small blind) collected ($11.76)
Seat 2: -koen-2011 (big blind) folded on the Turn


PokerStars Hand #148356681896:  Hold'em Limit ($3/$6 USD) - 2016/02/06 16:52:06 ET
Table 'Oceana III' 2-max Seat #1 is the button
Seat 1: Alnikon ($25.30 in chips)
Seat 2: -koen-2011 ($201.20 in chips)
Alnikon: posts small blind $1
-koen-2011: posts big blind $3
*** HOLE CARDS ***
Alnikon: folds
Uncalled bet ($2) returned to -koen-2011
-koen-2011 collected $2 from pot
-koen-2011: doesn't show hand
*** SUMMARY ***
Total pot $2 | Rake $0
Seat 1: Alnikon (button) (small blind) folded before Flop
Seat 2: -koen-2011 (big blind) collected ($2)


PokerStars Hand #148356676610:  Hold'em Limit ($3/$6 USD) - 2016/02/06 16:52:01 ET
Table 'Oceana III' 2-max Seat #2 is the button
Seat 1: Alnikon ($24.30 in chips)
Seat 2: -koen-2011 ($202.20 in chips)
-koen-2011: posts small blind $1
Alnikon: posts big blind $3
*** HOLE CARDS ***
-koen-2011: folds
Uncalled bet ($2) returned to Alnikon
Alnikon collected $2 from pot
Alnikon: doesn't show hand
*** SUMMARY ***
Total pot $2 | Rake $0
Seat 1: Alnikon (big blind) collected ($2)
Seat 2: -koen-2011 (button) (small blind) folded before Flop


PokerStars Hand #148356695092:  Hold'em Limit ($3/$6 USD) - 2016/02/06 16:52:17 ET
Table 'Oceana III' 2-max Seat #1 is the button
Seat 1: Alnikon ($25.30 in chips)
Seat 2: -koen-2011 ($201.20 in chips)
Alnikon: posts small blind $1
-koen-2011: posts big blind $3
*** HOLE CARDS ***
Alnikon: folds
Uncalled bet ($2) returned to -koen-2011
-koen-2011 collected $2 from pot
-koen-2011: doesn't show hand
*** SUMMARY ***
Total pot $2 | Rake $0
Seat 1: Alnikon (button) (small blind) folded before Flop
Seat 2: -koen-2011 (big blind) collected ($2)


PokerStars Hand #148356687635:  Hold'em Limit ($3/$6 USD) - 2016/02/06 16:52:11 ET
Table 'Oceana III' 2-max Seat #2 is the button
Seat 1: Alnikon ($24.30 in chips)
Seat 2: -koen-2011 ($202.20 in chips)
-koen-2011: posts small blind $1
Alnikon: posts big blind $3
*** HOLE CARDS ***
-koen-2011: folds
Uncalled bet ($2) returned to Alnikon
Alnikon collected $2 from pot
Alnikon: doesn't show hand
*** SUMMARY ***
Total pot $2 | Rake $0
Seat 1: Alnikon (big blind) collected ($2)
Seat 2: -koen-2011 (button) (small blind) folded before Flop


PokerStars Hand #148356725922:  Hold'em Limit ($3/$6 USD) - 2016/02/06 16:52:42 ET
Table 'Oceana III' 2-max Seat #1 is the button
Seat 1: Alnikon ($48.10 in chips)
Seat 2: -koen-2011 ($177.90 in chips)
Alnikon: posts small blind $1
-koen-2011: posts big blind $3
*** HOLE CARDS ***
Alnikon: raises $3 to $6
-koen-2011: calls $3
*** FLOP *** [7h 3d 9c]
-koen-2011: checks
Alnikon: bets $3
-koen-2011: calls $3
*** TURN *** [7h 3d 9c] [Js]
-koen-2011: checks
Alnikon: checks
*** RIVER *** [7h 3d 9c Js] [8h]
-koen-2011: checks
Alnikon: bets $6
-koen-2011: folds
Uncalled bet ($6) returned to Alnikon
Alnikon collected $17.64 from pot
Alnikon: doesn't show hand
*** SUMMARY ***
Total pot $18 | Rake $0.36
Board [7h 3d 9c Js 8h]
Seat 1: Alnikon (button) (small blind) collected ($17.64)
Seat 2: -koen-2011 (big blind) folded on the River


PokerStars Hand #148356748980:  Hold'em Limit ($3/$6 USD) - 2016/02/06 16:53:01 ET
Table 'Oceana III' 2-max Seat #2 is the button
Seat 1: Alnikon ($56.74 in chips)
Seat 2: -koen-2011 ($168.90 in chips)
-koen-2011: posts small blind $1
Alnikon: posts big blind $3
*** HOLE CARDS ***
-koen-2011: raises $3 to $6
Alnikon: calls $3
*** FLOP *** [2d Ac Kd]
Alnikon: checks
-koen-2011: bets $3
Alnikon: folds
Uncalled bet ($3) returned to -koen-2011
-koen-2011 collected $11.76 from pot
-koen-2011: doesn't show hand
*** SUMMARY ***
Total pot $12 | Rake $0.24
Board [2d Ac Kd]
Seat 1: Alnikon (big blind) folded on the Flop
Seat 2: -koen-2011 (button) (small blind) collected ($11.76)


PokerStars Hand #148356759646:  Hold'em Limit ($3/$6 USD) - 2016/02/06 16:53:09 ET
Table 'Oceana III' 2-max Seat #1 is the button
Seat 1: Alnikon ($50.74 in chips)
Seat 2: -koen-2011 ($174.66 in chips)
Alnikon: posts small blind $1
-koen-2011: posts big blind $3
*** HOLE CARDS ***
Alnikon: calls $2
-koen-2011: checks
*** FLOP *** [4d Th 7c]
-koen-2011: checks
Alnikon: checks
*** TURN *** [4d Th 7c] [Qc]
-koen-2011: checks
Alnikon: checks
*** RIVER *** [4d Th 7c Qc] [Ac]
-koen-2011: checks
Alnikon: checks
*** SHOW DOWN ***
-koen-2011: shows [6d 4c] (a pair of Fours)
Alnikon: mucks hand
-koen-2011 collected $5.88 from pot
*** SUMMARY ***
Total pot $6 | Rake $0.12
Board [4d Th 7c Qc Ac]
Seat 1: Alnikon (button) (small blind) mucked
Seat 2: -koen-2011 (big blind) showed [6d 4c] and won ($5.88) with a pair of Fours


PokerStars Hand #148356700906:  Hold'em Limit ($3/$6 USD) - 2016/02/06 16:52:22 ET
Table 'Oceana III' 2-max Seat #2 is the button
Seat 1: Alnikon ($24.30 in chips)
Seat 2: -koen-2011 ($202.20 in chips)
-koen-2011: posts small blind $1
Alnikon: posts big blind $3
*** HOLE CARDS ***
-koen-2011: raises $3 to $6
Alnikon: calls $3
*** FLOP *** [6s 4c 7d]
Alnikon: bets $3
-koen-2011: calls $3
*** TURN *** [6s 4c 7d] [Kc]
Alnikon: checks
-koen-2011: bets $6
Alnikon: calls $6
*** RIVER *** [6s 4c 7d Kc] [As]
Alnikon: bets $6
-koen-2011: raises $6 to $12
Alnikon: calls $3.30 and is all-in
Uncalled bet ($2.70) returned to -koen-2011
*** SHOW DOWN ***
-koen-2011: shows [2s 5s] (high card Ace)
Alnikon: shows [5c Jh] (high card Ace - King+Jack kicker)
Alnikon collected $48.10 from pot
*** SUMMARY ***
Total pot $48.60 | Rake $0.50
Board [6s 4c 7d Kc As]
Seat 1: Alnikon (big blind) showed [5c Jh] and won ($48.10) with high card Ace
Seat 2: -koen-2011 (button) (small blind) showed [2s 5s] and lost with high card Ace


PokerStars Hand #148356794981:  Hold'em Limit ($3/$6 USD) - 2016/02/06 16:53:38 ET
Table 'Oceana III' 2-max Seat #2 is the button
Seat 1: Alnikon ($40.74 in chips)
Seat 2: -koen-2011 ($184.30 in chips)
-koen-2011: posts small blind $1
Alnikon: posts big blind $3
*** HOLE CARDS ***
-koen-2011: raises $3 to $6
Alnikon: raises $3 to $9
-koen-2011: calls $3
*** FLOP *** [Qh 6h 9c]
Alnikon: checks
-koen-2011: bets $3
Alnikon: calls $3
*** TURN *** [Qh 6h 9c] [9h]
Alnikon: checks
-koen-2011: bets $6
Alnikon: folds
Uncalled bet ($6) returned to -koen-2011
-koen-2011 collected $23.52 from pot
-koen-2011: doesn't show hand
*** SUMMARY ***
Total pot $24 | Rake $0.48
Board [Qh 6h 9c 9h]
Seat 1: Alnikon (big blind) folded on the Turn
Seat 2: -koen-2011 (button) (small blind) collected ($23.52)


PokerStars Hand #148356829164:  Hold'em Limit ($3/$6 USD) - 2016/02/06 16:54:08 ET
Table 'Oceana III' 2-max Seat #2 is the button
Seat 1: Alnikon ($16.74 in chips)
Seat 2: -koen-2011 ($207.34 in chips)
-koen-2011: posts small blind $1
Alnikon: posts big blind $3
*** HOLE CARDS ***
-koen-2011: folds
Uncalled bet ($2) returned to Alnikon
Alnikon collected $2 from pot
Alnikon: doesn't show hand
*** SUMMARY ***
Total pot $2 | Rake $0
Seat 1: Alnikon (big blind) collected ($2)
Seat 2: -koen-2011 (button) (small blind) folded before Flop


PokerStars Hand #148356813177:  Hold'em Limit ($3/$6 USD) - 2016/02/06 16:53:54 ET
Table 'Oceana III' 2-max Seat #1 is the button
Seat 1: Alnikon ($28.74 in chips)
Seat 2: -koen-2011 ($195.82 in chips)
Alnikon: posts small blind $1
-koen-2011: posts big blind $3
*** HOLE CARDS ***
Alnikon: raises $3 to $6
-koen-2011: calls $3
*** FLOP *** [3c 6d 8c]
-koen-2011: checks
Alnikon: checks
*** TURN *** [3c 6d 8c] [4d]
-koen-2011: bets $6
Alnikon: calls $6
*** RIVER *** [3c 6d 8c 4d] [Qs]
-koen-2011: checks
Alnikon: checks
*** SHOW DOWN ***
-koen-2011: shows [5c 4c] (a pair of Fours)
Alnikon: mucks hand
-koen-2011 collected $23.52 from pot
*** SUMMARY ***
Total pot $24 | Rake $0.48
Board [3c 6d 8c 4d Qs]
Seat 1: Alnikon (button) (small blind) mucked
Seat 2: -koen-2011 (big blind) showed [5c 4c] and won ($23.52) with a pair of Fours


PokerStars Hand #148356834722:  Hold'em Limit ($3/$6 USD) - 2016/02/06 16:54:13 ET
Table 'Oceana III' 2-max Seat #1 is the button
Seat 1: Alnikon ($17.74 in chips)
Seat 2: -koen-2011 ($206.34 in chips)
Alnikon: posts small blind $1
-koen-2011: posts big blind $3
*** HOLE CARDS ***
Alnikon: raises $3 to $6
-koen-2011: calls $3
*** FLOP *** [Ac 4c 6h]
-koen-2011: checks
Alnikon: bets $3
-koen-2011: raises $3 to $6
Alnikon: raises $3 to $9
-koen-2011: raises $3 to $12
Betting is capped
Alnikon: calls $2.74 and is all-in
Uncalled bet ($0.26) returned to -koen-2011
*** TURN *** [Ac 4c 6h] [7c]
*** RIVER *** [Ac 4c 6h 7c] [3d]
*** SHOW DOWN ***
-koen-2011: shows [5d Ad] (a straight, Three to Seven)
Alnikon: shows [Kd Qs] (high card Ace)
-koen-2011 collected $34.98 from pot
*** SUMMARY ***
Total pot $35.48 | Rake $0.50
Board [Ac 4c 6h 7c 3d]
Seat 1: Alnikon (button) (small blind) showed [Kd Qs] and lost with high card Ace
Seat 2: -koen-2011 (big blind) showed [5d Ad] and won ($34.98) with a straight, Three to Seven


PokerStars Hand #148356789446:  Hold'em Limit ($3/$6 USD) - 2016/02/06 16:53:34 ET
Table 'Oceana III' 2-max Seat #1 is the button
Seat 1: Alnikon ($41.74 in chips)
Seat 2: -koen-2011 ($183.30 in chips)
Alnikon: posts small blind $1
-koen-2011: posts big blind $3
*** HOLE CARDS ***
Alnikon: folds
Uncalled bet ($2) returned to -koen-2011
-koen-2011 collected $2 from pot
-koen-2011: doesn't show hand
*** SUMMARY ***
Total pot $2 | Rake $0
Seat 1: Alnikon (button) (small blind) folded before Flop
Seat 2: -koen-2011 (big blind) collected ($2)


PokerStars Hand #148356777489:  Hold'em Limit ($3/$6 USD) - 2016/02/06 16:53:24 ET
Table 'Oceana III' 2-max Seat #2 is the button
Seat 1: Alnikon ($47.74 in chips)
Seat 2: -koen-2011 ($177.54 in chips)
-koen-2011: posts small blind $1
Alnikon: posts big blind $3
*** HOLE CARDS ***
-koen-2011: raises $3 to $6
Alnikon: calls $3
*** FLOP *** [Jh 2c Ac]
Alnikon: checks
-koen-2011: bets $3
Alnikon: folds
Uncalled bet ($3) returned to -koen-2011
-koen-2011 collected $11.76 from pot
-koen-2011: doesn't show hand
*** SUMMARY ***
Total pot $12 | Rake $0.24
Board [Jh 2c Ac]
Seat 1: Alnikon (big blind) folded on the Flop
Seat 2: -koen-2011 (button) (small blind) collected ($11.76)


PokerStars Hand #148358484629:  Hold'em Limit ($3/$6 USD) - 2016/02/06 17:23:28 ET
Table 'Oceana III' 2-max Seat #1 is the button
Seat 1: johannesmart ($89 in chips)
Seat 2: -koen-2011 ($253.84 in chips)
johannesmart: posts small blind $1
-koen-2011: posts big blind $3
*** HOLE CARDS ***
johannesmart: calls $2
-koen-2011: checks
*** FLOP *** [6c Qh 6h]
-koen-2011: checks
johannesmart: bets $3
-koen-2011: folds
Uncalled bet ($3) returned to johannesmart
johannesmart collected $5.88 from pot
johannesmart: doesn't show hand
*** SUMMARY ***
Total pot $6 | Rake $0.12
Board [6c Qh 6h]
Seat 1: johannesmart (button) (small blind) collected ($5.88)
Seat 2: -koen-2011 (big blind) folded on the Flop


PokerStars Hand #148358478553:  Hold'em Limit ($3/$6 USD) - 2016/02/06 17:23:21 ET
Table 'Oceana III' 2-max Seat #2 is the button
Seat 1: johannesmart ($92 in chips)
Seat 2: -koen-2011 ($250.84 in chips)
-koen-2011: posts small blind $1
johannesmart: posts big blind $3
*** HOLE CARDS ***
-koen-2011: raises $3 to $6
johannesmart: folds
Uncalled bet ($3) returned to -koen-2011
-koen-2011 collected $6 from pot
-koen-2011: doesn't show hand
*** SUMMARY ***
Total pot $6 | Rake $0
Seat 1: johannesmart (big blind) folded before Flop
Seat 2: -koen-2011 (button) (small blind) collected ($6)


PokerStars Hand #148358474276:  Hold'em Limit ($3/$6 USD) - 2016/02/06 17:23:17 ET
Table 'Oceana III' 2-max Seat #1 is the button
Seat 1: johannesmart ($93 in chips)
Seat 2: -koen-2011 ($249.84 in chips)
johannesmart: posts small blind $1
-koen-2011: posts big blind $3
*** HOLE CARDS ***
johannesmart: folds
Uncalled bet ($2) returned to -koen-2011
-koen-2011 collected $2 from pot
-koen-2011: doesn't show hand
*** SUMMARY ***
Total pot $2 | Rake $0
Seat 1: johannesmart (button) (small blind) folded before Flop
Seat 2: -koen-2011 (big blind) collected ($2)


PokerStars Hand #148358468504:  Hold'em Limit ($3/$6 USD) - 2016/02/06 17:23:11 ET
Table 'Oceana III' 2-max Seat #2 is the button
Seat 1: johannesmart ($96 in chips)
Seat 2: -koen-2011 ($246.84 in chips)
-koen-2011: posts small blind $1
johannesmart: posts big blind $3
*** HOLE CARDS ***
-koen-2011: raises $3 to $6
johannesmart: folds
Uncalled bet ($3) returned to -koen-2011
-koen-2011 collected $6 from pot
-koen-2011: doesn't show hand
*** SUMMARY ***
Total pot $6 | Rake $0
Seat 1: johannesmart (big blind) folded before Flop
Seat 2: -koen-2011 (button) (small blind) collected ($6)


PokerStars Hand #148358449024:  Hold'em Limit ($3/$6 USD) - 2016/02/06 17:22:50 ET
Table 'Oceana III' 2-max Seat #1 is the button
Seat 1: johannesmart ($114 in chips)
Seat 2: -koen-2011 ($229.34 in chips)
johannesmart: posts small blind $1
-koen-2011: posts big blind $3
*** HOLE CARDS ***
johannesmart: raises $3 to $6
-koen-2011: calls $3
*** FLOP *** [4s 6h 8h]
-koen-2011: checks
johannesmart: bets $3
-koen-2011: raises $3 to $6
johannesmart: calls $3
*** TURN *** [4s 6h 8h] [9d]
-koen-2011: bets $6
johannesmart: calls $6
*** RIVER *** [4s 6h 8h 9d] [7s]
-koen-2011: bets $6
johannesmart: folds
Uncalled bet ($6) returned to -koen-2011
-koen-2011 collected $35.50 from pot
-koen-2011: doesn't show hand
*** SUMMARY ***
Total pot $36 | Rake $0.50
Board [4s 6h 8h 9d 7s]
Seat 1: johannesmart (button) (small blind) folded on the River
Seat 2: -koen-2011 (big blind) collected ($35.50)


PokerStars Hand #148358442825:  Hold'em Limit ($3/$6 USD) - 2016/02/06 17:22:43 ET
Table 'Oceana III' 2-max Seat #2 is the button
Seat 1: johannesmart ($113 in chips)
Seat 2: -koen-2011 ($230.34 in chips)
-koen-2011: posts small blind $1
johannesmart: posts big blind $3
*** HOLE CARDS ***
-koen-2011: folds
Uncalled bet ($2) returned to johannesmart
johannesmart collected $2 from pot
johannesmart: doesn't show hand
*** SUMMARY ***
Total pot $2 | Rake $0
Seat 1: johannesmart (big blind) collected ($2)
Seat 2: -koen-2011 (button) (small blind) folded before Flop


PokerStars Hand #148358509734:  Hold'em Limit ($3/$6 USD) - 2016/02/06 17:23:54 ET
Table 'Oceana III' 2-max Seat #2 is the button
Seat 1: johannesmart ($87.88 in chips)
Seat 2: -koen-2011 ($254.84 in chips)
-koen-2011: posts small blind $1
johannesmart: posts big blind $3
*** HOLE CARDS ***
-koen-2011: raises $3 to $6
johannesmart: calls $3
*** FLOP *** [5s 9c 8h]
johannesmart: checks
-koen-2011: bets $3
johannesmart: calls $3
*** TURN *** [5s 9c 8h] [Ah]
johannesmart: checks
-koen-2011: bets $6
johannesmart: calls $6
*** RIVER *** [5s 9c 8h Ah] [6d]
johannesmart: checks
-koen-2011: bets $6
johannesmart: raises $6 to $12
-koen-2011: folds
Uncalled bet ($6) returned to johannesmart
johannesmart collected $41.50 from pot
johannesmart: doesn't show hand
*** SUMMARY ***
Total pot $42 | Rake $0.50
Board [5s 9c 8h Ah 6d]
Seat 1: johannesmart (big blind) collected ($41.50)
Seat 2: -koen-2011 (button) (small blind) folded on the River


PokerStars Hand #148358504535:  Hold'em Limit ($3/$6 USD) - 2016/02/06 17:23:49 ET
Table 'Oceana III' 2-max Seat #1 is the button
Seat 1: johannesmart ($88.88 in chips)
Seat 2: -koen-2011 ($253.84 in chips)
johannesmart: posts small blind $1
-koen-2011: posts big blind $3
*** HOLE CARDS ***
johannesmart: folds
Uncalled bet ($2) returned to -koen-2011
-koen-2011 collected $2 from pot
-koen-2011: doesn't show hand
*** SUMMARY ***
Total pot $2 | Rake $0
Seat 1: johannesmart (button) (small blind) folded before Flop
Seat 2: -koen-2011 (big blind) collected ($2)


PokerStars Hand #148358498179:  Hold'em Limit ($3/$6 USD) - 2016/02/06 17:23:42 ET
Table 'Oceana III' 2-max Seat #2 is the button
Seat 1: johannesmart ($91.88 in chips)
Seat 2: -koen-2011 ($250.84 in chips)
-koen-2011: posts small blind $1
johannesmart: posts big blind $3
*** HOLE CARDS ***
-koen-2011: raises $3 to $6
johannesmart: folds
Uncalled bet ($3) returned to -koen-2011
-koen-2011 collected $6 from pot
-koen-2011: doesn't show hand
*** SUMMARY ***
Total pot $6 | Rake $0
Seat 1: johannesmart (big blind) folded before Flop
Seat 2: -koen-2011 (button) (small blind) collected ($6)


PokerStars Hand #148358602735:  Hold'em Limit ($3/$6 USD) - 2016/02/06 17:25:34 ET
Table 'Oceana III' 2-max Seat #1 is the button
Seat 1: johannesmart ($137.16 in chips)
Seat 2: -koen-2011 ($203.72 in chips)
johannesmart: posts small blind $1
-koen-2011: posts big blind $3
*** HOLE CARDS ***
johannesmart: raises $3 to $6
-koen-2011: folds
Uncalled bet ($3) returned to johannesmart
johannesmart collected $6 from pot
johannesmart: doesn't show hand
*** SUMMARY ***
Total pot $6 | Rake $0
Seat 1: johannesmart (button) (small blind) collected ($6)
Seat 2: -koen-2011 (big blind) folded before Flop


PokerStars Hand #148358586807:  Hold'em Limit ($3/$6 USD) - 2016/02/06 17:25:16 ET
Table 'Oceana III' 2-max Seat #2 is the button
Seat 1: johannesmart ($122.66 in chips)
Seat 2: -koen-2011 ($218.72 in chips)
-koen-2011: posts small blind $1
johannesmart: posts big blind $3
*** HOLE CARDS ***
-koen-2011: raises $3 to $6
johannesmart: calls $3
*** FLOP *** [Ts 2h 9c]
johannesmart: checks
-koen-2011: bets $3
johannesmart: calls $3
*** TURN *** [Ts 2h 9c] [7h]
johannesmart: checks
-koen-2011: bets $6
johannesmart: calls $6
*** RIVER *** [Ts 2h 9c 7h] [7s]
johannesmart: checks
-koen-2011: checks
*** SHOW DOWN ***
johannesmart: shows [9s Jh] (two pair, Nines and Sevens)
-koen-2011: mucks hand
johannesmart collected $29.50 from pot
*** SUMMARY ***
Total pot $30 | Rake $0.50
Board [Ts 2h 9c 7h 7s]
Seat 1: johannesmart (big blind) showed [9s Jh] and won ($29.50) with two pair, Nines and Sevens
Seat 2: -koen-2011 (button) (small blind) mucked


PokerStars Hand #148358582187:  Hold'em Limit ($3/$6 USD) - 2016/02/06 17:25:11 ET
Table 'Oceana III' 2-max Seat #1 is the button
Seat 1: johannesmart ($123.66 in chips)
Seat 2: -koen-2011 ($217.72 in chips)
johannesmart: posts small blind $1
-koen-2011: posts big blind $3
*** HOLE CARDS ***
johannesmart: folds
Uncalled bet ($2) returned to -koen-2011
-koen-2011 collected $2 from pot
-koen-2011: doesn't show hand
*** SUMMARY ***
Total pot $2 | Rake $0
Seat 1: johannesmart (button) (small blind) folded before Flop
Seat 2: -koen-2011 (big blind) collected ($2)


PokerStars Hand #148358577591:  Hold'em Limit ($3/$6 USD) - 2016/02/06 17:25:07 ET
Table 'Oceana III' 2-max Seat #2 is the button
Seat 1: johannesmart ($122.66 in chips)
Seat 2: -koen-2011 ($218.72 in chips)
-koen-2011: posts small blind $1
johannesmart: posts big blind $3
*** HOLE CARDS ***
-koen-2011: folds
Uncalled bet ($2) returned to johannesmart
johannesmart collected $2 from pot
johannesmart: doesn't show hand
*** SUMMARY ***
Total pot $2 | Rake $0
Seat 1: johannesmart (big blind) collected ($2)
Seat 2: -koen-2011 (button) (small blind) folded before Flop


PokerStars Hand #148358567570:  Hold'em Limit ($3/$6 USD) - 2016/02/06 17:24:56 ET
Table 'Oceana III' 2-max Seat #1 is the button
Seat 1: johannesmart ($125.66 in chips)
Seat 2: -koen-2011 ($215.84 in chips)
johannesmart: posts small blind $1
-koen-2011: posts big blind $3
*** HOLE CARDS ***
johannesmart: calls $2
-koen-2011: checks
*** FLOP *** [8c 4s Ks]
-koen-2011: bets $3
johannesmart: folds
Uncalled bet ($3) returned to -koen-2011
-koen-2011 collected $5.88 from pot
-koen-2011: doesn't show hand
*** SUMMARY ***
Total pot $6 | Rake $0.12
Board [8c 4s Ks]
Seat 1: johannesmart (button) (small blind) folded on the Flop
Seat 2: -koen-2011 (big blind) collected ($5.88)


PokerStars Hand #148358551246:  Hold'em Limit ($3/$6 USD) - 2016/02/06 17:24:39 ET
Table 'Oceana III' 2-max Seat #2 is the button
Seat 1: johannesmart ($117.02 in chips)
Seat 2: -koen-2011 ($224.84 in chips)
-koen-2011: posts small blind $1
johannesmart: posts big blind $3
*** HOLE CARDS ***
-koen-2011: raises $3 to $6
johannesmart: calls $3
*** FLOP *** [Jd 2s 6h]
johannesmart: checks
-koen-2011: bets $3
johannesmart: calls $3
*** TURN *** [Jd 2s 6h] [5d]
johannesmart: checks
-koen-2011: checks
*** RIVER *** [Jd 2s 6h 5d] [Js]
johannesmart: checks
-koen-2011: checks
*** SHOW DOWN ***
johannesmart: shows [6s Kc] (two pair, Jacks and Sixes)
-koen-2011: mucks hand
johannesmart collected $17.64 from pot
*** SUMMARY ***
Total pot $18 | Rake $0.36
Board [Jd 2s 6h 5d Js]
Seat 1: johannesmart (big blind) showed [6s Kc] and won ($17.64) with two pair, Jacks and Sixes
Seat 2: -koen-2011 (button) (small blind) mucked


PokerStars Hand #148358628327:  Hold'em Limit ($3/$6 USD) - 2016/02/06 17:26:01 ET
Table 'Oceana III' 2-max Seat #2 is the button
Seat 1: johannesmart ($144.04 in chips)
Seat 2: -koen-2011 ($196.72 in chips)
-koen-2011: posts small blind $1
johannesmart: posts big blind $3
*** HOLE CARDS ***
-koen-2011: raises $3 to $6
johannesmart: calls $3
*** FLOP *** [Jc 8h Ac]
johannesmart: checks
-koen-2011: bets $3
johannesmart: calls $3
*** TURN *** [Jc 8h Ac] [4s]
johannesmart: checks
-koen-2011: bets $6
johannesmart: folds
Uncalled bet ($6) returned to -koen-2011
-koen-2011 collected $17.64 from pot
-koen-2011: doesn't show hand
*** SUMMARY ***
Total pot $18 | Rake $0.36
Board [Jc 8h Ac 4s]
Seat 1: johannesmart (big blind) folded on the Turn
Seat 2: -koen-2011 (button) (small blind) collected ($17.64)


PokerStars Hand #148358616458:  Hold'em Limit ($3/$6 USD) - 2016/02/06 17:25:48 ET
Table 'Oceana III' 2-max Seat #1 is the button
Seat 1: johannesmart ($141.16 in chips)
Seat 2: -koen-2011 ($199.72 in chips)
johannesmart: posts small blind $1
-koen-2011: posts big blind $3
*** HOLE CARDS ***
johannesmart: calls $2
-koen-2011: checks
*** FLOP *** [6d Qc Ts]
-koen-2011: checks
johannesmart: bets $3
-koen-2011: folds
Uncalled bet ($3) returned to johannesmart
johannesmart collected $5.88 from pot
johannesmart: doesn't show hand
*** SUMMARY ***
Total pot $6 | Rake $0.12
Board [6d Qc Ts]
Seat 1: johannesmart (button) (small blind) collected ($5.88)
Seat 2: -koen-2011 (big blind) folded on the Flop


PokerStars Hand #148358608742:  Hold'em Limit ($3/$6 USD) - 2016/02/06 17:25:40 ET
Table 'Oceana III' 2-max Seat #2 is the button
Seat 1: johannesmart ($140.16 in chips)
Seat 2: -koen-2011 ($200.72 in chips)
-koen-2011: posts small blind $1
johannesmart: posts big blind $3
*** HOLE CARDS ***
-koen-2011: folds
Uncalled bet ($2) returned to johannesmart
johannesmart collected $2 from pot
johannesmart: doesn't show hand
*** SUMMARY ***
Total pot $2 | Rake $0
Seat 1: johannesmart (big blind) collected ($2)
Seat 2: -koen-2011 (button) (small blind) folded before Flop


PokerStars Hand #148358708110:  Hold'em Limit ($3/$6 USD) - 2016/02/06 17:27:26 ET
Table 'Oceana III' 2-max Seat #2 is the button
Seat 1: johannesmart ($96.04 in chips)
Seat 2: -koen-2011 ($243.36 in chips)
-koen-2011: posts small blind $1
johannesmart: posts big blind $3
*** HOLE CARDS ***
-koen-2011: folds
Uncalled bet ($2) returned to johannesmart
johannesmart collected $2 from pot
johannesmart: doesn't show hand
*** SUMMARY ***
Total pot $2 | Rake $0
Seat 1: johannesmart (big blind) collected ($2)
Seat 2: -koen-2011 (button) (small blind) folded before Flop


PokerStars Hand #148358703548:  Hold'em Limit ($3/$6 USD) - 2016/02/06 17:27:21 ET
Table 'Oceana III' 2-max Seat #1 is the button
Seat 1: johannesmart ($97.04 in chips)
Seat 2: -koen-2011 ($242.36 in chips)
johannesmart: posts small blind $1
-koen-2011: posts big blind $3
*** HOLE CARDS ***
johannesmart: folds
Uncalled bet ($2) returned to -koen-2011
-koen-2011 collected $2 from pot
-koen-2011: doesn't show hand
*** SUMMARY ***
Total pot $2 | Rake $0
Seat 1: johannesmart (button) (small blind) folded before Flop
Seat 2: -koen-2011 (big blind) collected ($2)


PokerStars Hand #148358681309:  Hold'em Limit ($3/$6 USD) - 2016/02/06 17:26:58 ET
Table 'Oceana III' 2-max Seat #1 is the button
Seat 1: johannesmart ($112.04 in chips)
Seat 2: -koen-2011 ($227.86 in chips)
johannesmart: posts small blind $1
-koen-2011: posts big blind $3
*** HOLE CARDS ***
johannesmart: raises $3 to $6
-koen-2011: folds
Uncalled bet ($3) returned to johannesmart
johannesmart collected $6 from pot
johannesmart: doesn't show hand
*** SUMMARY ***
Total pot $6 | Rake $0
Seat 1: johannesmart (button) (small blind) collected ($6)
Seat 2: -koen-2011 (big blind) folded before Flop


PokerStars Hand #148358675013:  Hold'em Limit ($3/$6 USD) - 2016/02/06 17:26:51 ET
Table 'Oceana III' 2-max Seat #2 is the button
Seat 1: johannesmart ($111.04 in chips)
Seat 2: -koen-2011 ($228.86 in chips)
-koen-2011: posts small blind $1
johannesmart: posts big blind $3
*** HOLE CARDS ***
-koen-2011: folds
Uncalled bet ($2) returned to johannesmart
johannesmart collected $2 from pot
johannesmart: doesn't show hand
*** SUMMARY ***
Total pot $2 | Rake $0
Seat 1: johannesmart (big blind) collected ($2)
Seat 2: -koen-2011 (button) (small blind) folded before Flop


PokerStars Hand #148358641629:  Hold'em Limit ($3/$6 USD) - 2016/02/06 17:26:15 ET
Table 'Oceana III' 2-max Seat #1 is the button
Seat 1: johannesmart ($135.04 in chips)
Seat 2: -koen-2011 ($205.36 in chips)
johannesmart: posts small blind $1
-koen-2011: posts big blind $3
*** HOLE CARDS ***
johannesmart: raises $3 to $6
-koen-2011: calls $3
*** FLOP *** [6s Jh 5c]
-koen-2011: checks
johannesmart: checks
*** TURN *** [6s Jh 5c] [Jd]
-koen-2011: checks
johannesmart: bets $6
-koen-2011: raises $6 to $12
johannesmart: calls $6
*** RIVER *** [6s Jh 5c Jd] [9d]
-koen-2011: bets $6
johannesmart: calls $6
*** SHOW DOWN ***
-koen-2011: shows [9h As] (two pair, Jacks and Nines)
johannesmart: mucks hand
-koen-2011 collected $47.50 from pot
*** SUMMARY ***
Total pot $48 | Rake $0.50
Board [6s Jh 5c Jd 9d]
Seat 1: johannesmart (button) (small blind) mucked
Seat 2: -koen-2011 (big blind) showed [9h As] and won ($47.50) with two pair, Jacks and Nines


PokerStars Hand #148358774935:  Hold'em Limit ($3/$6 USD) - 2016/02/06 17:28:34 ET
Table 'Oceana III' 2-max Seat #2 is the button
Seat 1: johannesmart ($84.54 in chips)
Seat 2: -koen-2011 ($253.36 in chips)
-koen-2011: posts small blind $1
johannesmart: posts big blind $3
*** HOLE CARDS ***
-koen-2011: raises $3 to $6
johannesmart: folds
Uncalled bet ($3) returned to -koen-2011
-koen-2011 collected $6 from pot
-koen-2011: doesn't show hand
*** SUMMARY ***
Total pot $6 | Rake $0
Seat 1: johannesmart (big blind) folded before Flop
Seat 2: -koen-2011 (button) (small blind) collected ($6)


PokerStars Hand #148358754927:  Hold'em Limit ($3/$6 USD) - 2016/02/06 17:28:15 ET
Table 'Oceana III' 2-max Seat #1 is the button
Seat 1: johannesmart ($99.54 in chips)
Seat 2: -koen-2011 ($238.86 in chips)
johannesmart: posts small blind $1
-koen-2011: posts big blind $3
*** HOLE CARDS ***
johannesmart: calls $2
-koen-2011: checks
*** FLOP *** [Jh Th 8d]
-koen-2011: checks
johannesmart: checks
*** TURN *** [Jh Th 8d] [9h]
-koen-2011: checks
johannesmart: bets $6
-koen-2011: raises $6 to $12
johannesmart: calls $6
*** RIVER *** [Jh Th 8d 9h] [5h]
-koen-2011: bets $6
johannesmart: folds
Uncalled bet ($6) returned to -koen-2011
-koen-2011 collected $29.50 from pot
-koen-2011: doesn't show hand
*** SUMMARY ***
Total pot $30 | Rake $0.50
Board [Jh Th 8d 9h 5h]
Seat 1: johannesmart (button) (small blind) folded on the River
Seat 2: -koen-2011 (big blind) collected ($29.50)


PokerStars Hand #148358736057:  Hold'em Limit ($3/$6 USD) - 2016/02/06 17:27:57 ET
Table 'Oceana III' 2-max Seat #2 is the button
Seat 1: johannesmart ($120.54 in chips)
Seat 2: -koen-2011 ($218.36 in chips)
-koen-2011: posts small blind $1
johannesmart: posts big blind $3
*** HOLE CARDS ***
-koen-2011: raises $3 to $6
johannesmart: calls $3
*** FLOP *** [4s 7h 2d]
johannesmart: checks
-koen-2011: bets $3
johannesmart: calls $3
*** TURN *** [4s 7h 2d] [9d]
johannesmart: checks
-koen-2011: bets $6
johannesmart: calls $6
*** RIVER *** [4s 7h 2d 9d] [As]
johannesmart: checks
-koen-2011: bets $6
johannesmart: calls $6
*** SHOW DOWN ***
-koen-2011: shows [2h Ah] (two pair, Aces and Deuces)
johannesmart: mucks hand
-koen-2011 collected $41.50 from pot
*** SUMMARY ***
Total pot $42 | Rake $0.50
Board [4s 7h 2d 9d As]
Seat 1: johannesmart (big blind) mucked
Seat 2: -koen-2011 (button) (small blind) showed [2h Ah] and won ($41.50) with two pair, Aces and Deuces


PokerStars Hand #148358713813:  Hold'em Limit ($3/$6 USD) - 2016/02/06 17:27:33 ET
Table 'Oceana III' 2-max Seat #1 is the button
Seat 1: johannesmart ($97.04 in chips)
Seat 2: -koen-2011 ($242.36 in chips)
johannesmart: posts small blind $1
-koen-2011: posts big blind $3
*** HOLE CARDS ***
johannesmart: raises $3 to $6
-koen-2011: raises $3 to $9
johannesmart: calls $3
*** FLOP *** [6s 8c Th]
-koen-2011: bets $3
johannesmart: calls $3
*** TURN *** [6s 8c Th] [7s]
-koen-2011: bets $6
johannesmart: calls $6
*** RIVER *** [6s 8c Th 7s] [8s]
-koen-2011: bets $6
johannesmart: calls $6
*** SHOW DOWN ***
-koen-2011: shows [Ah Jc] (a pair of Eights)
johannesmart: shows [5h 5d] (two pair, Eights and Fives)
johannesmart collected $47.50 from pot
*** SUMMARY ***
Total pot $48 | Rake $0.50
Board [6s 8c Th 7s 8s]
Seat 1: johannesmart (button) (small blind) showed [5h 5d] and won ($47.50) with two pair, Eights and Fives
Seat 2: -koen-2011 (big blind) showed [Ah Jc] and lost with a pair of Eights


PokerStars Hand #148358832134:  Hold'em Limit ($3/$6 USD) - 2016/02/06 17:29:27 ET
Table 'Oceana III' 2-max Seat #2 is the button
Seat 1: johannesmart ($101.80 in chips)
Seat 2: -koen-2011 ($235.36 in chips)
-koen-2011: posts small blind $1
johannesmart: posts big blind $3
*** HOLE CARDS ***
-koen-2011: raises $3 to $6
johannesmart: calls $3
*** FLOP *** [Qc 4d Td]
johannesmart: checks
-koen-2011: bets $3
johannesmart: calls $3
*** TURN *** [Qc 4d Td] [4s]
johannesmart: checks
-koen-2011: checks
*** RIVER *** [Qc 4d Td 4s] [7h]
johannesmart: bets $6
-koen-2011: folds
Uncalled bet ($6) returned to johannesmart
johannesmart collected $17.64 from pot
johannesmart: doesn't show hand
*** SUMMARY ***
Total pot $18 | Rake $0.36
Board [Qc 4d Td 4s 7h]
Seat 1: johannesmart (big blind) collected ($17.64)
Seat 2: -koen-2011 (button) (small blind) folded on the River


PokerStars Hand #148358810629:  Hold'em Limit ($3/$6 USD) - 2016/02/06 17:29:07 ET
Table 'Oceana III' 2-max Seat #1 is the button
Seat 1: johannesmart ($96.04 in chips)
Seat 2: -koen-2011 ($241.36 in chips)
johannesmart: posts small blind $1
-koen-2011: posts big blind $3
*** HOLE CARDS ***
johannesmart: calls $2
-koen-2011: checks
*** FLOP *** [Jc 7h 6h]
-koen-2011: checks
johannesmart: bets $3
-koen-2011: calls $3
*** TURN *** [Jc 7h 6h] [7s]
-koen-2011: checks
johannesmart: checks
*** RIVER *** [Jc 7h 6h 7s] [5c]
-koen-2011: checks
johannesmart: bets $6
-koen-2011: folds
Uncalled bet ($6) returned to johannesmart
johannesmart collected $11.76 from pot
johannesmart: doesn't show hand
*** SUMMARY ***
Total pot $12 | Rake $0.24
Board [Jc 7h 6h 7s 5c]
Seat 1: johannesmart (button) (small blind) collected ($11.76)
Seat 2: -koen-2011 (big blind) folded on the River


PokerStars Hand #148358804533:  Hold'em Limit ($3/$6 USD) - 2016/02/06 17:29:02 ET
Table 'Oceana III' 2-max Seat #2 is the button
Seat 1: johannesmart ($99.04 in chips)
Seat 2: -koen-2011 ($238.36 in chips)
-koen-2011: posts small blind $1
johannesmart: posts big blind $3
*** HOLE CARDS ***
-koen-2011: raises $3 to $6
johannesmart: folds
Uncalled bet ($3) returned to -koen-2011
-koen-2011 collected $6 from pot
-koen-2011: doesn't show hand
*** SUMMARY ***
Total pot $6 | Rake $0
Seat 1: johannesmart (big blind) folded before Flop
Seat 2: -koen-2011 (button) (small blind) collected ($6)


PokerStars Hand #148358780622:  Hold'em Limit ($3/$6 USD) - 2016/02/06 17:28:40 ET
Table 'Oceana III' 2-max Seat #1 is the button
Seat 1: johannesmart ($81.54 in chips)
Seat 2: -koen-2011 ($256.36 in chips)
johannesmart: posts small blind $1
-koen-2011: posts big blind $3
*** HOLE CARDS ***
johannesmart: calls $2
-koen-2011: checks
*** FLOP *** [Ad 6h 4s]
-koen-2011: checks
johannesmart: bets $3
-koen-2011: calls $3
*** TURN *** [Ad 6h 4s] [7d]
-koen-2011: checks
johannesmart: bets $6
-koen-2011: calls $6
*** RIVER *** [Ad 6h 4s 7d] [Kh]
-koen-2011: checks
johannesmart: bets $6
-koen-2011: calls $6
*** SHOW DOWN ***
johannesmart: shows [6c 7c] (two pair, Sevens and Sixes)
-koen-2011: mucks hand
johannesmart collected $35.50 from pot
*** SUMMARY ***
Total pot $36 | Rake $0.50
Board [Ad 6h 4s 7d Kh]
Seat 1: johannesmart (button) (small blind) showed [6c 7c] and won ($35.50) with two pair, Sevens and Sixes
Seat 2: -koen-2011 (big blind) mucked


PokerStars Hand #148358906213:  Hold'em Limit ($3/$6 USD) - 2016/02/06 17:30:35 ET
Table 'Oceana III' 2-max Seat #2 is the button
Seat 1: johannesmart ($100.20 in chips)
Seat 2: -koen-2011 ($235.86 in chips)
-koen-2011: posts small blind $1
johannesmart: posts big blind $3
*** HOLE CARDS ***
-koen-2011: raises $3 to $6
johannesmart: folds
Uncalled bet ($3) returned to -koen-2011
-koen-2011 collected $6 from pot
-koen-2011: doesn't show hand
*** SUMMARY ***
Total pot $6 | Rake $0
Seat 1: johannesmart (big blind) folded before Flop
Seat 2: -koen-2011 (button) (small blind) collected ($6)


PokerStars Hand #148358900677:  Hold'em Limit ($3/$6 USD) - 2016/02/06 17:30:30 ET
Table 'Oceana III' 2-max Seat #1 is the button
Seat 1: johannesmart ($101.20 in chips)
Seat 2: -koen-2011 ($234.86 in chips)
johannesmart: posts small blind $1
-koen-2011: posts big blind $3
*** HOLE CARDS ***
johannesmart: folds
Uncalled bet ($2) returned to -koen-2011
-koen-2011 collected $2 from pot
-koen-2011: doesn't show hand
*** SUMMARY ***
Total pot $2 | Rake $0
Seat 1: johannesmart (button) (small blind) folded before Flop
Seat 2: -koen-2011 (big blind) collected ($2)


PokerStars Hand #148358890748:  Hold'em Limit ($3/$6 USD) - 2016/02/06 17:30:20 ET
Table 'Oceana III' 2-max Seat #2 is the button
Seat 1: johannesmart ($95.44 in chips)
Seat 2: -koen-2011 ($240.86 in chips)
-koen-2011: posts small blind $1
johannesmart: posts big blind $3
*** HOLE CARDS ***
-koen-2011: raises $3 to $6
johannesmart: calls $3
*** FLOP *** [5h 4c Jh]
johannesmart: bets $3
-koen-2011: folds
Uncalled bet ($3) returned to johannesmart
johannesmart collected $11.76 from pot
johannesmart: doesn't show hand
*** SUMMARY ***
Total pot $12 | Rake $0.24
Board [5h 4c Jh]
Seat 1: johannesmart (big blind) collected ($11.76)
Seat 2: -koen-2011 (button) (small blind) folded on the Flop


PokerStars Hand #148358883630:  Hold'em Limit ($3/$6 USD) - 2016/02/06 17:30:14 ET
Table 'Oceana III' 2-max Seat #1 is the button
Seat 1: johannesmart ($92.44 in chips)
Seat 2: -koen-2011 ($243.86 in chips)
johannesmart: posts small blind $1
-koen-2011: posts big blind $3
*** HOLE CARDS ***
johannesmart: raises $3 to $6
-koen-2011: folds
Uncalled bet ($3) returned to johannesmart
johannesmart collected $6 from pot
johannesmart: doesn't show hand
*** SUMMARY ***
Total pot $6 | Rake $0
Seat 1: johannesmart (button) (small blind) collected ($6)
Seat 2: -koen-2011 (big blind) folded before Flop


PokerStars Hand #148358876195:  Hold'em Limit ($3/$6 USD) - 2016/02/06 17:30:07 ET
Table 'Oceana III' 2-max Seat #2 is the button
Seat 1: johannesmart ($95.44 in chips)
Seat 2: -koen-2011 ($240.86 in chips)
-koen-2011: posts small blind $1
johannesmart: posts big blind $3
*** HOLE CARDS ***
-koen-2011: raises $3 to $6
johannesmart: folds
Uncalled bet ($3) returned to -koen-2011
-koen-2011 collected $6 from pot
-koen-2011: doesn't show hand
*** SUMMARY ***
Total pot $6 | Rake $0
Seat 1: johannesmart (big blind) folded before Flop
Seat 2: -koen-2011 (button) (small blind) collected ($6)


PokerStars Hand #148358852901:  Hold'em Limit ($3/$6 USD) - 2016/02/06 17:29:46 ET
Table 'Oceana III' 2-max Seat #1 is the button
Seat 1: johannesmart ($110.44 in chips)
Seat 2: -koen-2011 ($226.36 in chips)
johannesmart: posts small blind $1
-koen-2011: posts big blind $3
*** HOLE CARDS ***
johannesmart: calls $2
-koen-2011: raises $3 to $6
johannesmart: calls $3
*** FLOP *** [4c Jh 7d]
-koen-2011: bets $3
johannesmart: calls $3
*** TURN *** [4c Jh 7d] [9d]
-koen-2011: bets $6
johannesmart: calls $6
*** RIVER *** [4c Jh 7d 9d] [6h]
-koen-2011: checks
johannesmart: checks
*** SHOW DOWN ***
-koen-2011: shows [Ts Jc] (a pair of Jacks)
johannesmart: mucks hand
-koen-2011 collected $29.50 from pot
*** SUMMARY ***
Total pot $30 | Rake $0.50
Board [4c Jh 7d 9d 6h]
Seat 1: johannesmart (button) (small blind) mucked
Seat 2: -koen-2011 (big blind) showed [Ts Jc] and won ($29.50) with a pair of Jacks


PokerStars Hand #148358978680:  Hold'em Limit ($3/$6 USD) - 2016/02/06 17:31:40 ET
Table 'Oceana III' 2-max Seat #1 is the button
Seat 1: johannesmart ($84.72 in chips)
Seat 2: -koen-2011 ($249.90 in chips)
johannesmart: posts small blind $1
-koen-2011: posts big blind $3
*** HOLE CARDS ***
johannesmart: raises $3 to $6
-koen-2011: folds
Uncalled bet ($3) returned to johannesmart
johannesmart collected $6 from pot
johannesmart: doesn't show hand
*** SUMMARY ***
Total pot $6 | Rake $0
Seat 1: johannesmart (button) (small blind) collected ($6)
Seat 2: -koen-2011 (big blind) folded before Flop


PokerStars Hand #148358973719:  Hold'em Limit ($3/$6 USD) - 2016/02/06 17:31:36 ET
Table 'Oceana III' 2-max Seat #2 is the button
Seat 1: johannesmart ($83.72 in chips)
Seat 2: -koen-2011 ($250.90 in chips)
-koen-2011: posts small blind $1
johannesmart: posts big blind $3
*** HOLE CARDS ***
-koen-2011: folds
Uncalled bet ($2) returned to johannesmart
johannesmart collected $2 from pot
johannesmart: doesn't show hand
*** SUMMARY ***
Total pot $2 | Rake $0
Seat 1: johannesmart (big blind) collected ($2)
Seat 2: -koen-2011 (button) (small blind) folded before Flop


PokerStars Hand #148358968227:  Hold'em Limit ($3/$6 USD) - 2016/02/06 17:31:31 ET
Table 'Oceana III' 2-max Seat #1 is the button
Seat 1: johannesmart ($84.72 in chips)
Seat 2: -koen-2011 ($249.90 in chips)
johannesmart: posts small blind $1
-koen-2011: posts big blind $3
*** HOLE CARDS ***
johannesmart: folds
Uncalled bet ($2) returned to -koen-2011
-koen-2011 collected $2 from pot
-koen-2011: doesn't show hand
*** SUMMARY ***
Total pot $2 | Rake $0
Seat 1: johannesmart (button) (small blind) folded before Flop
Seat 2: -koen-2011 (big blind) collected ($2)


PokerStars Hand #148358952264:  Hold'em Limit ($3/$6 USD) - 2016/02/06 17:31:16 ET
Table 'Oceana III' 2-max Seat #2 is the button
Seat 1: johannesmart ($73.20 in chips)
Seat 2: -koen-2011 ($261.90 in chips)
-koen-2011: posts small blind $1
johannesmart: posts big blind $3
*** HOLE CARDS ***
-koen-2011: raises $3 to $6
johannesmart: calls $3
*** FLOP *** [3h 4d 4c]
johannesmart: checks
-koen-2011: checks
*** TURN *** [3h 4d 4c] [4h]
johannesmart: checks
-koen-2011: checks
*** RIVER *** [3h 4d 4c 4h] [3s]
johannesmart: bets $6
-koen-2011: calls $6
*** SHOW DOWN ***
johannesmart: shows [8s 4s] (four of a kind, Fours)
-koen-2011: mucks hand
johannesmart collected $23.52 from pot
*** SUMMARY ***
Total pot $24 | Rake $0.48
Board [3h 4d 4c 4h 3s]
Seat 1: johannesmart (big blind) showed [8s 4s] and won ($23.52) with four of a kind, Fours
Seat 2: -koen-2011 (button) (small blind) mucked


PokerStars Hand #148358940134:  Hold'em Limit ($3/$6 USD) - 2016/02/06 17:31:05 ET
Table 'Oceana III' 2-max Seat #1 is the button
Seat 1: johannesmart ($82.20 in chips)
Seat 2: -koen-2011 ($253.26 in chips)
johannesmart: posts small blind $1
-koen-2011: posts big blind $3
*** HOLE CARDS ***
johannesmart: raises $3 to $6
-koen-2011: raises $3 to $9
johannesmart: calls $3
*** FLOP *** [Js Kh Qc]
-koen-2011: bets $3
johannesmart: folds
Uncalled bet ($3) returned to -koen-2011
-koen-2011 collected $17.64 from pot
-koen-2011: doesn't show hand
*** SUMMARY ***
Total pot $18 | Rake $0.36
Board [Js Kh Qc]
Seat 1: johannesmart (button) (small blind) folded on the Flop
Seat 2: -koen-2011 (big blind) collected ($17.64)


PokerStars Hand #148358928960:  Hold'em Limit ($3/$6 USD) - 2016/02/06 17:30:55 ET
Table 'Oceana III' 2-max Seat #2 is the button
Seat 1: johannesmart ($88.20 in chips)
Seat 2: -koen-2011 ($247.50 in chips)
-koen-2011: posts small blind $1
johannesmart: posts big blind $3
*** HOLE CARDS ***
-koen-2011: raises $3 to $6
johannesmart: calls $3
*** FLOP *** [2c Js 9s]
johannesmart: checks
-koen-2011: bets $3
johannesmart: folds
Uncalled bet ($3) returned to -koen-2011
-koen-2011 collected $11.76 from pot
-koen-2011: doesn't show hand
*** SUMMARY ***
Total pot $12 | Rake $0.24
Board [2c Js 9s]
Seat 1: johannesmart (big blind) folded on the Flop
Seat 2: -koen-2011 (button) (small blind) collected ($11.76)


PokerStars Hand #148358913082:  Hold'em Limit ($3/$6 USD) - 2016/02/06 17:30:41 ET
Table 'Oceana III' 2-max Seat #1 is the button
Seat 1: johannesmart ($97.20 in chips)
Seat 2: -koen-2011 ($238.86 in chips)
johannesmart: posts small blind $1
-koen-2011: posts big blind $3
*** HOLE CARDS ***
johannesmart: raises $3 to $6
-koen-2011: calls $3
*** FLOP *** [Ah Qs 5d]
-koen-2011: checks
johannesmart: bets $3
-koen-2011: raises $3 to $6
johannesmart: folds
Uncalled bet ($3) returned to -koen-2011
-koen-2011 collected $17.64 from pot
-koen-2011: doesn't show hand
*** SUMMARY ***
Total pot $18 | Rake $0.36
Board [Ah Qs 5d]
Seat 1: johannesmart (button) (small blind) folded on the Flop
Seat 2: -koen-2011 (big blind) collected ($17.64)


PokerStars Hand #148359016089:  Hold'em Limit ($3/$6 USD) - 2016/02/06 17:32:15 ET
Table 'Oceana III' 2-max Seat #2 is the button
Seat 1: johannesmart ($115.22 in chips)
Seat 2: -koen-2011 ($218.90 in chips)
-koen-2011: posts small blind $1
johannesmart: posts big blind $3
*** HOLE CARDS ***
-koen-2011: raises $3 to $6
johannesmart: calls $3
*** FLOP *** [5h 8c Jd]
johannesmart: bets $3
-koen-2011: raises $3 to $6
johannesmart: calls $3
*** TURN *** [5h 8c Jd] [4s]
johannesmart: checks
-koen-2011: bets $6
johannesmart: calls $6
*** RIVER *** [5h 8c Jd 4s] [8s]
johannesmart: checks
-koen-2011: checks
*** SHOW DOWN ***
johannesmart: shows [Qc Jc] (two pair, Jacks and Eights)
-koen-2011: mucks hand
johannesmart collected $35.50 from pot
*** SUMMARY ***
Total pot $36 | Rake $0.50
Board [5h 8c Jd 4s 8s]
Seat 1: johannesmart (big blind) showed [Qc Jc] and won ($35.50) with two pair, Jacks and Eights
Seat 2: -koen-2011 (button) (small blind) mucked


PokerStars Hand #148358985180:  Hold'em Limit ($3/$6 USD) - 2016/02/06 17:31:46 ET
Table 'Oceana III' 2-max Seat #2 is the button
Seat 1: johannesmart ($87.72 in chips)
Seat 2: -koen-2011 ($246.90 in chips)
-koen-2011: posts small blind $1
johannesmart: posts big blind $3
*** HOLE CARDS ***
-koen-2011: folds
Uncalled bet ($2) returned to johannesmart
johannesmart collected $2 from pot
johannesmart: doesn't show hand
*** SUMMARY ***
Total pot $2 | Rake $0
Seat 1: johannesmart (big blind) collected ($2)
Seat 2: -koen-2011 (button) (small blind) folded before Flop


PokerStars Hand #148359041735:  Hold'em Limit ($3/$6 USD) - 2016/02/06 17:32:38 ET
Table 'Oceana III' 2-max Seat #1 is the button
Seat 1: johannesmart ($132.72 in chips)
Seat 2: -koen-2011 ($200.90 in chips)
johannesmart: posts small blind $1
-koen-2011: posts big blind $3
*** HOLE CARDS ***
johannesmart: calls $2
-koen-2011: checks
*** FLOP *** [4c As 4h]
-koen-2011: checks
johannesmart: checks
*** TURN *** [4c As 4h] [5c]
-koen-2011: checks
johannesmart: checks
*** RIVER *** [4c As 4h 5c] [9d]
-koen-2011: checks
johannesmart: bets $6
-koen-2011: raises $6 to $12
johannesmart: folds
Uncalled bet ($6) returned to -koen-2011
-koen-2011 collected $17.64 from pot
-koen-2011: doesn't show hand
*** SUMMARY ***
Total pot $18 | Rake $0.36
Board [4c As 4h 5c 9d]
Seat 1: johannesmart (button) (small blind) folded on the River
Seat 2: -koen-2011 (big blind) collected ($17.64)


PokerStars Hand #148359076017:  Hold'em Limit ($3/$6 USD) - 2016/02/06 17:33:11 ET
Table 'Oceana III' 2-max Seat #1 is the button
Seat 1: johannesmart ($120.72 in chips)
Seat 2: -koen-2011 ($212.54 in chips)
johannesmart: posts small blind $1
-koen-2011: posts big blind $3
*** HOLE CARDS ***
johannesmart: folds
Uncalled bet ($2) returned to -koen-2011
-koen-2011 collected $2 from pot
-koen-2011: doesn't show hand
*** SUMMARY ***
Total pot $2 | Rake $0
Seat 1: johannesmart (button) (small blind) folded before Flop
Seat 2: -koen-2011 (big blind) collected ($2)


PokerStars Hand #148359070093:  Hold'em Limit ($3/$6 USD) - 2016/02/06 17:33:05 ET
Table 'Oceana III' 2-max Seat #2 is the button
Seat 1: johannesmart ($123.72 in chips)
Seat 2: -koen-2011 ($209.54 in chips)
-koen-2011: posts small blind $1
johannesmart: posts big blind $3
*** HOLE CARDS ***
-koen-2011: raises $3 to $6
johannesmart: folds
Uncalled bet ($3) returned to -koen-2011
-koen-2011 collected $6 from pot
-koen-2011: doesn't show hand
*** SUMMARY ***
Total pot $6 | Rake $0
Seat 1: johannesmart (big blind) folded before Flop
Seat 2: -koen-2011 (button) (small blind) collected ($6)


PokerStars Hand #148359081300:  Hold'em Limit ($3/$6 USD) - 2016/02/06 17:33:16 ET
Table 'Oceana III' 2-max Seat #2 is the button
Seat 1: johannesmart ($119.72 in chips)
Seat 2: -koen-2011 ($213.54 in chips)
-koen-2011: posts small blind $1
johannesmart: posts big blind $3
*** HOLE CARDS ***
-koen-2011: raises $3 to $6
johannesmart: calls $3
*** FLOP *** [2d 4d Jd]
johannesmart: checks
-koen-2011: bets $3
johannesmart: calls $3
*** TURN *** [2d 4d Jd] [3h]
johannesmart: checks
-koen-2011: bets $6
johannesmart: calls $6
*** RIVER *** [2d 4d Jd 3h] [9d]
johannesmart: checks
-koen-2011: checks
*** SHOW DOWN ***
johannesmart: shows [6d Ac] (a flush, Jack high)
-koen-2011: mucks hand
johannesmart collected $29.50 from pot
*** SUMMARY ***
Total pot $30 | Rake $0.50
Board [2d 4d Jd 3h 9d]
Seat 1: johannesmart (big blind) showed [6d Ac] and won ($29.50) with a flush, Jack high
Seat 2: -koen-2011 (button) (small blind) mucked


PokerStars Hand #148359099356:  Hold'em Limit ($3/$6 USD) - 2016/02/06 17:33:33 ET
Table 'Oceana III' 2-max Seat #1 is the button
Seat 1: johannesmart ($134.22 in chips)
Seat 2: -koen-2011 ($198.54 in chips)
johannesmart: posts small blind $1
-koen-2011: posts big blind $3
*** HOLE CARDS ***
johannesmart: raises $3 to $6
-koen-2011: calls $3
*** FLOP *** [6c 4d As]
-koen-2011: checks
johannesmart: checks
*** TURN *** [6c 4d As] [8d]
-koen-2011: checks
johannesmart: bets $6
-koen-2011: calls $6
*** RIVER *** [6c 4d As 8d] [7h]
-koen-2011: checks
johannesmart: bets $6
-koen-2011: calls $6
*** SHOW DOWN ***
johannesmart: shows [Ad 5d] (a straight, Four to Eight)
-koen-2011: mucks hand
johannesmart collected $35.50 from pot
*** SUMMARY ***
Total pot $36 | Rake $0.50
Board [6c 4d As 8d 7h]
Seat 1: johannesmart (button) (small blind) showed [Ad 5d] and won ($35.50) with a straight, Four to Eight
Seat 2: -koen-2011 (big blind) mucked


PokerStars Hand #148359119774:  Hold'em Limit ($3/$6 USD) - 2016/02/06 17:33:52 ET
Table 'Oceana III' 2-max Seat #2 is the button
Seat 1: johannesmart ($151.72 in chips)
Seat 2: -koen-2011 ($180.54 in chips)
-koen-2011: posts small blind $1
johannesmart: posts big blind $3
*** HOLE CARDS ***
-koen-2011: raises $3 to $6
johannesmart: calls $3
*** FLOP *** [Qh As 3s]
johannesmart: checks
-koen-2011: bets $3
johannesmart: calls $3
*** TURN *** [Qh As 3s] [8d]
johannesmart: checks
-koen-2011: bets $6
johannesmart: folds
Uncalled bet ($6) returned to -koen-2011
-koen-2011 collected $17.64 from pot
-koen-2011: doesn't show hand
*** SUMMARY ***
Total pot $18 | Rake $0.36
Board [Qh As 3s 8d]
Seat 1: johannesmart (big blind) folded on the Turn
Seat 2: -koen-2011 (button) (small blind) collected ($17.64)


PokerStars Hand #148359139664:  Hold'em Limit ($3/$6 USD) - 2016/02/06 17:34:10 ET
Table 'Oceana III' 2-max Seat #2 is the button
Seat 1: johannesmart ($141.72 in chips)
Seat 2: -koen-2011 ($190.18 in chips)
-koen-2011: posts small blind $1
johannesmart: posts big blind $3
*** HOLE CARDS ***
-koen-2011: raises $3 to $6
johannesmart: folds
Uncalled bet ($3) returned to -koen-2011
-koen-2011 collected $6 from pot
-koen-2011: doesn't show hand
*** SUMMARY ***
Total pot $6 | Rake $0
Seat 1: johannesmart (big blind) folded before Flop
Seat 2: -koen-2011 (button) (small blind) collected ($6)


PokerStars Hand #148359134400:  Hold'em Limit ($3/$6 USD) - 2016/02/06 17:34:05 ET
Table 'Oceana III' 2-max Seat #1 is the button
Seat 1: johannesmart ($142.72 in chips)
Seat 2: -koen-2011 ($189.18 in chips)
johannesmart: posts small blind $1
-koen-2011: posts big blind $3
*** HOLE CARDS ***
johannesmart: folds
Uncalled bet ($2) returned to -koen-2011
-koen-2011 collected $2 from pot
-koen-2011: doesn't show hand
*** SUMMARY ***
Total pot $2 | Rake $0
Seat 1: johannesmart (button) (small blind) folded before Flop
Seat 2: -koen-2011 (big blind) collected ($2)


PokerStars Hand #148359145607:  Hold'em Limit ($3/$6 USD) - 2016/02/06 17:34:16 ET
Table 'Oceana III' 2-max Seat #1 is the button
Seat 1: johannesmart ($138.72 in chips)
Seat 2: -koen-2011 ($193.18 in chips)
johannesmart: posts small blind $1
-koen-2011: posts big blind $3
*** HOLE CARDS ***
johannesmart: calls $2
-koen-2011: checks
*** FLOP *** [9c 7h 6c]
-koen-2011: checks
johannesmart: checks
*** TURN *** [9c 7h 6c] [4c]
-koen-2011: checks
johannesmart: bets $6
-koen-2011: calls $6
*** RIVER *** [9c 7h 6c 4c] [Ad]
-koen-2011: checks
johannesmart: checks
*** SHOW DOWN ***
-koen-2011: shows [6d Jh] (a pair of Sixes)
johannesmart: mucks hand
-koen-2011 collected $17.64 from pot
*** SUMMARY ***
Total pot $18 | Rake $0.36
Board [9c 7h 6c 4c Ad]
Seat 1: johannesmart (button) (small blind) mucked
Seat 2: -koen-2011 (big blind) showed [6d Jh] and won ($17.64) with a pair of Sixes


PokerStars Hand #148359225577:  Hold'em Limit ($3/$6 USD) - 2016/02/06 17:35:33 ET
Table 'Oceana III' 2-max Seat #1 is the button
Seat 1: johannesmart ($135.24 in chips)
Seat 2: -koen-2011 ($195.58 in chips)
johannesmart: posts small blind $1
-koen-2011: posts big blind $3
*** HOLE CARDS ***
johannesmart: folds
Uncalled bet ($2) returned to -koen-2011
-koen-2011 collected $2 from pot
-koen-2011: doesn't show hand
*** SUMMARY ***
Total pot $2 | Rake $0
Seat 1: johannesmart (button) (small blind) folded before Flop
Seat 2: -koen-2011 (big blind) collected ($2)


PokerStars Hand #148359220786:  Hold'em Limit ($3/$6 USD) - 2016/02/06 17:35:28 ET
Table 'Oceana III' 2-max Seat #2 is the button
Seat 1: johannesmart ($134.24 in chips)
Seat 2: -koen-2011 ($196.58 in chips)
-koen-2011: posts small blind $1
johannesmart: posts big blind $3
*** HOLE CARDS ***
-koen-2011: folds
Uncalled bet ($2) returned to johannesmart
johannesmart collected $2 from pot
johannesmart: doesn't show hand
*** SUMMARY ***
Total pot $2 | Rake $0
Seat 1: johannesmart (big blind) collected ($2)
Seat 2: -koen-2011 (button) (small blind) folded before Flop


PokerStars Hand #148359207326:  Hold'em Limit ($3/$6 USD) - 2016/02/06 17:35:15 ET
Table 'Oceana III' 2-max Seat #1 is the button
Seat 1: johannesmart ($125.60 in chips)
Seat 2: -koen-2011 ($205.58 in chips)
johannesmart: posts small blind $1
-koen-2011: posts big blind $3
*** HOLE CARDS ***
johannesmart: calls $2
-koen-2011: raises $3 to $6
johannesmart: calls $3
*** FLOP *** [6h 7c 8s]
-koen-2011: bets $3
johannesmart: calls $3
*** TURN *** [6h 7c 8s] [5h]
-koen-2011: checks
johannesmart: bets $6
-koen-2011: folds
Uncalled bet ($6) returned to johannesmart
johannesmart collected $17.64 from pot
johannesmart: doesn't show hand
*** SUMMARY ***
Total pot $18 | Rake $0.36
Board [6h 7c 8s 5h]
Seat 1: johannesmart (button) (small blind) collected ($17.64)
Seat 2: -koen-2011 (big blind) folded on the Turn


PokerStars Hand #148359169257:  Hold'em Limit ($3/$6 USD) - 2016/02/06 17:34:38 ET
Table 'Oceana III' 2-max Seat #1 is the button
Seat 1: johannesmart ($130.72 in chips)
Seat 2: -koen-2011 ($200.82 in chips)
johannesmart: posts small blind $1
-koen-2011: posts big blind $3
*** HOLE CARDS ***
johannesmart: calls $2
-koen-2011: raises $3 to $6
johannesmart: calls $3
*** FLOP *** [4s Ah Qh]
-koen-2011: bets $3
johannesmart: folds
Uncalled bet ($3) returned to -koen-2011
-koen-2011 collected $11.76 from pot
-koen-2011: doesn't show hand
*** SUMMARY ***
Total pot $12 | Rake $0.24
Board [4s Ah Qh]
Seat 1: johannesmart (button) (small blind) folded on the Flop
Seat 2: -koen-2011 (big blind) collected ($11.76)


PokerStars Hand #148359163572:  Hold'em Limit ($3/$6 USD) - 2016/02/06 17:34:33 ET
Table 'Oceana III' 2-max Seat #2 is the button
Seat 1: johannesmart ($129.72 in chips)
Seat 2: -koen-2011 ($201.82 in chips)
-koen-2011: posts small blind $1
johannesmart: posts big blind $3
*** HOLE CARDS ***
-koen-2011: folds
Uncalled bet ($2) returned to johannesmart
johannesmart collected $2 from pot
johannesmart: doesn't show hand
*** SUMMARY ***
Total pot $2 | Rake $0
Seat 1: johannesmart (big blind) collected ($2)
Seat 2: -koen-2011 (button) (small blind) folded before Flop


PokerStars Hand #148359179038:  Hold'em Limit ($3/$6 USD) - 2016/02/06 17:34:47 ET
Table 'Oceana III' 2-max Seat #2 is the button
Seat 1: johannesmart ($124.72 in chips)
Seat 2: -koen-2011 ($206.58 in chips)
-koen-2011: posts small blind $1
johannesmart: posts big blind $3
*** HOLE CARDS ***
-koen-2011: raises $3 to $6
johannesmart: folds
Uncalled bet ($3) returned to -koen-2011
-koen-2011 collected $6 from pot
-koen-2011: doesn't show hand
*** SUMMARY ***
Total pot $6 | Rake $0
Seat 1: johannesmart (big blind) folded before Flop
Seat 2: -koen-2011 (button) (small blind) collected ($6)


PokerStars Hand #148359202762:  Hold'em Limit ($3/$6 USD) - 2016/02/06 17:35:10 ET
Table 'Oceana III' 2-max Seat #2 is the button
Seat 1: johannesmart ($124.60 in chips)
Seat 2: -koen-2011 ($206.58 in chips)
-koen-2011: posts small blind $1
johannesmart: posts big blind $3
*** HOLE CARDS ***
-koen-2011: folds
Uncalled bet ($2) returned to johannesmart
johannesmart collected $2 from pot
johannesmart: doesn't show hand
*** SUMMARY ***
Total pot $2 | Rake $0
Seat 1: johannesmart (big blind) collected ($2)
Seat 2: -koen-2011 (button) (small blind) folded before Flop


PokerStars Hand #148359185323:  Hold'em Limit ($3/$6 USD) - 2016/02/06 17:34:54 ET
Table 'Oceana III' 2-max Seat #1 is the button
Seat 1: johannesmart ($121.72 in chips)
Seat 2: -koen-2011 ($209.58 in chips)
johannesmart: posts small blind $1
-koen-2011: posts big blind $3
*** HOLE CARDS ***
johannesmart: calls $2
-koen-2011: checks
*** FLOP *** [8d 6d Ts]
-koen-2011: checks
johannesmart: checks
*** TURN *** [8d 6d Ts] [2c]
-koen-2011: checks
johannesmart: checks
*** RIVER *** [8d 6d Ts 2c] [5d]
-koen-2011: checks
johannesmart: checks
*** SHOW DOWN ***
-koen-2011: shows [3c 7c] (high card Ten)
johannesmart: shows [Kc 5c] (a pair of Fives)
johannesmart collected $5.88 from pot
*** SUMMARY ***
Total pot $6 | Rake $0.12
Board [8d 6d Ts 2c 5d]
Seat 1: johannesmart (button) (small blind) showed [Kc 5c] and won ($5.88) with a pair of Fives
Seat 2: -koen-2011 (big blind) showed [3c 7c] and lost with high card Ten


PokerStars Hand #148359265034:  Hold'em Limit ($3/$6 USD) - 2016/02/06 17:36:13 ET
Table 'Oceana III' 2-max Seat #1 is the button
Seat 1: johannesmart ($146.74 in chips)
Seat 2: -koen-2011 ($183.22 in chips)
johannesmart: posts small blind $1
-koen-2011: posts big blind $3
*** HOLE CARDS ***
johannesmart: calls $2
-koen-2011: raises $3 to $6
johannesmart: calls $3
*** FLOP *** [Ts Qs Jd]
-koen-2011: bets $3
johannesmart: calls $3
*** TURN *** [Ts Qs Jd] [9d]
-koen-2011: checks
johannesmart: checks
*** RIVER *** [Ts Qs Jd 9d] [9s]
-koen-2011: checks
johannesmart: bets $6
-koen-2011: calls $6
*** SHOW DOWN ***
johannesmart: shows [9h Qc] (a full house, Nines full of Queens)
-koen-2011: mucks hand
johannesmart collected $29.50 from pot
*** SUMMARY ***
Total pot $30 | Rake $0.50
Board [Ts Qs Jd 9d 9s]
Seat 1: johannesmart (button) (small blind) showed [9h Qc] and won ($29.50) with a full house, Nines full of Queens
Seat 2: -koen-2011 (big blind) mucked


PokerStars Hand #148359230418:  Hold'em Limit ($3/$6 USD) - 2016/02/06 17:35:38 ET
Table 'Oceana III' 2-max Seat #2 is the button
Seat 1: johannesmart ($134.24 in chips)
Seat 2: -koen-2011 ($196.58 in chips)
-koen-2011: posts small blind $1
johannesmart: posts big blind $3
*** HOLE CARDS ***
-koen-2011: folds
Uncalled bet ($2) returned to johannesmart
johannesmart collected $2 from pot
johannesmart: doesn't show hand
*** SUMMARY ***
Total pot $2 | Rake $0
Seat 1: johannesmart (big blind) collected ($2)
Seat 2: -koen-2011 (button) (small blind) folded before Flop


PokerStars Hand #148359235060:  Hold'em Limit ($3/$6 USD) - 2016/02/06 17:35:43 ET
Table 'Oceana III' 2-max Seat #1 is the button
Seat 1: johannesmart ($135.24 in chips)
Seat 2: -koen-2011 ($195.58 in chips)
johannesmart: posts small blind $1
-koen-2011: posts big blind $3
*** HOLE CARDS ***
johannesmart: calls $2
-koen-2011: raises $3 to $6
johannesmart: calls $3
*** FLOP *** [Kh 9d 8h]
-koen-2011: bets $3
johannesmart: calls $3
*** TURN *** [Kh 9d 8h] [Ts]
-koen-2011: bets $6
johannesmart: calls $6
*** RIVER *** [Kh 9d 8h Ts] [5c]
-koen-2011: bets $6
johannesmart: calls $6
*** SHOW DOWN ***
-koen-2011: shows [7d 8s] (a pair of Eights)
johannesmart: shows [Td 7c] (a pair of Tens)
johannesmart collected $41.50 from pot
*** SUMMARY ***
Total pot $42 | Rake $0.50
Board [Kh 9d 8h Ts 5c]
Seat 1: johannesmart (button) (small blind) showed [Td 7c] and won ($41.50) with a pair of Tens
Seat 2: -koen-2011 (big blind) showed [7d 8s] and lost with a pair of Eights


PokerStars Hand #148359250579:  Hold'em Limit ($3/$6 USD) - 2016/02/06 17:35:58 ET
Table 'Oceana III' 2-max Seat #2 is the button
Seat 1: johannesmart ($155.74 in chips)
Seat 2: -koen-2011 ($174.58 in chips)
-koen-2011: posts small blind $1
johannesmart: posts big blind $3
*** HOLE CARDS ***
-koen-2011: raises $3 to $6
johannesmart: calls $3
*** FLOP *** [3c Kh Qs]
johannesmart: checks
-koen-2011: bets $3
johannesmart: calls $3
*** TURN *** [3c Kh Qs] [Qd]
johannesmart: checks
-koen-2011: bets $6
johannesmart: folds
Uncalled bet ($6) returned to -koen-2011
-koen-2011 collected $17.64 from pot
-koen-2011: doesn't show hand
*** SUMMARY ***
Total pot $18 | Rake $0.36
Board [3c Kh Qs Qd]
Seat 1: johannesmart (big blind) folded on the Turn
Seat 2: -koen-2011 (button) (small blind) collected ($17.64)


PokerStars Hand #148359293006:  Hold'em Limit ($3/$6 USD) - 2016/02/06 17:36:42 ET
Table 'Oceana III' 2-max Seat #2 is the button
Seat 1: johannesmart ($159.24 in chips)
Seat 2: -koen-2011 ($170.22 in chips)
-koen-2011: posts small blind $1
johannesmart: posts big blind $3
*** HOLE CARDS ***
-koen-2011: raises $3 to $6
johannesmart: folds
Uncalled bet ($3) returned to -koen-2011
-koen-2011 collected $6 from pot
-koen-2011: doesn't show hand
*** SUMMARY ***
Total pot $6 | Rake $0
Seat 1: johannesmart (big blind) folded before Flop
Seat 2: -koen-2011 (button) (small blind) collected ($6)


PokerStars Hand #148359286097:  Hold'em Limit ($3/$6 USD) - 2016/02/06 17:36:35 ET
Table 'Oceana III' 2-max Seat #1 is the button
Seat 1: johannesmart ($162.24 in chips)
Seat 2: -koen-2011 ($167.22 in chips)
johannesmart: posts small blind $1
-koen-2011: posts big blind $3
*** HOLE CARDS ***
johannesmart: calls $2
-koen-2011: raises $3 to $6
johannesmart: folds
Uncalled bet ($3) returned to -koen-2011
-koen-2011 collected $6 from pot
-koen-2011: doesn't show hand
*** SUMMARY ***
Total pot $6 | Rake $0
Seat 1: johannesmart (button) (small blind) folded before Flop
Seat 2: -koen-2011 (big blind) collected ($6)


PokerStars Hand #148359298305:  Hold'em Limit ($3/$6 USD) - 2016/02/06 17:36:48 ET
Table 'Oceana III' 2-max Seat #1 is the button
Seat 1: johannesmart ($156.24 in chips)
Seat 2: -koen-2011 ($173.22 in chips)
johannesmart: posts small blind $1
-koen-2011: posts big blind $3
*** HOLE CARDS ***
johannesmart: raises $3 to $6
-koen-2011: folds
Uncalled bet ($3) returned to johannesmart
johannesmart collected $6 from pot
johannesmart: doesn't show hand
*** SUMMARY ***
Total pot $6 | Rake $0
Seat 1: johannesmart (button) (small blind) collected ($6)
Seat 2: -koen-2011 (big blind) folded before Flop


PokerStars Hand #148359304345:  Hold'em Limit ($3/$6 USD) - 2016/02/06 17:36:54 ET
Table 'Oceana III' 2-max Seat #2 is the button
Seat 1: johannesmart ($159.24 in chips)
Seat 2: -koen-2011 ($170.22 in chips)
-koen-2011: posts small blind $1
johannesmart: posts big blind $3
*** HOLE CARDS ***
-koen-2011: raises $3 to $6
johannesmart: calls $3
*** FLOP *** [Kc 4c Ad]
johannesmart: checks
-koen-2011: bets $3
johannesmart: raises $3 to $6
-koen-2011: calls $3
*** TURN *** [Kc 4c Ad] [6s]
johannesmart: bets $6
-koen-2011: calls $6
*** RIVER *** [Kc 4c Ad 6s] [Qd]
johannesmart: bets $6
-koen-2011: folds
Uncalled bet ($6) returned to johannesmart
johannesmart collected $35.50 from pot
johannesmart: doesn't show hand
*** SUMMARY ***
Total pot $36 | Rake $0.50
Board [Kc 4c Ad 6s Qd]
Seat 1: johannesmart (big blind) collected ($35.50)
Seat 2: -koen-2011 (button) (small blind) folded on the River


PokerStars Hand #148359320296:  Hold'em Limit ($3/$6 USD) - 2016/02/06 17:37:10 ET
Table 'Oceana III' 2-max Seat #1 is the button
Seat 1: johannesmart ($176.74 in chips)
Seat 2: -koen-2011 ($152.22 in chips)
johannesmart: posts small blind $1
-koen-2011: posts big blind $3
*** HOLE CARDS ***
johannesmart: calls $2
-koen-2011: checks
*** FLOP *** [7h Tc Ad]
-koen-2011: checks
johannesmart: bets $3
-koen-2011: folds
Uncalled bet ($3) returned to johannesmart
johannesmart collected $5.88 from pot
johannesmart: doesn't show hand
*** SUMMARY ***
Total pot $6 | Rake $0.12
Board [7h Tc Ad]
Seat 1: johannesmart (button) (small blind) collected ($5.88)
Seat 2: -koen-2011 (big blind) folded on the Flop


PokerStars Hand #148359338836:  Hold'em Limit ($3/$6 USD) - 2016/02/06 17:37:30 ET
Table 'Oceana III' 2-max Seat #1 is the button
Seat 1: johannesmart ($176.62 in chips)
Seat 2: -koen-2011 ($152.22 in chips)
johannesmart: posts small blind $1
-koen-2011: posts big blind $3
*** HOLE CARDS ***
johannesmart: folds
Uncalled bet ($2) returned to -koen-2011
-koen-2011 collected $2 from pot
-koen-2011: doesn't show hand
*** SUMMARY ***
Total pot $2 | Rake $0
Seat 1: johannesmart (button) (small blind) folded before Flop
Seat 2: -koen-2011 (big blind) collected ($2)


PokerStars Hand #148359332430:  Hold'em Limit ($3/$6 USD) - 2016/02/06 17:37:23 ET
Table 'Oceana III' 2-max Seat #2 is the button
Seat 1: johannesmart ($179.62 in chips)
Seat 2: -koen-2011 ($149.22 in chips)
-koen-2011: posts small blind $1
johannesmart: posts big blind $3
*** HOLE CARDS ***
-koen-2011: raises $3 to $6
johannesmart: folds
Uncalled bet ($3) returned to -koen-2011
-koen-2011 collected $6 from pot
-koen-2011: doesn't show hand
*** SUMMARY ***
Total pot $6 | Rake $0
Seat 1: johannesmart (big blind) folded before Flop
Seat 2: -koen-2011 (button) (small blind) collected ($6)


PokerStars Hand #148359350915:  Hold'em Limit ($3/$6 USD) - 2016/02/06 17:37:43 ET
Table 'Oceana III' 2-max Seat #1 is the button
Seat 1: johannesmart ($172.62 in chips)
Seat 2: -koen-2011 ($156.22 in chips)
johannesmart: posts small blind $1
-koen-2011: posts big blind $3
*** HOLE CARDS ***
johannesmart: folds
Uncalled bet ($2) returned to -koen-2011
-koen-2011 collected $2 from pot
-koen-2011: doesn't show hand
*** SUMMARY ***
Total pot $2 | Rake $0
Seat 1: johannesmart (button) (small blind) folded before Flop
Seat 2: -koen-2011 (big blind) collected ($2)


PokerStars Hand #148359344261:  Hold'em Limit ($3/$6 USD) - 2016/02/06 17:37:36 ET
Table 'Oceana III' 2-max Seat #2 is the button
Seat 1: johannesmart ($175.62 in chips)
Seat 2: -koen-2011 ($153.22 in chips)
-koen-2011: posts small blind $1
johannesmart: posts big blind $3
*** HOLE CARDS ***
-koen-2011: raises $3 to $6
johannesmart: folds
Uncalled bet ($3) returned to -koen-2011
-koen-2011 collected $6 from pot
-koen-2011: doesn't show hand
*** SUMMARY ***
Total pot $6 | Rake $0
Seat 1: johannesmart (big blind) folded before Flop
Seat 2: -koen-2011 (button) (small blind) collected ($6)


PokerStars Hand #148359360616:  Hold'em Limit ($3/$6 USD) - 2016/02/06 17:37:53 ET
Table 'Oceana III' 2-max Seat #1 is the button
Seat 1: johannesmart ($168.62 in chips)
Seat 2: -koen-2011 ($160.22 in chips)
johannesmart: posts small blind $1
-koen-2011: posts big blind $3
*** HOLE CARDS ***
johannesmart: folds
Uncalled bet ($2) returned to -koen-2011
-koen-2011 collected $2 from pot
-koen-2011: doesn't show hand
*** SUMMARY ***
Total pot $2 | Rake $0
Seat 1: johannesmart (button) (small blind) folded before Flop
Seat 2: -koen-2011 (big blind) collected ($2)


PokerStars Hand #148359355497:  Hold'em Limit ($3/$6 USD) - 2016/02/06 17:37:47 ET
Table 'Oceana III' 2-max Seat #2 is the button
Seat 1: johannesmart ($171.62 in chips)
Seat 2: -koen-2011 ($157.22 in chips)
-koen-2011: posts small blind $1
johannesmart: posts big blind $3
*** HOLE CARDS ***
-koen-2011: raises $3 to $6
johannesmart: folds
Uncalled bet ($3) returned to -koen-2011
-koen-2011 collected $6 from pot
-koen-2011: doesn't show hand
*** SUMMARY ***
Total pot $6 | Rake $0
Seat 1: johannesmart (big blind) folded before Flop
Seat 2: -koen-2011 (button) (small blind) collected ($6)


PokerStars Hand #148359381334:  Hold'em Limit ($3/$6 USD) - 2016/02/06 17:38:15 ET
Table 'Oceana III' 2-max Seat #1 is the button
Seat 1: johannesmart ($176.26 in chips)
Seat 2: -koen-2011 ($152.22 in chips)
johannesmart: posts small blind $1
-koen-2011: posts big blind $3
*** HOLE CARDS ***
johannesmart: folds
Uncalled bet ($2) returned to -koen-2011
-koen-2011 collected $2 from pot
-koen-2011: doesn't show hand
*** SUMMARY ***
Total pot $2 | Rake $0
Seat 1: johannesmart (button) (small blind) folded before Flop
Seat 2: -koen-2011 (big blind) collected ($2)


PokerStars Hand #148359385784:  Hold'em Limit ($3/$6 USD) - 2016/02/06 17:38:19 ET
Table 'Oceana III' 2-max Seat #2 is the button
Seat 1: johannesmart ($175.26 in chips)
Seat 2: -koen-2011 ($153.22 in chips)
-koen-2011: posts small blind $1
johannesmart: posts big blind $3
*** HOLE CARDS ***
-koen-2011: raises $3 to $6
johannesmart: calls $3
*** FLOP *** [7c 6h Tc]
johannesmart: checks
-koen-2011: bets $3
johannesmart: calls $3
*** TURN *** [7c 6h Tc] [9s]
johannesmart: checks
-koen-2011: checks
*** RIVER *** [7c 6h Tc 9s] [2s]
johannesmart: checks
-koen-2011: bets $6
johannesmart: folds
Uncalled bet ($6) returned to -koen-2011
-koen-2011 collected $17.64 from pot
-koen-2011: doesn't show hand
*** SUMMARY ***
Total pot $18 | Rake $0.36
Board [7c 6h Tc 9s 2s]
Seat 1: johannesmart (big blind) folded on the River
Seat 2: -koen-2011 (button) (small blind) collected ($17.64)


PokerStars Hand #148359401917:  Hold'em Limit ($3/$6 USD) - 2016/02/06 17:38:37 ET
Table 'Oceana III' 2-max Seat #1 is the button
Seat 1: johannesmart ($166.26 in chips)
Seat 2: -koen-2011 ($161.86 in chips)
johannesmart: posts small blind $1
-koen-2011: posts big blind $3
*** HOLE CARDS ***
johannesmart: folds
Uncalled bet ($2) returned to -koen-2011
-koen-2011 collected $2 from pot
-koen-2011: doesn't show hand
*** SUMMARY ***
Total pot $2 | Rake $0
Seat 1: johannesmart (button) (small blind) folded before Flop
Seat 2: -koen-2011 (big blind) collected ($2)


PokerStars Hand #148359406418:  Hold'em Limit ($3/$6 USD) - 2016/02/06 17:38:41 ET
Table 'Oceana III' 2-max Seat #2 is the button
Seat 1: johannesmart ($165.26 in chips)
Seat 2: -koen-2011 ($162.86 in chips)
-koen-2011: posts small blind $1
johannesmart: posts big blind $3
*** HOLE CARDS ***
-koen-2011: raises $3 to $6
johannesmart: calls $3
*** FLOP *** [Qs 7h 8d]
johannesmart: checks
-koen-2011: bets $3
johannesmart: calls $3
*** TURN *** [Qs 7h 8d] [Ah]
johannesmart: checks
-koen-2011: bets $6
johannesmart: folds
Uncalled bet ($6) returned to -koen-2011
-koen-2011 collected $17.64 from pot
-koen-2011: doesn't show hand
*** SUMMARY ***
Total pot $18 | Rake $0.36
Board [Qs 7h 8d Ah]
Seat 1: johannesmart (big blind) folded on the Turn
Seat 2: -koen-2011 (button) (small blind) collected ($17.64)


PokerStars Hand #148359420739:  Hold'em Limit ($3/$6 USD) - 2016/02/06 17:38:57 ET
Table 'Oceana III' 2-max Seat #1 is the button
Seat 1: johannesmart ($156.26 in chips)
Seat 2: -koen-2011 ($171.50 in chips)
johannesmart: posts small blind $1
-koen-2011: posts big blind $3
*** HOLE CARDS ***
johannesmart: raises $3 to $6
-koen-2011: calls $3
*** FLOP *** [Ks 4h 7h]
-koen-2011: checks
johannesmart: bets $3
-koen-2011: calls $3
*** TURN *** [Ks 4h 7h] [6c]
-koen-2011: checks
johannesmart: bets $6
-koen-2011: raises $6 to $12
johannesmart: calls $6
*** RIVER *** [Ks 4h 7h 6c] [9h]
-koen-2011: bets $6
johannesmart: calls $6
*** SHOW DOWN ***
-koen-2011: shows [3h Kh] (a flush, King high)
johannesmart: mucks hand
-koen-2011 collected $53.50 from pot
*** SUMMARY ***
Total pot $54 | Rake $0.50
Board [Ks 4h 7h 6c 9h]
Seat 1: johannesmart (button) (small blind) mucked
Seat 2: -koen-2011 (big blind) showed [3h Kh] and won ($53.50) with a flush, King high


PokerStars Hand #148359453674:  Hold'em Limit ($3/$6 USD) - 2016/02/06 17:39:31 ET
Table 'Oceana III' 2-max Seat #1 is the button
Seat 1: johannesmart ($117.26 in chips)
Seat 2: -koen-2011 ($209.52 in chips)
johannesmart: posts small blind $1
-koen-2011: posts big blind $3
*** HOLE CARDS ***
johannesmart: folds
Uncalled bet ($2) returned to -koen-2011
-koen-2011 collected $2 from pot
-koen-2011: doesn't show hand
*** SUMMARY ***
Total pot $2 | Rake $0
Seat 1: johannesmart (button) (small blind) folded before Flop
Seat 2: -koen-2011 (big blind) collected ($2)


PokerStars Hand #148359440403:  Hold'em Limit ($3/$6 USD) - 2016/02/06 17:39:17 ET
Table 'Oceana III' 2-max Seat #2 is the button
Seat 1: johannesmart ($129.26 in chips)
Seat 2: -koen-2011 ($198 in chips)
-koen-2011: posts small blind $1
johannesmart: posts big blind $3
*** HOLE CARDS ***
-koen-2011: raises $3 to $6
johannesmart: calls $3
*** FLOP *** [7d 4h 6c]
johannesmart: checks
-koen-2011: checks
*** TURN *** [7d 4h 6c] [Ts]
johannesmart: bets $6
-koen-2011: raises $6 to $12
johannesmart: folds
Uncalled bet ($6) returned to -koen-2011
-koen-2011 collected $23.52 from pot
-koen-2011: doesn't show hand
*** SUMMARY ***
Total pot $24 | Rake $0.48
Board [7d 4h 6c Ts]
Seat 1: johannesmart (big blind) folded on the Turn
Seat 2: -koen-2011 (button) (small blind) collected ($23.52)


PokerStars Hand #148359462411:  Hold'em Limit ($3/$6 USD) - 2016/02/06 17:39:41 ET
Table 'Oceana III' 2-max Seat #1 is the button
Seat 1: johannesmart ($117.26 in chips)
Seat 2: -koen-2011 ($209.52 in chips)
johannesmart: posts small blind $1
-koen-2011: posts big blind $3
*** HOLE CARDS ***
johannesmart: folds
Uncalled bet ($2) returned to -koen-2011
-koen-2011 collected $2 from pot
-koen-2011: doesn't show hand
*** SUMMARY ***
Total pot $2 | Rake $0
Seat 1: johannesmart (button) (small blind) folded before Flop
Seat 2: -koen-2011 (big blind) collected ($2)


PokerStars Hand #148359457932:  Hold'em Limit ($3/$6 USD) - 2016/02/06 17:39:36 ET
Table 'Oceana III' 2-max Seat #2 is the button
Seat 1: johannesmart ($116.26 in chips)
Seat 2: -koen-2011 ($210.52 in chips)
-koen-2011: posts small blind $1
johannesmart: posts big blind $3
*** HOLE CARDS ***
-koen-2011: folds
Uncalled bet ($2) returned to johannesmart
johannesmart collected $2 from pot
johannesmart: doesn't show hand
*** SUMMARY ***
Total pot $2 | Rake $0
Seat 1: johannesmart (big blind) collected ($2)
Seat 2: -koen-2011 (button) (small blind) folded before Flop


PokerStars Hand #148359481154:  Hold'em Limit ($3/$6 USD) - 2016/02/06 17:40:01 ET
Table 'Oceana III' 2-max Seat #1 is the button
Seat 1: johannesmart ($107.26 in chips)
Seat 2: -koen-2011 ($219.16 in chips)
johannesmart: posts small blind $1
-koen-2011: posts big blind $3
*** HOLE CARDS ***
johannesmart: folds
Uncalled bet ($2) returned to -koen-2011
-koen-2011 collected $2 from pot
-koen-2011: doesn't show hand
*** SUMMARY ***
Total pot $2 | Rake $0
Seat 1: johannesmart (button) (small blind) folded before Flop
Seat 2: -koen-2011 (big blind) collected ($2)


PokerStars Hand #148359467163:  Hold'em Limit ($3/$6 USD) - 2016/02/06 17:39:46 ET
Table 'Oceana III' 2-max Seat #2 is the button
Seat 1: johannesmart ($116.26 in chips)
Seat 2: -koen-2011 ($210.52 in chips)
-koen-2011: posts small blind $1
johannesmart: posts big blind $3
*** HOLE CARDS ***
-koen-2011: raises $3 to $6
johannesmart: calls $3
*** FLOP *** [3c 5c 3s]
johannesmart: checks
-koen-2011: bets $3
johannesmart: calls $3
*** TURN *** [3c 5c 3s] [3d]
johannesmart: checks
-koen-2011: bets $6
johannesmart: folds
Uncalled bet ($6) returned to -koen-2011
-koen-2011 collected $17.64 from pot
-koen-2011: doesn't show hand
*** SUMMARY ***
Total pot $18 | Rake $0.36
Board [3c 5c 3s 3d]
Seat 1: johannesmart (big blind) folded on the Turn
Seat 2: -koen-2011 (button) (small blind) collected ($17.64)


PokerStars Hand #148359500455:  Hold'em Limit ($3/$6 USD) - 2016/02/06 17:40:21 ET
Table 'Oceana III' 2-max Seat #1 is the button
Seat 1: johannesmart ($94.26 in chips)
Seat 2: -koen-2011 ($231.68 in chips)
johannesmart: posts small blind $1
-koen-2011: posts big blind $3
*** HOLE CARDS ***
johannesmart: raises $3 to $6
-koen-2011: folds
Uncalled bet ($3) returned to johannesmart
johannesmart collected $6 from pot
johannesmart: doesn't show hand
*** SUMMARY ***
Total pot $6 | Rake $0
Seat 1: johannesmart (button) (small blind) collected ($6)
Seat 2: -koen-2011 (big blind) folded before Flop


PokerStars Hand #148359485665:  Hold'em Limit ($3/$6 USD) - 2016/02/06 17:40:05 ET
Table 'Oceana III' 2-max Seat #2 is the button
Seat 1: johannesmart ($106.26 in chips)
Seat 2: -koen-2011 ($220.16 in chips)
-koen-2011: posts small blind $1
johannesmart: posts big blind $3
*** HOLE CARDS ***
-koen-2011: raises $3 to $6
johannesmart: calls $3
*** FLOP *** [4h 3s 5h]
johannesmart: checks
-koen-2011: checks
*** TURN *** [4h 3s 5h] [7c]
johannesmart: checks
-koen-2011: checks
*** RIVER *** [4h 3s 5h 7c] [Ad]
johannesmart: bets $6
-koen-2011: calls $6
*** SHOW DOWN ***
johannesmart: shows [9h Td] (high card Ace)
-koen-2011: shows [Ac Jc] (a pair of Aces)
-koen-2011 collected $23.52 from pot
*** SUMMARY ***
Total pot $24 | Rake $0.48
Board [4h 3s 5h 7c Ad]
Seat 1: johannesmart (big blind) showed [9h Td] and lost with high card Ace
Seat 2: -koen-2011 (button) (small blind) showed [Ac Jc] and won ($23.52) with a pair of Aces


PokerStars Hand #148359506475:  Hold'em Limit ($3/$6 USD) - 2016/02/06 17:40:28 ET
Table 'Oceana III' 2-max Seat #2 is the button
Seat 1: johannesmart ($97.26 in chips)
Seat 2: -koen-2011 ($228.68 in chips)
-koen-2011: posts small blind $1
johannesmart: posts big blind $3
*** HOLE CARDS ***
-koen-2011: folds
Uncalled bet ($2) returned to johannesmart
johannesmart collected $2 from pot
johannesmart: doesn't show hand
*** SUMMARY ***
Total pot $2 | Rake $0
Seat 1: johannesmart (big blind) collected ($2)
Seat 2: -koen-2011 (button) (small blind) folded before Flop


PokerStars Hand #148359510853:  Hold'em Limit ($3/$6 USD) - 2016/02/06 17:40:33 ET
Table 'Oceana III' 2-max Seat #1 is the button
Seat 1: johannesmart ($98.26 in chips)
Seat 2: -koen-2011 ($227.68 in chips)
johannesmart: posts small blind $1
-koen-2011: posts big blind $3
*** HOLE CARDS ***
johannesmart: raises $3 to $6
-koen-2011: folds
Uncalled bet ($3) returned to johannesmart
johannesmart collected $6 from pot
johannesmart: doesn't show hand
*** SUMMARY ***
Total pot $6 | Rake $0
Seat 1: johannesmart (button) (small blind) collected ($6)
Seat 2: -koen-2011 (big blind) folded before Flop


PokerStars Hand #148359538412:  Hold'em Limit ($3/$6 USD) - 2016/02/06 17:41:02 ET
Table 'Oceana III' 2-max Seat #1 is the button
Seat 1: johannesmart ($109.90 in chips)
Seat 2: -koen-2011 ($215.68 in chips)
johannesmart: posts small blind $1
-koen-2011: posts big blind $3
*** HOLE CARDS ***
johannesmart: folds
Uncalled bet ($2) returned to -koen-2011
-koen-2011 collected $2 from pot
-koen-2011: doesn't show hand
*** SUMMARY ***
Total pot $2 | Rake $0
Seat 1: johannesmart (button) (small blind) folded before Flop
Seat 2: -koen-2011 (big blind) collected ($2)


PokerStars Hand #148359524178:  Hold'em Limit ($3/$6 USD) - 2016/02/06 17:40:47 ET
Table 'Oceana III' 2-max Seat #2 is the button
Seat 1: johannesmart ($101.26 in chips)
Seat 2: -koen-2011 ($224.68 in chips)
-koen-2011: posts small blind $1
johannesmart: posts big blind $3
*** HOLE CARDS ***
-koen-2011: raises $3 to $6
johannesmart: calls $3
*** FLOP *** [8h 9h 8d]
johannesmart: checks
-koen-2011: bets $3
johannesmart: calls $3
*** TURN *** [8h 9h 8d] [9c]
johannesmart: checks
-koen-2011: checks
*** RIVER *** [8h 9h 8d 9c] [5c]
johannesmart: bets $6
-koen-2011: folds
Uncalled bet ($6) returned to johannesmart
johannesmart collected $17.64 from pot
johannesmart: doesn't show hand
*** SUMMARY ***
Total pot $18 | Rake $0.36
Board [8h 9h 8d 9c 5c]
Seat 1: johannesmart (big blind) collected ($17.64)
Seat 2: -koen-2011 (button) (small blind) folded on the River


PokerStars Hand #148359542765:  Hold'em Limit ($3/$6 USD) - 2016/02/06 17:41:07 ET
Table 'Oceana III' 2-max Seat #2 is the button
Seat 1: johannesmart ($108.90 in chips)
Seat 2: -koen-2011 ($216.68 in chips)
-koen-2011: posts small blind $1
johannesmart: posts big blind $3
*** HOLE CARDS ***
-koen-2011: raises $3 to $6
johannesmart: calls $3
*** FLOP *** [Qs Ts 4h]
johannesmart: checks
-koen-2011: bets $3
johannesmart: folds
Uncalled bet ($3) returned to -koen-2011
-koen-2011 collected $11.76 from pot
-koen-2011: doesn't show hand
*** SUMMARY ***
Total pot $12 | Rake $0.24
Board [Qs Ts 4h]
Seat 1: johannesmart (big blind) folded on the Flop
Seat 2: -koen-2011 (button) (small blind) collected ($11.76)


PokerStars Hand #148359557047:  Hold'em Limit ($3/$6 USD) - 2016/02/06 17:41:22 ET
Table 'Oceana III' 2-max Seat #2 is the button
Seat 1: johannesmart ($105.90 in chips)
Seat 2: -koen-2011 ($219.44 in chips)
-koen-2011: posts small blind $1
johannesmart: posts big blind $3
*** HOLE CARDS ***
-koen-2011: folds
Uncalled bet ($2) returned to johannesmart
johannesmart collected $2 from pot
johannesmart: doesn't show hand
*** SUMMARY ***
Total pot $2 | Rake $0
Seat 1: johannesmart (big blind) collected ($2)
Seat 2: -koen-2011 (button) (small blind) folded before Flop


PokerStars Hand #148359551660:  Hold'em Limit ($3/$6 USD) - 2016/02/06 17:41:17 ET
Table 'Oceana III' 2-max Seat #1 is the button
Seat 1: johannesmart ($102.90 in chips)
Seat 2: -koen-2011 ($222.44 in chips)
johannesmart: posts small blind $1
-koen-2011: posts big blind $3
*** HOLE CARDS ***
johannesmart: raises $3 to $6
-koen-2011: folds
Uncalled bet ($3) returned to johannesmart
johannesmart collected $6 from pot
johannesmart: doesn't show hand
*** SUMMARY ***
Total pot $6 | Rake $0
Seat 1: johannesmart (button) (small blind) collected ($6)
Seat 2: -koen-2011 (big blind) folded before Flop


PokerStars Hand #148359583985:  Hold'em Limit ($3/$6 USD) - 2016/02/06 17:41:52 ET
Table 'Oceana III' 2-max Seat #2 is the button
Seat 1: johannesmart ($139.40 in chips)
Seat 2: -koen-2011 ($185.44 in chips)
-koen-2011: posts small blind $1
johannesmart: posts big blind $3
*** HOLE CARDS ***
-koen-2011: raises $3 to $6
johannesmart: calls $3
*** FLOP *** [Tc 2h 6h]
johannesmart: bets $3
-koen-2011: calls $3
*** TURN *** [Tc 2h 6h] [Jd]
johannesmart: bets $6
-koen-2011: calls $6
*** RIVER *** [Tc 2h 6h Jd] [Ah]
johannesmart: bets $6
-koen-2011: calls $6
*** SHOW DOWN ***
johannesmart: shows [As Ts] (two pair, Aces and Tens)
-koen-2011: mucks hand
johannesmart collected $41.50 from pot
*** SUMMARY ***
Total pot $42 | Rake $0.50
Board [Tc 2h 6h Jd Ah]
Seat 1: johannesmart (big blind) showed [As Ts] and won ($41.50) with two pair, Aces and Tens
Seat 2: -koen-2011 (button) (small blind) mucked


PokerStars Hand #148359601352:  Hold'em Limit ($3/$6 USD) - 2016/02/06 17:42:10 ET
Table 'Oceana III' 2-max Seat #1 is the button
Seat 1: johannesmart ($159.90 in chips)
Seat 2: -koen-2011 ($164.44 in chips)
johannesmart: posts small blind $1
-koen-2011: posts big blind $3
*** HOLE CARDS ***
johannesmart: folds
Uncalled bet ($2) returned to -koen-2011
-koen-2011 collected $2 from pot
-koen-2011: doesn't show hand
*** SUMMARY ***
Total pot $2 | Rake $0
Seat 1: johannesmart (button) (small blind) folded before Flop
Seat 2: -koen-2011 (big blind) collected ($2)


PokerStars Hand #148359611507:  Hold'em Limit ($3/$6 USD) - 2016/02/06 17:42:21 ET
Table 'Oceana III' 2-max Seat #1 is the button
Seat 1: johannesmart ($159.90 in chips)
Seat 2: -koen-2011 ($164.44 in chips)
johannesmart: posts small blind $1
-koen-2011: posts big blind $3
*** HOLE CARDS ***
johannesmart: folds
Uncalled bet ($2) returned to -koen-2011
-koen-2011 collected $2 from pot
-koen-2011: doesn't show hand
*** SUMMARY ***
Total pot $2 | Rake $0
Seat 1: johannesmart (button) (small blind) folded before Flop
Seat 2: -koen-2011 (big blind) collected ($2)


PokerStars Hand #148359605972:  Hold'em Limit ($3/$6 USD) - 2016/02/06 17:42:15 ET
Table 'Oceana III' 2-max Seat #2 is the button
Seat 1: johannesmart ($158.90 in chips)
Seat 2: -koen-2011 ($165.44 in chips)
-koen-2011: posts small blind $1
johannesmart: posts big blind $3
*** HOLE CARDS ***
-koen-2011: folds
Uncalled bet ($2) returned to johannesmart
johannesmart collected $2 from pot
johannesmart: doesn't show hand
*** SUMMARY ***
Total pot $2 | Rake $0
Seat 1: johannesmart (big blind) collected ($2)
Seat 2: -koen-2011 (button) (small blind) folded before Flop


PokerStars Hand #148359616296:  Hold'em Limit ($3/$6 USD) - 2016/02/06 17:42:26 ET
Table 'Oceana III' 2-max Seat #2 is the button
Seat 1: johannesmart ($158.90 in chips)
Seat 2: -koen-2011 ($165.44 in chips)
-koen-2011: posts small blind $1
johannesmart: posts big blind $3
*** HOLE CARDS ***
-koen-2011: raises $3 to $6
johannesmart: calls $3
*** FLOP *** [8s Qc 2h]
johannesmart: checks
-koen-2011: bets $3
johannesmart: folds
Uncalled bet ($3) returned to -koen-2011
-koen-2011 collected $11.76 from pot
-koen-2011: doesn't show hand
*** SUMMARY ***
Total pot $12 | Rake $0.24
Board [8s Qc 2h]
Seat 1: johannesmart (big blind) folded on the Flop
Seat 2: -koen-2011 (button) (small blind) collected ($11.76)


PokerStars Hand #148359626968:  Hold'em Limit ($3/$6 USD) - 2016/02/06 17:42:38 ET
Table 'Oceana III' 2-max Seat #1 is the button
Seat 1: johannesmart ($152.90 in chips)
Seat 2: -koen-2011 ($171.20 in chips)
johannesmart: posts small blind $1
-koen-2011: posts big blind $3
*** HOLE CARDS ***
johannesmart: raises $3 to $6
-koen-2011: calls $3
*** FLOP *** [8d 7d 7s]
-koen-2011: checks
johannesmart: checks
*** TURN *** [8d 7d 7s] [6h]
-koen-2011: checks
johannesmart: bets $6
-koen-2011: calls $6
*** RIVER *** [8d 7d 7s 6h] [Ks]
-koen-2011: checks
johannesmart: checks
*** SHOW DOWN ***
-koen-2011: shows [5h Ah] (a pair of Sevens)
johannesmart: shows [2c Ac] (a pair of Sevens)
-koen-2011 collected $11.76 from pot
johannesmart collected $11.76 from pot
*** SUMMARY ***
Total pot $24 | Rake $0.48
Board [8d 7d 7s 6h Ks]
Seat 1: johannesmart (button) (small blind) showed [2c Ac] and won ($11.76) with a pair of Sevens
Seat 2: -koen-2011 (big blind) showed [5h Ah] and won ($11.76) with a pair of Sevens


PokerStars Hand #148359654653:  Hold'em Limit ($3/$6 USD) - 2016/02/06 17:43:08 ET
Table 'Oceana III' 2-max Seat #2 is the button
Seat 1: johannesmart ($152.66 in chips)
Seat 2: -koen-2011 ($170.96 in chips)
-koen-2011: posts small blind $1
johannesmart: posts big blind $3
*** HOLE CARDS ***
-koen-2011: raises $3 to $6
johannesmart: calls $3
*** FLOP *** [Ts Ad 6d]
johannesmart: checks
-koen-2011: bets $3
johannesmart: calls $3
*** TURN *** [Ts Ad 6d] [7s]
johannesmart: checks
-koen-2011: checks
*** RIVER *** [Ts Ad 6d 7s] [5c]
johannesmart: bets $6
-koen-2011: folds
Uncalled bet ($6) returned to johannesmart
johannesmart collected $17.64 from pot
johannesmart: doesn't show hand
*** SUMMARY ***
Total pot $18 | Rake $0.36
Board [Ts Ad 6d 7s 5c]
Seat 1: johannesmart (big blind) collected ($17.64)
Seat 2: -koen-2011 (button) (small blind) folded on the River


PokerStars Hand #148359677228:  Hold'em Limit ($3/$6 USD) - 2016/02/06 17:43:33 ET
Table 'Oceana III' 2-max Seat #2 is the button
Seat 1: johannesmart ($158.30 in chips)
Seat 2: -koen-2011 ($164.96 in chips)
-koen-2011: posts small blind $1
johannesmart: posts big blind $3
*** HOLE CARDS ***
-koen-2011: folds
Uncalled bet ($2) returned to johannesmart
johannesmart collected $2 from pot
johannesmart: doesn't show hand
*** SUMMARY ***
Total pot $2 | Rake $0
Seat 1: johannesmart (big blind) collected ($2)
Seat 2: -koen-2011 (button) (small blind) folded before Flop


PokerStars Hand #148359668848:  Hold'em Limit ($3/$6 USD) - 2016/02/06 17:43:24 ET
Table 'Oceana III' 2-max Seat #1 is the button
Seat 1: johannesmart ($161.30 in chips)
Seat 2: -koen-2011 ($161.96 in chips)
johannesmart: posts small blind $1
-koen-2011: posts big blind $3
*** HOLE CARDS ***
johannesmart: calls $2
-koen-2011: raises $3 to $6
johannesmart: folds
Uncalled bet ($3) returned to -koen-2011
-koen-2011 collected $6 from pot
-koen-2011: doesn't show hand
*** SUMMARY ***
Total pot $6 | Rake $0
Seat 1: johannesmart (button) (small blind) folded before Flop
Seat 2: -koen-2011 (big blind) collected ($6)


PokerStars Hand #148359685882:  Hold'em Limit ($3/$6 USD) - 2016/02/06 17:43:42 ET
Table 'Oceana III' 2-max Seat #2 is the button
Seat 1: johannesmart ($158.30 in chips)
Seat 2: -koen-2011 ($164.96 in chips)
-koen-2011: posts small blind $1
johannesmart: posts big blind $3
*** HOLE CARDS ***
-koen-2011: raises $3 to $6
johannesmart: folds
Uncalled bet ($3) returned to -koen-2011
-koen-2011 collected $6 from pot
-koen-2011: doesn't show hand
*** SUMMARY ***
Total pot $6 | Rake $0
Seat 1: johannesmart (big blind) folded before Flop
Seat 2: -koen-2011 (button) (small blind) collected ($6)


PokerStars Hand #148359681558:  Hold'em Limit ($3/$6 USD) - 2016/02/06 17:43:37 ET
Table 'Oceana III' 2-max Seat #1 is the button
Seat 1: johannesmart ($159.30 in chips)
Seat 2: -koen-2011 ($163.96 in chips)
johannesmart: posts small blind $1
-koen-2011: posts big blind $3
*** HOLE CARDS ***
johannesmart: folds
Uncalled bet ($2) returned to -koen-2011
-koen-2011 collected $2 from pot
-koen-2011: doesn't show hand
*** SUMMARY ***
Total pot $2 | Rake $0
Seat 1: johannesmart (button) (small blind) folded before Flop
Seat 2: -koen-2011 (big blind) collected ($2)


PokerStars Hand #148359691610:  Hold'em Limit ($3/$6 USD) - 2016/02/06 17:43:48 ET
Table 'Oceana III' 2-max Seat #1 is the button
Seat 1: johannesmart ($155.30 in chips)
Seat 2: -koen-2011 ($167.96 in chips)
johannesmart: posts small blind $1
-koen-2011: posts big blind $3
*** HOLE CARDS ***
johannesmart: folds
Uncalled bet ($2) returned to -koen-2011
-koen-2011 collected $2 from pot
-koen-2011: doesn't show hand
*** SUMMARY ***
Total pot $2 | Rake $0
Seat 1: johannesmart (button) (small blind) folded before Flop
Seat 2: -koen-2011 (big blind) collected ($2)


PokerStars Hand #148359696408:  Hold'em Limit ($3/$6 USD) - 2016/02/06 17:43:54 ET
Table 'Oceana III' 2-max Seat #2 is the button
Seat 1: johannesmart ($154.30 in chips)
Seat 2: -koen-2011 ($168.96 in chips)
-koen-2011: posts small blind $1
johannesmart: posts big blind $3
*** HOLE CARDS ***
-koen-2011: folds
Uncalled bet ($2) returned to johannesmart
johannesmart collected $2 from pot
johannesmart: doesn't show hand
*** SUMMARY ***
Total pot $2 | Rake $0
Seat 1: johannesmart (big blind) collected ($2)
Seat 2: -koen-2011 (button) (small blind) folded before Flop


PokerStars Hand #148359705240:  Hold'em Limit ($3/$6 USD) - 2016/02/06 17:44:03 ET
Table 'Oceana III' 2-max Seat #1 is the button
Seat 1: johannesmart ($155.30 in chips)
Seat 2: -koen-2011 ($167.96 in chips)
johannesmart: posts small blind $1
-koen-2011: posts big blind $3
*** HOLE CARDS ***
johannesmart: raises $3 to $6
-koen-2011: calls $3
*** FLOP *** [3h 5c Td]
-koen-2011: checks
johannesmart: checks
*** TURN *** [3h 5c Td] [4s]
-koen-2011: checks
johannesmart: bets $6
-koen-2011: calls $6
*** RIVER *** [3h 5c Td 4s] [7s]
-koen-2011: checks
johannesmart: bets $6
-koen-2011: folds
Uncalled bet ($6) returned to johannesmart
johannesmart collected $23.52 from pot
johannesmart: doesn't show hand
*** SUMMARY ***
Total pot $24 | Rake $0.48
Board [3h 5c Td 4s 7s]
Seat 1: johannesmart (button) (small blind) collected ($23.52)
Seat 2: -koen-2011 (big blind) folded on the River


PokerStars Hand #148359728075:  Hold'em Limit ($3/$6 USD) - 2016/02/06 17:44:28 ET
Table 'Oceana III' 2-max Seat #2 is the button
Seat 1: johannesmart ($166.82 in chips)
Seat 2: -koen-2011 ($155.96 in chips)
-koen-2011: posts small blind $1
johannesmart: posts big blind $3
*** HOLE CARDS ***
-koen-2011: raises $3 to $6
johannesmart: folds
Uncalled bet ($3) returned to -koen-2011
-koen-2011 collected $6 from pot
-koen-2011: doesn't show hand
*** SUMMARY ***
Total pot $6 | Rake $0
Seat 1: johannesmart (big blind) folded before Flop
Seat 2: -koen-2011 (button) (small blind) collected ($6)


PokerStars Hand #148359751155:  Hold'em Limit ($3/$6 USD) - 2016/02/06 17:44:54 ET
Table 'Oceana III' 2-max Seat #2 is the button
Seat 1: johannesmart ($154.82 in chips)
Seat 2: -koen-2011 ($167.60 in chips)
-koen-2011: posts small blind $1
johannesmart: posts big blind $3
*** HOLE CARDS ***
-koen-2011: folds
Uncalled bet ($2) returned to johannesmart
johannesmart collected $2 from pot
johannesmart: doesn't show hand
*** SUMMARY ***
Total pot $2 | Rake $0
Seat 1: johannesmart (big blind) collected ($2)
Seat 2: -koen-2011 (button) (small blind) folded before Flop


PokerStars Hand #148359736865:  Hold'em Limit ($3/$6 USD) - 2016/02/06 17:44:38 ET
Table 'Oceana III' 2-max Seat #1 is the button
Seat 1: johannesmart ($163.82 in chips)
Seat 2: -koen-2011 ($158.96 in chips)
johannesmart: posts small blind $1
-koen-2011: posts big blind $3
*** HOLE CARDS ***
johannesmart: calls $2
-koen-2011: raises $3 to $6
johannesmart: calls $3
*** FLOP *** [7c Js 3d]
-koen-2011: bets $3
johannesmart: calls $3
*** TURN *** [7c Js 3d] [Ad]
-koen-2011: bets $6
johannesmart: folds
Uncalled bet ($6) returned to -koen-2011
-koen-2011 collected $17.64 from pot
-koen-2011: doesn't show hand
*** SUMMARY ***
Total pot $18 | Rake $0.36
Board [7c Js 3d Ad]
Seat 1: johannesmart (button) (small blind) folded on the Turn
Seat 2: -koen-2011 (big blind) collected ($17.64)


PokerStars Hand #148359755557:  Hold'em Limit ($3/$6 USD) - 2016/02/06 17:44:58 ET
Table 'Oceana III' 2-max Seat #1 is the button
Seat 1: johannesmart ($155.82 in chips)
Seat 2: -koen-2011 ($166.60 in chips)
johannesmart: posts small blind $1
-koen-2011: posts big blind $3
*** HOLE CARDS ***
johannesmart: calls $2
-koen-2011: raises $3 to $6
johannesmart: calls $3
*** FLOP *** [6h 8s Qd]
-koen-2011: bets $3
johannesmart: folds
Uncalled bet ($3) returned to -koen-2011
-koen-2011 collected $11.76 from pot
-koen-2011: doesn't show hand
*** SUMMARY ***
Total pot $12 | Rake $0.24
Board [6h 8s Qd]
Seat 1: johannesmart (button) (small blind) folded on the Flop
Seat 2: -koen-2011 (big blind) collected ($11.76)


PokerStars Hand #148359765461:  Hold'em Limit ($3/$6 USD) - 2016/02/06 17:45:09 ET
Table 'Oceana III' 2-max Seat #2 is the button
Seat 1: johannesmart ($149.82 in chips)
Seat 2: -koen-2011 ($172.36 in chips)
-koen-2011: posts small blind $1
johannesmart: posts big blind $3
*** HOLE CARDS ***
-koen-2011: folds
Uncalled bet ($2) returned to johannesmart
johannesmart collected $2 from pot
johannesmart: doesn't show hand
*** SUMMARY ***
Total pot $2 | Rake $0
Seat 1: johannesmart (big blind) collected ($2)
Seat 2: -koen-2011 (button) (small blind) folded before Flop


PokerStars Hand #148359771706:  Hold'em Limit ($3/$6 USD) - 2016/02/06 17:45:16 ET
Table 'Oceana III' 2-max Seat #1 is the button
Seat 1: johannesmart ($150.82 in chips)
Seat 2: -koen-2011 ($171.36 in chips)
johannesmart: posts small blind $1
-koen-2011: posts big blind $3
*** HOLE CARDS ***
johannesmart: calls $2
-koen-2011: checks
*** FLOP *** [9h Ah 6h]
-koen-2011: checks
johannesmart: bets $3
-koen-2011: folds
Uncalled bet ($3) returned to johannesmart
johannesmart collected $5.88 from pot
johannesmart: doesn't show hand
*** SUMMARY ***
Total pot $6 | Rake $0.12
Board [9h Ah 6h]
Seat 1: johannesmart (button) (small blind) collected ($5.88)
Seat 2: -koen-2011 (big blind) folded on the Flop


PokerStars Hand #148359786710:  Hold'em Limit ($3/$6 USD) - 2016/02/06 17:45:33 ET
Table 'Oceana III' 2-max Seat #1 is the button
Seat 1: johannesmart ($150.70 in chips)
Seat 2: -koen-2011 ($171.36 in chips)
johannesmart: posts small blind $1
-koen-2011: posts big blind $3
*** HOLE CARDS ***
johannesmart: folds
Uncalled bet ($2) returned to -koen-2011
-koen-2011 collected $2 from pot
-koen-2011: doesn't show hand
*** SUMMARY ***
Total pot $2 | Rake $0
Seat 1: johannesmart (button) (small blind) folded before Flop
Seat 2: -koen-2011 (big blind) collected ($2)


PokerStars Hand #148359781763:  Hold'em Limit ($3/$6 USD) - 2016/02/06 17:45:27 ET
Table 'Oceana III' 2-max Seat #2 is the button
Seat 1: johannesmart ($153.70 in chips)
Seat 2: -koen-2011 ($168.36 in chips)
-koen-2011: posts small blind $1
johannesmart: posts big blind $3
*** HOLE CARDS ***
-koen-2011: raises $3 to $6
johannesmart: folds
Uncalled bet ($3) returned to -koen-2011
-koen-2011 collected $6 from pot
-koen-2011: doesn't show hand
*** SUMMARY ***
Total pot $6 | Rake $0
Seat 1: johannesmart (big blind) folded before Flop
Seat 2: -koen-2011 (button) (small blind) collected ($6)


PokerStars Hand #148359791322:  Hold'em Limit ($3/$6 USD) - 2016/02/06 17:45:38 ET
Table 'Oceana III' 2-max Seat #2 is the button
Seat 1: johannesmart ($149.70 in chips)
Seat 2: -koen-2011 ($172.36 in chips)
-koen-2011: posts small blind $1
johannesmart: posts big blind $3
*** HOLE CARDS ***
-koen-2011: raises $3 to $6
johannesmart: calls $3
*** FLOP *** [3s Ah 5d]
johannesmart: checks
-koen-2011: bets $3
johannesmart: folds
Uncalled bet ($3) returned to -koen-2011
-koen-2011 collected $11.76 from pot
-koen-2011: doesn't show hand
*** SUMMARY ***
Total pot $12 | Rake $0.24
Board [3s Ah 5d]
Seat 1: johannesmart (big blind) folded on the Flop
Seat 2: -koen-2011 (button) (small blind) collected ($11.76)


PokerStars Hand #148359805185:  Hold'em Limit ($3/$6 USD) - 2016/02/06 17:45:52 ET
Table 'Oceana III' 2-max Seat #2 is the button
Seat 1: johannesmart ($142.70 in chips)
Seat 2: -koen-2011 ($179.12 in chips)
-koen-2011: posts small blind $1
johannesmart: posts big blind $3
*** HOLE CARDS ***
-koen-2011: folds
Uncalled bet ($2) returned to johannesmart
johannesmart collected $2 from pot
johannesmart: doesn't show hand
*** SUMMARY ***
Total pot $2 | Rake $0
Seat 1: johannesmart (big blind) collected ($2)
Seat 2: -koen-2011 (button) (small blind) folded before Flop


PokerStars Hand #148359800328:  Hold'em Limit ($3/$6 USD) - 2016/02/06 17:45:47 ET
Table 'Oceana III' 2-max Seat #1 is the button
Seat 1: johannesmart ($143.70 in chips)
Seat 2: -koen-2011 ($178.12 in chips)
johannesmart: posts small blind $1
-koen-2011: posts big blind $3
*** HOLE CARDS ***
johannesmart: folds
Uncalled bet ($2) returned to -koen-2011
-koen-2011 collected $2 from pot
-koen-2011: doesn't show hand
*** SUMMARY ***
Total pot $2 | Rake $0
Seat 1: johannesmart (button) (small blind) folded before Flop
Seat 2: -koen-2011 (big blind) collected ($2)


PokerStars Hand #148359809424:  Hold'em Limit ($3/$6 USD) - 2016/02/06 17:45:57 ET
Table 'Oceana III' 2-max Seat #1 is the button
Seat 1: johannesmart ($143.70 in chips)
Seat 2: -koen-2011 ($178.12 in chips)
johannesmart: posts small blind $1
-koen-2011: posts big blind $3
*** HOLE CARDS ***
johannesmart: raises $3 to $6
-koen-2011: raises $3 to $9
johannesmart: calls $3
*** FLOP *** [2d 6c Qs]
-koen-2011: bets $3
johannesmart: calls $3
*** TURN *** [2d 6c Qs] [Kh]
-koen-2011: bets $6
johannesmart: folds
Uncalled bet ($6) returned to -koen-2011
-koen-2011 collected $23.52 from pot
-koen-2011: doesn't show hand
*** SUMMARY ***
Total pot $24 | Rake $0.48
Board [2d 6c Qs Kh]
Seat 1: johannesmart (button) (small blind) folded on the Turn
Seat 2: -koen-2011 (big blind) collected ($23.52)


PokerStars Hand #148359820905:  Hold'em Limit ($3/$6 USD) - 2016/02/06 17:46:10 ET
Table 'Oceana III' 2-max Seat #2 is the button
Seat 1: johannesmart ($131.70 in chips)
Seat 2: -koen-2011 ($189.64 in chips)
-koen-2011: posts small blind $1
johannesmart: posts big blind $3
*** HOLE CARDS ***
-koen-2011: raises $3 to $6
johannesmart: calls $3
*** FLOP *** [6c 3c 5s]
johannesmart: checks
-koen-2011: bets $3
johannesmart: calls $3
*** TURN *** [6c 3c 5s] [8s]
johannesmart: checks
-koen-2011: checks
*** RIVER *** [6c 3c 5s 8s] [5h]
johannesmart: checks
-koen-2011: bets $6
johannesmart: folds
Uncalled bet ($6) returned to -koen-2011
-koen-2011 collected $17.64 from pot
-koen-2011: doesn't show hand
*** SUMMARY ***
Total pot $18 | Rake $0.36
Board [6c 3c 5s 8s 5h]
Seat 1: johannesmart (big blind) folded on the River
Seat 2: -koen-2011 (button) (small blind) collected ($17.64)


PokerStars Hand #148359854201:  Hold'em Limit ($3/$6 USD) - 2016/02/06 17:46:46 ET
Table 'Oceana III' 2-max Seat #2 is the button
Seat 1: johannesmart ($143.20 in chips)
Seat 2: -koen-2011 ($177.28 in chips)
-koen-2011: posts small blind $1
johannesmart: posts big blind $3
*** HOLE CARDS ***
-koen-2011: folds
Uncalled bet ($2) returned to johannesmart
johannesmart collected $2 from pot
johannesmart: doesn't show hand
*** SUMMARY ***
Total pot $2 | Rake $0
Seat 1: johannesmart (big blind) collected ($2)
Seat 2: -koen-2011 (button) (small blind) folded before Flop


PokerStars Hand #148359836463:  Hold'em Limit ($3/$6 USD) - 2016/02/06 17:46:27 ET
Table 'Oceana III' 2-max Seat #1 is the button
Seat 1: johannesmart ($122.70 in chips)
Seat 2: -koen-2011 ($198.28 in chips)
johannesmart: posts small blind $1
-koen-2011: posts big blind $3
*** HOLE CARDS ***
johannesmart: raises $3 to $6
-koen-2011: calls $3
*** FLOP *** [2h 8s Kd]
-koen-2011: checks
johannesmart: bets $3
-koen-2011: calls $3
*** TURN *** [2h 8s Kd] [5s]
-koen-2011: checks
johannesmart: bets $6
-koen-2011: calls $6
*** RIVER *** [2h 8s Kd 5s] [As]
-koen-2011: checks
johannesmart: bets $6
-koen-2011: calls $6
*** SHOW DOWN ***
johannesmart: shows [Tc Kh] (a pair of Kings)
-koen-2011: mucks hand
johannesmart collected $41.50 from pot
*** SUMMARY ***
Total pot $42 | Rake $0.50
Board [2h 8s Kd 5s As]
Seat 1: johannesmart (button) (small blind) showed [Tc Kh] and won ($41.50) with a pair of Kings
Seat 2: -koen-2011 (big blind) mucked


PokerStars Hand #148359900253:  Hold'em Limit ($3/$6 USD) - 2016/02/06 17:47:37 ET
Table 'Oceana III' 2-max Seat #1 is the button
Seat 1: johannesmart ($181.20 in chips)
Seat 2: -koen-2011 ($138.04 in chips)
johannesmart: posts small blind $1
-koen-2011: posts big blind $3
*** HOLE CARDS ***
johannesmart: folds
Uncalled bet ($2) returned to -koen-2011
-koen-2011 collected $2 from pot
-koen-2011: doesn't show hand
*** SUMMARY ***
Total pot $2 | Rake $0
Seat 1: johannesmart (button) (small blind) folded before Flop
Seat 2: -koen-2011 (big blind) collected ($2)


PokerStars Hand #148359883993:  Hold'em Limit ($3/$6 USD) - 2016/02/06 17:47:19 ET
Table 'Oceana III' 2-max Seat #2 is the button
Seat 1: johannesmart ($160.70 in chips)
Seat 2: -koen-2011 ($159.04 in chips)
-koen-2011: posts small blind $1
johannesmart: posts big blind $3
*** HOLE CARDS ***
-koen-2011: raises $3 to $6
johannesmart: calls $3
*** FLOP *** [8h Tc 7h]
johannesmart: bets $3
-koen-2011: calls $3
*** TURN *** [8h Tc 7h] [Ah]
johannesmart: checks
-koen-2011: bets $6
johannesmart: calls $6
*** RIVER *** [8h Tc 7h Ah] [Kc]
johannesmart: checks
-koen-2011: bets $6
johannesmart: calls $6
*** SHOW DOWN ***
-koen-2011: shows [Td 5c] (a pair of Tens)
johannesmart: shows [7d 8s] (two pair, Eights and Sevens)
johannesmart collected $41.50 from pot
*** SUMMARY ***
Total pot $42 | Rake $0.50
Board [8h Tc 7h Ah Kc]
Seat 1: johannesmart (big blind) showed [7d 8s] and won ($41.50) with two pair, Eights and Sevens
Seat 2: -koen-2011 (button) (small blind) showed [Td 5c] and lost with a pair of Tens


PokerStars Hand #148359871166:  Hold'em Limit ($3/$6 USD) - 2016/02/06 17:47:05 ET
Table 'Oceana III' 2-max Seat #1 is the button
Seat 1: johannesmart ($137.20 in chips)
Seat 2: -koen-2011 ($183.04 in chips)
johannesmart: posts small blind $1
-koen-2011: posts big blind $3
*** HOLE CARDS ***
johannesmart: raises $3 to $6
-koen-2011: raises $3 to $9
johannesmart: calls $3
*** FLOP *** [Jd Kd Jc]
-koen-2011: bets $3
johannesmart: calls $3
*** TURN *** [Jd Kd Jc] [Qs]
-koen-2011: bets $6
johannesmart: calls $6
*** RIVER *** [Jd Kd Jc Qs] [8h]
-koen-2011: bets $6
johannesmart: calls $6
*** SHOW DOWN ***
-koen-2011: shows [7h 7s] (two pair, Jacks and Sevens)
johannesmart: shows [Qd Ac] (two pair, Queens and Jacks)
johannesmart collected $47.50 from pot
*** SUMMARY ***
Total pot $48 | Rake $0.50
Board [Jd Kd Jc Qs 8h]
Seat 1: johannesmart (button) (small blind) showed [Qd Ac] and won ($47.50) with two pair, Queens and Jacks
Seat 2: -koen-2011 (big blind) showed [7h 7s] and lost with two pair, Jacks and Sevens


PokerStars Hand #148359863052:  Hold'em Limit ($3/$6 USD) - 2016/02/06 17:46:56 ET
Table 'Oceana III' 2-max Seat #2 is the button
Seat 1: johannesmart ($143.20 in chips)
Seat 2: -koen-2011 ($177.28 in chips)
-koen-2011: posts small blind $1
johannesmart: posts big blind $3
*** HOLE CARDS ***
-koen-2011: raises $3 to $6
johannesmart: calls $3
*** FLOP *** [Th 6d 8d]
johannesmart: checks
-koen-2011: bets $3
johannesmart: folds
Uncalled bet ($3) returned to -koen-2011
-koen-2011 collected $11.76 from pot
-koen-2011: doesn't show hand
*** SUMMARY ***
Total pot $12 | Rake $0.24
Board [Th 6d 8d]
Seat 1: johannesmart (big blind) folded on the Flop
Seat 2: -koen-2011 (button) (small blind) collected ($11.76)


PokerStars Hand #148359858587:  Hold'em Limit ($3/$6 USD) - 2016/02/06 17:46:51 ET
Table 'Oceana III' 2-max Seat #1 is the button
Seat 1: johannesmart ($144.20 in chips)
Seat 2: -koen-2011 ($176.28 in chips)
johannesmart: posts small blind $1
-koen-2011: posts big blind $3
*** HOLE CARDS ***
johannesmart: folds
Uncalled bet ($2) returned to -koen-2011
-koen-2011 collected $2 from pot
-koen-2011: doesn't show hand
*** SUMMARY ***
Total pot $2 | Rake $0
Seat 1: johannesmart (button) (small blind) folded before Flop
Seat 2: -koen-2011 (big blind) collected ($2)


PokerStars Hand #148359949907:  Hold'em Limit ($3/$6 USD) - 2016/02/06 17:48:32 ET
Table 'Oceana III' 2-max Seat #2 is the button
Seat 1: johannesmart ($190.70 in chips)
Seat 2: -koen-2011 ($127.80 in chips)
-koen-2011: posts small blind $1
johannesmart: posts big blind $3
*** HOLE CARDS ***
-koen-2011: folds
Uncalled bet ($2) returned to johannesmart
johannesmart collected $2 from pot
johannesmart: doesn't show hand
*** SUMMARY ***
Total pot $2 | Rake $0
Seat 1: johannesmart (big blind) collected ($2)
Seat 2: -koen-2011 (button) (small blind) folded before Flop


PokerStars Hand #148359944460:  Hold'em Limit ($3/$6 USD) - 2016/02/06 17:48:26 ET
Table 'Oceana III' 2-max Seat #1 is the button
Seat 1: johannesmart ($187.70 in chips)
Seat 2: -koen-2011 ($130.80 in chips)
johannesmart: posts small blind $1
-koen-2011: posts big blind $3
*** HOLE CARDS ***
johannesmart: raises $3 to $6
-koen-2011: folds
Uncalled bet ($3) returned to johannesmart
johannesmart collected $6 from pot
johannesmart: doesn't show hand
*** SUMMARY ***
Total pot $6 | Rake $0
Seat 1: johannesmart (button) (small blind) collected ($6)
Seat 2: -koen-2011 (big blind) folded before Flop


PokerStars Hand #148359935714:  Hold'em Limit ($3/$6 USD) - 2016/02/06 17:48:16 ET
Table 'Oceana III' 2-max Seat #2 is the button
Seat 1: johannesmart ($193.70 in chips)
Seat 2: -koen-2011 ($125.04 in chips)
-koen-2011: posts small blind $1
johannesmart: posts big blind $3
*** HOLE CARDS ***
-koen-2011: raises $3 to $6
johannesmart: calls $3
*** FLOP *** [5c Ah Jd]
johannesmart: checks
-koen-2011: bets $3
johannesmart: folds
Uncalled bet ($3) returned to -koen-2011
-koen-2011 collected $11.76 from pot
-koen-2011: doesn't show hand
*** SUMMARY ***
Total pot $12 | Rake $0.24
Board [5c Ah Jd]
Seat 1: johannesmart (big blind) folded on the Flop
Seat 2: -koen-2011 (button) (small blind) collected ($11.76)


PokerStars Hand #148359931392:  Hold'em Limit ($3/$6 USD) - 2016/02/06 17:48:11 ET
Table 'Oceana III' 2-max Seat #1 is the button
Seat 1: johannesmart ($194.70 in chips)
Seat 2: -koen-2011 ($124.04 in chips)
johannesmart: posts small blind $1
-koen-2011: posts big blind $3
*** HOLE CARDS ***
johannesmart: folds
Uncalled bet ($2) returned to -koen-2011
-koen-2011 collected $2 from pot
-koen-2011: doesn't show hand
*** SUMMARY ***
Total pot $2 | Rake $0
Seat 1: johannesmart (button) (small blind) folded before Flop
Seat 2: -koen-2011 (big blind) collected ($2)


PokerStars Hand #148359925613:  Hold'em Limit ($3/$6 USD) - 2016/02/06 17:48:05 ET
Table 'Oceana III' 2-max Seat #2 is the button
Seat 1: johannesmart ($197.70 in chips)
Seat 2: -koen-2011 ($121.04 in chips)
-koen-2011: posts small blind $1
johannesmart: posts big blind $3
*** HOLE CARDS ***
-koen-2011: raises $3 to $6
johannesmart: folds
Uncalled bet ($3) returned to -koen-2011
-koen-2011 collected $6 from pot
-koen-2011: doesn't show hand
*** SUMMARY ***
Total pot $6 | Rake $0
Seat 1: johannesmart (big blind) folded before Flop
Seat 2: -koen-2011 (button) (small blind) collected ($6)


PokerStars Hand #148359919549:  Hold'em Limit ($3/$6 USD) - 2016/02/06 17:47:58 ET
Table 'Oceana III' 2-max Seat #1 is the button
Seat 1: johannesmart ($194.70 in chips)
Seat 2: -koen-2011 ($124.04 in chips)
johannesmart: posts small blind $1
-koen-2011: posts big blind $3
*** HOLE CARDS ***
johannesmart: raises $3 to $6
-koen-2011: folds
Uncalled bet ($3) returned to johannesmart
johannesmart collected $6 from pot
johannesmart: doesn't show hand
*** SUMMARY ***
Total pot $6 | Rake $0
Seat 1: johannesmart (button) (small blind) collected ($6)
Seat 2: -koen-2011 (big blind) folded before Flop


PokerStars Hand #148359904693:  Hold'em Limit ($3/$6 USD) - 2016/02/06 17:47:42 ET
Table 'Oceana III' 2-max Seat #2 is the button
Seat 1: johannesmart ($180.20 in chips)
Seat 2: -koen-2011 ($139.04 in chips)
-koen-2011: posts small blind $1
johannesmart: posts big blind $3
*** HOLE CARDS ***
-koen-2011: raises $3 to $6
johannesmart: calls $3
*** FLOP *** [5c Qh 5h]
johannesmart: checks
-koen-2011: bets $3
johannesmart: calls $3
*** TURN *** [5c Qh 5h] [Jh]
johannesmart: checks
-koen-2011: bets $6
johannesmart: calls $6
*** RIVER *** [5c Qh 5h Jh] [6h]
johannesmart: checks
-koen-2011: checks
*** SHOW DOWN ***
johannesmart: shows [Qc As] (two pair, Queens and Fives)
-koen-2011: mucks hand
johannesmart collected $29.50 from pot
*** SUMMARY ***
Total pot $30 | Rake $0.50
Board [5c Qh 5h Jh 6h]
Seat 1: johannesmart (big blind) showed [Qc As] and won ($29.50) with two pair, Queens and Fives
Seat 2: -koen-2011 (button) (small blind) mucked


PokerStars Hand #148359987957:  Hold'em Limit ($3/$6 USD) - 2016/02/06 17:49:14 ET
Table 'Oceana III' 2-max Seat #2 is the button
Seat 1: johannesmart ($194.58 in chips)
Seat 2: -koen-2011 ($123.80 in chips)
-koen-2011: posts small blind $1
johannesmart: posts big blind $3
*** HOLE CARDS ***
-koen-2011: raises $3 to $6
johannesmart: raises $3 to $9
-koen-2011: calls $3
*** FLOP *** [Qc Qs As]
johannesmart: checks
-koen-2011: checks
*** TURN *** [Qc Qs As] [8c]
johannesmart: checks
-koen-2011: checks
*** RIVER *** [Qc Qs As 8c] [Ah]
johannesmart: bets $6
-koen-2011: folds
Uncalled bet ($6) returned to johannesmart
johannesmart collected $17.64 from pot
johannesmart: doesn't show hand
*** SUMMARY ***
Total pot $18 | Rake $0.36
Board [Qc Qs As 8c Ah]
Seat 1: johannesmart (big blind) collected ($17.64)
Seat 2: -koen-2011 (button) (small blind) folded on the River


PokerStars Hand #148359981696:  Hold'em Limit ($3/$6 USD) - 2016/02/06 17:49:07 ET
Table 'Oceana III' 2-max Seat #1 is the button
Seat 1: johannesmart ($191.58 in chips)
Seat 2: -koen-2011 ($126.80 in chips)
johannesmart: posts small blind $1
-koen-2011: posts big blind $3
*** HOLE CARDS ***
johannesmart: raises $3 to $6
-koen-2011: folds
Uncalled bet ($3) returned to johannesmart
johannesmart collected $6 from pot
johannesmart: doesn't show hand
*** SUMMARY ***
Total pot $6 | Rake $0
Seat 1: johannesmart (button) (small blind) collected ($6)
Seat 2: -koen-2011 (big blind) folded before Flop


PokerStars Hand #148359976661:  Hold'em Limit ($3/$6 USD) - 2016/02/06 17:49:02 ET
Table 'Oceana III' 2-max Seat #2 is the button
Seat 1: johannesmart ($194.58 in chips)
Seat 2: -koen-2011 ($123.80 in chips)
-koen-2011: posts small blind $1
johannesmart: posts big blind $3
*** HOLE CARDS ***
-koen-2011: raises $3 to $6
johannesmart: folds
Uncalled bet ($3) returned to -koen-2011
-koen-2011 collected $6 from pot
-koen-2011: doesn't show hand
*** SUMMARY ***
Total pot $6 | Rake $0
Seat 1: johannesmart (big blind) folded before Flop
Seat 2: -koen-2011 (button) (small blind) collected ($6)


PokerStars Hand #148359972387:  Hold'em Limit ($3/$6 USD) - 2016/02/06 17:48:57 ET
Table 'Oceana III' 2-max Seat #1 is the button
Seat 1: johannesmart ($195.58 in chips)
Seat 2: -koen-2011 ($122.80 in chips)
johannesmart: posts small blind $1
-koen-2011: posts big blind $3
*** HOLE CARDS ***
johannesmart: folds
Uncalled bet ($2) returned to -koen-2011
-koen-2011 collected $2 from pot
-koen-2011: doesn't show hand
*** SUMMARY ***
Total pot $2 | Rake $0
Seat 1: johannesmart (button) (small blind) folded before Flop
Seat 2: -koen-2011 (big blind) collected ($2)


PokerStars Hand #148359966872:  Hold'em Limit ($3/$6 USD) - 2016/02/06 17:48:51 ET
Table 'Oceana III' 2-max Seat #2 is the button
Seat 1: johannesmart ($194.58 in chips)
Seat 2: -koen-2011 ($123.80 in chips)
-koen-2011: posts small blind $1
johannesmart: posts big blind $3
*** HOLE CARDS ***
-koen-2011: folds
Uncalled bet ($2) returned to johannesmart
johannesmart collected $2 from pot
johannesmart: doesn't show hand
*** SUMMARY ***
Total pot $2 | Rake $0
Seat 1: johannesmart (big blind) collected ($2)
Seat 2: -koen-2011 (button) (small blind) folded before Flop


PokerStars Hand #148359954373:  Hold'em Limit ($3/$6 USD) - 2016/02/06 17:48:37 ET
Table 'Oceana III' 2-max Seat #1 is the button
Seat 1: johannesmart ($191.70 in chips)
Seat 2: -koen-2011 ($126.80 in chips)
johannesmart: posts small blind $1
-koen-2011: posts big blind $3
*** HOLE CARDS ***
johannesmart: calls $2
-koen-2011: checks
*** FLOP *** [4c 7s Ah]
-koen-2011: checks
johannesmart: checks
*** TURN *** [4c 7s Ah] [9h]
-koen-2011: checks
johannesmart: checks
*** RIVER *** [4c 7s Ah 9h] [3s]
-koen-2011: checks
johannesmart: checks
*** SHOW DOWN ***
-koen-2011: shows [5d Th] (high card Ace)
johannesmart: shows [Qs 5c] (high card Ace - Queen kicker)
johannesmart collected $5.88 from pot
*** SUMMARY ***
Total pot $6 | Rake $0.12
Board [4c 7s Ah 9h 3s]
Seat 1: johannesmart (button) (small blind) showed [Qs 5c] and won ($5.88) with high card Ace
Seat 2: -koen-2011 (big blind) showed [5d Th] and lost with high card Ace


PokerStars Hand #148360019382:  Hold'em Limit ($3/$6 USD) - 2016/02/06 17:49:49 ET
Table 'Oceana III' 2-max Seat #2 is the button
Seat 1: johannesmart ($197.22 in chips)
Seat 2: -koen-2011 ($125.76 in chips)
-koen-2011: posts small blind $1
johannesmart: posts big blind $3
*** HOLE CARDS ***
-koen-2011: raises $3 to $6
johannesmart: folds
Uncalled bet ($3) returned to -koen-2011
-koen-2011 collected $6 from pot
-koen-2011: doesn't show hand
*** SUMMARY ***
Total pot $6 | Rake $0
Seat 1: johannesmart (big blind) folded before Flop
Seat 2: -koen-2011 (button) (small blind) collected ($6)


PokerStars Hand #148360038594:  Hold'em Limit ($3/$6 USD) - 2016/02/06 17:50:11 ET
Table 'Oceana III' 2-max Seat #1 is the button
Seat 1: johannesmart ($188.22 in chips)
Seat 2: -koen-2011 ($134.64 in chips)
johannesmart: posts small blind $1
-koen-2011: posts big blind $3
*** HOLE CARDS ***
johannesmart: folds
Uncalled bet ($2) returned to -koen-2011
johannesmart leaves the table
-koen-2011 collected $2 from pot
-koen-2011: doesn't show hand
*** SUMMARY ***
Total pot $2 | Rake $0
Seat 1: johannesmart (button) (small blind) folded before Flop
Seat 2: -koen-2011 (big blind) collected ($2)


PokerStars Hand #148360033503:  Hold'em Limit ($3/$6 USD) - 2016/02/06 17:50:05 ET
Table 'Oceana III' 2-max Seat #2 is the button
Seat 1: johannesmart ($191.22 in chips)
Seat 2: -koen-2011 ($131.64 in chips)
-koen-2011: posts small blind $1
johannesmart: posts big blind $3
*** HOLE CARDS ***
-koen-2011: raises $3 to $6
johannesmart: folds
Uncalled bet ($3) returned to -koen-2011
-koen-2011 collected $6 from pot
-koen-2011: doesn't show hand
*** SUMMARY ***
Total pot $6 | Rake $0
Seat 1: johannesmart (big blind) folded before Flop
Seat 2: -koen-2011 (button) (small blind) collected ($6)


PokerStars Hand #148360024670:  Hold'em Limit ($3/$6 USD) - 2016/02/06 17:49:56 ET
Table 'Oceana III' 2-max Seat #1 is the button
Seat 1: johannesmart ($194.22 in chips)
Seat 2: -koen-2011 ($128.76 in chips)
johannesmart: posts small blind $1
-koen-2011: posts big blind $3
*** HOLE CARDS ***
johannesmart: calls $2
-koen-2011: checks
*** FLOP *** [Tc 5d 5c]
-koen-2011: bets $3
johannesmart: folds
Uncalled bet ($3) returned to -koen-2011
-koen-2011 collected $5.88 from pot
-koen-2011: doesn't show hand
*** SUMMARY ***
Total pot $6 | Rake $0.12
Board [Tc 5d 5c]
Seat 1: johannesmart (button) (small blind) folded on the Flop
Seat 2: -koen-2011 (big blind) collected ($5.88)


PokerStars Hand #148360004691:  Hold'em Limit ($3/$6 USD) - 2016/02/06 17:49:33 ET
Table 'Oceana III' 2-max Seat #1 is the button
Seat 1: johannesmart ($203.22 in chips)
Seat 2: -koen-2011 ($120 in chips)
johannesmart: posts small blind $1
-koen-2011: posts big blind $3
*** HOLE CARDS ***
johannesmart: calls $2
-koen-2011: raises $3 to $6
johannesmart: calls $3
*** FLOP *** [2s Ts 2h]
-koen-2011: bets $3
johannesmart: folds
Uncalled bet ($3) returned to -koen-2011
-koen-2011 collected $11.76 from pot
-koen-2011: doesn't show hand
*** SUMMARY ***
Total pot $12 | Rake $0.24
Board [2s Ts 2h]
Seat 1: johannesmart (button) (small blind) folded on the Flop
Seat 2: -koen-2011 (big blind) collected ($11.76)


