PokerStars Hand #144337664587:  Hold'em Limit ($3/$6 USD) - 2015/11/24 18:38:38 ET
Table 'Oceana' 2-max Seat #1 is the button
Seat 1: kontsevitch ($102 in chips)
Seat 2: IntoTheAiR ($137.50 in chips)
kontsevitch: posts small blind $1
IntoTheAiR: posts big blind $3
*** HOLE CARDS ***
kontsevitch: raises $3 to $6
IntoTheAiR: folds
Uncalled bet ($3) returned to kontsevitch
kontsevitch collected $6 from pot
*** SUMMARY ***
Total pot $6 | Rake $0
Seat 1: kontsevitch (button) (small blind) collected ($6)
Seat 2: IntoTheAiR (big blind) folded before Flop


PokerStars Hand #144337816558:  Hold'em Limit ($3/$6 USD) - 2015/11/24 18:42:09 ET
Table 'Oceana' 2-max Seat #2 is the button
Seat 1: kontsevitch ($106.76 in chips)
Seat 2: IntoTheAiR ($189.26 in chips)
IntoTheAiR: posts small blind $1
kontsevitch: posts big blind $3
*** HOLE CARDS ***
IntoTheAiR: raises $3 to $6
kontsevitch: raises $3 to $9
IntoTheAiR: calls $3
*** FLOP *** [As Ah Ac]
kontsevitch: bets $3
IntoTheAiR: calls $3
*** TURN *** [As Ah Ac] [8h]
kontsevitch: bets $6
IntoTheAiR: raises $6 to $12
kontsevitch: calls $6
*** RIVER *** [As Ah Ac 8h] [5s]
kontsevitch: checks
IntoTheAiR: bets $6
kontsevitch: calls $6
*** SHOW DOWN ***
IntoTheAiR: shows [Th Tc] (a full house, Aces full of Tens)
kontsevitch: mucks hand
IntoTheAiR collected $59.50 from pot
*** SUMMARY ***
Total pot $60 | Rake $0.50
Board [As Ah Ac 8h 5s]
Seat 1: kontsevitch (big blind) mucked
Seat 2: IntoTheAiR (button) (small blind) showed [Th Tc] and won ($59.50) with a full house, Aces full of Tens


PokerStars Hand #144337784922:  Hold'em Limit ($3/$6 USD) - 2015/11/24 18:41:25 ET
Table 'Oceana' 2-max Seat #2 is the button
Seat 1: kontsevitch ($47.26 in chips)
Seat 2: IntoTheAiR ($189.76 in chips)
IntoTheAiR: posts small blind $1
kontsevitch: posts big blind $3
*** HOLE CARDS ***
IntoTheAiR: raises $3 to $6
kontsevitch: calls $3
*** FLOP *** [5d 7h Ah]
kontsevitch: checks
IntoTheAiR: bets $3
kontsevitch: calls $3
*** TURN *** [5d 7h Ah] [2h]
kontsevitch: checks
IntoTheAiR: bets $6
kontsevitch: calls $6
*** RIVER *** [5d 7h Ah 2h] [7d]
kontsevitch: checks
IntoTheAiR: bets $6
kontsevitch: calls $6
*** SHOW DOWN ***
IntoTheAiR: shows [9d 7c] (three of a kind, Sevens)
kontsevitch: mucks hand
IntoTheAiR collected $41.50 from pot
*** SUMMARY ***
Total pot $42 | Rake $0.50
Board [5d 7h Ah 2h 7d]
Seat 1: kontsevitch (big blind) mucked
Seat 2: IntoTheAiR (button) (small blind) showed [9d 7c] and won ($41.50) with three of a kind, Sevens


PokerStars Hand #144337801392:  Hold'em Limit ($3/$6 USD) - 2015/11/24 18:41:48 ET
Table 'Oceana' 2-max Seat #1 is the button
Seat 1: kontsevitch ($26.26 in chips)
Seat 2: IntoTheAiR ($210.26 in chips)
kontsevitch: posts small blind $1
IntoTheAiR: posts big blind $3
*** HOLE CARDS ***
kontsevitch: raises $3 to $6
IntoTheAiR: calls $3
*** FLOP *** [2s 5s 8s]
IntoTheAiR: checks
kontsevitch: bets $3
IntoTheAiR: calls $3
*** TURN *** [2s 5s 8s] [Jc]
IntoTheAiR: checks
kontsevitch: bets $6
IntoTheAiR: calls $6
*** RIVER *** [2s 5s 8s Jc] [3h]
IntoTheAiR: checks
kontsevitch: bets $6
IntoTheAiR: calls $6
*** SHOW DOWN ***
kontsevitch: shows [Qc 8d] (a pair of Eights)
IntoTheAiR: mucks hand
kontsevitch collected $41.50 from pot
*** SUMMARY ***
Total pot $42 | Rake $0.50
Board [2s 5s 8s Jc 3h]
Seat 1: kontsevitch (button) (small blind) showed [Qc 8d] and won ($41.50) with a pair of Eights
Seat 2: IntoTheAiR (big blind) mucked


PokerStars Hand #144337847456:  Hold'em Limit ($3/$6 USD) - 2015/11/24 18:42:52 ET
Table 'Oceana' 2-max Seat #2 is the button
Seat 1: kontsevitch ($64.76 in chips)
Seat 2: IntoTheAiR ($230.28 in chips)
IntoTheAiR: posts small blind $1
kontsevitch: posts big blind $3
*** HOLE CARDS ***
IntoTheAiR: raises $3 to $6
kontsevitch: folds
Uncalled bet ($3) returned to IntoTheAiR
IntoTheAiR collected $6 from pot
IntoTheAiR: doesn't show hand
*** SUMMARY ***
Total pot $6 | Rake $0
Seat 1: kontsevitch (big blind) folded before Flop
Seat 2: IntoTheAiR (button) (small blind) collected ($6)


PokerStars Hand #144337828378:  Hold'em Limit ($3/$6 USD) - 2015/11/24 18:42:25 ET
Table 'Oceana' 2-max Seat #1 is the button
Seat 1: kontsevitch ($76.76 in chips)
Seat 2: IntoTheAiR ($218.76 in chips)
kontsevitch: posts small blind $1
IntoTheAiR: posts big blind $3
*** HOLE CARDS ***
kontsevitch: raises $3 to $6
IntoTheAiR: calls $3
*** FLOP *** [Tc 7s 8h]
IntoTheAiR: checks
kontsevitch: checks
*** TURN *** [Tc 7s 8h] [Kh]
IntoTheAiR: checks
kontsevitch: bets $6
IntoTheAiR: calls $6
*** RIVER *** [Tc 7s 8h Kh] [Jd]
IntoTheAiR: checks
kontsevitch: checks
*** SHOW DOWN ***
IntoTheAiR: shows [Qc 9c] (a straight, Nine to King)
kontsevitch: mucks hand
IntoTheAiR collected $23.52 from pot
*** SUMMARY ***
Total pot $24 | Rake $0.48
Board [Tc 7s 8h Kh Jd]
Seat 1: kontsevitch (button) (small blind) mucked
Seat 2: IntoTheAiR (big blind) showed [Qc 9c] and won ($23.52) with a straight, Nine to King


PokerStars Hand #144337851825:  Hold'em Limit ($3/$6 USD) - 2015/11/24 18:42:58 ET
Table 'Oceana' 2-max Seat #1 is the button
Seat 1: kontsevitch ($61.76 in chips)
Seat 2: IntoTheAiR ($233.28 in chips)
kontsevitch: posts small blind $1
IntoTheAiR: posts big blind $3
*** HOLE CARDS ***
kontsevitch: raises $3 to $6
IntoTheAiR: calls $3
*** FLOP *** [7c 2s Jd]
IntoTheAiR: checks
kontsevitch: bets $3
IntoTheAiR: calls $3
*** TURN *** [7c 2s Jd] [3s]
IntoTheAiR: checks
kontsevitch: bets $6
IntoTheAiR: calls $6
*** RIVER *** [7c 2s Jd 3s] [8d]
IntoTheAiR: checks
kontsevitch: checks
*** SHOW DOWN ***
IntoTheAiR: shows [Qs 8s] (a pair of Eights)
kontsevitch: mucks hand
IntoTheAiR collected $29.50 from pot
*** SUMMARY ***
Total pot $30 | Rake $0.50
Board [7c 2s Jd 3s 8d]
Seat 1: kontsevitch (button) (small blind) mucked
Seat 2: IntoTheAiR (big blind) showed [Qs 8s] and won ($29.50) with a pair of Eights


PokerStars Hand #144337869154:  Hold'em Limit ($3/$6 USD) - 2015/11/24 18:43:22 ET
Table 'Oceana' 2-max Seat #2 is the button
Seat 1: kontsevitch ($46.76 in chips)
Seat 2: IntoTheAiR ($247.78 in chips)
IntoTheAiR: posts small blind $1
kontsevitch: posts big blind $3
*** HOLE CARDS ***
IntoTheAiR: raises $3 to $6
kontsevitch: raises $3 to $9
IntoTheAiR: calls $3
*** FLOP *** [As 3s Ks]
kontsevitch: bets $3
IntoTheAiR: folds
Uncalled bet ($3) returned to kontsevitch
kontsevitch said, "lol"
kontsevitch collected $17.64 from pot
kontsevitch: doesn't show hand
*** SUMMARY ***
Total pot $18 | Rake $0.36
Board [As 3s Ks]
Seat 1: kontsevitch (big blind) collected ($17.64)
Seat 2: IntoTheAiR (button) (small blind) folded on the Flop


PokerStars Hand #144337897241:  Hold'em Limit ($3/$6 USD) - 2015/11/24 18:44:01 ET
Table 'Oceana' 2-max Seat #1 is the button
Seat 1: kontsevitch ($34.40 in chips)
Seat 2: IntoTheAiR ($259.28 in chips)
kontsevitch: posts small blind $1
IntoTheAiR: posts big blind $3
*** HOLE CARDS ***
kontsevitch: raises $3 to $6
IntoTheAiR: calls $3
*** FLOP *** [2s 5h 9h]
IntoTheAiR: checks
kontsevitch: bets $3
IntoTheAiR: calls $3
*** TURN *** [2s 5h 9h] [5s]
IntoTheAiR: checks
kontsevitch: bets $6
IntoTheAiR: calls $6
*** RIVER *** [2s 5h 9h 5s] [7s]
IntoTheAiR: checks
kontsevitch: bets $6
IntoTheAiR: calls $6
*** SHOW DOWN ***
kontsevitch: shows [Jh 9d] (two pair, Nines and Fives)
IntoTheAiR: mucks hand
kontsevitch collected $41.50 from pot
*** SUMMARY ***
Total pot $42 | Rake $0.50
Board [2s 5h 9h 5s 7s]
Seat 1: kontsevitch (button) (small blind) showed [Jh 9d] and won ($41.50) with two pair, Nines and Fives
Seat 2: IntoTheAiR (big blind) mucked


PokerStars Hand #144337882356:  Hold'em Limit ($3/$6 USD) - 2015/11/24 18:43:40 ET
Table 'Oceana' 2-max Seat #2 is the button
Seat 1: kontsevitch ($58.40 in chips)
Seat 2: IntoTheAiR ($235.78 in chips)
IntoTheAiR: posts small blind $1
kontsevitch: posts big blind $3
*** HOLE CARDS ***
IntoTheAiR: raises $3 to $6
kontsevitch: raises $3 to $9
IntoTheAiR: calls $3
*** FLOP *** [3c Th Ks]
kontsevitch: bets $3
IntoTheAiR: calls $3
*** TURN *** [3c Th Ks] [Kh]
kontsevitch: checks
IntoTheAiR: bets $6
kontsevitch: raises $6 to $12
IntoTheAiR: raises $6 to $18
kontsevitch: folds
Uncalled bet ($6) returned to IntoTheAiR
IntoTheAiR collected $47.50 from pot
IntoTheAiR: doesn't show hand
*** SUMMARY ***
Total pot $48 | Rake $0.50
Board [3c Th Ks Kh]
Seat 1: kontsevitch (big blind) folded on the Turn
Seat 2: IntoTheAiR (button) (small blind) collected ($47.50)


PokerStars Hand #144337879123:  Hold'em Limit ($3/$6 USD) - 2015/11/24 18:43:36 ET
Table 'Oceana' 2-max Seat #1 is the button
Seat 1: kontsevitch ($55.40 in chips)
Seat 2: IntoTheAiR ($238.78 in chips)
kontsevitch: posts small blind $1
IntoTheAiR: posts big blind $3
*** HOLE CARDS ***
kontsevitch: raises $3 to $6
IntoTheAiR: folds
Uncalled bet ($3) returned to kontsevitch
kontsevitch collected $6 from pot
kontsevitch: doesn't show hand
*** SUMMARY ***
Total pot $6 | Rake $0
Seat 1: kontsevitch (button) (small blind) collected ($6)
Seat 2: IntoTheAiR (big blind) folded before Flop


PokerStars Hand #144337946925:  Hold'em Limit ($3/$6 USD) - 2015/11/24 18:45:11 ET
Table 'Oceana' 2-max Seat #2 is the button
Seat 1: kontsevitch ($66.40 in chips)
Seat 2: IntoTheAiR ($225.78 in chips)
IntoTheAiR: posts small blind $1
kontsevitch: posts big blind $3
*** HOLE CARDS ***
IntoTheAiR: raises $3 to $6
kontsevitch: raises $3 to $9
IntoTheAiR: calls $3
*** FLOP *** [2d Jh 5c]
kontsevitch: bets $3
IntoTheAiR: calls $3
*** TURN *** [2d Jh 5c] [9h]
kontsevitch: checks
IntoTheAiR: checks
*** RIVER *** [2d Jh 5c 9h] [3c]
kontsevitch: bets $6
IntoTheAiR: calls $6
*** SHOW DOWN ***
kontsevitch: shows [7h 7d] (a pair of Sevens)
IntoTheAiR: mucks hand
kontsevitch collected $35.50 from pot
*** SUMMARY ***
Total pot $36 | Rake $0.50
Board [2d Jh 5c 9h 3c]
Seat 1: kontsevitch (big blind) showed [7h 7d] and won ($35.50) with a pair of Sevens
Seat 2: IntoTheAiR (button) (small blind) mucked


PokerStars Hand #144337927957:  Hold'em Limit ($3/$6 USD) - 2015/11/24 18:44:44 ET
Table 'Oceana' 2-max Seat #1 is the button
Seat 1: kontsevitch ($81.40 in chips)
Seat 2: IntoTheAiR ($211.28 in chips)
kontsevitch: posts small blind $1
IntoTheAiR: posts big blind $3
*** HOLE CARDS ***
kontsevitch: raises $3 to $6
IntoTheAiR: calls $3
*** FLOP *** [Tc Th 7s]
IntoTheAiR: checks
kontsevitch: bets $3
IntoTheAiR: calls $3
*** TURN *** [Tc Th 7s] [Kc]
IntoTheAiR: checks
kontsevitch: bets $6
IntoTheAiR: calls $6
*** RIVER *** [Tc Th 7s Kc] [9h]
IntoTheAiR: bets $6
kontsevitch: folds
Uncalled bet ($6) returned to IntoTheAiR
IntoTheAiR collected $29.50 from pot
IntoTheAiR: doesn't show hand
*** SUMMARY ***
Total pot $30 | Rake $0.50
Board [Tc Th 7s Kc 9h]
Seat 1: kontsevitch (button) (small blind) folded on the River
Seat 2: IntoTheAiR (big blind) collected ($29.50)


PokerStars Hand #144337912865:  Hold'em Limit ($3/$6 USD) - 2015/11/24 18:44:23 ET
Table 'Oceana' 2-max Seat #2 is the button
Seat 1: kontsevitch ($54.90 in chips)
Seat 2: IntoTheAiR ($238.28 in chips)
IntoTheAiR: posts small blind $1
kontsevitch: posts big blind $3
*** HOLE CARDS ***
IntoTheAiR: raises $3 to $6
kontsevitch: calls $3
*** FLOP *** [5s 6c Qc]
kontsevitch: checks
IntoTheAiR: bets $3
kontsevitch: calls $3
*** TURN *** [5s 6c Qc] [Kc]
kontsevitch: checks
IntoTheAiR: bets $6
kontsevitch: raises $6 to $12
IntoTheAiR: calls $6
*** RIVER *** [5s 6c Qc Kc] [Ac]
kontsevitch: bets $6
IntoTheAiR: calls $6
*** SHOW DOWN ***
kontsevitch: shows [8c Qs] (a flush, Ace high)
IntoTheAiR: mucks hand
kontsevitch collected $53.50 from pot
*** SUMMARY ***
Total pot $54 | Rake $0.50
Board [5s 6c Qc Kc Ac]
Seat 1: kontsevitch (big blind) showed [8c Qs] and won ($53.50) with a flush, Ace high
Seat 2: IntoTheAiR (button) (small blind) mucked


PokerStars Hand #144337989714:  Hold'em Limit ($3/$6 USD) - 2015/11/24 18:46:12 ET
Table 'Oceana' 2-max Seat #2 is the button
Seat 1: kontsevitch ($110.40 in chips)
Seat 2: IntoTheAiR ($180.78 in chips)
IntoTheAiR: posts small blind $1
kontsevitch: posts big blind $3
*** HOLE CARDS ***
IntoTheAiR: raises $3 to $6
kontsevitch: raises $3 to $9
IntoTheAiR: calls $3
*** FLOP *** [6s 6h 4h]
kontsevitch: bets $3
IntoTheAiR: calls $3
*** TURN *** [6s 6h 4h] [Ad]
kontsevitch: checks
IntoTheAiR: checks
*** RIVER *** [6s 6h 4h Ad] [4s]
kontsevitch: checks
IntoTheAiR: checks
*** SHOW DOWN ***
kontsevitch: shows [Kd 6d] (a full house, Sixes full of Fours)
IntoTheAiR: mucks hand
kontsevitch collected $23.52 from pot
*** SUMMARY ***
Total pot $24 | Rake $0.48
Board [6s 6h 4h Ad 4s]
Seat 1: kontsevitch (big blind) showed [Kd 6d] and won ($23.52) with a full house, Sixes full of Fours
Seat 2: IntoTheAiR (button) (small blind) mucked


PokerStars Hand #144337961301:  Hold'em Limit ($3/$6 USD) - 2015/11/24 18:45:32 ET
Table 'Oceana' 2-max Seat #1 is the button
Seat 1: kontsevitch ($83.90 in chips)
Seat 2: IntoTheAiR ($207.78 in chips)
kontsevitch: posts small blind $1
IntoTheAiR: posts big blind $3
*** HOLE CARDS ***
kontsevitch: raises $3 to $6
IntoTheAiR: raises $3 to $9
kontsevitch: calls $3
*** FLOP *** [7h 5c 8h]
IntoTheAiR: bets $3
kontsevitch: raises $3 to $6
IntoTheAiR: calls $3
*** TURN *** [7h 5c 8h] [4d]
IntoTheAiR: checks
kontsevitch: bets $6
IntoTheAiR: calls $6
*** RIVER *** [7h 5c 8h 4d] [8c]
IntoTheAiR: checks
kontsevitch: bets $6
IntoTheAiR: calls $6
*** SHOW DOWN ***
kontsevitch: shows [Jh 8s] (three of a kind, Eights)
IntoTheAiR: mucks hand
kontsevitch collected $53.50 from pot
*** SUMMARY ***
Total pot $54 | Rake $0.50
Board [7h 5c 8h 4d 8c]
Seat 1: kontsevitch (button) (small blind) showed [Jh 8s] and won ($53.50) with three of a kind, Eights
Seat 2: IntoTheAiR (big blind) mucked


PokerStars Hand #144338023715:  Hold'em Limit ($3/$6 USD) - 2015/11/24 18:47:00 ET
Table 'Oceana' 2-max Seat #1 is the button
Seat 1: kontsevitch ($127.42 in chips)
Seat 2: IntoTheAiR ($162.42 in chips)
kontsevitch: posts small blind $1
IntoTheAiR: posts big blind $3
*** HOLE CARDS ***
kontsevitch: raises $3 to $6
IntoTheAiR: calls $3
*** FLOP *** [7d Jc 4h]
IntoTheAiR: checks
kontsevitch: bets $3
IntoTheAiR: raises $3 to $6
kontsevitch: calls $3
*** TURN *** [7d Jc 4h] [6c]
IntoTheAiR: bets $6
kontsevitch: folds
Uncalled bet ($6) returned to IntoTheAiR
IntoTheAiR collected $23.52 from pot
IntoTheAiR: doesn't show hand
*** SUMMARY ***
Total pot $24 | Rake $0.48
Board [7d Jc 4h 6c]
Seat 1: kontsevitch (button) (small blind) folded on the Turn
Seat 2: IntoTheAiR (big blind) collected ($23.52)


PokerStars Hand #144338011131:  Hold'em Limit ($3/$6 USD) - 2015/11/24 18:46:42 ET
Table 'Oceana' 2-max Seat #2 is the button
Seat 1: kontsevitch ($112.92 in chips)
Seat 2: IntoTheAiR ($177.42 in chips)
IntoTheAiR: posts small blind $1
kontsevitch: posts big blind $3
*** HOLE CARDS ***
IntoTheAiR: raises $3 to $6
kontsevitch: calls $3
*** FLOP *** [8s 3s 9s]
kontsevitch: checks
IntoTheAiR: bets $3
kontsevitch: calls $3
*** TURN *** [8s 3s 9s] [6s]
kontsevitch: checks
IntoTheAiR: bets $6
kontsevitch: calls $6
*** RIVER *** [8s 3s 9s 6s] [Qh]
kontsevitch: checks
IntoTheAiR: checks
*** SHOW DOWN ***
kontsevitch: shows [7h 9c] (a pair of Nines)
IntoTheAiR: mucks hand
kontsevitch collected $29.50 from pot
*** SUMMARY ***
Total pot $30 | Rake $0.50
Board [8s 3s 9s 6s Qh]
Seat 1: kontsevitch (big blind) showed [7h 9c] and won ($29.50) with a pair of Nines
Seat 2: IntoTheAiR (button) (small blind) mucked


PokerStars Hand #144338001662:  Hold'em Limit ($3/$6 USD) - 2015/11/24 18:46:29 ET
Table 'Oceana' 2-max Seat #1 is the button
Seat 1: kontsevitch ($121.92 in chips)
Seat 2: IntoTheAiR ($168.78 in chips)
kontsevitch: posts small blind $1
IntoTheAiR: posts big blind $3
*** HOLE CARDS ***
kontsevitch: raises $3 to $6
IntoTheAiR: calls $3
*** FLOP *** [Kh 8s 7s]
IntoTheAiR: checks
kontsevitch: bets $3
IntoTheAiR: raises $3 to $6
kontsevitch: folds
Uncalled bet ($3) returned to IntoTheAiR
IntoTheAiR collected $17.64 from pot
IntoTheAiR: doesn't show hand
*** SUMMARY ***
Total pot $18 | Rake $0.36
Board [Kh 8s 7s]
Seat 1: kontsevitch (button) (small blind) folded on the Flop
Seat 2: IntoTheAiR (big blind) collected ($17.64)


PokerStars Hand #144338047134:  Hold'em Limit ($3/$6 USD) - 2015/11/24 18:47:32 ET
Table 'Oceana' 2-max Seat #2 is the button
Seat 1: kontsevitch ($129.94 in chips)
Seat 2: IntoTheAiR ($158.94 in chips)
IntoTheAiR: posts small blind $1
kontsevitch: posts big blind $3
*** HOLE CARDS ***
IntoTheAiR: folds
Uncalled bet ($2) returned to kontsevitch
kontsevitch collected $2 from pot
kontsevitch: doesn't show hand
*** SUMMARY ***
Total pot $2 | Rake $0
Seat 1: kontsevitch (big blind) collected ($2)
Seat 2: IntoTheAiR (button) (small blind) folded before Flop


PokerStars Hand #144338042430:  Hold'em Limit ($3/$6 USD) - 2015/11/24 18:47:26 ET
Table 'Oceana' 2-max Seat #1 is the button
Seat 1: kontsevitch ($126.94 in chips)
Seat 2: IntoTheAiR ($161.94 in chips)
kontsevitch: posts small blind $1
IntoTheAiR: posts big blind $3
*** HOLE CARDS ***
kontsevitch: raises $3 to $6
IntoTheAiR: folds
Uncalled bet ($3) returned to kontsevitch
kontsevitch collected $6 from pot
kontsevitch: doesn't show hand
*** SUMMARY ***
Total pot $6 | Rake $0
Seat 1: kontsevitch (button) (small blind) collected ($6)
Seat 2: IntoTheAiR (big blind) folded before Flop


PokerStars Hand #144338033389:  Hold'em Limit ($3/$6 USD) - 2015/11/24 18:47:13 ET
Table 'Oceana' 2-max Seat #2 is the button
Seat 1: kontsevitch ($115.42 in chips)
Seat 2: IntoTheAiR ($173.94 in chips)
IntoTheAiR: posts small blind $1
kontsevitch: posts big blind $3
*** HOLE CARDS ***
IntoTheAiR: raises $3 to $6
kontsevitch: raises $3 to $9
IntoTheAiR: calls $3
*** FLOP *** [6s 9d Kc]
kontsevitch: bets $3
IntoTheAiR: calls $3
*** TURN *** [6s 9d Kc] [6c]
kontsevitch: bets $6
IntoTheAiR: folds
Uncalled bet ($6) returned to kontsevitch
kontsevitch collected $23.52 from pot
kontsevitch: doesn't show hand
*** SUMMARY ***
Total pot $24 | Rake $0.48
Board [6s 9d Kc 6c]
Seat 1: kontsevitch (big blind) collected ($23.52)
Seat 2: IntoTheAiR (button) (small blind) folded on the Turn


PokerStars Hand #144338067187:  Hold'em Limit ($3/$6 USD) - 2015/11/24 18:48:01 ET
Table 'Oceana' 2-max Seat #1 is the button
Seat 1: kontsevitch ($109.94 in chips)
Seat 2: IntoTheAiR ($178.44 in chips)
kontsevitch: posts small blind $1
IntoTheAiR: posts big blind $3
*** HOLE CARDS ***
kontsevitch: raises $3 to $6
IntoTheAiR: raises $3 to $9
kontsevitch: calls $3
*** FLOP *** [Tc Qc 7d]
IntoTheAiR: bets $3
kontsevitch: raises $3 to $6
IntoTheAiR: raises $3 to $9
kontsevitch: calls $3
*** TURN *** [Tc Qc 7d] [9d]
IntoTheAiR: bets $6
kontsevitch: calls $6
*** RIVER *** [Tc Qc 7d 9d] [2d]
IntoTheAiR: bets $6
kontsevitch: calls $6
*** SHOW DOWN ***
IntoTheAiR: shows [Jh Qd] (a pair of Queens)
kontsevitch: mucks hand
IntoTheAiR collected $59.50 from pot
*** SUMMARY ***
Total pot $60 | Rake $0.50
Board [Tc Qc 7d 9d 2d]
Seat 1: kontsevitch (button) (small blind) mucked
Seat 2: IntoTheAiR (big blind) showed [Jh Qd] and won ($59.50) with a pair of Queens


PokerStars Hand #144338050139:  Hold'em Limit ($3/$6 USD) - 2015/11/24 18:47:37 ET
Table 'Oceana' 2-max Seat #1 is the button
Seat 1: kontsevitch ($130.94 in chips)
Seat 2: IntoTheAiR ($157.94 in chips)
kontsevitch: posts small blind $1
IntoTheAiR: posts big blind $3
*** HOLE CARDS ***
kontsevitch: raises $3 to $6
IntoTheAiR: folds
Uncalled bet ($3) returned to kontsevitch
kontsevitch collected $6 from pot
kontsevitch: doesn't show hand
*** SUMMARY ***
Total pot $6 | Rake $0
Seat 1: kontsevitch (button) (small blind) collected ($6)
Seat 2: IntoTheAiR (big blind) folded before Flop


PokerStars Hand #144338053792:  Hold'em Limit ($3/$6 USD) - 2015/11/24 18:47:42 ET
Table 'Oceana' 2-max Seat #2 is the button
Seat 1: kontsevitch ($133.94 in chips)
Seat 2: IntoTheAiR ($154.94 in chips)
IntoTheAiR: posts small blind $1
kontsevitch: posts big blind $3
*** HOLE CARDS ***
IntoTheAiR: raises $3 to $6
kontsevitch: raises $3 to $9
IntoTheAiR: calls $3
*** FLOP *** [Qh Jd 6d]
kontsevitch: bets $3
IntoTheAiR: calls $3
*** TURN *** [Qh Jd 6d] [Td]
kontsevitch: bets $6
IntoTheAiR: raises $6 to $12
kontsevitch: calls $6
*** RIVER *** [Qh Jd 6d Td] [3s]
kontsevitch: checks
IntoTheAiR: bets $6
kontsevitch: folds
Uncalled bet ($6) returned to IntoTheAiR
IntoTheAiR collected $47.50 from pot
IntoTheAiR: doesn't show hand
*** SUMMARY ***
Total pot $48 | Rake $0.50
Board [Qh Jd 6d Td 3s]
Seat 1: kontsevitch (big blind) folded on the River
Seat 2: IntoTheAiR (button) (small blind) collected ($47.50)


PokerStars Hand #144338081431:  Hold'em Limit ($3/$6 USD) - 2015/11/24 18:48:21 ET
Table 'Oceana' 2-max Seat #2 is the button
Seat 1: kontsevitch ($79.94 in chips)
Seat 2: IntoTheAiR ($207.94 in chips)
IntoTheAiR: posts small blind $1
kontsevitch: posts big blind $3
*** HOLE CARDS ***
IntoTheAiR: raises $3 to $6
kontsevitch: calls $3
*** FLOP *** [7s 3d Ac]
kontsevitch: checks
IntoTheAiR: bets $3
kontsevitch: calls $3
*** TURN *** [7s 3d Ac] [Jd]
kontsevitch: checks
IntoTheAiR: checks
*** RIVER *** [7s 3d Ac Jd] [Qs]
kontsevitch: checks
IntoTheAiR: bets $6
kontsevitch: calls $6
*** SHOW DOWN ***
IntoTheAiR: shows [9c Qh] (a pair of Queens)
kontsevitch: mucks hand
IntoTheAiR collected $29.50 from pot
*** SUMMARY ***
Total pot $30 | Rake $0.50
Board [7s 3d Ac Jd Qs]
Seat 1: kontsevitch (big blind) mucked
Seat 2: IntoTheAiR (button) (small blind) showed [9c Qh] and won ($29.50) with a pair of Queens


PokerStars Hand #144338113339:  Hold'em Limit ($3/$6 USD) - 2015/11/24 18:49:06 ET
Table 'Oceana' 2-max Seat #2 is the button
Seat 1: kontsevitch ($40.94 in chips)
Seat 2: IntoTheAiR ($245.94 in chips)
IntoTheAiR: posts small blind $1
kontsevitch: posts big blind $3
*** HOLE CARDS ***
IntoTheAiR: raises $3 to $6
kontsevitch: raises $3 to $9
IntoTheAiR: calls $3
*** FLOP *** [7d Kc 3s]
kontsevitch: bets $3
IntoTheAiR: calls $3
*** TURN *** [7d Kc 3s] [Ts]
kontsevitch: bets $6
IntoTheAiR: calls $6
*** RIVER *** [7d Kc 3s Ts] [2c]
kontsevitch: bets $6
IntoTheAiR: calls $6
*** SHOW DOWN ***
kontsevitch: shows [Tc Qc] (a pair of Tens)
IntoTheAiR: mucks hand
kontsevitch collected $47.50 from pot
*** SUMMARY ***
Total pot $48 | Rake $0.50
Board [7d Kc 3s Ts 2c]
Seat 1: kontsevitch (big blind) showed [Tc Qc] and won ($47.50) with a pair of Tens
Seat 2: IntoTheAiR (button) (small blind) mucked


PokerStars Hand #144338124661:  Hold'em Limit ($3/$6 USD) - 2015/11/24 18:49:22 ET
Table 'Oceana' 2-max Seat #1 is the button
Seat 1: kontsevitch ($64.44 in chips)
Seat 2: IntoTheAiR ($221.94 in chips)
kontsevitch: posts small blind $1
IntoTheAiR: posts big blind $3
*** HOLE CARDS ***
kontsevitch: raises $3 to $6
IntoTheAiR: calls $3
*** FLOP *** [3d 6c Qd]
IntoTheAiR: checks
kontsevitch: bets $3
IntoTheAiR: calls $3
*** TURN *** [3d 6c Qd] [Jc]
IntoTheAiR: checks
kontsevitch: bets $6
IntoTheAiR: raises $6 to $12
kontsevitch: calls $6
*** RIVER *** [3d 6c Qd Jc] [4c]
IntoTheAiR: bets $6
kontsevitch: folds
Uncalled bet ($6) returned to IntoTheAiR
IntoTheAiR collected $41.50 from pot
IntoTheAiR: doesn't show hand
*** SUMMARY ***
Total pot $42 | Rake $0.50
Board [3d 6c Qd Jc 4c]
Seat 1: kontsevitch (button) (small blind) folded on the River
Seat 2: IntoTheAiR (big blind) collected ($41.50)


PokerStars Hand #144338094679:  Hold'em Limit ($3/$6 USD) - 2015/11/24 18:48:40 ET
Table 'Oceana' 2-max Seat #1 is the button
Seat 1: kontsevitch ($64.94 in chips)
Seat 2: IntoTheAiR ($222.44 in chips)
kontsevitch: posts small blind $1
IntoTheAiR: posts big blind $3
*** HOLE CARDS ***
kontsevitch: raises $3 to $6
IntoTheAiR: calls $3
*** FLOP *** [8c 4d 7s]
IntoTheAiR: checks
kontsevitch: bets $3
IntoTheAiR: raises $3 to $6
kontsevitch: calls $3
*** TURN *** [8c 4d 7s] [4s]
IntoTheAiR: bets $6
kontsevitch: calls $6
*** RIVER *** [8c 4d 7s 4s] [5h]
IntoTheAiR: bets $6
kontsevitch: calls $6
*** SHOW DOWN ***
IntoTheAiR: shows [6c 5d] (a straight, Four to Eight)
kontsevitch: mucks hand
IntoTheAiR collected $47.50 from pot
*** SUMMARY ***
Total pot $48 | Rake $0.50
Board [8c 4d 7s 4s 5h]
Seat 1: kontsevitch (button) (small blind) mucked
Seat 2: IntoTheAiR (big blind) showed [6c 5d] and won ($47.50) with a straight, Four to Eight


PokerStars Hand #144338152394:  Hold'em Limit ($3/$6 USD) - 2015/11/24 18:50:02 ET
Table 'Oceana' 2-max Seat #2 is the button
Seat 1: kontsevitch ($43.08 in chips)
Seat 2: IntoTheAiR ($242.08 in chips)
IntoTheAiR: posts small blind $1
kontsevitch: posts big blind $3
*** HOLE CARDS ***
IntoTheAiR: folds
Uncalled bet ($2) returned to kontsevitch
kontsevitch collected $2 from pot
kontsevitch: doesn't show hand
*** SUMMARY ***
Total pot $2 | Rake $0
Seat 1: kontsevitch (big blind) collected ($2)
Seat 2: IntoTheAiR (button) (small blind) folded before Flop


PokerStars Hand #144338145285:  Hold'em Limit ($3/$6 USD) - 2015/11/24 18:49:52 ET
Table 'Oceana' 2-max Seat #1 is the button
Seat 1: kontsevitch ($52.08 in chips)
Seat 2: IntoTheAiR ($233.44 in chips)
kontsevitch: posts small blind $1
IntoTheAiR: posts big blind $3
*** HOLE CARDS ***
kontsevitch: raises $3 to $6
IntoTheAiR: raises $3 to $9
kontsevitch: calls $3
*** FLOP *** [As Kc 6d]
IntoTheAiR: bets $3
kontsevitch: folds
Uncalled bet ($3) returned to IntoTheAiR
IntoTheAiR collected $17.64 from pot
IntoTheAiR: doesn't show hand
*** SUMMARY ***
Total pot $18 | Rake $0.36
Board [As Kc 6d]
Seat 1: kontsevitch (button) (small blind) folded on the Flop
Seat 2: IntoTheAiR (big blind) collected ($17.64)


PokerStars Hand #144338168361:  Hold'em Limit ($3/$6 USD) - 2015/11/24 18:50:25 ET
Table 'Oceana' 2-max Seat #2 is the button
Seat 1: kontsevitch ($20.08 in chips)
Seat 2: IntoTheAiR ($264.58 in chips)
IntoTheAiR: posts small blind $1
kontsevitch: posts big blind $3
*** HOLE CARDS ***
IntoTheAiR: raises $3 to $6
kontsevitch: calls $3
*** FLOP *** [Ac Ts Jc]
kontsevitch: checks
IntoTheAiR: bets $3
kontsevitch: raises $3 to $6
IntoTheAiR: folds
Uncalled bet ($3) returned to kontsevitch
kontsevitch collected $17.64 from pot
kontsevitch: doesn't show hand
*** SUMMARY ***
Total pot $18 | Rake $0.36
Board [Ac Ts Jc]
Seat 1: kontsevitch (big blind) collected ($17.64)
Seat 2: IntoTheAiR (button) (small blind) folded on the Flop


PokerStars Hand #144338156297:  Hold'em Limit ($3/$6 USD) - 2015/11/24 18:50:08 ET
Table 'Oceana' 2-max Seat #1 is the button
Seat 1: kontsevitch ($44.08 in chips)
Seat 2: IntoTheAiR ($241.08 in chips)
kontsevitch: posts small blind $1
IntoTheAiR: posts big blind $3
*** HOLE CARDS ***
kontsevitch: raises $3 to $6
IntoTheAiR: raises $3 to $9
kontsevitch: calls $3
*** FLOP *** [4c 7s 4s]
IntoTheAiR: bets $3
kontsevitch: calls $3
*** TURN *** [4c 7s 4s] [9d]
IntoTheAiR: bets $6
kontsevitch: calls $6
*** RIVER *** [4c 7s 4s 9d] [Ts]
IntoTheAiR: checks
kontsevitch: bets $6
IntoTheAiR: calls $6
*** SHOW DOWN ***
kontsevitch: shows [7c Jh] (two pair, Sevens and Fours)
IntoTheAiR: shows [8c 8h] (two pair, Eights and Fours)
IntoTheAiR collected $47.50 from pot
*** SUMMARY ***
Total pot $48 | Rake $0.50
Board [4c 7s 4s 9d Ts]
Seat 1: kontsevitch (button) (small blind) showed [7c Jh] and lost with two pair, Sevens and Fours
Seat 2: IntoTheAiR (big blind) showed [8c 8h] and won ($47.50) with two pair, Eights and Fours


PokerStars Hand #144338138475:  Hold'em Limit ($3/$6 USD) - 2015/11/24 18:49:42 ET
Table 'Oceana' 2-max Seat #2 is the button
Seat 1: kontsevitch ($43.44 in chips)
Seat 2: IntoTheAiR ($242.44 in chips)
IntoTheAiR: posts small blind $1
kontsevitch: posts big blind $3
*** HOLE CARDS ***
IntoTheAiR: raises $3 to $6
kontsevitch: raises $3 to $9
IntoTheAiR: calls $3
*** FLOP *** [8h 5d 2h]
kontsevitch: bets $3
IntoTheAiR: folds
Uncalled bet ($3) returned to kontsevitch
kontsevitch collected $17.64 from pot
kontsevitch: doesn't show hand
*** SUMMARY ***
Total pot $18 | Rake $0.36
Board [8h 5d 2h]
Seat 1: kontsevitch (big blind) collected ($17.64)
Seat 2: IntoTheAiR (button) (small blind) folded on the Flop


PokerStars Hand #144338176364:  Hold'em Limit ($3/$6 USD) - 2015/11/24 18:50:37 ET
Table 'Oceana' 2-max Seat #1 is the button
Seat 1: kontsevitch ($28.72 in chips)
Seat 2: IntoTheAiR ($255.58 in chips)
kontsevitch: posts small blind $1
IntoTheAiR: posts big blind $3
*** HOLE CARDS ***
kontsevitch: raises $3 to $6
IntoTheAiR: calls $3
*** FLOP *** [Qh 6s 5d]
IntoTheAiR: checks
kontsevitch: bets $3
IntoTheAiR: raises $3 to $6
kontsevitch: raises $3 to $9
IntoTheAiR: calls $3
*** TURN *** [Qh 6s 5d] [8s]
IntoTheAiR: checks
kontsevitch: bets $6
IntoTheAiR: calls $6
*** RIVER *** [Qh 6s 5d 8s] [2d]
IntoTheAiR: checks
kontsevitch: checks
*** SHOW DOWN ***
IntoTheAiR: shows [6c Ts] (a pair of Sixes)
kontsevitch: mucks hand
IntoTheAiR collected $41.50 from pot
*** SUMMARY ***
Total pot $42 | Rake $0.50
Board [Qh 6s 5d 8s 2d]
Seat 1: kontsevitch (button) (small blind) mucked
Seat 2: IntoTheAiR (big blind) showed [6c Ts] and won ($41.50) with a pair of Sixes


PokerStars Hand #144338213974:  Hold'em Limit ($3/$6 USD) - 2015/11/24 18:51:31 ET
Table 'Oceana' 2-max Seat #2 is the button
Seat 1: kontsevitch ($53.36 in chips)
Seat 2: IntoTheAiR ($289.58 in chips)
IntoTheAiR: posts small blind $1
kontsevitch: posts big blind $3
*** HOLE CARDS ***
IntoTheAiR: raises $3 to $6
kontsevitch: calls $3
*** FLOP *** [7d Th Jd]
kontsevitch: checks
IntoTheAiR: bets $3
kontsevitch: raises $3 to $6
IntoTheAiR: calls $3
*** TURN *** [7d Th Jd] [As]
kontsevitch: bets $6
IntoTheAiR: raises $6 to $12
kontsevitch: folds
Uncalled bet ($6) returned to IntoTheAiR
IntoTheAiR collected $35.50 from pot
IntoTheAiR: doesn't show hand
*** SUMMARY ***
Total pot $36 | Rake $0.50
Board [7d Th Jd As]
Seat 1: kontsevitch (big blind) folded on the Turn
Seat 2: IntoTheAiR (button) (small blind) collected ($35.50)


PokerStars Hand #144338210773:  Hold'em Limit ($3/$6 USD) - 2015/11/24 18:51:26 ET
Table 'Oceana' 2-max Seat #1 is the button
Seat 1: kontsevitch ($50.36 in chips)
Seat 2: IntoTheAiR ($292.58 in chips)
kontsevitch: posts small blind $1
IntoTheAiR: posts big blind $3
*** HOLE CARDS ***
kontsevitch: raises $3 to $6
IntoTheAiR: folds
Uncalled bet ($3) returned to kontsevitch
kontsevitch collected $6 from pot
kontsevitch: doesn't show hand
*** SUMMARY ***
Total pot $6 | Rake $0
Seat 1: kontsevitch (button) (small blind) collected ($6)
Seat 2: IntoTheAiR (big blind) folded before Flop


PokerStars Hand #144338204688:  Hold'em Limit ($3/$6 USD) - 2015/11/24 18:51:17 ET
Table 'Oceana' 2-max Seat #2 is the button
Seat 1: kontsevitch ($41.72 in chips)
Seat 2: IntoTheAiR ($301.58 in chips)
IntoTheAiR: posts small blind $1
kontsevitch: posts big blind $3
*** HOLE CARDS ***
IntoTheAiR: raises $3 to $6
kontsevitch: raises $3 to $9
IntoTheAiR: calls $3
*** FLOP *** [2h Tc Qh]
kontsevitch: bets $3
IntoTheAiR: folds
Uncalled bet ($3) returned to kontsevitch
kontsevitch collected $17.64 from pot
kontsevitch: doesn't show hand
*** SUMMARY ***
Total pot $18 | Rake $0.36
Board [2h Tc Qh]
Seat 1: kontsevitch (big blind) collected ($17.64)
Seat 2: IntoTheAiR (button) (small blind) folded on the Flop


PokerStars Hand #144338191151:  Hold'em Limit ($3/$6 USD) - 2015/11/24 18:50:58 ET
Table 'Oceana' 2-max Seat #2 is the button
Seat 1: kontsevitch ($67.72 in chips)
Seat 2: IntoTheAiR ($276.08 in chips)
IntoTheAiR: posts small blind $1
kontsevitch: posts big blind $3
*** HOLE CARDS ***
IntoTheAiR: folds
Uncalled bet ($2) returned to kontsevitch
kontsevitch collected $2 from pot
kontsevitch: doesn't show hand
*** SUMMARY ***
Total pot $2 | Rake $0
Seat 1: kontsevitch (big blind) collected ($2)
Seat 2: IntoTheAiR (button) (small blind) folded before Flop


PokerStars Hand #144338194066:  Hold'em Limit ($3/$6 USD) - 2015/11/24 18:51:02 ET
Table 'Oceana' 2-max Seat #1 is the button
Seat 1: kontsevitch ($68.72 in chips)
Seat 2: IntoTheAiR ($275.08 in chips)
kontsevitch: posts small blind $1
IntoTheAiR: posts big blind $3
*** HOLE CARDS ***
kontsevitch: raises $3 to $6
IntoTheAiR: calls $3
*** FLOP *** [4h 9s 4s]
IntoTheAiR: checks
kontsevitch: bets $3
IntoTheAiR: calls $3
*** TURN *** [4h 9s 4s] [7h]
IntoTheAiR: checks
kontsevitch: bets $6
IntoTheAiR: raises $6 to $12
kontsevitch: raises $6 to $18
IntoTheAiR: calls $6
*** RIVER *** [4h 9s 4s 7h] [5c]
IntoTheAiR: checks
kontsevitch: checks
*** SHOW DOWN ***
IntoTheAiR: shows [7c 9h] (two pair, Nines and Sevens)
kontsevitch: mucks hand
IntoTheAiR collected $53.50 from pot
*** SUMMARY ***
Total pot $54 | Rake $0.50
Board [4h 9s 4s 7h 5c]
Seat 1: kontsevitch (button) (small blind) mucked
Seat 2: IntoTheAiR (big blind) showed [7c 9h] and won ($53.50) with two pair, Nines and Sevens


PokerStars Hand #144338235599:  Hold'em Limit ($3/$6 USD) - 2015/11/24 18:52:02 ET
Table 'Oceana' 2-max Seat #1 is the button
Seat 1: kontsevitch ($92.36 in chips)
Seat 2: IntoTheAiR ($309.84 in chips)
kontsevitch: posts small blind $1
IntoTheAiR: posts big blind $3
*** HOLE CARDS ***
kontsevitch: raises $3 to $6
IntoTheAiR: folds
Uncalled bet ($3) returned to kontsevitch
kontsevitch collected $6 from pot
kontsevitch: doesn't show hand
*** SUMMARY ***
Total pot $6 | Rake $0
Seat 1: kontsevitch (button) (small blind) collected ($6)
Seat 2: IntoTheAiR (big blind) folded before Flop


PokerStars Hand #144338229354:  Hold'em Limit ($3/$6 USD) - 2015/11/24 18:51:53 ET
Table 'Oceana' 2-max Seat #2 is the button
Seat 1: kontsevitch ($98.36 in chips)
Seat 2: IntoTheAiR ($304.08 in chips)
IntoTheAiR: posts small blind $1
kontsevitch: posts big blind $3
*** HOLE CARDS ***
IntoTheAiR: raises $3 to $6
kontsevitch: calls $3
*** FLOP *** [Kh 9s 4h]
kontsevitch: checks
IntoTheAiR: bets $3
kontsevitch: folds
Uncalled bet ($3) returned to IntoTheAiR
IntoTheAiR collected $11.76 from pot
IntoTheAiR: doesn't show hand
*** SUMMARY ***
Total pot $12 | Rake $0.24
Board [Kh 9s 4h]
Seat 1: kontsevitch (big blind) folded on the Flop
Seat 2: IntoTheAiR (button) (small blind) collected ($11.76)


PokerStars Hand #144338226136:  Hold'em Limit ($3/$6 USD) - 2015/11/24 18:51:48 ET
Table 'Oceana' 2-max Seat #1 is the button
Seat 1: kontsevitch ($95.36 in chips)
Seat 2: IntoTheAiR ($307.08 in chips)
kontsevitch: posts small blind $1
IntoTheAiR: posts big blind $3
*** HOLE CARDS ***
kontsevitch: raises $3 to $6
IntoTheAiR: folds
Uncalled bet ($3) returned to kontsevitch
kontsevitch collected $6 from pot
kontsevitch: doesn't show hand
*** SUMMARY ***
Total pot $6 | Rake $0
Seat 1: kontsevitch (button) (small blind) collected ($6)
Seat 2: IntoTheAiR (big blind) folded before Flop


PokerStars Hand #144338253055:  Hold'em Limit ($3/$6 USD) - 2015/11/24 18:52:27 ET
Table 'Oceana' 2-max Seat #2 is the button
Seat 1: kontsevitch ($83.36 in chips)
Seat 2: IntoTheAiR ($318.34 in chips)
IntoTheAiR: posts small blind $1
kontsevitch: posts big blind $3
*** HOLE CARDS ***
IntoTheAiR: raises $3 to $6
kontsevitch: raises $3 to $9
IntoTheAiR: calls $3
*** FLOP *** [5d 2h Kh]
kontsevitch: bets $3
IntoTheAiR: raises $3 to $6
kontsevitch: calls $3
*** TURN *** [5d 2h Kh] [6c]
kontsevitch: checks
IntoTheAiR: bets $6
kontsevitch: calls $6
*** RIVER *** [5d 2h Kh 6c] [4s]
kontsevitch: checks
IntoTheAiR: bets $6
kontsevitch: raises $6 to $12
IntoTheAiR: calls $6
*** SHOW DOWN ***
kontsevitch: shows [4d 4c] (three of a kind, Fours)
IntoTheAiR: shows [Kc Kd] (three of a kind, Kings)
IntoTheAiR collected $65.50 from pot
*** SUMMARY ***
Total pot $66 | Rake $0.50
Board [5d 2h Kh 6c 4s]
Seat 1: kontsevitch (big blind) showed [4d 4c] and lost with three of a kind, Fours
Seat 2: IntoTheAiR (button) (small blind) showed [Kc Kd] and won ($65.50) with three of a kind, Kings


PokerStars Hand #144338239491:  Hold'em Limit ($3/$6 USD) - 2015/11/24 18:52:08 ET
Table 'Oceana' 2-max Seat #2 is the button
Seat 1: kontsevitch ($95.36 in chips)
Seat 2: IntoTheAiR ($306.84 in chips)
IntoTheAiR: posts small blind $1
kontsevitch: posts big blind $3
*** HOLE CARDS ***
IntoTheAiR: raises $3 to $6
kontsevitch: calls $3
*** FLOP *** [4d Kc Qs]
kontsevitch: checks
IntoTheAiR: bets $3
kontsevitch: calls $3
*** TURN *** [4d Kc Qs] [As]
kontsevitch: checks
IntoTheAiR: checks
*** RIVER *** [4d Kc Qs As] [6s]
kontsevitch: bets $6
IntoTheAiR: calls $6
*** SHOW DOWN ***
kontsevitch: shows [Jd 2s] (high card Ace)
IntoTheAiR: shows [Ts Td] (a pair of Tens)
IntoTheAiR collected $29.50 from pot
*** SUMMARY ***
Total pot $30 | Rake $0.50
Board [4d Kc Qs As 6s]
Seat 1: kontsevitch (big blind) showed [Jd 2s] and lost with high card Ace
Seat 2: IntoTheAiR (button) (small blind) showed [Ts Td] and won ($29.50) with a pair of Tens


PokerStars Hand #144338249409:  Hold'em Limit ($3/$6 USD) - 2015/11/24 18:52:22 ET
Table 'Oceana' 2-max Seat #1 is the button
Seat 1: kontsevitch ($80.36 in chips)
Seat 2: IntoTheAiR ($321.34 in chips)
kontsevitch: posts small blind $1
IntoTheAiR: posts big blind $3
*** HOLE CARDS ***
kontsevitch: raises $3 to $6
IntoTheAiR: folds
Uncalled bet ($3) returned to kontsevitch
kontsevitch collected $6 from pot
kontsevitch: doesn't show hand
*** SUMMARY ***
Total pot $6 | Rake $0
Seat 1: kontsevitch (button) (small blind) collected ($6)
Seat 2: IntoTheAiR (big blind) folded before Flop


PokerStars Hand #144338278963:  Hold'em Limit ($3/$6 USD) - 2015/11/24 18:53:05 ET
Table 'Oceana' 2-max Seat #2 is the button
Seat 1: kontsevitch ($14.36 in chips)
Seat 2: IntoTheAiR ($386.34 in chips)
IntoTheAiR: posts small blind $1
kontsevitch: posts big blind $3
*** HOLE CARDS ***
IntoTheAiR: folds
Uncalled bet ($2) returned to kontsevitch
kontsevitch collected $2 from pot
kontsevitch: doesn't show hand
*** SUMMARY ***
Total pot $2 | Rake $0
Seat 1: kontsevitch (big blind) collected ($2)
Seat 2: IntoTheAiR (button) (small blind) folded before Flop


PokerStars Hand #144338266029:  Hold'em Limit ($3/$6 USD) - 2015/11/24 18:52:46 ET
Table 'Oceana' 2-max Seat #1 is the button
Seat 1: kontsevitch ($50.36 in chips)
Seat 2: IntoTheAiR ($350.84 in chips)
kontsevitch: posts small blind $1
IntoTheAiR: posts big blind $3
*** HOLE CARDS ***
kontsevitch: raises $3 to $6
IntoTheAiR: calls $3
*** FLOP *** [Jc Tc Ks]
IntoTheAiR: checks
kontsevitch: bets $3
IntoTheAiR: raises $3 to $6
kontsevitch: calls $3
*** TURN *** [Jc Tc Ks] [2h]
IntoTheAiR: bets $6
kontsevitch: raises $6 to $12
IntoTheAiR: raises $6 to $18
kontsevitch: raises $6 to $24
Betting is capped
IntoTheAiR: calls $6
*** RIVER *** [Jc Tc Ks 2h] [9d]
IntoTheAiR: checks
kontsevitch: checks
*** SHOW DOWN ***
IntoTheAiR: shows [Qc 9h] (a straight, Nine to King)
kontsevitch: mucks hand
IntoTheAiR collected $71.50 from pot
*** SUMMARY ***
Total pot $72 | Rake $0.50
Board [Jc Tc Ks 2h 9d]
Seat 1: kontsevitch (button) (small blind) mucked
Seat 2: IntoTheAiR (big blind) showed [Qc 9h] and won ($71.50) with a straight, Nine to King


PokerStars Hand #144338281770:  Hold'em Limit ($3/$6 USD) - 2015/11/24 18:53:09 ET
Table 'Oceana' 2-max Seat #1 is the button
Seat 1: kontsevitch ($15.36 in chips)
Seat 2: IntoTheAiR ($385.34 in chips)
kontsevitch: posts small blind $1
IntoTheAiR: posts big blind $3
*** HOLE CARDS ***
kontsevitch: raises $3 to $6
IntoTheAiR: calls $3
*** FLOP *** [9h 2d Tc]
IntoTheAiR: checks
kontsevitch: bets $3
IntoTheAiR: folds
Uncalled bet ($3) returned to kontsevitch
kontsevitch collected $11.76 from pot
kontsevitch: doesn't show hand
*** SUMMARY ***
Total pot $12 | Rake $0.24
Board [9h 2d Tc]
Seat 1: kontsevitch (button) (small blind) collected ($11.76)
Seat 2: IntoTheAiR (big blind) folded on the Flop


PokerStars Hand #144338289535:  Hold'em Limit ($3/$6 USD) - 2015/11/24 18:53:20 ET
Table 'Oceana' 2-max Seat #2 is the button
Seat 1: kontsevitch ($21.12 in chips)
Seat 2: IntoTheAiR ($379.34 in chips)
IntoTheAiR: posts small blind $1
kontsevitch: posts big blind $3
*** HOLE CARDS ***
IntoTheAiR: raises $3 to $6
kontsevitch: calls $3
*** FLOP *** [5h 2s 9c]
kontsevitch: checks
IntoTheAiR: bets $3
kontsevitch: folds
Uncalled bet ($3) returned to IntoTheAiR
IntoTheAiR collected $11.76 from pot
IntoTheAiR: doesn't show hand
*** SUMMARY ***
Total pot $12 | Rake $0.24
Board [5h 2s 9c]
Seat 1: kontsevitch (big blind) folded on the Flop
Seat 2: IntoTheAiR (button) (small blind) collected ($11.76)


