PokerStars Hand #151363117349:  Hold'em Limit ($3/$6 USD) - 2016/04/03 9:13:50 ET
Table 'Oceax' 6-max Seat #1 is the button
Seat 1: Zeeon ($100 in chips)
Seat 4: Agrotait ($72 in chips)
Zeeon: posts small blind $1
Agrotait: posts big blind $3
*** HOLE CARDS ***
Zeeon: raises $3 to $6
Agrotait: folds
Uncalled bet ($3) returned to Zeeon
Zeeon collected $6 from pot
*** SUMMARY ***
Total pot $6 | Rake $0
Seat 1: Zeeon (button) (small blind) collected ($6)
Seat 4: Agrotait (big blind) folded before Flop


PokerStars Hand #151363128535:  Hold'em Limit ($3/$6 USD) - 2016/04/03 9:14:06 ET
Table 'Oceax' 6-max Seat #4 is the button
Seat 1: Zeeon ($103 in chips)
Seat 4: Agrotait ($69 in chips)
Agrotait: posts small blind $1
Zeeon: posts big blind $3
*** HOLE CARDS ***
Agrotait: raises $3 to $6
Zeeon: calls $3
*** FLOP *** [Qs Jc 7h]
Zeeon: checks
Agrotait: bets $3
Zeeon: calls $3
*** TURN *** [Qs Jc 7h] [8d]
Zeeon: checks
Agrotait: checks
*** RIVER *** [Qs Jc 7h 8d] [5s]
Zeeon: checks
Agrotait: checks
*** SHOW DOWN ***
Zeeon: shows [4s 4c] (a pair of Fours)
Agrotait: shows [5d 9s] (a pair of Fives)
Agrotait collected $17.64 from pot
*** SUMMARY ***
Total pot $18 | Rake $0.36
Board [Qs Jc 7h 8d 5s]
Seat 1: Zeeon (big blind) showed [4s 4c] and lost with a pair of Fours
Seat 4: Agrotait (button) (small blind) showed [5d 9s] and won ($17.64) with a pair of Fives


PokerStars Hand #151363210532:  Hold'em Limit ($3/$6 USD) - 2016/04/03 9:16:06 ET
Table 'Oceax' 6-max Seat #4 is the button
Seat 1: Zeeon ($84.50 in chips)
Seat 4: Agrotait ($98.50 in chips)
Agrotait: posts small blind $1
Zeeon: posts big blind $3
*** HOLE CARDS ***
Agrotait: raises $3 to $6
Zeeon: folds
Uncalled bet ($3) returned to Agrotait
Agrotait collected $6 from pot
Agrotait: doesn't show hand
*** SUMMARY ***
Total pot $6 | Rake $0
Seat 1: Zeeon (big blind) folded before Flop
Seat 4: Agrotait (button) (small blind) collected ($6)


PokerStars Hand #151363189652:  Hold'em Limit ($3/$6 USD) - 2016/04/03 9:15:36 ET
Table 'Oceax' 6-max Seat #1 is the button
Seat 1: Zeeon ($108.50 in chips)
Seat 4: Agrotait ($75 in chips)
Zeeon: posts small blind $1
Agrotait: posts big blind $3
*** HOLE CARDS ***
Zeeon: raises $3 to $6
Agrotait: calls $3
*** FLOP *** [Ks 5h 6h]
Agrotait: checks
Zeeon: bets $3
Agrotait: raises $3 to $6
Zeeon: calls $3
*** TURN *** [Ks 5h 6h] [Td]
Agrotait: bets $6
Zeeon: calls $6
*** RIVER *** [Ks 5h 6h Td] [Kc]
Agrotait: bets $6
Zeeon: calls $6
*** SHOW DOWN ***
Agrotait: shows [Qh 6s] (two pair, Kings and Sixes)
Zeeon: mucks hand
Agrotait collected $47.50 from pot
*** SUMMARY ***
Total pot $48 | Rake $0.50
Board [Ks 5h 6h Td Kc]
Seat 1: Zeeon (button) (small blind) mucked
Seat 4: Agrotait (big blind) showed [Qh 6s] and won ($47.50) with two pair, Kings and Sixes


PokerStars Hand #151363186281:  Hold'em Limit ($3/$6 USD) - 2016/04/03 9:15:31 ET
Table 'Oceax' 6-max Seat #4 is the button
Seat 1: Zeeon ($111.50 in chips)
Seat 4: Agrotait ($72 in chips)
Agrotait: posts small blind $1
Zeeon: posts big blind $3
*** HOLE CARDS ***
Agrotait: raises $3 to $6
Zeeon: folds
Uncalled bet ($3) returned to Agrotait
Agrotait collected $6 from pot
Agrotait: doesn't show hand
*** SUMMARY ***
Total pot $6 | Rake $0
Seat 1: Zeeon (big blind) folded before Flop
Seat 4: Agrotait (button) (small blind) collected ($6)


PokerStars Hand #151363169117:  Hold'em Limit ($3/$6 USD) - 2016/04/03 9:15:06 ET
Table 'Oceax' 6-max Seat #1 is the button
Seat 1: Zeeon ($94 in chips)
Seat 4: Agrotait ($77.64 in chips)
Zeeon: posts small blind $1
Agrotait: posts big blind $3
*** HOLE CARDS ***
Zeeon: raises $3 to $6
Agrotait: raises $3 to $9
Zeeon: calls $3
*** FLOP *** [3h 6s 8c]
Agrotait: bets $3
Zeeon: calls $3
*** TURN *** [3h 6s 8c] [Jd]
Agrotait: bets $6
Zeeon: raises $6 to $12
Agrotait: folds
Uncalled bet ($6) returned to Zeeon
Zeeon collected $35.50 from pot
*** SUMMARY ***
Total pot $36 | Rake $0.50
Board [3h 6s 8c Jd]
Seat 1: Zeeon (button) (small blind) collected ($35.50)
Seat 4: Agrotait (big blind) folded on the Turn


PokerStars Hand #151363237696:  Hold'em Limit ($3/$6 USD) - 2016/04/03 9:16:46 ET
Table 'Oceax' 6-max Seat #1 is the button
Seat 1: Zeeon ($75.50 in chips)
Seat 4: Agrotait ($107.14 in chips)
Zeeon: posts small blind $1
Agrotait: posts big blind $3
*** HOLE CARDS ***
Zeeon: raises $3 to $6
Agrotait: folds
Uncalled bet ($3) returned to Zeeon
Zeeon collected $6 from pot
*** SUMMARY ***
Total pot $6 | Rake $0
Seat 1: Zeeon (button) (small blind) collected ($6)
Seat 4: Agrotait (big blind) folded before Flop


PokerStars Hand #151363221283:  Hold'em Limit ($3/$6 USD) - 2016/04/03 9:16:22 ET
Table 'Oceax' 6-max Seat #4 is the button
Seat 1: Zeeon ($84.50 in chips)
Seat 4: Agrotait ($98.50 in chips)
Agrotait: posts small blind $1
Zeeon: posts big blind $3
*** HOLE CARDS ***
Agrotait: raises $3 to $6
Zeeon: calls $3
*** FLOP *** [4d Ks 9c]
Zeeon: checks
Agrotait: bets $3
Zeeon: calls $3
*** TURN *** [4d Ks 9c] [3h]
Zeeon: checks
Agrotait: bets $6
Zeeon: folds
Uncalled bet ($6) returned to Agrotait
Agrotait collected $17.64 from pot
Agrotait: doesn't show hand
*** SUMMARY ***
Total pot $18 | Rake $0.36
Board [4d Ks 9c 3h]
Seat 1: Zeeon (big blind) folded on the Turn
Seat 4: Agrotait (button) (small blind) collected ($17.64)


PokerStars Hand #151363214981:  Hold'em Limit ($3/$6 USD) - 2016/04/03 9:16:13 ET
Table 'Oceax' 6-max Seat #1 is the button
Seat 1: Zeeon ($81.50 in chips)
Seat 4: Agrotait ($101.50 in chips)
Zeeon: posts small blind $1
Agrotait: posts big blind $3
*** HOLE CARDS ***
Zeeon: raises $3 to $6
Agrotait: folds
Uncalled bet ($3) returned to Zeeon
Zeeon collected $6 from pot
*** SUMMARY ***
Total pot $6 | Rake $0
Seat 1: Zeeon (button) (small blind) collected ($6)
Seat 4: Agrotait (big blind) folded before Flop


PokerStars Hand #151363286842:  Hold'em Limit ($3/$6 USD) - 2016/04/03 9:17:57 ET
Table 'Oceax' 6-max Seat #4 is the button
Seat 1: Zeeon ($62.50 in chips)
Seat 4: Agrotait ($119.64 in chips)
Agrotait: posts small blind $1
Zeeon: posts big blind $3
*** HOLE CARDS ***
Agrotait: folds
Uncalled bet ($2) returned to Zeeon
Zeeon collected $2 from pot
*** SUMMARY ***
Total pot $2 | Rake $0
Seat 1: Zeeon (big blind) collected ($2)
Seat 4: Agrotait (button) (small blind) folded before Flop


PokerStars Hand #151363283964:  Hold'em Limit ($3/$6 USD) - 2016/04/03 9:17:53 ET
Table 'Oceax' 6-max Seat #1 is the button
Seat 1: Zeeon ($63.50 in chips)
Seat 4: Agrotait ($118.64 in chips)
Zeeon: posts small blind $1
Agrotait: posts big blind $3
*** HOLE CARDS ***
Zeeon: folds
Uncalled bet ($2) returned to Agrotait
Agrotait collected $2 from pot
Agrotait: doesn't show hand
*** SUMMARY ***
Total pot $2 | Rake $0
Seat 1: Zeeon (button) (small blind) folded before Flop
Seat 4: Agrotait (big blind) collected ($2)


PokerStars Hand #151363249122:  Hold'em Limit ($3/$6 USD) - 2016/04/03 9:17:02 ET
Table 'Oceax' 6-max Seat #4 is the button
Seat 1: Zeeon ($78.50 in chips)
Seat 4: Agrotait ($104.14 in chips)
Agrotait: posts small blind $1
Zeeon: posts big blind $3
*** HOLE CARDS ***
Agrotait: raises $3 to $6
Zeeon: raises $3 to $9
Agrotait: calls $3
*** FLOP *** [As Qc 3c]
Zeeon: bets $3
Agrotait: raises $3 to $6
Zeeon: calls $3
*** TURN *** [As Qc 3c] [5s]
Zeeon: checks
Agrotait: bets $6
Zeeon: folds
Uncalled bet ($6) returned to Agrotait
Agrotait collected $29.50 from pot
Agrotait: doesn't show hand
*** SUMMARY ***
Total pot $30 | Rake $0.50
Board [As Qc 3c 5s]
Seat 1: Zeeon (big blind) folded on the Turn
Seat 4: Agrotait (button) (small blind) collected ($29.50)


PokerStars Hand #151363328162:  Hold'em Limit ($3/$6 USD) - 2016/04/03 9:18:57 ET
Table 'Oceax' 6-max Seat #4 is the button
Seat 1: Zeeon ($78 in chips)
Seat 4: Agrotait ($103.64 in chips)
Agrotait: posts small blind $1
Zeeon: posts big blind $3
*** HOLE CARDS ***
Agrotait: raises $3 to $6
Zeeon: folds
Uncalled bet ($3) returned to Agrotait
Agrotait collected $6 from pot
Agrotait: doesn't show hand
*** SUMMARY ***
Total pot $6 | Rake $0
Seat 1: Zeeon (big blind) folded before Flop
Seat 4: Agrotait (button) (small blind) collected ($6)


PokerStars Hand #151363291056:  Hold'em Limit ($3/$6 USD) - 2016/04/03 9:18:04 ET
Table 'Oceax' 6-max Seat #1 is the button
Seat 1: Zeeon ($63.50 in chips)
Seat 4: Agrotait ($118.64 in chips)
Zeeon: posts small blind $1
Agrotait: posts big blind $3
*** HOLE CARDS ***
Zeeon: raises $3 to $6
Agrotait: calls $3
*** FLOP *** [Kd Qc 3s]
Agrotait: checks
Zeeon: bets $3
Agrotait: calls $3
*** TURN *** [Kd Qc 3s] [Qd]
Agrotait: checks
Zeeon: bets $6
Agrotait: calls $6
*** RIVER *** [Kd Qc 3s Qd] [Jh]
Agrotait: checks
Zeeon: bets $6
Agrotait: folds
Uncalled bet ($6) returned to Zeeon
Zeeon collected $29.50 from pot
*** SUMMARY ***
Total pot $30 | Rake $0.50
Board [Kd Qc 3s Qd Jh]
Seat 1: Zeeon (button) (small blind) collected ($29.50)
Seat 4: Agrotait (big blind) folded on the River


PokerStars Hand #151363365447:  Hold'em Limit ($3/$6 USD) - 2016/04/03 9:19:51 ET
Table 'Oceax' 6-max Seat #4 is the button
Seat 1: Zeeon ($110.14 in chips)
Seat 4: Agrotait ($70.64 in chips)
Agrotait: posts small blind $1
Zeeon: posts big blind $3
*** HOLE CARDS ***
Agrotait: raises $3 to $6
Zeeon: folds
Uncalled bet ($3) returned to Agrotait
Agrotait collected $6 from pot
Agrotait: doesn't show hand
*** SUMMARY ***
Total pot $6 | Rake $0
Seat 1: Zeeon (big blind) folded before Flop
Seat 4: Agrotait (button) (small blind) collected ($6)


PokerStars Hand #151363359931:  Hold'em Limit ($3/$6 USD) - 2016/04/03 9:19:43 ET
Table 'Oceax' 6-max Seat #1 is the button
Seat 1: Zeeon ($107.14 in chips)
Seat 4: Agrotait ($73.64 in chips)
Zeeon: posts small blind $1
Agrotait: posts big blind $3
*** HOLE CARDS ***
Zeeon: raises $3 to $6
Agrotait: folds
Uncalled bet ($3) returned to Zeeon
Zeeon collected $6 from pot
*** SUMMARY ***
Total pot $6 | Rake $0
Seat 1: Zeeon (button) (small blind) collected ($6)
Seat 4: Agrotait (big blind) folded before Flop


PokerStars Hand #151363348433:  Hold'em Limit ($3/$6 USD) - 2016/04/03 9:19:27 ET
Table 'Oceax' 6-max Seat #4 is the button
Seat 1: Zeeon ($98.50 in chips)
Seat 4: Agrotait ($82.64 in chips)
Agrotait: posts small blind $1
Zeeon: posts big blind $3
*** HOLE CARDS ***
Agrotait: raises $3 to $6
Zeeon: calls $3
*** FLOP *** [8s 4s 2d]
Zeeon: checks
Agrotait: bets $3
Zeeon: calls $3
*** TURN *** [8s 4s 2d] [4c]
Zeeon: checks
Agrotait: checks
*** RIVER *** [8s 4s 2d 4c] [8d]
Zeeon: checks
Agrotait: checks
*** SHOW DOWN ***
Zeeon: shows [Ks 7d] (two pair, Eights and Fours)
Agrotait: mucks hand
Zeeon collected $17.64 from pot
*** SUMMARY ***
Total pot $18 | Rake $0.36
Board [8s 4s 2d 4c 8d]
Seat 1: Zeeon (big blind) showed [Ks 7d] and won ($17.64) with two pair, Eights and Fours
Seat 4: Agrotait (button) (small blind) mucked


PokerStars Hand #151363332238:  Hold'em Limit ($3/$6 USD) - 2016/04/03 9:19:03 ET
Table 'Oceax' 6-max Seat #1 is the button
Seat 1: Zeeon ($75 in chips)
Seat 4: Agrotait ($106.64 in chips)
Zeeon: posts small blind $1
Agrotait: posts big blind $3
*** HOLE CARDS ***
Zeeon: raises $3 to $6
Agrotait: calls $3
*** FLOP *** [7c 6s 9h]
Agrotait: checks
Zeeon: bets $3
Agrotait: raises $3 to $6
Zeeon: calls $3
*** TURN *** [7c 6s 9h] [5d]
Agrotait: bets $6
Zeeon: calls $6
*** RIVER *** [7c 6s 9h 5d] [6c]
Agrotait: checks
Zeeon: bets $6
Agrotait: calls $6
*** SHOW DOWN ***
Zeeon: shows [Ac Ah] (two pair, Aces and Sixes)
Agrotait: mucks hand
Zeeon collected $47.50 from pot
*** SUMMARY ***
Total pot $48 | Rake $0.50
Board [7c 6s 9h 5d 6c]
Seat 1: Zeeon (button) (small blind) showed [Ac Ah] and won ($47.50) with two pair, Aces and Sixes
Seat 4: Agrotait (big blind) mucked


PokerStars Hand #151363390710:  Hold'em Limit ($3/$6 USD) - 2016/04/03 9:20:28 ET
Table 'Oceax' 6-max Seat #4 is the button
Seat 1: Zeeon ($83.14 in chips)
Seat 4: Agrotait ($97.14 in chips)
Agrotait: posts small blind $1
Zeeon: posts big blind $3
*** HOLE CARDS ***
MissEKAmouse joins the table at seat #2
Agrotait: raises $3 to $6
Zeeon: folds
Uncalled bet ($3) returned to Agrotait
Agrotait collected $6 from pot
Agrotait: doesn't show hand
*** SUMMARY ***
Total pot $6 | Rake $0
Seat 1: Zeeon (big blind) folded before Flop
Seat 4: Agrotait (button) (small blind) collected ($6)


PokerStars Hand #151363368915:  Hold'em Limit ($3/$6 USD) - 2016/04/03 9:19:56 ET
Table 'Oceax' 6-max Seat #1 is the button
Seat 1: Zeeon ($107.14 in chips)
Seat 4: Agrotait ($73.64 in chips)
Zeeon: posts small blind $1
Agrotait: posts big blind $3
*** HOLE CARDS ***
Zeeon: raises $3 to $6
Agrotait: raises $3 to $9
Zeeon: calls $3
*** FLOP *** [3h 4d 5h]
Agrotait: bets $3
Zeeon: raises $3 to $6
Agrotait: raises $3 to $9
Zeeon: calls $3
*** TURN *** [3h 4d 5h] [As]
Agrotait: bets $6
Zeeon: calls $6
*** RIVER *** [3h 4d 5h As] [Kh]
Agrotait: checks
Zeeon: checks
*** SHOW DOWN ***
Agrotait: shows [Ah 3d] (two pair, Aces and Threes)
Zeeon: mucks hand
Agrotait collected $47.50 from pot
*** SUMMARY ***
Total pot $48 | Rake $0.50
Board [3h 4d 5h As Kh]
Seat 1: Zeeon (button) (small blind) mucked
Seat 4: Agrotait (big blind) showed [Ah 3d] and won ($47.50) with two pair, Aces and Threes


PokerStars Hand #151366705347:  Hold'em Limit ($3/$6 USD) - 2016/04/03 10:37:50 ET
Table 'Oceax' 6-max Seat #2 is the button
Seat 2: MissEKAmouse ($180.60 in chips)
Seat 6: pdsnr ($133.97 in chips)
MissEKAmouse: posts small blind $1
Fess7791: is sitting out
pdsnr: posts big blind $3
*** HOLE CARDS ***
MissEKAmouse: raises $3 to $6
Trannyrus22 leaves the table
pdsnr: folds
Uncalled bet ($3) returned to MissEKAmouse
MissEKAmouse collected $6 from pot
MissEKAmouse: doesn't show hand
*** SUMMARY ***
Total pot $6 | Rake $0
Seat 2: MissEKAmouse (button) (small blind) collected ($6)
Seat 6: pdsnr (big blind) folded before Flop


PokerStars Hand #151366712125:  Hold'em Limit ($3/$6 USD) - 2016/04/03 10:37:59 ET
Table 'Oceax' 6-max Seat #6 is the button
Seat 2: MissEKAmouse ($183.60 in chips)
Seat 6: pdsnr ($130.97 in chips)
pdsnr: posts small blind $1
MissEKAmouse: posts big blind $3
*** HOLE CARDS ***
pdsnr: raises $3 to $6
MissEKAmouse: folds
Uncalled bet ($3) returned to pdsnr
pdsnr collected $6 from pot
*** SUMMARY ***
Total pot $6 | Rake $0
Seat 2: MissEKAmouse (big blind) folded before Flop
Seat 6: pdsnr (button) (small blind) collected ($6)


