PokerStars Hand #162328522469:  Hold'em Limit ($3/$6 USD) - 2016/12/03 1:58:28 ET
Table 'Oceana' 6-max Seat #6 is the button
Seat 5: Scheubi88 ($171.25 in chips)
Seat 6: ToDaFelt ($184.70 in chips)
ToDaFelt: posts small blind $1
Scheubi88: posts big blind $3
*** HOLE CARDS ***
ToDaFelt: raises $3 to $6
Scheubi88: calls $3
*** FLOP *** [9s Ah 3d]
tamnt10549 joins the table at seat #4
Scheubi88: checks
ToDaFelt: checks
*** TURN *** [9s Ah 3d] [Kd]
Scheubi88: bets $6
ToDaFelt: calls $6
*** RIVER *** [9s Ah 3d Kd] [9h]
Scheubi88: bets $6
ToDaFelt: calls $6
*** SHOW DOWN ***
Scheubi88: shows [9d As] (a full house, Nines full of Aces)
ToDaFelt: mucks hand
Scheubi88 collected $35.50 from pot
*** SUMMARY ***
Total pot $36 | Rake $0.50
Board [9s Ah 3d Kd 9h]
Seat 5: Scheubi88 (big blind) showed [9d As] and won ($35.50) with a full house, Nines full of Aces
Seat 6: ToDaFelt (button) (small blind) mucked


PokerStars Hand #162328515882:  Hold'em Limit ($3/$6 USD) - 2016/12/03 1:58:04 ET
Table 'Oceana' 6-max Seat #5 is the button
Seat 5: Scheubi88 ($189.25 in chips)
Seat 6: ToDaFelt ($167.20 in chips)
Scheubi88: posts small blind $1
ToDaFelt: posts big blind $3
*** HOLE CARDS ***
Scheubi88: raises $3 to $6
ToDaFelt: calls $3
*** FLOP *** [2h 5c 7h]
ToDaFelt: checks
Scheubi88: checks
*** TURN *** [2h 5c 7h] [6c]
ToDaFelt: bets $6
Scheubi88: calls $6
*** RIVER *** [2h 5c 7h 6c] [Qs]
ToDaFelt: bets $6
tamnt10549 leaves the table
Scheubi88: calls $6
*** SHOW DOWN ***
ToDaFelt: shows [Qc 8h] (a pair of Queens)
Scheubi88: mucks hand
ToDaFelt collected $35.50 from pot
*** SUMMARY ***
Total pot $36 | Rake $0.50
Board [2h 5c 7h 6c Qs]
Seat 5: Scheubi88 (button) (small blind) mucked
Seat 6: ToDaFelt (big blind) showed [Qc 8h] and won ($35.50) with a pair of Queens


PokerStars Hand #162328509703:  Hold'em Limit ($3/$6 USD) - 2016/12/03 1:57:42 ET
Table 'Oceana' 6-max Seat #6 is the button
Seat 5: Scheubi88 ($210.25 in chips)
Seat 6: ToDaFelt ($146.70 in chips)
ToDaFelt: posts small blind $1
Scheubi88: posts big blind $3
*** HOLE CARDS ***
ToDaFelt: raises $3 to $6
Scheubi88: calls $3
*** FLOP *** [Qd Tc Ks]
Scheubi88: checks
ToDaFelt: bets $3
Scheubi88: calls $3
*** TURN *** [Qd Tc Ks] [9c]
Scheubi88: checks
ToDaFelt: bets $6
Scheubi88: calls $6
*** RIVER *** [Qd Tc Ks 9c] [Ts]
Scheubi88: checks
ToDaFelt: bets $6
Scheubi88: calls $6
*** SHOW DOWN ***
ToDaFelt: shows [Jc 9h] (a straight, Nine to King)
Scheubi88: mucks hand
ToDaFelt collected $41.50 from pot
*** SUMMARY ***
Total pot $42 | Rake $0.50
Board [Qd Tc Ks 9c Ts]
Seat 5: Scheubi88 (big blind) mucked
Seat 6: ToDaFelt (button) (small blind) showed [Jc 9h] and won ($41.50) with a straight, Nine to King


PokerStars Hand #162328529882:  Hold'em Limit ($3/$6 USD) - 2016/12/03 1:58:54 ET
Table 'Oceana' 6-max Seat #5 is the button
Seat 5: Scheubi88 ($188.75 in chips)
Seat 6: ToDaFelt ($166.70 in chips)
Scheubi88: posts small blind $1
ToDaFelt: posts big blind $3
*** HOLE CARDS ***
Scheubi88: raises $3 to $6
ToDaFelt: calls $3
*** FLOP *** [7h 4c Td]
ToDaFelt: checks
Scheubi88: bets $3
ToDaFelt: raises $3 to $6
Scheubi88: calls $3
*** TURN *** [7h 4c Td] [As]
ToDaFelt: bets $6
Scheubi88: calls $6
*** RIVER *** [7h 4c Td As] [Qh]
ToDaFelt: checks
Scheubi88: checks
*** SHOW DOWN ***
ToDaFelt: shows [7s Jc] (a pair of Sevens)
Scheubi88: mucks hand
ToDaFelt collected $35.50 from pot
*** SUMMARY ***
Total pot $36 | Rake $0.50
Board [7h 4c Td As Qh]
Seat 5: Scheubi88 (button) (small blind) mucked
Seat 6: ToDaFelt (big blind) showed [7s Jc] and won ($35.50) with a pair of Sevens


PokerStars Hand #162328633142:  Hold'em Limit ($3/$6 USD) - 2016/12/03 2:04:33 ET
Table 'Oceana' 6-max Seat #6 is the button
Seat 5: Scheubi88 ($94.39 in chips)
Seat 6: ToDaFelt ($282.91 in chips)
ToDaFelt: posts small blind $1
Scheubi88: posts big blind $3
*** HOLE CARDS ***
ToDaFelt: raises $3 to $6
Scheubi88: calls $3
*** FLOP *** [Ks 9s 4s]
Scheubi88: checks
ToDaFelt: bets $3
Scheubi88: folds
Uncalled bet ($3) returned to ToDaFelt
ToDaFelt collected $11.76 from pot
ToDaFelt: doesn't show hand
*** SUMMARY ***
Total pot $12 | Rake $0.24
Board [Ks 9s 4s]
Seat 5: Scheubi88 (big blind) folded on the Flop
Seat 6: ToDaFelt (button) (small blind) collected ($11.76)


PokerStars Hand #162328638037:  Hold'em Limit ($3/$6 USD) - 2016/12/03 2:04:48 ET
Table 'Oceana' 6-max Seat #5 is the button
Seat 5: Scheubi88 ($88.39 in chips)
Seat 6: ToDaFelt ($288.67 in chips)
Scheubi88: posts small blind $1
ToDaFelt: posts big blind $3
*** HOLE CARDS ***
Scheubi88: folds
Uncalled bet ($2) returned to ToDaFelt
ToDaFelt collected $2 from pot
ToDaFelt: doesn't show hand
*** SUMMARY ***
Total pot $2 | Rake $0
Seat 5: Scheubi88 (button) (small blind) folded before Flop
Seat 6: ToDaFelt (big blind) collected ($2)


PokerStars Hand #162328639646:  Hold'em Limit ($3/$6 USD) - 2016/12/03 2:04:53 ET
Table 'Oceana' 6-max Seat #6 is the button
Seat 5: Scheubi88 ($87.39 in chips)
Seat 6: ToDaFelt ($289.67 in chips)
ToDaFelt: posts small blind $1
Scheubi88: posts big blind $3
*** HOLE CARDS ***
ToDaFelt: raises $3 to $6
Scheubi88: calls $3
*** FLOP *** [Ac 4s Js]
Scheubi88: checks
ToDaFelt: checks
*** TURN *** [Ac 4s Js] [Qs]
Scheubi88: bets $6
ToDaFelt: calls $6
*** RIVER *** [Ac 4s Js Qs] [9s]
Scheubi88: bets $6
ToDaFelt: calls $6
*** SHOW DOWN ***
Scheubi88: shows [Ad 2s] (a flush, Queen high)
ToDaFelt: mucks hand
Scheubi88 collected $35.50 from pot
*** SUMMARY ***
Total pot $36 | Rake $0.50
Board [Ac 4s Js Qs 9s]
Seat 5: Scheubi88 (big blind) showed [Ad 2s] and won ($35.50) with a flush, Queen high
Seat 6: ToDaFelt (button) (small blind) mucked


PokerStars Hand #162328651369:  Hold'em Limit ($3/$6 USD) - 2016/12/03 2:05:30 ET
Table 'Oceana' 6-max Seat #5 is the button
Seat 5: Scheubi88 ($104.89 in chips)
Seat 6: ToDaFelt ($271.67 in chips)
Scheubi88: posts small blind $1
ToDaFelt: posts big blind $3
*** HOLE CARDS ***
Scheubi88: raises $3 to $6
ToDaFelt: calls $3
*** FLOP *** [Th 5c Ts]
tamnt10549 is disconnected
ToDaFelt: checks
Scheubi88: bets $3
ToDaFelt: calls $3
*** TURN *** [Th 5c Ts] [2s]
ToDaFelt: checks
Scheubi88: checks
*** RIVER *** [Th 5c Ts 2s] [Kc]
ToDaFelt: checks
Scheubi88: bets $6
ToDaFelt: folds
Uncalled bet ($6) returned to Scheubi88
Scheubi88 collected $17.64 from pot
Scheubi88: doesn't show hand
*** SUMMARY ***
Total pot $18 | Rake $0.36
Board [Th 5c Ts 2s Kc]
Seat 5: Scheubi88 (button) (small blind) collected ($17.64)
Seat 6: ToDaFelt (big blind) folded on the River


PokerStars Hand #162328490081:  Hold'em Limit ($3/$6 USD) - 2016/12/03 1:56:31 ET
Table 'Oceana' 6-max Seat #5 is the button
Seat 5: Scheubi88 ($216.75 in chips)
Seat 6: ToDaFelt ($141.56 in chips)
Scheubi88: posts small blind $1
ToDaFelt: posts big blind $3
*** HOLE CARDS ***
Scheubi88: raises $3 to $6
ToDaFelt: raises $3 to $9
Scheubi88: calls $3
*** FLOP *** [8c Tc Td]
ToDaFelt: bets $3
Scheubi88: folds
Uncalled bet ($3) returned to ToDaFelt
ToDaFelt collected $17.64 from pot
ToDaFelt: doesn't show hand
*** SUMMARY ***
Total pot $18 | Rake $0.36
Board [8c Tc Td]
Seat 5: Scheubi88 (button) (small blind) folded on the Flop
Seat 6: ToDaFelt (big blind) collected ($17.64)


PokerStars Hand #162328499223:  Hold'em Limit ($3/$6 USD) - 2016/12/03 1:57:04 ET
Table 'Oceana' 6-max Seat #5 is the button
Seat 5: Scheubi88 ($186.75 in chips)
Seat 6: ToDaFelt ($170.70 in chips)
Scheubi88: posts small blind $1
ToDaFelt: posts big blind $3
*** HOLE CARDS ***
Scheubi88: raises $3 to $6
ToDaFelt: calls $3
*** FLOP *** [As 5h Qc]
ToDaFelt: checks
Scheubi88: checks
*** TURN *** [As 5h Qc] [9d]
ToDaFelt: bets $6
tamnt10549 is disconnected
Scheubi88: raises $6 to $12
ToDaFelt: calls $6
*** RIVER *** [As 5h Qc 9d] [9s]
ToDaFelt: checks
Scheubi88: bets $6
ToDaFelt: calls $6
*** SHOW DOWN ***
Scheubi88: shows [Ac Kd] (two pair, Aces and Nines)
ToDaFelt: mucks hand
Scheubi88 collected $47.50 from pot
*** SUMMARY ***
Total pot $48 | Rake $0.50
Board [As 5h Qc 9d 9s]
Seat 5: Scheubi88 (button) (small blind) showed [Ac Kd] and won ($47.50) with two pair, Aces and Nines
Seat 6: ToDaFelt (big blind) mucked


PokerStars Hand #162328504685:  Hold'em Limit ($3/$6 USD) - 2016/12/03 1:57:24 ET
Table 'Oceana' 6-max Seat #6 is the button
Seat 5: Scheubi88 ($210.25 in chips)
Seat 6: ToDaFelt ($146.70 in chips)
ToDaFelt: posts small blind $1
Scheubi88: posts big blind $3
*** HOLE CARDS ***
ToDaFelt: raises $3 to $6
Scheubi88: folds
Uncalled bet ($3) returned to ToDaFelt
ToDaFelt collected $6 from pot
ToDaFelt: doesn't show hand
*** SUMMARY ***
Total pot $6 | Rake $0
Seat 5: Scheubi88 (big blind) folded before Flop
Seat 6: ToDaFelt (button) (small blind) collected ($6)


PokerStars Hand #162328494599:  Hold'em Limit ($3/$6 USD) - 2016/12/03 1:56:47 ET
Table 'Oceana' 6-max Seat #6 is the button
Seat 5: Scheubi88 ($207.75 in chips)
Seat 6: ToDaFelt ($150.20 in chips)
ToDaFelt: posts small blind $1
Scheubi88: posts big blind $3
*** HOLE CARDS ***
ToDaFelt: raises $3 to $6
Scheubi88: calls $3
*** FLOP *** [8s 5d 3h]
Scheubi88: checks
ToDaFelt: bets $3
Scheubi88: calls $3
*** TURN *** [8s 5d 3h] [Ad]
Scheubi88: checks
ToDaFelt: bets $6
Scheubi88: calls $6
*** RIVER *** [8s 5d 3h Ad] [9s]
Scheubi88: checks
ToDaFelt: bets $6
Scheubi88: calls $6
*** SHOW DOWN ***
ToDaFelt: shows [Ah Tc] (a pair of Aces)
Scheubi88: mucks hand
ToDaFelt collected $41.50 from pot
*** SUMMARY ***
Total pot $42 | Rake $0.50
Board [8s 5d 3h Ad 9s]
Seat 5: Scheubi88 (big blind) mucked
Seat 6: ToDaFelt (button) (small blind) showed [Ah Tc] and won ($41.50) with a pair of Aces


PokerStars Hand #162328507702:  Hold'em Limit ($3/$6 USD) - 2016/12/03 1:57:35 ET
Table 'Oceana' 6-max Seat #5 is the button
Seat 5: Scheubi88 ($207.25 in chips)
Seat 6: ToDaFelt ($149.70 in chips)
Scheubi88: posts small blind $1
ToDaFelt: posts big blind $3
*** HOLE CARDS ***
Scheubi88: raises $3 to $6
ToDaFelt: folds
Uncalled bet ($3) returned to Scheubi88
Scheubi88 collected $6 from pot
Scheubi88: doesn't show hand
*** SUMMARY ***
Total pot $6 | Rake $0
Seat 5: Scheubi88 (button) (small blind) collected ($6)
Seat 6: ToDaFelt (big blind) folded before Flop


PokerStars Hand #162334508031:  Hold'em Limit ($3/$6 USD) - 2016/12/03 6:14:45 ET
Table 'Oceana' 6-max Seat #4 is the button
Seat 2: manly70 ($98.77 in chips)
Seat 4: ABATAPP ($241.40 in chips)
ABATAPP: posts small blind $1
manly70: posts big blind $3
*** HOLE CARDS ***
ABATAPP: raises $3 to $6
manly70: folds
Uncalled bet ($3) returned to ABATAPP
ABATAPP collected $6 from pot
ABATAPP: doesn't show hand
*** SUMMARY ***
Total pot $6 | Rake $0
Seat 2: manly70 (big blind) folded before Flop
Seat 4: ABATAPP (button) (small blind) collected ($6)


PokerStars Hand #162334492848:  Hold'em Limit ($3/$6 USD) - 2016/12/03 6:14:15 ET
Table 'Oceana' 6-max Seat #2 is the button
Seat 2: manly70 ($84.27 in chips)
Seat 4: ABATAPP ($256.40 in chips)
manly70: posts small blind $1
ABATAPP: posts big blind $3
*** HOLE CARDS ***
manly70: raises $3 to $6
ABATAPP: calls $3
*** FLOP *** [7c 9d 5c]
ABATAPP: checks
manly70: bets $3
ABATAPP: calls $3
*** TURN *** [7c 9d 5c] [9s]
ABATAPP: bets $6
manly70: calls $6
*** RIVER *** [7c 9d 5c 9s] [9c]
ABATAPP: checks
manly70: checks
*** SHOW DOWN ***
ABATAPP: shows [Ks 6h] (three of a kind, Nines)
manly70: shows [Ts Kc] (three of a kind, Nines - King+Ten kicker)
manly70 collected $29.50 from pot
*** SUMMARY ***
Total pot $30 | Rake $0.50
Board [7c 9d 5c 9s 9c]
Seat 2: manly70 (button) (small blind) showed [Ts Kc] and won ($29.50) with three of a kind, Nines
Seat 4: ABATAPP (big blind) showed [Ks 6h] and lost with three of a kind, Nines


PokerStars Hand #162334488684:  Hold'em Limit ($3/$6 USD) - 2016/12/03 6:14:07 ET
Table 'Oceana' 6-max Seat #4 is the button
Seat 2: manly70 ($83.27 in chips)
Seat 4: ABATAPP ($257.40 in chips)
ABATAPP: posts small blind $1
kolaz03: is sitting out
manly70: posts big blind $3
*** HOLE CARDS ***
ABATAPP: folds
Uncalled bet ($2) returned to manly70
manly70 collected $2 from pot
*** SUMMARY ***
Total pot $2 | Rake $0
Seat 2: manly70 (big blind) collected ($2)
Seat 4: ABATAPP (button) (small blind) folded before Flop


PokerStars Hand #162334521826:  Hold'em Limit ($3/$6 USD) - 2016/12/03 6:15:12 ET
Table 'Oceana' 6-max Seat #4 is the button
Seat 2: manly70 ($107.29 in chips)
Seat 4: ABATAPP ($232.40 in chips)
ABATAPP: posts small blind $1
manly70: posts big blind $3
*** HOLE CARDS ***
ABATAPP: raises $3 to $6
manly70: calls $3
*** FLOP *** [Jh 9h Ad]
manly70: checks
ABATAPP: bets $3
manly70: calls $3
*** TURN *** [Jh 9h Ad] [Qd]
manly70: checks
ABATAPP: checks
*** RIVER *** [Jh 9h Ad Qd] [Ts]
manly70: checks
ABATAPP: bets $6
manly70: calls $6
*** SHOW DOWN ***
ABATAPP: shows [6c 9c] (a pair of Nines)
manly70: shows [Qh 2s] (a pair of Queens)
manly70 collected $29.50 from pot
*** SUMMARY ***
Total pot $30 | Rake $0.50
Board [Jh 9h Ad Qd Ts]
Seat 2: manly70 (big blind) showed [Qh 2s] and won ($29.50) with a pair of Queens
Seat 4: ABATAPP (button) (small blind) showed [6c 9c] and lost with a pair of Nines


PokerStars Hand #162334512045:  Hold'em Limit ($3/$6 USD) - 2016/12/03 6:14:53 ET
Table 'Oceana' 6-max Seat #2 is the button
Seat 2: manly70 ($95.77 in chips)
Seat 4: ABATAPP ($244.40 in chips)
manly70: posts small blind $1
ABATAPP: posts big blind $3
*** HOLE CARDS ***
manly70: raises $3 to $6
ABATAPP: calls $3
*** FLOP *** [5c 9c 3d]
ABATAPP: checks
manly70: checks
*** TURN *** [5c 9c 3d] [Js]
ABATAPP: checks
manly70: checks
*** RIVER *** [5c 9c 3d Js] [Kd]
ABATAPP: bets $6
manly70: calls $6
*** SHOW DOWN ***
ABATAPP: shows [7h 7d] (a pair of Sevens)
manly70: shows [Kh 4c] (a pair of Kings)
manly70 collected $23.52 from pot
*** SUMMARY ***
Total pot $24 | Rake $0.48
Board [5c 9c 3d Js Kd]
Seat 2: manly70 (button) (small blind) showed [Kh 4c] and won ($23.52) with a pair of Kings
Seat 4: ABATAPP (big blind) showed [7h 7d] and lost with a pair of Sevens


PokerStars Hand #162334543027:  Hold'em Limit ($3/$6 USD) - 2016/12/03 6:15:53 ET
Table 'Oceana' 6-max Seat #2 is the button
Seat 2: manly70 ($121.79 in chips)
Seat 4: ABATAPP ($217.40 in chips)
manly70: posts small blind $1
ABATAPP: posts big blind $3
*** HOLE CARDS ***
manly70: raises $3 to $6
ABATAPP: folds
Uncalled bet ($3) returned to manly70
manly70 collected $6 from pot
*** SUMMARY ***
Total pot $6 | Rake $0
Seat 2: manly70 (button) (small blind) collected ($6)
Seat 4: ABATAPP (big blind) folded before Flop


PokerStars Hand #162334547503:  Hold'em Limit ($3/$6 USD) - 2016/12/03 6:16:02 ET
Table 'Oceana' 6-max Seat #4 is the button
Seat 2: manly70 ($124.79 in chips)
Seat 4: ABATAPP ($214.40 in chips)
ABATAPP: posts small blind $1
manly70: posts big blind $3
*** HOLE CARDS ***
ABATAPP: raises $3 to $6
manly70: calls $3
*** FLOP *** [7c 3s Kh]
manly70: checks
ABATAPP: checks
*** TURN *** [7c 3s Kh] [Js]
manly70: checks
ABATAPP: bets $6
manly70: calls $6
*** RIVER *** [7c 3s Kh Js] [2d]
manly70: checks
ABATAPP: bets $6
manly70: folds
Uncalled bet ($6) returned to ABATAPP
ABATAPP collected $23.52 from pot
Alexsandr.NT joins the table at seat #6
ABATAPP: doesn't show hand
*** SUMMARY ***
Total pot $24 | Rake $0.48
Board [7c 3s Kh Js 2d]
Seat 2: manly70 (big blind) folded on the River
Seat 4: ABATAPP (button) (small blind) collected ($23.52)


PokerStars Hand #162334563360:  Hold'em Limit ($3/$6 USD) - 2016/12/03 6:16:33 ET
Table 'Oceana' 6-max Seat #2 is the button
Seat 2: manly70 ($112.79 in chips)
Seat 4: ABATAPP ($225.92 in chips)
manly70: posts small blind $1
ABATAPP: posts big blind $3
*** HOLE CARDS ***
manly70: folds
Uncalled bet ($2) returned to ABATAPP
ABATAPP collected $2 from pot
ABATAPP: doesn't show hand
*** SUMMARY ***
Total pot $2 | Rake $0
Seat 2: manly70 (button) (small blind) folded before Flop
Seat 4: ABATAPP (big blind) collected ($2)


PokerStars Hand #162335892337:  Hold'em Limit ($3/$6 USD) - 2016/12/03 6:58:44 ET
Table 'Oceana' 6-max Seat #3 is the button
Seat 2: manly70 ($234.58 in chips)
Seat 3: linuxhunter ($242.64 in chips)
linuxhunter: posts small blind $1
manly70: posts big blind $3
*** HOLE CARDS ***
linuxhunter: folds
Uncalled bet ($2) returned to manly70
manly70 collected $2 from pot
*** SUMMARY ***
Total pot $2 | Rake $0
Seat 2: manly70 (big blind) collected ($2)
Seat 3: linuxhunter (button) (small blind) folded before Flop


