PokerStars Hand #172964706041:  Hold'em Limit ($3/$6 USD) - 2017/07/13 0:34:26 ET
Table 'Oceax' 6-max Seat #3 is the button
Seat 3: Dubinin84 ($96 in chips)
Seat 4: B_loJkl ($150 in chips)
Dubinin84: posts small blind $1
B_loJkl: posts big blind $3
*** HOLE CARDS ***
Dubinin84: folds
Uncalled bet ($2) returned to B_loJkl
B_loJkl collected $2 from pot
B_loJkl: doesn't show hand
*** SUMMARY ***
Total pot $2 | Rake $0
Seat 3: Dubinin84 (button) (small blind) folded before Flop
Seat 4: B_loJkl (big blind) collected ($2)


PokerStars Hand #172964712708:  Hold'em Limit ($3/$6 USD) - 2017/07/13 0:34:51 ET
Table 'Oceax' 6-max Seat #3 is the button
Seat 3: Dubinin84 ($103.64 in chips)
Seat 4: B_loJkl ($142 in chips)
Dubinin84: posts small blind $1
B_loJkl: posts big blind $3
*** HOLE CARDS ***
Dubinin84: raises $3 to $6
B_loJkl: calls $3
*** FLOP *** [4d 7d Js]
B_loJkl: checks
Dubinin84: checks
*** TURN *** [4d 7d Js] [5h]
B_loJkl: bets $6
Dubinin84: calls $6
*** RIVER *** [4d 7d Js 5h] [Ac]
B_loJkl: checks
Dubinin84: bets $6
B_loJkl: calls $6
*** SHOW DOWN ***
Dubinin84: shows [Ad Qs] (a pair of Aces)
B_loJkl: mucks hand
Dubinin84 collected $35.50 from pot
*** SUMMARY ***
Total pot $36 | Rake $0.50
Board [4d 7d Js 5h Ac]
Seat 3: Dubinin84 (button) (small blind) showed [Ad Qs] and won ($35.50) with a pair of Aces
Seat 4: B_loJkl (big blind) mucked


PokerStars Hand #172964717311:  Hold'em Limit ($3/$6 USD) - 2017/07/13 0:35:09 ET
Table 'Oceax' 6-max Seat #4 is the button
Seat 3: Dubinin84 ($121.14 in chips)
Seat 4: B_loJkl ($124 in chips)
B_loJkl: posts small blind $1
Dubinin84: posts big blind $3
*** HOLE CARDS ***
B_loJkl: raises $3 to $6
Dubinin84: calls $3
*** FLOP *** [Ah 5h 9h]
Dubinin84: checks
B_loJkl: bets $3
Dubinin84: folds
Uncalled bet ($3) returned to B_loJkl
B_loJkl collected $11.76 from pot
B_loJkl: doesn't show hand
*** SUMMARY ***
Total pot $12 | Rake $0.24
Board [Ah 5h 9h]
Seat 3: Dubinin84 (big blind) folded on the Flop
Seat 4: B_loJkl (button) (small blind) collected ($11.76)


PokerStars Hand #172964724729:  Hold'em Limit ($3/$6 USD) - 2017/07/13 0:35:29 ET
Table 'Oceax' 6-max Seat #4 is the button
Seat 3: Dubinin84 ($114.14 in chips)
Seat 4: B_loJkl ($130.76 in chips)
B_loJkl: posts small blind $1
Dubinin84: posts big blind $3
*** HOLE CARDS ***
B_loJkl: raises $3 to $6
Dubinin84: folds
Uncalled bet ($3) returned to B_loJkl
B_loJkl collected $6 from pot
B_loJkl: doesn't show hand
*** SUMMARY ***
Total pot $6 | Rake $0
Seat 3: Dubinin84 (big blind) folded before Flop
Seat 4: B_loJkl (button) (small blind) collected ($6)


PokerStars Hand #172964739336:  Hold'em Limit ($3/$6 USD) - 2017/07/13 0:36:25 ET
Table 'Oceax' 6-max Seat #4 is the button
Seat 3: Dubinin84 ($125.64 in chips)
Seat 4: B_loJkl ($118.26 in chips)
B_loJkl: posts small blind $1
Dubinin84: posts big blind $3
*** HOLE CARDS ***
B_loJkl: raises $3 to $6
Dubinin84: calls $3
*** FLOP *** [Jd 4h Qc]
Dubinin84: checks
B_loJkl: bets $3
Dubinin84: calls $3
*** TURN *** [Jd 4h Qc] [7s]
Dubinin84: checks
B_loJkl: checks
*** RIVER *** [Jd 4h Qc 7s] [7d]
Dubinin84: checks
B_loJkl: bets $6
Dubinin84: calls $6
*** SHOW DOWN ***
B_loJkl: shows [3s Js] (two pair, Jacks and Sevens)
Dubinin84: mucks hand
B_loJkl collected $29.50 from pot
*** SUMMARY ***
Total pot $30 | Rake $0.50
Board [Jd 4h Qc 7s 7d]
Seat 3: Dubinin84 (big blind) mucked
Seat 4: B_loJkl (button) (small blind) showed [3s Js] and won ($29.50) with two pair, Jacks and Sevens


PokerStars Hand #172964731953:  Hold'em Limit ($3/$6 USD) - 2017/07/13 0:35:56 ET
Table 'Oceax' 6-max Seat #4 is the button
Seat 3: Dubinin84 ($96.14 in chips)
Seat 4: B_loJkl ($148.26 in chips)
B_loJkl: posts small blind $1
Dubinin84: posts big blind $3
*** HOLE CARDS ***
B_loJkl: raises $3 to $6
Dubinin84: calls $3
*** FLOP *** [Th Jd 9c]
Dubinin84: checks
B_loJkl: bets $3
Dubinin84: calls $3
*** TURN *** [Th Jd 9c] [2h]
Dubinin84: checks
B_loJkl: bets $6
Dubinin84: raises $6 to $12
B_loJkl: calls $6
*** RIVER *** [Th Jd 9c 2h] [4c]
Dubinin84: bets $6
B_loJkl: calls $6
*** SHOW DOWN ***
Dubinin84: shows [7s 8h] (a straight, Seven to Jack)
B_loJkl: mucks hand
Dubinin84 collected $53.50 from pot
*** SUMMARY ***
Total pot $54 | Rake $0.50
Board [Th Jd 9c 2h 4c]
Seat 3: Dubinin84 (big blind) showed [7s 8h] and won ($53.50) with a straight, Seven to Jack
Seat 4: B_loJkl (button) (small blind) mucked


PokerStars Hand #172964753034:  Hold'em Limit ($3/$6 USD) - 2017/07/13 0:37:18 ET
Table 'Oceax' 6-max Seat #3 is the button
Seat 3: Dubinin84 ($99.64 in chips)
Seat 4: B_loJkl ($143.52 in chips)
Dubinin84: posts small blind $1
B_loJkl: posts big blind $3
*** HOLE CARDS ***
Dubinin84: raises $3 to $6
B_loJkl: calls $3
*** FLOP *** [Tc Js 2s]
B_loJkl: checks
Dubinin84: bets $3
B_loJkl: raises $3 to $6
Dubinin84: calls $3
*** TURN *** [Tc Js 2s] [2c]
B_loJkl: bets $6
Dubinin84: calls $6
*** RIVER *** [Tc Js 2s 2c] [3h]
B_loJkl: bets $6
Dubinin84: folds
Uncalled bet ($6) returned to B_loJkl
B_loJkl collected $35.50 from pot
B_loJkl: doesn't show hand
*** SUMMARY ***
Total pot $36 | Rake $0.50
Board [Tc Js 2s 2c 3h]
Seat 3: Dubinin84 (button) (small blind) folded on the River
Seat 4: B_loJkl (big blind) collected ($35.50)


PokerStars Hand #172964744637:  Hold'em Limit ($3/$6 USD) - 2017/07/13 0:36:45 ET
Table 'Oceax' 6-max Seat #4 is the button
Seat 3: Dubinin84 ($109.64 in chips)
Seat 4: B_loJkl ($133.76 in chips)
B_loJkl: posts small blind $1
Dubinin84: posts big blind $3
*** HOLE CARDS ***
B_loJkl: raises $3 to $6
Dubinin84: folds
Uncalled bet ($3) returned to B_loJkl
B_loJkl collected $6 from pot
B_loJkl: doesn't show hand
*** SUMMARY ***
Total pot $6 | Rake $0
Seat 3: Dubinin84 (big blind) folded before Flop
Seat 4: B_loJkl (button) (small blind) collected ($6)


PokerStars Hand #172964749974:  Hold'em Limit ($3/$6 USD) - 2017/07/13 0:37:06 ET
Table 'Oceax' 6-max Seat #4 is the button
Seat 3: Dubinin84 ($105.64 in chips)
Seat 4: B_loJkl ($137.76 in chips)
B_loJkl: posts small blind $1
Dubinin84: posts big blind $3
*** HOLE CARDS ***
B_loJkl: raises $3 to $6
Dubinin84: calls $3
*** FLOP *** [Kc 8s Ts]
Dubinin84: checks
B_loJkl: bets $3
Dubinin84: folds
Uncalled bet ($3) returned to B_loJkl
B_loJkl collected $11.76 from pot
B_loJkl: doesn't show hand
*** SUMMARY ***
Total pot $12 | Rake $0.24
Board [Kc 8s Ts]
Seat 3: Dubinin84 (big blind) folded on the Flop
Seat 4: B_loJkl (button) (small blind) collected ($11.76)


PokerStars Hand #172964770606:  Hold'em Limit ($3/$6 USD) - 2017/07/13 0:38:26 ET
Table 'Oceax' 6-max Seat #3 is the button
Seat 3: Dubinin84 ($86.14 in chips)
Seat 4: B_loJkl ($155.52 in chips)
Dubinin84: posts small blind $1
B_loJkl: posts big blind $3
*** HOLE CARDS ***
Dubinin84: raises $3 to $6
B_loJkl: calls $3
*** FLOP *** [9d 7c 6s]
B_loJkl: checks
Dubinin84: bets $3
B_loJkl: calls $3
*** TURN *** [9d 7c 6s] [5c]
B_loJkl: checks
Dubinin84: bets $6
B_loJkl: folds
Uncalled bet ($6) returned to Dubinin84
Dubinin84 collected $17.64 from pot
Dubinin84: doesn't show hand
*** SUMMARY ***
Total pot $18 | Rake $0.36
Board [9d 7c 6s 5c]
Seat 3: Dubinin84 (button) (small blind) collected ($17.64)
Seat 4: B_loJkl (big blind) folded on the Turn


PokerStars Hand #172964765682:  Hold'em Limit ($3/$6 USD) - 2017/07/13 0:38:07 ET
Table 'Oceax' 6-max Seat #4 is the button
Seat 3: Dubinin84 ($65.64 in chips)
Seat 4: B_loJkl ($176.52 in chips)
B_loJkl: posts small blind $1
Dubinin84: posts big blind $3
*** HOLE CARDS ***
B_loJkl: raises $3 to $6
Dubinin84: calls $3
*** FLOP *** [2c 8d Kd]
Dubinin84: checks
Hi Im Alexey joins the table at seat #5
B_loJkl: bets $3
Dubinin84: calls $3
*** TURN *** [2c 8d Kd] [7c]
Dubinin84: checks
B_loJkl: bets $6
Dubinin84: raises $6 to $12
B_loJkl: calls $6
*** RIVER *** [2c 8d Kd 7c] [Qd]
Dubinin84: bets $6
B_loJkl: folds
Uncalled bet ($6) returned to Dubinin84
Dubinin84 collected $41.50 from pot
Dubinin84: doesn't show hand
*** SUMMARY ***
Total pot $42 | Rake $0.50
Board [2c 8d Kd 7c Qd]
Seat 3: Dubinin84 (big blind) collected ($41.50)
Seat 4: B_loJkl (button) (small blind) folded on the River


PokerStars Hand #172964759688:  Hold'em Limit ($3/$6 USD) - 2017/07/13 0:37:43 ET
Table 'Oceax' 6-max Seat #4 is the button
Seat 3: Dubinin84 ($81.64 in chips)
Seat 4: B_loJkl ($161.02 in chips)
B_loJkl: posts small blind $1
Dubinin84: posts big blind $3
*** HOLE CARDS ***
B_loJkl: raises $3 to $6
Dubinin84: calls $3
*** FLOP *** [4s Jd Qs]
Dubinin84: checks
B_loJkl: bets $3
Dubinin84: calls $3
*** TURN *** [4s Jd Qs] [8d]
Dubinin84: checks
B_loJkl: checks
*** RIVER *** [4s Jd Qs 8d] [9c]
Dubinin84: bets $6
B_loJkl: raises $6 to $12
Dubinin84: folds
Uncalled bet ($6) returned to B_loJkl
B_loJkl collected $29.50 from pot
B_loJkl: doesn't show hand
*** SUMMARY ***
Total pot $30 | Rake $0.50
Board [4s Jd Qs 8d 9c]
Seat 3: Dubinin84 (big blind) folded on the River
Seat 4: B_loJkl (button) (small blind) collected ($29.50)


PokerStars Hand #172965019528:  Hold'em Limit ($3/$6 USD) - 2017/07/13 0:54:27 ET
Table 'Oceax' 6-max Seat #2 is the button
Seat 2: pro_gosy ($15.73 in chips)
Seat 4: B_loJkl ($195.88 in chips)
pro_gosy: posts small blind $1
B_loJkl: posts big blind $3
*** HOLE CARDS ***
pro_gosy: raises $3 to $6
B_loJkl: calls $3
*** FLOP *** [Ac 5s 2d]
B_loJkl: checks
pro_gosy: bets $3
B_loJkl: calls $3
*** TURN *** [Ac 5s 2d] [2s]
B_loJkl: checks
pro_gosy: bets $6
B_loJkl: raises $6 to $12
pro_gosy: calls $0.73 and is all-in
Uncalled bet ($5.27) returned to B_loJkl
*** RIVER *** [Ac 5s 2d 2s] [2h]
*** SHOW DOWN ***
B_loJkl: shows [9c Qs] (three of a kind, Deuces)
pro_gosy: shows [Jh Qh] (three of a kind, Deuces)
B_loJkl collected $15.48 from pot
pro_gosy collected $15.48 from pot
*** SUMMARY ***
Total pot $31.46 | Rake $0.50
Board [Ac 5s 2d 2s 2h]
Seat 2: pro_gosy (button) (small blind) showed [Jh Qh] and won ($15.48) with three of a kind, Deuces
Seat 4: B_loJkl (big blind) showed [9c Qs] and won ($15.48) with three of a kind, Deuces


PokerStars Hand #172965016401:  Hold'em Limit ($3/$6 USD) - 2017/07/13 0:54:14 ET
Table 'Oceax' 6-max Seat #4 is the button
Seat 2: pro_gosy ($18.73 in chips)
Seat 4: B_loJkl ($192.88 in chips)
B_loJkl: posts small blind $1
Hi Im Alexey: is sitting out
pro_gosy: posts big blind $3
*** HOLE CARDS ***
B_loJkl: raises $3 to $6
pro_gosy: folds
Uncalled bet ($3) returned to B_loJkl
B_loJkl collected $6 from pot
B_loJkl: doesn't show hand
*** SUMMARY ***
Total pot $6 | Rake $0
Seat 2: pro_gosy (big blind) folded before Flop
Seat 4: B_loJkl (button) (small blind) collected ($6)


PokerStars Hand #172965031305:  Hold'em Limit ($3/$6 USD) - 2017/07/13 0:55:15 ET
Table 'Oceax' 6-max Seat #2 is the button
Seat 2: pro_gosy ($30.46 in chips)
Seat 4: B_loJkl ($180.15 in chips)
pro_gosy: posts small blind $1
B_loJkl: posts big blind $3
*** HOLE CARDS ***
pro_gosy: calls $2
B_loJkl: checks
*** FLOP *** [Ac Kd 5s]
B_loJkl: bets $3
pro_gosy: folds
Uncalled bet ($3) returned to B_loJkl
B_loJkl collected $5.88 from pot
B_loJkl: doesn't show hand
*** SUMMARY ***
Total pot $6 | Rake $0.12
Board [Ac Kd 5s]
Seat 2: pro_gosy (button) (small blind) folded on the Flop
Seat 4: B_loJkl (big blind) collected ($5.88)


PokerStars Hand #172965026221:  Hold'em Limit ($3/$6 USD) - 2017/07/13 0:54:54 ET
Table 'Oceax' 6-max Seat #4 is the button
Seat 2: pro_gosy ($15.48 in chips)
Seat 4: B_loJkl ($195.63 in chips)
B_loJkl: posts small blind $1
pro_gosy: posts big blind $3
*** HOLE CARDS ***
B_loJkl: raises $3 to $6
pro_gosy: calls $3
*** FLOP *** [9d 7h 4h]
pro_gosy: bets $3
B_loJkl: calls $3
*** TURN *** [9d 7h 4h] [5d]
Hi Im Alexey leaves the table
pro_gosy: bets $6
B_loJkl: calls $6
*** RIVER *** [9d 7h 4h 5d] [2c]
pro_gosy: bets $0.48 and is all-in
B_loJkl: calls $0.48
*** SHOW DOWN ***
pro_gosy: shows [6c 8d] (a straight, Five to Nine)
B_loJkl: shows [As Tc] (high card Ace)
pro_gosy collected $30.46 from pot
*** SUMMARY ***
Total pot $30.96 | Rake $0.50
Board [9d 7h 4h 5d 2c]
Seat 2: pro_gosy (big blind) showed [6c 8d] and won ($30.46) with a straight, Five to Nine
Seat 4: B_loJkl (button) (small blind) showed [As Tc] and lost with high card Ace


PokerStars Hand #172965033838:  Hold'em Limit ($3/$6 USD) - 2017/07/13 0:55:26 ET
Table 'Oceax' 6-max Seat #4 is the button
Seat 2: pro_gosy ($27.46 in chips)
Seat 4: B_loJkl ($183.03 in chips)
B_loJkl: posts small blind $1
pro_gosy: posts big blind $3
*** HOLE CARDS ***
B_loJkl: raises $3 to $6
pro_gosy: calls $3
*** FLOP *** [Kc Tc 9c]
pro_gosy: checks
B_loJkl: bets $3
pro_gosy: calls $3
*** TURN *** [Kc Tc 9c] [4s]
pro_gosy: checks
B_loJkl: bets $6
pro_gosy: calls $6
*** RIVER *** [Kc Tc 9c 4s] [Ah]
pro_gosy: checks
B_loJkl: bets $6
pro_gosy: calls $6
*** SHOW DOWN ***
B_loJkl: shows [Td Ad] (two pair, Aces and Tens)
pro_gosy: mucks hand
B_loJkl collected $41.50 from pot
*** SUMMARY ***
Total pot $42 | Rake $0.50
Board [Kc Tc 9c 4s Ah]
Seat 2: pro_gosy (big blind) mucked
Seat 4: B_loJkl (button) (small blind) showed [Td Ad] and won ($41.50) with two pair, Aces and Tens


PokerStars Hand #172965053226:  Hold'em Limit ($3/$6 USD) - 2017/07/13 0:56:52 ET
Table 'Oceax' 6-max Seat #2 is the button
Seat 2: pro_gosy ($27 in chips)
Seat 4: B_loJkl ($218.37 in chips)
pro_gosy: posts small blind $1
B_loJkl: posts big blind $3
*** HOLE CARDS ***
pro_gosy: folds
Uncalled bet ($2) returned to B_loJkl
B_loJkl collected $2 from pot
B_loJkl: doesn't show hand
*** SUMMARY ***
Total pot $2 | Rake $0
Seat 2: pro_gosy (button) (small blind) folded before Flop
Seat 4: B_loJkl (big blind) collected ($2)


PokerStars Hand #172965049301:  Hold'em Limit ($3/$6 USD) - 2017/07/13 0:56:34 ET
Table 'Oceax' 6-max Seat #4 is the button
Seat 2: pro_gosy ($36 in chips)
Seat 4: B_loJkl ($209.73 in chips)
B_loJkl: posts small blind $1
pro_gosy: posts big blind $3
*** HOLE CARDS ***
B_loJkl: raises $3 to $6
pro_gosy: calls $3
*** FLOP *** [3h 7h Qs]
pro_gosy: checks
B_loJkl: bets $3
pro_gosy: calls $3
*** TURN *** [3h 7h Qs] [9d]
pro_gosy: checks
B_loJkl: bets $6
pro_gosy: folds
Uncalled bet ($6) returned to B_loJkl
B_loJkl collected $17.64 from pot
B_loJkl: doesn't show hand
*** SUMMARY ***
Total pot $18 | Rake $0.36
Board [3h 7h Qs 9d]
Seat 2: pro_gosy (big blind) folded on the Turn
Seat 4: B_loJkl (button) (small blind) collected ($17.64)


PokerStars Hand #172965062678:  Hold'em Limit ($3/$6 USD) - 2017/07/13 0:57:33 ET
Table 'Oceax' 6-max Seat #4 is the button
Seat 2: pro_gosy ($7 in chips)
Seat 4: B_loJkl ($237.87 in chips)
B_loJkl: posts small blind $1
pro_gosy: posts big blind $3
*** HOLE CARDS ***
B_loJkl: raises $3 to $6
pro_gosy: raises $1 to $7 and is all-in
B_loJkl: calls $1
*** FLOP *** [4h 8h Js]
*** TURN *** [4h 8h Js] [6c]
*** RIVER *** [4h 8h Js 6c] [6h]
*** SHOW DOWN ***
pro_gosy: shows [6d 7h] (three of a kind, Sixes)
B_loJkl: shows [7d Ks] (a pair of Sixes)
pro_gosy collected $13.72 from pot
*** SUMMARY ***
Total pot $14 | Rake $0.28
Board [4h 8h Js 6c 6h]
Seat 2: pro_gosy (big blind) showed [6d 7h] and won ($13.72) with three of a kind, Sixes
Seat 4: B_loJkl (button) (small blind) showed [7d Ks] and lost with a pair of Sixes


PokerStars Hand #172965061683:  Hold'em Limit ($3/$6 USD) - 2017/07/13 0:57:28 ET
Table 'Oceax' 6-max Seat #2 is the button
Seat 2: pro_gosy ($8 in chips)
Seat 4: B_loJkl ($236.87 in chips)
pro_gosy: posts small blind $1
B_loJkl: posts big blind $3
*** HOLE CARDS ***
pro_gosy: folds
Uncalled bet ($2) returned to B_loJkl
B_loJkl collected $2 from pot
B_loJkl: doesn't show hand
*** SUMMARY ***
Total pot $2 | Rake $0
Seat 2: pro_gosy (button) (small blind) folded before Flop
Seat 4: B_loJkl (big blind) collected ($2)


PokerStars Hand #172965054189:  Hold'em Limit ($3/$6 USD) - 2017/07/13 0:56:56 ET
Table 'Oceax' 6-max Seat #4 is the button
Seat 2: pro_gosy ($26 in chips)
Seat 4: B_loJkl ($219.37 in chips)
B_loJkl: posts small blind $1
pro_gosy: posts big blind $3
*** HOLE CARDS ***
B_loJkl: raises $3 to $6
pro_gosy: calls $3
*** FLOP *** [8c 7c Js]
pro_gosy: checks
B_loJkl: bets $3
pro_gosy: raises $3 to $6
B_loJkl: calls $3
*** TURN *** [8c 7c Js] [4s]
pro_gosy: checks
B_loJkl: bets $6
pro_gosy: calls $6
*** RIVER *** [8c 7c Js 4s] [3d]
pro_gosy: checks
B_loJkl: bets $6
pro_gosy said, "f u c k ing idiot"
pro_gosy: folds
Uncalled bet ($6) returned to B_loJkl
B_loJkl collected $35.50 from pot
B_loJkl: doesn't show hand
*** SUMMARY ***
Total pot $36 | Rake $0.50
Board [8c 7c Js 4s 3d]
Seat 2: pro_gosy (big blind) folded on the River
Seat 4: B_loJkl (button) (small blind) collected ($35.50)


PokerStars Hand #172965073622:  Hold'em Limit ($3/$6 USD) - 2017/07/13 0:58:21 ET
Table 'Oceax' 6-max Seat #2 is the button
Seat 2: pro_gosy ($32.94 in chips)
Seat 4: B_loJkl ($211.15 in chips)
pro_gosy: posts small blind $1
B_loJkl: posts big blind $3
*** HOLE CARDS ***
pro_gosy: raises $3 to $6
B_loJkl: calls $3
*** FLOP *** [As 5d 7c]
B_loJkl: checks
pro_gosy: bets $3
B_loJkl: calls $3
*** TURN *** [As 5d 7c] [2s]
B_loJkl: checks
pro_gosy: bets $6
B_loJkl: calls $6
*** RIVER *** [As 5d 7c 2s] [Qs]
B_loJkl: checks
pro_gosy: bets $6
B_loJkl: calls $6
*** SHOW DOWN ***
pro_gosy: shows [3h Ac] (a pair of Aces)
B_loJkl: mucks hand
pro_gosy collected $41.50 from pot
*** SUMMARY ***
Total pot $42 | Rake $0.50
Board [As 5d 7c 2s Qs]
Seat 2: pro_gosy (button) (small blind) showed [3h Ac] and won ($41.50) with a pair of Aces
Seat 4: B_loJkl (big blind) mucked


PokerStars Hand #172965077714:  Hold'em Limit ($3/$6 USD) - 2017/07/13 0:58:39 ET
Table 'Oceax' 6-max Seat #4 is the button
Seat 2: pro_gosy ($53.44 in chips)
Seat 4: B_loJkl ($190.15 in chips)
B_loJkl: posts small blind $1
pro_gosy: posts big blind $3
*** HOLE CARDS ***
B_loJkl: raises $3 to $6
pro_gosy: calls $3
*** FLOP *** [4h 5c 8d]
pro_gosy: checks
B_loJkl: bets $3
pro_gosy: raises $3 to $6
B_loJkl: calls $3
*** TURN *** [4h 5c 8d] [3h]
pro_gosy: bets $6
B_loJkl: calls $6
*** RIVER *** [4h 5c 8d 3h] [8c]
pro_gosy: bets $6
B_loJkl: calls $6
*** SHOW DOWN ***
pro_gosy: shows [8h Td] (three of a kind, Eights)
B_loJkl: mucks hand
pro_gosy collected $47.50 from pot
*** SUMMARY ***
Total pot $48 | Rake $0.50
Board [4h 5c 8d 3h 8c]
Seat 2: pro_gosy (big blind) showed [8h Td] and won ($47.50) with three of a kind, Eights
Seat 4: B_loJkl (button) (small blind) mucked


PokerStars Hand #172965068309:  Hold'em Limit ($3/$6 USD) - 2017/07/13 0:57:57 ET
Table 'Oceax' 6-max Seat #4 is the button
Seat 2: pro_gosy ($16.72 in chips)
Seat 4: B_loJkl ($227.87 in chips)
B_loJkl: posts small blind $1
pro_gosy: posts big blind $3
*** HOLE CARDS ***
B_loJkl: raises $3 to $6
pro_gosy: calls $3
*** FLOP *** [3h 8s 2c]
pro_gosy: checks
B_loJkl: bets $3
pro_gosy: raises $3 to $6
B_loJkl: calls $3
*** TURN *** [3h 8s 2c] [Jh]
pro_gosy: bets $4.72 and is all-in
B_loJkl: calls $4.72
*** RIVER *** [3h 8s 2c Jh] [7c]
*** SHOW DOWN ***
pro_gosy: shows [8c 4c] (a pair of Eights)
B_loJkl: shows [9h 7h] (a pair of Sevens)
pro_gosy collected $32.94 from pot
*** SUMMARY ***
Total pot $33.44 | Rake $0.50
Board [3h 8s 2c Jh 7c]
Seat 2: pro_gosy (big blind) showed [8c 4c] and won ($32.94) with a pair of Eights
Seat 4: B_loJkl (button) (small blind) showed [9h 7h] and lost with a pair of Sevens


PokerStars Hand #172965082495:  Hold'em Limit ($3/$6 USD) - 2017/07/13 0:59:00 ET
Table 'Oceax' 6-max Seat #4 is the button
Seat 2: pro_gosy ($75.94 in chips)
Seat 4: B_loJkl ($167.15 in chips)
B_loJkl: posts small blind $1
pro_gosy: posts big blind $3
*** HOLE CARDS ***
B_loJkl: raises $3 to $6
pro_gosy: calls $3
*** FLOP *** [Jd Ks 4c]
pro_gosy: checks
B_loJkl: bets $3
pro_gosy: raises $3 to $6
B_loJkl: calls $3
*** TURN *** [Jd Ks 4c] [6d]
pro_gosy: bets $6
B_loJkl: raises $6 to $12
pro_gosy: calls $6
*** RIVER *** [Jd Ks 4c 6d] [4d]
pro_gosy: checks
B_loJkl: checks
*** SHOW DOWN ***
pro_gosy: shows [Jc 7c] (two pair, Jacks and Fours)
B_loJkl: shows [Js 6h] (two pair, Jacks and Sixes)
B_loJkl collected $47.50 from pot
*** SUMMARY ***
Total pot $48 | Rake $0.50
Board [Jd Ks 4c 6d 4d]
Seat 2: pro_gosy (big blind) showed [Jc 7c] and lost with two pair, Jacks and Fours
Seat 4: B_loJkl (button) (small blind) showed [Js 6h] and won ($47.50) with two pair, Jacks and Sixes


PokerStars Hand #172965090229:  Hold'em Limit ($3/$6 USD) - 2017/07/13 0:59:34 ET
Table 'Oceax' 6-max Seat #2 is the button
Seat 2: pro_gosy ($51.94 in chips)
Seat 4: B_loJkl ($190.65 in chips)
pro_gosy: posts small blind $1
B_loJkl: posts big blind $3
*** HOLE CARDS ***
pro_gosy: raises $3 to $6
B_loJkl: raises $3 to $9
pro_gosy said, "lucker idiot3"
pro_gosy: calls $3
*** FLOP *** [Ks 2s 6d]
B_loJkl: bets $3
pro_gosy: calls $3
*** TURN *** [Ks 2s 6d] [Kd]
B_loJkl: bets $6
pro_gosy: folds
Uncalled bet ($6) returned to B_loJkl
B_loJkl collected $23.52 from pot
B_loJkl: doesn't show hand
*** SUMMARY ***
Total pot $24 | Rake $0.48
Board [Ks 2s 6d Kd]
Seat 2: pro_gosy (button) (small blind) folded on the Turn
Seat 4: B_loJkl (big blind) collected ($23.52)


PokerStars Hand #172965098728:  Hold'em Limit ($3/$6 USD) - 2017/07/13 1:00:12 ET
Table 'Oceax' 6-max Seat #2 is the button
Seat 2: pro_gosy ($24.94 in chips)
Seat 4: B_loJkl ($216.67 in chips)
pro_gosy: posts small blind $1
B_loJkl: posts big blind $3
*** HOLE CARDS ***
pro_gosy: folds
Uncalled bet ($2) returned to B_loJkl
B_loJkl collected $2 from pot
B_loJkl: doesn't show hand
*** SUMMARY ***
Total pot $2 | Rake $0
Seat 2: pro_gosy (button) (small blind) folded before Flop
Seat 4: B_loJkl (big blind) collected ($2)


PokerStars Hand #172965099735:  Hold'em Limit ($3/$6 USD) - 2017/07/13 1:00:16 ET
Table 'Oceax' 6-max Seat #4 is the button
Seat 2: pro_gosy ($23.94 in chips)
Seat 4: B_loJkl ($217.67 in chips)
B_loJkl: posts small blind $1
pro_gosy: posts big blind $3
*** HOLE CARDS ***
B_loJkl: raises $3 to $6
pro_gosy: raises $3 to $9
B_loJkl: calls $3
*** FLOP *** [2s 7h 3c]
pro_gosy: bets $3
B_loJkl: calls $3
*** TURN *** [2s 7h 3c] [4d]
pro_gosy: bets $6
B_loJkl: calls $6
*** RIVER *** [2s 7h 3c 4d] [Kd]
pro_gosy: bets $5.94 and is all-in
B_loJkl: calls $5.94
*** SHOW DOWN ***
pro_gosy: shows [9d Qs] (high card King)
B_loJkl: shows [Kc Th] (a pair of Kings)
B_loJkl collected $47.38 from pot
*** SUMMARY ***
Total pot $47.88 | Rake $0.50
Board [2s 7h 3c 4d Kd]
Seat 2: pro_gosy (big blind) showed [9d Qs] and lost with high card King
Seat 4: B_loJkl (button) (small blind) showed [Kc Th] and won ($47.38) with a pair of Kings


PokerStars Hand #172965114314:  Hold'em Limit ($3/$6 USD) - 2017/07/13 1:01:19 ET
Table 'Oceax' 6-max Seat #4 is the button
Seat 2: pro_gosy ($25 in chips)
Seat 4: B_loJkl ($251.75 in chips)
B_loJkl: posts small blind $1
pro_gosy: posts big blind $3
*** HOLE CARDS ***
B_loJkl: raises $3 to $6
pro_gosy: folds
Uncalled bet ($3) returned to B_loJkl
B_loJkl collected $6 from pot
B_loJkl: doesn't show hand
*** SUMMARY ***
Total pot $6 | Rake $0
Seat 2: pro_gosy (big blind) folded before Flop
Seat 4: B_loJkl (button) (small blind) collected ($6)


PokerStars Hand #172965113255:  Hold'em Limit ($3/$6 USD) - 2017/07/13 1:01:14 ET
Table 'Oceax' 6-max Seat #2 is the button
Seat 2: pro_gosy ($26 in chips)
Seat 4: B_loJkl ($250.75 in chips)
pro_gosy: posts small blind $1
B_loJkl: posts big blind $3
*** HOLE CARDS ***
pro_gosy: folds
Uncalled bet ($2) returned to B_loJkl
B_loJkl collected $2 from pot
B_loJkl: doesn't show hand
*** SUMMARY ***
Total pot $2 | Rake $0
Seat 2: pro_gosy (button) (small blind) folded before Flop
Seat 4: B_loJkl (big blind) collected ($2)


PokerStars Hand #172965115670:  Hold'em Limit ($3/$6 USD) - 2017/07/13 1:01:24 ET
Table 'Oceax' 6-max Seat #2 is the button
Seat 2: pro_gosy ($22 in chips)
Seat 4: B_loJkl ($254.75 in chips)
pro_gosy: posts small blind $1
B_loJkl: posts big blind $3
*** HOLE CARDS ***
pro_gosy: raises $3 to $6
B_loJkl: calls $3
*** FLOP *** [6c 4h Ah]
B_loJkl: checks
pro_gosy: bets $3
B_loJkl: calls $3
*** TURN *** [6c 4h Ah] [Jh]
B_loJkl: checks
pro_gosy: bets $6
B_loJkl: raises $6 to $12
pro_gosy: raises $1 to $13 and is all-in
B_loJkl: calls $1
*** RIVER *** [6c 4h Ah Jh] [Kh]
*** SHOW DOWN ***
B_loJkl: shows [7s Jd] (a pair of Jacks)
pro_gosy: shows [As 8s] (a pair of Aces)
pro_gosy collected $43.50 from pot
*** SUMMARY ***
Total pot $44 | Rake $0.50
Board [6c 4h Ah Jh Kh]
Seat 2: pro_gosy (button) (small blind) showed [As 8s] and won ($43.50) with a pair of Aces
Seat 4: B_loJkl (big blind) showed [7s Jd] and lost with a pair of Jacks


PokerStars Hand #172965107234:  Hold'em Limit ($3/$6 USD) - 2017/07/13 1:00:49 ET
Table 'Oceax' 6-max Seat #2 is the button
Seat 2: pro_gosy ($36 in chips)
Seat 4: B_loJkl ($241.11 in chips)
pro_gosy: posts small blind $1
pro_gosy said, "idiot donk"
B_loJkl: posts big blind $3
*** HOLE CARDS ***
pro_gosy: folds
Uncalled bet ($2) returned to B_loJkl
B_loJkl collected $2 from pot
B_loJkl: doesn't show hand
*** SUMMARY ***
Total pot $2 | Rake $0
Seat 2: pro_gosy (button) (small blind) folded before Flop
Seat 4: B_loJkl (big blind) collected ($2)


PokerStars Hand #172965109339:  Hold'em Limit ($3/$6 USD) - 2017/07/13 1:00:58 ET
Table 'Oceax' 6-max Seat #4 is the button
Seat 2: pro_gosy ($35 in chips)
Seat 4: B_loJkl ($242.11 in chips)
B_loJkl: posts small blind $1
pro_gosy: posts big blind $3
*** HOLE CARDS ***
B_loJkl: raises $3 to $6
pro_gosy: calls $3
*** FLOP *** [6d 3d 5c]
pro_gosy: checks
B_loJkl: bets $3
pro_gosy: calls $3
*** TURN *** [6d 3d 5c] [Ad]
pro_gosy: checks
B_loJkl: bets $6
pro_gosy: folds
Uncalled bet ($6) returned to B_loJkl
B_loJkl collected $17.64 from pot
B_loJkl: doesn't show hand
*** SUMMARY ***
Total pot $18 | Rake $0.36
Board [6d 3d 5c Ad]
Seat 2: pro_gosy (big blind) folded on the Turn
Seat 4: B_loJkl (button) (small blind) collected ($17.64)


PokerStars Hand #172965127109:  Hold'em Limit ($3/$6 USD) - 2017/07/13 1:02:11 ET
Table 'Oceax' 6-max Seat #2 is the button
Seat 2: pro_gosy ($37.50 in chips)
Seat 4: B_loJkl ($238.51 in chips)
pro_gosy: posts small blind $1
B_loJkl: posts big blind $3
*** HOLE CARDS ***
pro_gosy: folds
Uncalled bet ($2) returned to B_loJkl
B_loJkl collected $2 from pot
B_loJkl: doesn't show hand
*** SUMMARY ***
Total pot $2 | Rake $0
Seat 2: pro_gosy (button) (small blind) folded before Flop
Seat 4: B_loJkl (big blind) collected ($2)


PokerStars Hand #172965122521:  Hold'em Limit ($3/$6 USD) - 2017/07/13 1:01:52 ET
Table 'Oceax' 6-max Seat #4 is the button
Seat 2: pro_gosy ($43.50 in chips)
Seat 4: B_loJkl ($232.75 in chips)
B_loJkl: posts small blind $1
pro_gosy: posts big blind $3
*** HOLE CARDS ***
B_loJkl: raises $3 to $6
pro_gosy: calls $3
*** FLOP *** [3s Ah 6d]
pro_gosy: checks
B_loJkl: bets $3
pro_gosy: folds
Uncalled bet ($3) returned to B_loJkl
B_loJkl collected $11.76 from pot
B_loJkl: doesn't show hand
*** SUMMARY ***
Total pot $12 | Rake $0.24
Board [3s Ah 6d]
Seat 2: pro_gosy (big blind) folded on the Flop
Seat 4: B_loJkl (button) (small blind) collected ($11.76)


PokerStars Hand #172965128170:  Hold'em Limit ($3/$6 USD) - 2017/07/13 1:02:15 ET
Table 'Oceax' 6-max Seat #4 is the button
Seat 2: pro_gosy ($36.50 in chips)
Seat 4: B_loJkl ($239.51 in chips)
B_loJkl: posts small blind $1
pro_gosy: posts big blind $3
*** HOLE CARDS ***
B_loJkl: raises $3 to $6
pro_gosy: raises $3 to $9
B_loJkl: calls $3
*** FLOP *** [8h 9s 9d]
pro_gosy: bets $3
B_loJkl: calls $3
*** TURN *** [8h 9s 9d] [Kc]
pro_gosy: checks
B_loJkl: checks
*** RIVER *** [8h 9s 9d Kc] [6s]
pro_gosy: checks
B_loJkl: checks
*** SHOW DOWN ***
pro_gosy: shows [Jc Qh] (a pair of Nines)
B_loJkl: mucks hand
pro_gosy collected $23.52 from pot
*** SUMMARY ***
Total pot $24 | Rake $0.48
Board [8h 9s 9d Kc 6s]
Seat 2: pro_gosy (big blind) showed [Jc Qh] and won ($23.52) with a pair of Nines
Seat 4: B_loJkl (button) (small blind) mucked


PokerStars Hand #172965139941:  Hold'em Limit ($3/$6 USD) - 2017/07/13 1:03:04 ET
Table 'Oceax' 6-max Seat #4 is the button
Seat 2: pro_gosy ($39.02 in chips)
Seat 4: B_loJkl ($236.15 in chips)
B_loJkl: posts small blind $1
pro_gosy: posts big blind $3
*** HOLE CARDS ***
B_loJkl: raises $3 to $6
pro_gosy: calls $3
*** FLOP *** [Kc 3d Qs]
pro_gosy: checks
B_loJkl: bets $3
pro_gosy: raises $3 to $6
B_loJkl: folds
Uncalled bet ($3) returned to pro_gosy
pro_gosy collected $17.64 from pot
*** SUMMARY ***
Total pot $18 | Rake $0.36
Board [Kc 3d Qs]
Seat 2: pro_gosy (big blind) collected ($17.64)
Seat 4: B_loJkl (button) (small blind) folded on the Flop


PokerStars Hand #172965145907:  Hold'em Limit ($3/$6 USD) - 2017/07/13 1:03:27 ET
Table 'Oceax' 6-max Seat #4 is the button
Seat 2: pro_gosy ($53.42 in chips)
Seat 4: B_loJkl ($221.15 in chips)
B_loJkl: posts small blind $1
pro_gosy: posts big blind $3
*** HOLE CARDS ***
B_loJkl: raises $3 to $6
pro_gosy: folds
Uncalled bet ($3) returned to B_loJkl
B_loJkl collected $6 from pot
B_loJkl: doesn't show hand
*** SUMMARY ***
Total pot $6 | Rake $0
Seat 2: pro_gosy (big blind) folded before Flop
Seat 4: B_loJkl (button) (small blind) collected ($6)


PokerStars Hand #172965142856:  Hold'em Limit ($3/$6 USD) - 2017/07/13 1:03:15 ET
Table 'Oceax' 6-max Seat #2 is the button
Seat 2: pro_gosy ($47.66 in chips)
Seat 4: B_loJkl ($227.15 in chips)
pro_gosy: posts small blind $1
B_loJkl: posts big blind $3
*** HOLE CARDS ***
pro_gosy: raises $3 to $6
B_loJkl: calls $3
*** FLOP *** [5c 8s 9s]
B_loJkl: checks
pro_gosy: bets $3
B_loJkl: folds
Uncalled bet ($3) returned to pro_gosy
pro_gosy collected $11.76 from pot
*** SUMMARY ***
Total pot $12 | Rake $0.24
Board [5c 8s 9s]
Seat 2: pro_gosy (button) (small blind) collected ($11.76)
Seat 4: B_loJkl (big blind) folded on the Flop


PokerStars Hand #172965151618:  Hold'em Limit ($3/$6 USD) - 2017/07/13 1:03:51 ET
Table 'Oceax' 6-max Seat #4 is the button
Seat 2: pro_gosy ($56.18 in chips)
Seat 4: B_loJkl ($218.15 in chips)
B_loJkl: posts small blind $1
pro_gosy: posts big blind $3
*** HOLE CARDS ***
B_loJkl: folds
Uncalled bet ($2) returned to pro_gosy
pro_gosy collected $2 from pot
*** SUMMARY ***
Total pot $2 | Rake $0
Seat 2: pro_gosy (big blind) collected ($2)
Seat 4: B_loJkl (button) (small blind) folded before Flop


PokerStars Hand #172965147501:  Hold'em Limit ($3/$6 USD) - 2017/07/13 1:03:34 ET
Table 'Oceax' 6-max Seat #2 is the button
Seat 2: pro_gosy ($50.42 in chips)
Seat 4: B_loJkl ($224.15 in chips)
pro_gosy: posts small blind $1
B_loJkl: posts big blind $3
*** HOLE CARDS ***
pro_gosy: raises $3 to $6
B_loJkl: calls $3
*** FLOP *** [8s 7s 7c]
B_loJkl: checks
pro_gosy: bets $3
B_loJkl: folds
Uncalled bet ($3) returned to pro_gosy
pro_gosy collected $11.76 from pot
*** SUMMARY ***
Total pot $12 | Rake $0.24
Board [8s 7s 7c]
Seat 2: pro_gosy (button) (small blind) collected ($11.76)
Seat 4: B_loJkl (big blind) folded on the Flop


PokerStars Hand #172965134095:  Hold'em Limit ($3/$6 USD) - 2017/07/13 1:02:40 ET
Table 'Oceax' 6-max Seat #2 is the button
Seat 2: pro_gosy ($48.02 in chips)
Seat 4: B_loJkl ($227.51 in chips)
pro_gosy: posts small blind $1
B_loJkl: posts big blind $3
*** HOLE CARDS ***
pro_gosy: raises $3 to $6
B_loJkl: calls $3
*** FLOP *** [8c 2c Qd]
B_loJkl: checks
pro_gosy: bets $3
B_loJkl: calls $3
*** TURN *** [8c 2c Qd] [5c]
B_loJkl: checks
pro_gosy: checks
*** RIVER *** [8c 2c Qd 5c] [Js]
B_loJkl: checks
pro_gosy: checks
*** SHOW DOWN ***
B_loJkl: shows [2h Ad] (a pair of Deuces)
pro_gosy: mucks hand
B_loJkl collected $17.64 from pot
*** SUMMARY ***
Total pot $18 | Rake $0.36
Board [8c 2c Qd 5c Js]
Seat 2: pro_gosy (button) (small blind) mucked
Seat 4: B_loJkl (big blind) showed [2h Ad] and won ($17.64) with a pair of Deuces


PokerStars Hand #172965161119:  Hold'em Limit ($3/$6 USD) - 2017/07/13 1:04:29 ET
Table 'Oceax' 6-max Seat #2 is the button
Seat 2: pro_gosy ($45.18 in chips)
Seat 4: B_loJkl ($228.79 in chips)
pro_gosy: posts small blind $1
B_loJkl: posts big blind $3
*** HOLE CARDS ***
pro_gosy: folds
Uncalled bet ($2) returned to B_loJkl
B_loJkl collected $2 from pot
B_loJkl: doesn't show hand
*** SUMMARY ***
Total pot $2 | Rake $0
Seat 2: pro_gosy (button) (small blind) folded before Flop
Seat 4: B_loJkl (big blind) collected ($2)


PokerStars Hand #172965159208:  Hold'em Limit ($3/$6 USD) - 2017/07/13 1:04:21 ET
Table 'Oceax' 6-max Seat #4 is the button
Seat 2: pro_gosy ($48.18 in chips)
Seat 4: B_loJkl ($225.79 in chips)
B_loJkl: posts small blind $1
pro_gosy: posts big blind $3
*** HOLE CARDS ***
B_loJkl: raises $3 to $6
pro_gosy: folds
Uncalled bet ($3) returned to B_loJkl
B_loJkl collected $6 from pot
B_loJkl: doesn't show hand
*** SUMMARY ***
Total pot $6 | Rake $0
Seat 2: pro_gosy (big blind) folded before Flop
Seat 4: B_loJkl (button) (small blind) collected ($6)


PokerStars Hand #172965162200:  Hold'em Limit ($3/$6 USD) - 2017/07/13 1:04:34 ET
Table 'Oceax' 6-max Seat #4 is the button
Seat 2: pro_gosy ($44.18 in chips)
Seat 4: B_loJkl ($229.79 in chips)
B_loJkl: posts small blind $1
pro_gosy: posts big blind $3
*** HOLE CARDS ***
B_loJkl: raises $3 to $6
pro_gosy: raises $3 to $9
B_loJkl: calls $3
*** FLOP *** [5c Kd 7s]
pro_gosy: bets $3
B_loJkl: calls $3
*** TURN *** [5c Kd 7s] [Jh]
pro_gosy: bets $6
B_loJkl: calls $6
*** RIVER *** [5c Kd 7s Jh] [2d]
pro_gosy: checks
B_loJkl: bets $6
pro_gosy: folds
Uncalled bet ($6) returned to B_loJkl
B_loJkl collected $35.50 from pot
B_loJkl: doesn't show hand
*** SUMMARY ***
Total pot $36 | Rake $0.50
Board [5c Kd 7s Jh 2d]
Seat 2: pro_gosy (big blind) folded on the River
Seat 4: B_loJkl (button) (small blind) collected ($35.50)


PokerStars Hand #172965153492:  Hold'em Limit ($3/$6 USD) - 2017/07/13 1:03:58 ET
Table 'Oceax' 6-max Seat #2 is the button
Seat 2: pro_gosy ($57.18 in chips)
Seat 4: B_loJkl ($217.15 in chips)
pro_gosy: posts small blind $1
B_loJkl: posts big blind $3
*** HOLE CARDS ***
pro_gosy: raises $3 to $6
B_loJkl: calls $3
*** FLOP *** [8d 4d Ac]
B_loJkl: checks
pro_gosy: bets $3
B_loJkl: calls $3
*** TURN *** [8d 4d Ac] [Kc]
B_loJkl: checks
pro_gosy: checks
*** RIVER *** [8d 4d Ac Kc] [3d]
B_loJkl: bets $6
pro_gosy: folds
Uncalled bet ($6) returned to B_loJkl
B_loJkl collected $17.64 from pot
B_loJkl: doesn't show hand
*** SUMMARY ***
Total pot $18 | Rake $0.36
Board [8d 4d Ac Kc 3d]
Seat 2: pro_gosy (button) (small blind) folded on the River
Seat 4: B_loJkl (big blind) collected ($17.64)


PokerStars Hand #172965180038:  Hold'em Limit ($3/$6 USD) - 2017/07/13 1:05:44 ET
Table 'Oceax' 6-max Seat #2 is the button
Seat 2: pro_gosy ($8.18 in chips)
Seat 4: B_loJkl ($264.57 in chips)
pro_gosy: posts small blind $1
B_loJkl: posts big blind $3
*** HOLE CARDS ***
pro_gosy: raises $3 to $6
B_loJkl: raises $3 to $9
pro_gosy: calls $2.18 and is all-in
Uncalled bet ($0.82) returned to B_loJkl
*** FLOP *** [4s 8s 8d]
*** TURN *** [4s 8s 8d] [5d]
*** RIVER *** [4s 8s 8d 5d] [3d]
*** SHOW DOWN ***
B_loJkl: shows [Ts Ks] (a pair of Eights)
pro_gosy: shows [Tc Jc] (a pair of Eights - lower kicker)
B_loJkl collected $16.03 from pot
*** SUMMARY ***
Total pot $16.36 | Rake $0.33
Board [4s 8s 8d 5d 3d]
Seat 2: pro_gosy (button) (small blind) showed [Tc Jc] and lost with a pair of Eights
Seat 4: B_loJkl (big blind) showed [Ts Ks] and won ($16.03) with a pair of Eights


PokerStars Hand #172965174615:  Hold'em Limit ($3/$6 USD) - 2017/07/13 1:05:22 ET
Table 'Oceax' 6-max Seat #4 is the button
Seat 2: pro_gosy ($17.18 in chips)
Seat 4: B_loJkl ($255.93 in chips)
B_loJkl: posts small blind $1
pro_gosy: posts big blind $3
*** HOLE CARDS ***
B_loJkl: raises $3 to $6
pro_gosy: calls $3
*** FLOP *** [Td 9h 5h]
pro_gosy: bets $3
B_loJkl: calls $3
*** TURN *** [Td 9h 5h] [2c]
pro_gosy: checks
B_loJkl: checks
*** RIVER *** [Td 9h 5h 2c] [9d]
pro_gosy: checks
B_loJkl: bets $6
pro_gosy: folds
Uncalled bet ($6) returned to B_loJkl
B_loJkl collected $17.64 from pot
B_loJkl: doesn't show hand
*** SUMMARY ***
Total pot $18 | Rake $0.36
Board [Td 9h 5h 2c 9d]
Seat 2: pro_gosy (big blind) folded on the River
Seat 4: B_loJkl (button) (small blind) collected ($17.64)


PokerStars Hand #172965186931:  Hold'em Limit ($3/$6 USD) - 2017/07/13 1:06:12 ET
Table 'Oceax' 6-max Seat #4 is the button
Seat 2: pro_gosy ($36 in chips)
Seat 4: B_loJkl ($272.42 in chips)
B_loJkl: posts small blind $1
pro_gosy: posts big blind $3
*** HOLE CARDS ***
B_loJkl: raises $3 to $6
pro_gosy: calls $3
*** FLOP *** [7h 6h 3s]
KingKroniKK joins the table at seat #3
pro_gosy: checks
B_loJkl: bets $3
pro_gosy: calls $3
*** TURN *** [7h 6h 3s] [Jh]
pro_gosy: checks
B_loJkl: checks
*** RIVER *** [7h 6h 3s Jh] [2s]
pro_gosy: bets $6
B_loJkl: calls $6
*** SHOW DOWN ***
pro_gosy: shows [Th 9s] (high card Jack)
B_loJkl: shows [Ad Ts] (high card Ace)
B_loJkl collected $29.50 from pot
*** SUMMARY ***
Total pot $30 | Rake $0.50
Board [7h 6h 3s Jh 2s]
Seat 2: pro_gosy (big blind) showed [Th 9s] and lost with high card Jack
Seat 4: B_loJkl (button) (small blind) showed [Ad Ts] and won ($29.50) with high card Ace


PokerStars Hand #172965197691:  Hold'em Limit ($3/$6 USD) - 2017/07/13 1:06:54 ET
Table 'Oceax' 6-max Seat #3 is the button
Seat 3: KingKroniKK ($117 in chips)
Seat 4: B_loJkl ($309.57 in chips)
KingKroniKK: posts small blind $1
B_loJkl: posts big blind $3
*** HOLE CARDS ***
KingKroniKK: raises $3 to $6
pro_gosy said, "die"
B_loJkl: calls $3
*** FLOP *** [3s Ks Jd]
pro_gosy said, "f u c k ing idiot donk"
pro_gosy said, "die"
B_loJkl: checks
KingKroniKK: bets $3
B_loJkl: calls $3
*** TURN *** [3s Ks Jd] [7h]
B_loJkl: checks
KingKroniKK: bets $6
B_loJkl: calls $6
*** RIVER *** [3s Ks Jd 7h] [Ah]
B_loJkl: checks
KingKroniKK: checks
*** SHOW DOWN ***
B_loJkl: shows [6h 3c] (a pair of Threes)
KingKroniKK: shows [9h Kc] (a pair of Kings)
KingKroniKK collected $29.50 from pot
*** SUMMARY ***
Total pot $30 | Rake $0.50
Board [3s Ks Jd 7h Ah]
Seat 3: KingKroniKK (button) (small blind) showed [9h Kc] and won ($29.50) with a pair of Kings
Seat 4: B_loJkl (big blind) showed [6h 3c] and lost with a pair of Threes


PokerStars Hand #172965222824:  Hold'em Limit ($3/$6 USD) - 2017/07/13 1:08:34 ET
Table 'Oceax' 6-max Seat #4 is the button
Seat 3: KingKroniKK ($153.21 in chips)
Seat 4: B_loJkl ($306.34 in chips)
B_loJkl: posts small blind $1
KingKroniKK: posts big blind $3
*** HOLE CARDS ***
B_loJkl: folds
Uncalled bet ($2) returned to KingKroniKK
KingKroniKK collected $2 from pot
KingKroniKK: doesn't show hand
*** SUMMARY ***
Total pot $2 | Rake $0
Seat 3: KingKroniKK (big blind) collected ($2)
Seat 4: B_loJkl (button) (small blind) folded before Flop


PokerStars Hand #172965224038:  Hold'em Limit ($3/$6 USD) - 2017/07/13 1:08:39 ET
Table 'Oceax' 6-max Seat #3 is the button
Seat 3: KingKroniKK ($154.21 in chips)
Seat 4: B_loJkl ($305.34 in chips)
KingKroniKK: posts small blind $1
B_loJkl: posts big blind $3
*** HOLE CARDS ***
KingKroniKK: raises $3 to $6
B_loJkl: calls $3
*** FLOP *** [Ks 9d 9s]
B_loJkl: checks
KingKroniKK: bets $3
B_loJkl: calls $3
*** TURN *** [Ks 9d 9s] [6d]
B_loJkl: checks
KingKroniKK: checks
*** RIVER *** [Ks 9d 9s 6d] [2s]
B_loJkl: bets $6
pro_gosy said, "f u c k ing lucker idiot"
pro_gosy said, "hope u will die today"
pro_gosy said, "die from cancer"
KingKroniKK: folds
Uncalled bet ($6) returned to B_loJkl
pro_gosy said, "die u and all your family"
B_loJkl collected $17.64 from pot
B_loJkl: doesn't show hand
*** SUMMARY ***
Total pot $18 | Rake $0.36
Board [Ks 9d 9s 6d 2s]
Seat 3: KingKroniKK (button) (small blind) folded on the River
Seat 4: B_loJkl (big blind) collected ($17.64)


PokerStars Hand #172965993903:  Hold'em Limit ($3/$6 USD) - 2017/07/13 2:01:10 ET
Table 'Oceax' 6-max Seat #6 is the button
Seat 1: KidTaxMan ($128.01 in chips)
Seat 6: Agrotait ($82.47 in chips)
Agrotait: posts small blind $1
KidTaxMan: posts big blind $3
*** HOLE CARDS ***
Agrotait: raises $3 to $6
KidTaxMan: raises $3 to $9
Agrotait: calls $3
*** FLOP *** [Kc Qh 8s]
KidTaxMan: bets $3
Agrotait: calls $3
*** TURN *** [Kc Qh 8s] [9d]
KidTaxMan: bets $6
Agrotait: calls $6
*** RIVER *** [Kc Qh 8s 9d] [3h]
KidTaxMan: bets $6
Agrotait: calls $6
*** SHOW DOWN ***
KidTaxMan: shows [Td Kd] (a pair of Kings)
Agrotait: mucks hand
KidTaxMan collected $47.50 from pot
*** SUMMARY ***
Total pot $48 | Rake $0.50
Board [Kc Qh 8s 9d 3h]
Seat 1: KidTaxMan (big blind) showed [Td Kd] and won ($47.50) with a pair of Kings
Seat 6: Agrotait (button) (small blind) mucked


PokerStars Hand #172965992471:  Hold'em Limit ($3/$6 USD) - 2017/07/13 2:01:04 ET
Table 'Oceax' 6-max Seat #1 is the button
Seat 1: KidTaxMan ($129.01 in chips)
Seat 6: Agrotait ($81.47 in chips)
KidTaxMan: posts small blind $1
AGALFARO: is sitting out
Agrotait: posts big blind $3
*** HOLE CARDS ***
KidTaxMan: folds
Uncalled bet ($2) returned to Agrotait
AGALFARO leaves the table
Agrotait collected $2 from pot
Agrotait: doesn't show hand
*** SUMMARY ***
Total pot $2 | Rake $0
Seat 1: KidTaxMan (button) (small blind) folded before Flop
Seat 6: Agrotait (big blind) collected ($2)


