PokerStars Hand #154839800600:  Hold'em Limit ($3/$6 USD) - 2016/06/17 4:06:46 ET
Table 'Oceana' 6-max Seat #4 is the button
Seat 4: VolkovDmitri ($120 in chips)
Seat 6: 19woody58 ($113.16 in chips)
VolkovDmitri: posts small blind $1
19woody58: posts big blind $3
*** HOLE CARDS ***
VolkovDmitri: raises $3 to $6
19woody58: folds
Uncalled bet ($3) returned to VolkovDmitri
VolkovDmitri collected $6 from pot
VolkovDmitri: doesn't show hand
*** SUMMARY ***
Total pot $6 | Rake $0
Seat 4: VolkovDmitri (button) (small blind) collected ($6)
Seat 6: 19woody58 (big blind) folded before Flop


PokerStars Hand #154839784169:  Hold'em Limit ($3/$6 USD) - 2016/06/17 4:05:51 ET
Table 'Oceana' 6-max Seat #6 is the button
Seat 4: VolkovDmitri ($120 in chips)
Seat 6: 19woody58 ($92.66 in chips)
19woody58: posts small blind $1
VolkovDmitri: posts big blind $3
*** HOLE CARDS ***
19woody58: calls $2
VolkovDmitri: raises $3 to $6
19woody58: calls $3
*** FLOP *** [Kd Td 2h]
VolkovDmitri: bets $3
19woody58: calls $3
*** TURN *** [Kd Td 2h] [Jc]
VolkovDmitri: checks
19woody58: bets $6
VolkovDmitri: calls $6
*** RIVER *** [Kd Td 2h Jc] [5s]
VolkovDmitri: checks
19woody58: bets $6
VolkovDmitri: calls $6
*** SHOW DOWN ***
19woody58: shows [Th 7c] (a pair of Tens)
VolkovDmitri: mucks hand
19woody58 collected $41.50 from pot
*** SUMMARY ***
Total pot $42 | Rake $0.50
Board [Kd Td 2h Jc 5s]
Seat 4: VolkovDmitri (big blind) mucked
Seat 6: 19woody58 (button) (small blind) showed [Th 7c] and won ($41.50) with a pair of Tens


PokerStars Hand #154839803547:  Hold'em Limit ($3/$6 USD) - 2016/06/17 4:06:56 ET
Table 'Oceana' 6-max Seat #6 is the button
Seat 4: VolkovDmitri ($123 in chips)
Seat 6: 19woody58 ($110.16 in chips)
19woody58: posts small blind $1
VolkovDmitri: posts big blind $3
*** HOLE CARDS ***
19woody58: calls $2
VolkovDmitri: checks
*** FLOP *** [6h 5s Ah]
VolkovDmitri: checks
19woody58: checks
*** TURN *** [6h 5s Ah] [Jc]
VolkovDmitri: checks
19woody58: checks
*** RIVER *** [6h 5s Ah Jc] [7d]
VolkovDmitri: checks
19woody58: checks
*** SHOW DOWN ***
VolkovDmitri: shows [9h 2c] (high card Ace)
19woody58: shows [4s Kc] (high card Ace - King kicker)
19woody58 collected $5.88 from pot
*** SUMMARY ***
Total pot $6 | Rake $0.12
Board [6h 5s Ah Jc 7d]
Seat 4: VolkovDmitri (big blind) showed [9h 2c] and lost with high card Ace
Seat 6: 19woody58 (button) (small blind) showed [4s Kc] and won ($5.88) with high card Ace


PokerStars Hand #154839847311:  Hold'em Limit ($3/$6 USD) - 2016/06/17 4:09:24 ET
Table 'Oceana' 6-max Seat #6 is the button
Seat 4: VolkovDmitri ($128.64 in chips)
Seat 6: 19woody58 ($124.54 in chips)
19woody58: posts small blind $1
VolkovDmitri: posts big blind $3
*** HOLE CARDS ***
19woody58: folds
Uncalled bet ($2) returned to VolkovDmitri
VolkovDmitri collected $2 from pot
VolkovDmitri: doesn't show hand
*** SUMMARY ***
Total pot $2 | Rake $0
Seat 4: VolkovDmitri (big blind) collected ($2)
Seat 6: 19woody58 (button) (small blind) folded before Flop


PokerStars Hand #154839837632:  Hold'em Limit ($3/$6 USD) - 2016/06/17 4:08:51 ET
Table 'Oceana' 6-max Seat #4 is the button
Seat 4: VolkovDmitri ($120 in chips)
Seat 6: 19woody58 ($133.54 in chips)
VolkovDmitri: posts small blind $1
19woody58: posts big blind $3
*** HOLE CARDS ***
VolkovDmitri: raises $3 to $6
19woody58: calls $3
*** FLOP *** [6s 3h 7s]
19woody58: checks
VolkovDmitri: bets $3
19woody58: calls $3
*** TURN *** [6s 3h 7s] [Qh]
19woody58: checks
VolkovDmitri: bets $6
19woody58: folds
Uncalled bet ($6) returned to VolkovDmitri
VolkovDmitri collected $17.64 from pot
VolkovDmitri: doesn't show hand
*** SUMMARY ***
Total pot $18 | Rake $0.36
Board [6s 3h 7s Qh]
Seat 4: VolkovDmitri (button) (small blind) collected ($17.64)
Seat 6: 19woody58 (big blind) folded on the Turn


PokerStars Hand #154839853920:  Hold'em Limit ($3/$6 USD) - 2016/06/17 4:09:46 ET
Table 'Oceana' 6-max Seat #4 is the button
Seat 4: VolkovDmitri ($133.64 in chips)
Seat 6: 19woody58 ($119.54 in chips)
VolkovDmitri: posts small blind $1
19woody58: posts big blind $3
*** HOLE CARDS ***
VolkovDmitri: raises $3 to $6
19woody58: folds
Uncalled bet ($3) returned to VolkovDmitri
VolkovDmitri collected $6 from pot
VolkovDmitri: doesn't show hand
*** SUMMARY ***
Total pot $6 | Rake $0
Seat 4: VolkovDmitri (button) (small blind) collected ($6)
Seat 6: 19woody58 (big blind) folded before Flop


PokerStars Hand #154839851548:  Hold'em Limit ($3/$6 USD) - 2016/06/17 4:09:38 ET
Table 'Oceana' 6-max Seat #6 is the button
Seat 4: VolkovDmitri ($132.64 in chips)
Seat 6: 19woody58 ($120.54 in chips)
19woody58: posts small blind $1
VolkovDmitri: posts big blind $3
*** HOLE CARDS ***
19woody58: folds
Uncalled bet ($2) returned to VolkovDmitri
VolkovDmitri collected $2 from pot
VolkovDmitri: doesn't show hand
*** SUMMARY ***
Total pot $2 | Rake $0
Seat 4: VolkovDmitri (big blind) collected ($2)
Seat 6: 19woody58 (button) (small blind) folded before Flop


PokerStars Hand #154839849375:  Hold'em Limit ($3/$6 USD) - 2016/06/17 4:09:31 ET
Table 'Oceana' 6-max Seat #4 is the button
Seat 4: VolkovDmitri ($129.64 in chips)
Seat 6: 19woody58 ($123.54 in chips)
VolkovDmitri: posts small blind $1
19woody58: posts big blind $3
*** HOLE CARDS ***
VolkovDmitri: raises $3 to $6
19woody58: folds
Uncalled bet ($3) returned to VolkovDmitri
VolkovDmitri collected $6 from pot
VolkovDmitri: doesn't show hand
*** SUMMARY ***
Total pot $6 | Rake $0
Seat 4: VolkovDmitri (button) (small blind) collected ($6)
Seat 6: 19woody58 (big blind) folded before Flop


PokerStars Hand #154839820573:  Hold'em Limit ($3/$6 USD) - 2016/06/17 4:07:54 ET
Table 'Oceana' 6-max Seat #4 is the button
Seat 4: VolkovDmitri ($120 in chips)
Seat 6: 19woody58 ($113.04 in chips)
VolkovDmitri: posts small blind $1
19woody58: posts big blind $3
*** HOLE CARDS ***
VolkovDmitri: raises $3 to $6
19woody58: folds
Uncalled bet ($3) returned to VolkovDmitri
VolkovDmitri collected $6 from pot
VolkovDmitri: doesn't show hand
*** SUMMARY ***
Total pot $6 | Rake $0
Seat 4: VolkovDmitri (button) (small blind) collected ($6)
Seat 6: 19woody58 (big blind) folded before Flop


PokerStars Hand #154839868668:  Hold'em Limit ($3/$6 USD) - 2016/06/17 4:10:36 ET
Table 'Oceana' 6-max Seat #4 is the button
Seat 4: VolkovDmitri ($127.64 in chips)
Seat 6: 19woody58 ($125.18 in chips)
VolkovDmitri: posts small blind $1
19woody58: posts big blind $3
*** HOLE CARDS ***
VolkovDmitri: raises $3 to $6
19woody58: folds
Uncalled bet ($3) returned to VolkovDmitri
VolkovDmitri collected $6 from pot
VolkovDmitri: doesn't show hand
*** SUMMARY ***
Total pot $6 | Rake $0
Seat 4: VolkovDmitri (button) (small blind) collected ($6)
Seat 6: 19woody58 (big blind) folded before Flop


PokerStars Hand #154839859150:  Hold'em Limit ($3/$6 USD) - 2016/06/17 4:10:04 ET
Table 'Oceana' 6-max Seat #6 is the button
Seat 4: VolkovDmitri ($136.64 in chips)
Seat 6: 19woody58 ($116.54 in chips)
19woody58: posts small blind $1
VolkovDmitri: posts big blind $3
*** HOLE CARDS ***
19woody58: raises $3 to $6
VolkovDmitri: calls $3
*** FLOP *** [5c 6c 7d]
VolkovDmitri: checks
19woody58: bets $3
VolkovDmitri: calls $3
*** TURN *** [5c 6c 7d] [3h]
VolkovDmitri: checks
19woody58: bets $6
VolkovDmitri: folds
Uncalled bet ($6) returned to 19woody58
19woody58 collected $17.64 from pot
*** SUMMARY ***
Total pot $18 | Rake $0.36
Board [5c 6c 7d 3h]
Seat 4: VolkovDmitri (big blind) folded on the Turn
Seat 6: 19woody58 (button) (small blind) collected ($17.64)


PokerStars Hand #154839888072:  Hold'em Limit ($3/$6 USD) - 2016/06/17 4:11:41 ET
Table 'Oceana' 6-max Seat #6 is the button
Seat 1: tomte999 ($72 in chips)
Seat 6: 19woody58 ($122.18 in chips)
19woody58: posts small blind $1
tomte999: posts big blind $3
*** HOLE CARDS ***
19woody58: folds
Uncalled bet ($2) returned to tomte999
tomte999 collected $2 from pot
tomte999: doesn't show hand
*** SUMMARY ***
Total pot $2 | Rake $0
Seat 1: tomte999 (big blind) collected ($2)
Seat 6: 19woody58 (button) (small blind) folded before Flop


PokerStars Hand #154839909655:  Hold'em Limit ($3/$6 USD) - 2016/06/17 4:12:54 ET
Table 'Oceana' 6-max Seat #6 is the button
Seat 1: tomte999 ($72 in chips)
Seat 6: 19woody58 ($135.68 in chips)
19woody58: posts small blind $1
tomte999: posts big blind $3
*** HOLE CARDS ***
19woody58: raises $3 to $6
tomte999: raises $3 to $9
19woody58: calls $3
*** FLOP *** [Kh 5d 6s]
tomte999: bets $3
19woody58: calls $3
*** TURN *** [Kh 5d 6s] [4d]
tomte999: bets $6
19woody58: calls $6
*** RIVER *** [Kh 5d 6s 4d] [Qd]
tomte999: checks
19woody58: checks
*** SHOW DOWN ***
tomte999: shows [Ah 7h] (high card Ace)
19woody58: shows [5c As] (a pair of Fives)
19woody58 collected $35.50 from pot
*** SUMMARY ***
Total pot $36 | Rake $0.50
Board [Kh 5d 6s 4d Qd]
Seat 1: tomte999 (big blind) showed [Ah 7h] and lost with high card Ace
Seat 6: 19woody58 (button) (small blind) showed [5c As] and won ($35.50) with a pair of Fives


PokerStars Hand #154839891527:  Hold'em Limit ($3/$6 USD) - 2016/06/17 4:11:53 ET
Table 'Oceana' 6-max Seat #1 is the button
Seat 1: tomte999 ($73 in chips)
Seat 6: 19woody58 ($121.18 in chips)
tomte999: posts small blind $1
19woody58: posts big blind $3
*** HOLE CARDS ***
tomte999: raises $3 to $6
19woody58: calls $3
*** FLOP *** [4c 7c 6d]
19woody58: checks
tomte999: bets $3
19woody58: calls $3
*** TURN *** [4c 7c 6d] [Qd]
19woody58: checks
tomte999: bets $6
19woody58: calls $6
*** RIVER *** [4c 7c 6d Qd] [Jd]
19woody58: checks
tomte999: checks
*** SHOW DOWN ***
19woody58: shows [5d Ad] (a flush, Ace high)
tomte999: mucks hand
19woody58 collected $29.50 from pot
*** SUMMARY ***
Total pot $30 | Rake $0.50
Board [4c 7c 6d Qd Jd]
Seat 1: tomte999 (button) (small blind) mucked
Seat 6: 19woody58 (big blind) showed [5d Ad] and won ($29.50) with a flush, Ace high


PokerStars Hand #154839928816:  Hold'em Limit ($3/$6 USD) - 2016/06/17 4:13:59 ET
Table 'Oceana' 6-max Seat #6 is the button
Seat 1: tomte999 ($76 in chips)
Seat 6: 19woody58 ($150.18 in chips)
19woody58: posts small blind $1
tomte999: posts big blind $3
*** HOLE CARDS ***
19woody58: folds
Uncalled bet ($2) returned to tomte999
tomte999 collected $2 from pot
tomte999: doesn't show hand
*** SUMMARY ***
Total pot $2 | Rake $0
Seat 1: tomte999 (big blind) collected ($2)
Seat 6: 19woody58 (button) (small blind) folded before Flop


PokerStars Hand #154839923852:  Hold'em Limit ($3/$6 USD) - 2016/06/17 4:13:42 ET
Table 'Oceana' 6-max Seat #1 is the button
Seat 1: tomte999 ($73 in chips)
Seat 6: 19woody58 ($153.18 in chips)
tomte999: posts small blind $1
19woody58: posts big blind $3
*** HOLE CARDS ***
tomte999: raises $3 to $6
19woody58: folds
Uncalled bet ($3) returned to tomte999
tomte999 collected $6 from pot
tomte999: doesn't show hand
*** SUMMARY ***
Total pot $6 | Rake $0
Seat 1: tomte999 (button) (small blind) collected ($6)
Seat 6: 19woody58 (big blind) folded before Flop


PokerStars Hand #154839921383:  Hold'em Limit ($3/$6 USD) - 2016/06/17 4:13:34 ET
Table 'Oceana' 6-max Seat #6 is the button
Seat 1: tomte999 ($72 in chips)
Seat 6: 19woody58 ($154.18 in chips)
19woody58: posts small blind $1
tomte999: posts big blind $3
*** HOLE CARDS ***
19woody58: folds
Uncalled bet ($2) returned to tomte999
tomte999 collected $2 from pot
tomte999: doesn't show hand
*** SUMMARY ***
Total pot $2 | Rake $0
Seat 1: tomte999 (big blind) collected ($2)
Seat 6: 19woody58 (button) (small blind) folded before Flop


PokerStars Hand #154839918876:  Hold'em Limit ($3/$6 USD) - 2016/06/17 4:13:25 ET
Table 'Oceana' 6-max Seat #1 is the button
Seat 1: tomte999 ($72 in chips)
Seat 6: 19woody58 ($153.18 in chips)
tomte999: posts small blind $1
19woody58: posts big blind $3
*** HOLE CARDS ***
tomte999: folds
Uncalled bet ($2) returned to 19woody58
19woody58 collected $2 from pot
*** SUMMARY ***
Total pot $2 | Rake $0
Seat 1: tomte999 (button) (small blind) folded before Flop
Seat 6: 19woody58 (big blind) collected ($2)


PokerStars Hand #154839940903:  Hold'em Limit ($3/$6 USD) - 2016/06/17 4:14:39 ET
Table 'Oceana' 6-max Seat #6 is the button
Seat 1: tomte999 ($82.76 in chips)
Seat 6: 19woody58 ($143.18 in chips)
19woody58: posts small blind $1
tomte999: posts big blind $3
*** HOLE CARDS ***
19woody58: calls $2
tomte999: checks
*** FLOP *** [Jd 3c Ad]
tomte999: bets $3
19woody58: folds
Uncalled bet ($3) returned to tomte999
tomte999 collected $5.88 from pot
tomte999: doesn't show hand
*** SUMMARY ***
Total pot $6 | Rake $0.12
Board [Jd 3c Ad]
Seat 1: tomte999 (big blind) collected ($5.88)
Seat 6: 19woody58 (button) (small blind) folded on the Flop


PokerStars Hand #154839931941:  Hold'em Limit ($3/$6 USD) - 2016/06/17 4:14:09 ET
Table 'Oceana' 6-max Seat #1 is the button
Seat 1: tomte999 ($77 in chips)
Seat 6: 19woody58 ($149.18 in chips)
tomte999: posts small blind $1
19woody58: posts big blind $3
*** HOLE CARDS ***
tomte999: raises $3 to $6
19woody58: calls $3
*** FLOP *** [Qc Ad 2c]
19woody58: checks
tomte999: bets $3
19woody58: folds
Uncalled bet ($3) returned to tomte999
tomte999 collected $11.76 from pot
tomte999: doesn't show hand
*** SUMMARY ***
Total pot $12 | Rake $0.24
Board [Qc Ad 2c]
Seat 1: tomte999 (button) (small blind) collected ($11.76)
Seat 6: 19woody58 (big blind) folded on the Flop


PokerStars Hand #154839948420:  Hold'em Limit ($3/$6 USD) - 2016/06/17 4:15:05 ET
Table 'Oceana' 6-max Seat #1 is the button
Seat 1: tomte999 ($85.64 in chips)
Seat 6: 19woody58 ($140.18 in chips)
tomte999: posts small blind $1
19woody58: posts big blind $3
*** HOLE CARDS ***
tomte999: raises $3 to $6
19woody58: calls $3
*** FLOP *** [4d 8h 3c]
19woody58: checks
tomte999: bets $3
19woody58: calls $3
*** TURN *** [4d 8h 3c] [Ts]
19woody58: checks
tomte999: bets $6
19woody58: calls $6
*** RIVER *** [4d 8h 3c Ts] [5c]
19woody58: checks
tomte999: checks
*** SHOW DOWN ***
19woody58: shows [Kc 8d] (a pair of Eights)
tomte999: mucks hand
19woody58 collected $29.50 from pot
*** SUMMARY ***
Total pot $30 | Rake $0.50
Board [4d 8h 3c Ts 5c]
Seat 1: tomte999 (button) (small blind) mucked
Seat 6: 19woody58 (big blind) showed [Kc 8d] and won ($29.50) with a pair of Eights


PokerStars Hand #154839967940:  Hold'em Limit ($3/$6 USD) - 2016/06/17 4:16:12 ET
Table 'Oceana' 6-max Seat #6 is the button
Seat 1: tomte999 ($72 in chips)
Seat 6: 19woody58 ($154.68 in chips)
19woody58: posts small blind $1
tomte999: posts big blind $3
*** HOLE CARDS ***
19woody58: raises $3 to $6
tomte999: calls $3
*** FLOP *** [Kh Ks Ah]
tomte999: checks
19woody58: bets $3
tomte999: folds
Uncalled bet ($3) returned to 19woody58
19woody58 collected $11.76 from pot
*** SUMMARY ***
Total pot $12 | Rake $0.24
Board [Kh Ks Ah]
Seat 1: tomte999 (big blind) folded on the Flop
Seat 6: 19woody58 (button) (small blind) collected ($11.76)


PokerStars Hand #154839975332:  Hold'em Limit ($3/$6 USD) - 2016/06/17 4:16:37 ET
Table 'Oceana' 6-max Seat #1 is the button
Seat 1: tomte999 ($72 in chips)
Seat 6: 19woody58 ($160.44 in chips)
tomte999: posts small blind $1
19woody58: posts big blind $3
*** HOLE CARDS ***
tomte999: raises $3 to $6
19woody58: folds
Uncalled bet ($3) returned to tomte999
tomte999 collected $6 from pot
tomte999: doesn't show hand
*** SUMMARY ***
Total pot $6 | Rake $0
Seat 1: tomte999 (button) (small blind) collected ($6)
Seat 6: 19woody58 (big blind) folded before Flop


PokerStars Hand #154839978444:  Hold'em Limit ($3/$6 USD) - 2016/06/17 4:16:47 ET
Table 'Oceana' 6-max Seat #6 is the button
Seat 1: tomte999 ($75 in chips)
Seat 6: 19woody58 ($157.44 in chips)
19woody58: posts small blind $1
tomte999: posts big blind $3
*** HOLE CARDS ***
19woody58: raises $3 to $6
tomte999: calls $3
*** FLOP *** [Th Ah 5h]
tomte999: checks
19woody58: checks
*** TURN *** [Th Ah 5h] [8d]
tomte999: checks
19woody58: bets $6
tomte999: folds
Uncalled bet ($6) returned to 19woody58
19woody58 collected $11.76 from pot
*** SUMMARY ***
Total pot $12 | Rake $0.24
Board [Th Ah 5h 8d]
Seat 1: tomte999 (big blind) folded on the Turn
Seat 6: 19woody58 (button) (small blind) collected ($11.76)


PokerStars Hand #154839986039:  Hold'em Limit ($3/$6 USD) - 2016/06/17 4:17:13 ET
Table 'Oceana' 6-max Seat #1 is the button
Seat 1: tomte999 ($72 in chips)
Seat 6: 19woody58 ($163.20 in chips)
tomte999: posts small blind $1
19woody58: posts big blind $3
*** HOLE CARDS ***
tomte999: raises $3 to $6
19woody58: calls $3
*** FLOP *** [2c 8c Td]
19woody58: checks
tomte999: checks
*** TURN *** [2c 8c Td] [7s]
19woody58: bets $6
tomte999: folds
Uncalled bet ($6) returned to 19woody58
19woody58 collected $11.76 from pot
*** SUMMARY ***
Total pot $12 | Rake $0.24
Board [2c 8c Td 7s]
Seat 1: tomte999 (button) (small blind) folded on the Turn
Seat 6: 19woody58 (big blind) collected ($11.76)


PokerStars Hand #154839993912:  Hold'em Limit ($3/$6 USD) - 2016/06/17 4:17:39 ET
Table 'Oceana' 6-max Seat #6 is the button
Seat 1: tomte999 ($72 in chips)
Seat 6: 19woody58 ($168.96 in chips)
19woody58: posts small blind $1
tomte999: posts big blind $3
*** HOLE CARDS ***
19woody58: raises $3 to $6
tomte999: folds
Uncalled bet ($3) returned to 19woody58
19woody58 collected $6 from pot
*** SUMMARY ***
Total pot $6 | Rake $0
Seat 1: tomte999 (big blind) folded before Flop
Seat 6: 19woody58 (button) (small blind) collected ($6)


PokerStars Hand #154839997381:  Hold'em Limit ($3/$6 USD) - 2016/06/17 4:17:50 ET
Table 'Oceana' 6-max Seat #1 is the button
Seat 1: tomte999 ($72 in chips)
Seat 6: 19woody58 ($171.96 in chips)
tomte999: posts small blind $1
19woody58: posts big blind $3
*** HOLE CARDS ***
tomte999: raises $3 to $6
19woody58 has timed out
19woody58: folds
Uncalled bet ($3) returned to tomte999
tomte999 collected $6 from pot
tomte999: doesn't show hand
*** SUMMARY ***
Total pot $6 | Rake $0
Seat 1: tomte999 (button) (small blind) collected ($6)
Seat 6: 19woody58 (big blind) folded before Flop


