PokerStars Hand #161618125331:  Hold'em Limit ($3/$6 USD) - 2016/11/18 21:11:30 ET
Table 'Oceax' 6-max Seat #6 is the button
Seat 2: ToDaFelt ($124 in chips)
Seat 6: Brama Br ($116 in chips)
Brama Br: posts small blind $1
ToDaFelt: posts big blind $3
*** HOLE CARDS ***
Brama Br: folds
Uncalled bet ($2) returned to ToDaFelt
ToDaFelt collected $2 from pot
ToDaFelt: doesn't show hand
*** SUMMARY ***
Total pot $2 | Rake $0
Seat 2: ToDaFelt (big blind) collected ($2)
Seat 6: Brama Br (button) (small blind) folded before Flop


PokerStars Hand #161618121515:  Hold'em Limit ($3/$6 USD) - 2016/11/18 21:11:22 ET
Table 'Oceax' 6-max Seat #2 is the button
Seat 2: ToDaFelt ($121 in chips)
Seat 6: Brama Br ($119 in chips)
ToDaFelt: posts small blind $1
Brama Br: posts big blind $3
*** HOLE CARDS ***
ToDaFelt: raises $3 to $6
Brama Br: folds
Uncalled bet ($3) returned to ToDaFelt
ToDaFelt collected $6 from pot
ToDaFelt: doesn't show hand
*** SUMMARY ***
Total pot $6 | Rake $0
Seat 2: ToDaFelt (button) (small blind) collected ($6)
Seat 6: Brama Br (big blind) folded before Flop


PokerStars Hand #161618117792:  Hold'em Limit ($3/$6 USD) - 2016/11/18 21:11:14 ET
Table 'Oceax' 6-max Seat #6 is the button
Seat 2: ToDaFelt ($120 in chips)
Seat 6: Brama Br ($120 in chips)
Brama Br: posts small blind $1
ToDaFelt: posts big blind $3
*** HOLE CARDS ***
Brama Br: folds
Uncalled bet ($2) returned to ToDaFelt
ToDaFelt collected $2 from pot
ToDaFelt: doesn't show hand
*** SUMMARY ***
Total pot $2 | Rake $0
Seat 2: ToDaFelt (big blind) collected ($2)
Seat 6: Brama Br (button) (small blind) folded before Flop


PokerStars Hand #161618148088:  Hold'em Limit ($3/$6 USD) - 2016/11/18 21:12:18 ET
Table 'Oceax' 6-max Seat #6 is the button
Seat 2: ToDaFelt ($154.50 in chips)
Seat 6: Brama Br ($85 in chips)
Brama Br: posts small blind $1
ToDaFelt: posts big blind $3
*** HOLE CARDS ***
Brama Br: raises $3 to $6
ToDaFelt: calls $3
*** FLOP *** [Kd 5s 2c]
ToDaFelt: checks
Brama Br: bets $3
ToDaFelt: folds
Uncalled bet ($3) returned to Brama Br
Brama Br collected $11.76 from pot
Brama Br: doesn't show hand
*** SUMMARY ***
Total pot $12 | Rake $0.24
Board [Kd 5s 2c]
Seat 2: ToDaFelt (big blind) folded on the Flop
Seat 6: Brama Br (button) (small blind) collected ($11.76)


PokerStars Hand #161618128154:  Hold'em Limit ($3/$6 USD) - 2016/11/18 21:11:36 ET
Table 'Oceax' 6-max Seat #2 is the button
Seat 2: ToDaFelt ($125 in chips)
Seat 6: Brama Br ($115 in chips)
ToDaFelt: posts small blind $1
Brama Br: posts big blind $3
*** HOLE CARDS ***
ToDaFelt: raises $3 to $6
Brama Br: raises $3 to $9
ToDaFelt: calls $3
*** FLOP *** [Ks 9s Ts]
Brama Br: bets $3
ToDaFelt: calls $3
*** TURN *** [Ks 9s Ts] [9c]
Brama Br: bets $6
ToDaFelt: raises $6 to $12
Brama Br: calls $6
*** RIVER *** [Ks 9s Ts 9c] [2h]
Brama Br: checks
ToDaFelt: bets $6
Brama Br: calls $6
*** SHOW DOWN ***
ToDaFelt: shows [Kc 8c] (two pair, Kings and Nines)
Brama Br: mucks hand
ToDaFelt collected $59.50 from pot
*** SUMMARY ***
Total pot $60 | Rake $0.50
Board [Ks 9s Ts 9c 2h]
Seat 2: ToDaFelt (button) (small blind) showed [Kc 8c] and won ($59.50) with two pair, Kings and Nines
Seat 6: Brama Br (big blind) mucked


PokerStars Hand #161618174670:  Hold'em Limit ($3/$6 USD) - 2016/11/18 21:13:14 ET
Table 'Oceax' 6-max Seat #6 is the button
Seat 2: ToDaFelt ($169 in chips)
Seat 6: Brama Br ($69.76 in chips)
Brama Br: posts small blind $1
ToDaFelt: posts big blind $3
*** HOLE CARDS ***
Brama Br: raises $3 to $6
ToDaFelt: calls $3
*** FLOP *** [2d 7c 6s]
ToDaFelt: checks
Brama Br: checks
*** TURN *** [2d 7c 6s] [8d]
ToDaFelt: bets $6
Brama Br: raises $6 to $12
ToDaFelt: calls $6
*** RIVER *** [2d 7c 6s 8d] [Ks]
ToDaFelt: checks
Brama Br: checks
*** SHOW DOWN ***
ToDaFelt: shows [Ah 3c] (high card Ace)
Brama Br: shows [Qc 8c] (a pair of Eights)
Brama Br collected $35.50 from pot
*** SUMMARY ***
Total pot $36 | Rake $0.50
Board [2d 7c 6s 8d Ks]
Seat 2: ToDaFelt (big blind) showed [Ah 3c] and lost with high card Ace
Seat 6: Brama Br (button) (small blind) showed [Qc 8c] and won ($35.50) with a pair of Eights


PokerStars Hand #161618157782:  Hold'em Limit ($3/$6 USD) - 2016/11/18 21:12:38 ET
Table 'Oceax' 6-max Seat #2 is the button
Seat 2: ToDaFelt ($148.50 in chips)
Seat 6: Brama Br ($90.76 in chips)
ToDaFelt: posts small blind $1
Brama Br: posts big blind $3
*** HOLE CARDS ***
ToDaFelt: raises $3 to $6
Brama Br: calls $3
*** FLOP *** [Qs 2s Qd]
Brama Br: checks
ToDaFelt: bets $3
Brama Br: calls $3
*** TURN *** [Qs 2s Qd] [7d]
Brama Br: checks
ToDaFelt: bets $6
Brama Br: raises $6 to $12
ToDaFelt: raises $6 to $18
Brama Br: folds
Uncalled bet ($6) returned to ToDaFelt
ToDaFelt collected $41.50 from pot
ToDaFelt: doesn't show hand
*** SUMMARY ***
Total pot $42 | Rake $0.50
Board [Qs 2s Qd 7d]
Seat 2: ToDaFelt (button) (small blind) collected ($41.50)
Seat 6: Brama Br (big blind) folded on the Turn


PokerStars Hand #161618214859:  Hold'em Limit ($3/$6 USD) - 2016/11/18 21:14:34 ET
Table 'Oceax' 6-max Seat #2 is the button
Seat 2: ToDaFelt ($143 in chips)
Seat 6: Brama Br ($94.90 in chips)
ToDaFelt: posts small blind $1
Brama Br: posts big blind $3
*** HOLE CARDS ***
ToDaFelt: folds
Uncalled bet ($2) returned to Brama Br
Brama Br collected $2 from pot
Brama Br: doesn't show hand
*** SUMMARY ***
Total pot $2 | Rake $0
Seat 2: ToDaFelt (button) (small blind) folded before Flop
Seat 6: Brama Br (big blind) collected ($2)


PokerStars Hand #161618207902:  Hold'em Limit ($3/$6 USD) - 2016/11/18 21:14:19 ET
Table 'Oceax' 6-max Seat #6 is the button
Seat 2: ToDaFelt ($146 in chips)
Seat 6: Brama Br ($91.90 in chips)
Brama Br: posts small blind $1
ToDaFelt: posts big blind $3
*** HOLE CARDS ***
Brama Br: raises $3 to $6
assitoni leaves the table
ToDaFelt: folds
Uncalled bet ($3) returned to Brama Br
Brama Br collected $6 from pot
Brama Br: doesn't show hand
*** SUMMARY ***
Total pot $6 | Rake $0
Seat 2: ToDaFelt (big blind) folded before Flop
Seat 6: Brama Br (button) (small blind) collected ($6)


PokerStars Hand #161618204802:  Hold'em Limit ($3/$6 USD) - 2016/11/18 21:14:12 ET
Table 'Oceax' 6-max Seat #2 is the button
Seat 2: ToDaFelt ($143 in chips)
Seat 6: Brama Br ($94.90 in chips)
ToDaFelt: posts small blind $1
Brama Br: posts big blind $3
*** HOLE CARDS ***
ToDaFelt: raises $3 to $6
Brama Br: folds
Uncalled bet ($3) returned to ToDaFelt
ToDaFelt collected $6 from pot
ToDaFelt: doesn't show hand
*** SUMMARY ***
Total pot $6 | Rake $0
Seat 2: ToDaFelt (button) (small blind) collected ($6)
Seat 6: Brama Br (big blind) folded before Flop


PokerStars Hand #161618201878:  Hold'em Limit ($3/$6 USD) - 2016/11/18 21:14:06 ET
Table 'Oceax' 6-max Seat #6 is the button
Seat 2: ToDaFelt ($142 in chips)
Seat 6: Brama Br ($95.90 in chips)
Brama Br: posts small blind $1
ToDaFelt: posts big blind $3
*** HOLE CARDS ***
Brama Br: folds
Uncalled bet ($2) returned to ToDaFelt
ToDaFelt collected $2 from pot
ToDaFelt: doesn't show hand
*** SUMMARY ***
Total pot $2 | Rake $0
Seat 2: ToDaFelt (big blind) collected ($2)
Seat 6: Brama Br (button) (small blind) folded before Flop


PokerStars Hand #161618191707:  Hold'em Limit ($3/$6 USD) - 2016/11/18 21:13:45 ET
Table 'Oceax' 6-max Seat #2 is the button
Seat 2: ToDaFelt ($151 in chips)
Seat 6: Brama Br ($87.26 in chips)
ToDaFelt: posts small blind $1
Brama Br: posts big blind $3
*** HOLE CARDS ***
ToDaFelt: raises $3 to $6
Brama Br: calls $3
*** FLOP *** [2s Ad Qc]
Brama Br: checks
ToDaFelt: bets $3
Brama Br: calls $3
*** TURN *** [2s Ad Qc] [Jh]
Brama Br: checks
ToDaFelt: checks
*** RIVER *** [2s Ad Qc Jh] [8d]
Brama Br: bets $6
ToDaFelt: folds
Uncalled bet ($6) returned to Brama Br
Brama Br collected $17.64 from pot
Brama Br: doesn't show hand
*** SUMMARY ***
Total pot $18 | Rake $0.36
Board [2s Ad Qc Jh 8d]
Seat 2: ToDaFelt (button) (small blind) folded on the River
Seat 6: Brama Br (big blind) collected ($17.64)


PokerStars Hand #161618228801:  Hold'em Limit ($3/$6 USD) - 2016/11/18 21:15:03 ET
Table 'Oceax' 6-max Seat #2 is the button
Seat 2: ToDaFelt ($136 in chips)
Seat 6: Brama Br ($101.66 in chips)
ToDaFelt: posts small blind $1
Brama Br: posts big blind $3
*** HOLE CARDS ***
ToDaFelt: raises $3 to $6
Brama Br: calls $3
*** FLOP *** [4c 3c 6d]
Brama Br: checks
ToDaFelt: bets $3
AnaUngar joins the table at seat #1
Brama Br: calls $3
*** TURN *** [4c 3c 6d] [Jd]
Brama Br: checks
ToDaFelt: checks
*** RIVER *** [4c 3c 6d Jd] [3d]
Brama Br: checks
ToDaFelt: checks
*** SHOW DOWN ***
Brama Br: shows [8h 9d] (a pair of Threes)
ToDaFelt: shows [Qs 9s] (a pair of Threes - Queen kicker)
ToDaFelt collected $17.64 from pot
*** SUMMARY ***
Total pot $18 | Rake $0.36
Board [4c 3c 6d Jd 3d]
Seat 2: ToDaFelt (button) (small blind) showed [Qs 9s] and won ($17.64) with a pair of Threes
Seat 6: Brama Br (big blind) showed [8h 9d] and lost with a pair of Threes


PokerStars Hand #161618218196:  Hold'em Limit ($3/$6 USD) - 2016/11/18 21:14:41 ET
Table 'Oceax' 6-max Seat #6 is the button
Seat 2: ToDaFelt ($142 in chips)
Seat 6: Brama Br ($95.90 in chips)
Brama Br: posts small blind $1
ToDaFelt: posts big blind $3
*** HOLE CARDS ***
Brama Br: raises $3 to $6
ToDaFelt: calls $3
*** FLOP *** [Qs 5c 3c]
ToDaFelt: checks
Brama Br: bets $3
ToDaFelt: folds
Uncalled bet ($3) returned to Brama Br
Brama Br collected $11.76 from pot
Brama Br: doesn't show hand
*** SUMMARY ***
Total pot $12 | Rake $0.24
Board [Qs 5c 3c]
Seat 2: ToDaFelt (big blind) folded on the Flop
Seat 6: Brama Br (button) (small blind) collected ($11.76)


PokerStars Hand #161618392262:  Hold'em Limit ($3/$6 USD) - 2016/11/18 21:20:52 ET
Table 'Oceax' 6-max Seat #2 is the button
Seat 2: ToDaFelt ($170.90 in chips)
Seat 6: Brama Br ($168 in chips)
ToDaFelt: posts small blind $1
Brama Br: posts big blind $3
*** HOLE CARDS ***
ToDaFelt: folds
Uncalled bet ($2) returned to Brama Br
Brama Br collected $2 from pot
Brama Br: doesn't show hand
*** SUMMARY ***
Total pot $2 | Rake $0
Seat 2: ToDaFelt (button) (small blind) folded before Flop
Seat 6: Brama Br (big blind) collected ($2)


PokerStars Hand #161618381330:  Hold'em Limit ($3/$6 USD) - 2016/11/18 21:20:28 ET
Table 'Oceax' 6-max Seat #6 is the button
Seat 2: ToDaFelt ($194.90 in chips)
Seat 6: Brama Br ($144.50 in chips)
Brama Br: posts small blind $1
ToDaFelt: posts big blind $3
*** HOLE CARDS ***
Brama Br: raises $3 to $6
AnaUngar leaves the table
ToDaFelt: calls $3
*** FLOP *** [Ts 4h 3h]
ToDaFelt: checks
Brama Br: checks
*** TURN *** [Ts 4h 3h] [Kh]
ToDaFelt: bets $6
Brama Br: raises $6 to $12
ToDaFelt: calls $6
*** RIVER *** [Ts 4h 3h Kh] [Js]
ToDaFelt: checks
Brama Br: bets $6
ToDaFelt: calls $6
*** SHOW DOWN ***
Brama Br: shows [7c Kd] (a pair of Kings)
ToDaFelt: mucks hand
Brama Br collected $47.50 from pot
*** SUMMARY ***
Total pot $48 | Rake $0.50
Board [Ts 4h 3h Kh Js]
Seat 2: ToDaFelt (big blind) mucked
Seat 6: Brama Br (button) (small blind) showed [7c Kd] and won ($47.50) with a pair of Kings


PokerStars Hand #161618398317:  Hold'em Limit ($3/$6 USD) - 2016/11/18 21:21:05 ET
Table 'Oceax' 6-max Seat #2 is the button
Seat 2: ToDaFelt ($170.90 in chips)
Seat 6: Brama Br ($168 in chips)
ToDaFelt: posts small blind $1
Brama Br: posts big blind $3
*** HOLE CARDS ***
ToDaFelt: raises $3 to $6
Brama Br: calls $3
*** FLOP *** [Td Ah 5h]
Brama Br: checks
ToDaFelt: bets $3
Brama Br: calls $3
*** TURN *** [Td Ah 5h] [4s]
Brama Br: checks
ToDaFelt: checks
*** RIVER *** [Td Ah 5h 4s] [Qd]
Brama Br: bets $6
ToDaFelt: folds
Uncalled bet ($6) returned to Brama Br
Brama Br collected $17.64 from pot
Brama Br: doesn't show hand
*** SUMMARY ***
Total pot $18 | Rake $0.36
Board [Td Ah 5h 4s Qd]
Seat 2: ToDaFelt (button) (small blind) folded on the River
Seat 6: Brama Br (big blind) collected ($17.64)


PokerStars Hand #161618395277:  Hold'em Limit ($3/$6 USD) - 2016/11/18 21:20:58 ET
Table 'Oceax' 6-max Seat #6 is the button
Seat 2: ToDaFelt ($169.90 in chips)
Seat 6: Brama Br ($169 in chips)
Brama Br: posts small blind $1
ToDaFelt: posts big blind $3
*** HOLE CARDS ***
Brama Br: folds
Uncalled bet ($2) returned to ToDaFelt
ToDaFelt collected $2 from pot
ToDaFelt: doesn't show hand
*** SUMMARY ***
Total pot $2 | Rake $0
Seat 2: ToDaFelt (big blind) collected ($2)
Seat 6: Brama Br (button) (small blind) folded before Flop


PokerStars Hand #161618449529:  Hold'em Limit ($3/$6 USD) - 2016/11/18 21:22:52 ET
Table 'Oceax' 6-max Seat #2 is the button
Seat 2: ToDaFelt ($146.90 in chips)
Seat 6: Brama Br ($191.14 in chips)
ToDaFelt: posts small blind $1
Brama Br: posts big blind $3
*** HOLE CARDS ***
ToDaFelt: raises $3 to $6
Brama Br: folds
Uncalled bet ($3) returned to ToDaFelt
ToDaFelt collected $6 from pot
ToDaFelt: doesn't show hand
*** SUMMARY ***
Total pot $6 | Rake $0
Seat 2: ToDaFelt (button) (small blind) collected ($6)
Seat 6: Brama Br (big blind) folded before Flop


PokerStars Hand #161618438114:  Hold'em Limit ($3/$6 USD) - 2016/11/18 21:22:27 ET
Table 'Oceax' 6-max Seat #6 is the button
Seat 2: ToDaFelt ($149.90 in chips)
Seat 6: Brama Br ($188.14 in chips)
Brama Br: posts small blind $1
ToDaFelt: posts big blind $3
*** HOLE CARDS ***
Brama Br: raises $3 to $6
ToDaFelt: folds
Uncalled bet ($3) returned to Brama Br
Brama Br collected $6 from pot
Brama Br: doesn't show hand
*** SUMMARY ***
Total pot $6 | Rake $0
Seat 2: ToDaFelt (big blind) folded before Flop
Seat 6: Brama Br (button) (small blind) collected ($6)


PokerStars Hand #161618429284:  Hold'em Limit ($3/$6 USD) - 2016/11/18 21:22:08 ET
Table 'Oceax' 6-max Seat #2 is the button
Seat 2: ToDaFelt ($146.90 in chips)
Seat 6: Brama Br ($191.14 in chips)
ToDaFelt: posts small blind $1
Brama Br: posts big blind $3
*** HOLE CARDS ***
ToDaFelt: raises $3 to $6
Brama Br: folds
Uncalled bet ($3) returned to ToDaFelt
ToDaFelt collected $6 from pot
ToDaFelt: doesn't show hand
*** SUMMARY ***
Total pot $6 | Rake $0
Seat 2: ToDaFelt (button) (small blind) collected ($6)
Seat 6: Brama Br (big blind) folded before Flop


PokerStars Hand #161618415267:  Hold'em Limit ($3/$6 USD) - 2016/11/18 21:21:38 ET
Table 'Oceax' 6-max Seat #6 is the button
Seat 2: ToDaFelt ($161.90 in chips)
Seat 6: Brama Br ($176.64 in chips)
Brama Br: posts small blind $1
ToDaFelt: posts big blind $3
*** HOLE CARDS ***
Brama Br: raises $3 to $6
ToDaFelt: raises $3 to $9
Brama Br: calls $3
*** FLOP *** [6c 7s 5h]
ToDaFelt: bets $3
Brama Br: raises $3 to $6
ToDaFelt: calls $3
*** TURN *** [6c 7s 5h] [4h]
ToDaFelt: checks
Brama Br: bets $6
ToDaFelt: folds
Uncalled bet ($6) returned to Brama Br
Brama Br collected $29.50 from pot
Brama Br: doesn't show hand
*** SUMMARY ***
Total pot $30 | Rake $0.50
Board [6c 7s 5h 4h]
Seat 2: ToDaFelt (big blind) folded on the Turn
Seat 6: Brama Br (button) (small blind) collected ($29.50)


PokerStars Hand #161618453227:  Hold'em Limit ($3/$6 USD) - 2016/11/18 21:23:00 ET
Table 'Oceax' 6-max Seat #6 is the button
Seat 2: ToDaFelt ($149.90 in chips)
Seat 6: Brama Br ($188.14 in chips)
Brama Br: posts small blind $1
ToDaFelt: posts big blind $3
*** HOLE CARDS ***
Brama Br: raises $3 to $6
ToDaFelt: raises $3 to $9
Brama Br: raises $3 to $12
Betting is capped
ToDaFelt: calls $3
*** FLOP *** [Kd 3s Jh]
ToDaFelt: checks
Brama Br: checks
*** TURN *** [Kd 3s Jh] [Th]
ToDaFelt: checks
Brama Br: bets $6
ToDaFelt: calls $6
*** RIVER *** [Kd 3s Jh Th] [7h]
ToDaFelt: checks
Brama Br: bets $6
ToDaFelt: folds
Uncalled bet ($6) returned to Brama Br
Brama Br collected $35.50 from pot
Brama Br: doesn't show hand
*** SUMMARY ***
Total pot $36 | Rake $0.50
Board [Kd 3s Jh Th 7h]
Seat 2: ToDaFelt (big blind) folded on the River
Seat 6: Brama Br (button) (small blind) collected ($35.50)


PokerStars Hand #161618481203:  Hold'em Limit ($3/$6 USD) - 2016/11/18 21:24:01 ET
Table 'Oceax' 6-max Seat #2 is the button
Seat 2: ToDaFelt ($131.90 in chips)
Seat 6: Brama Br ($205.64 in chips)
ToDaFelt: posts small blind $1
Brama Br: posts big blind $3
*** HOLE CARDS ***
ToDaFelt: raises $3 to $6
Brama Br: calls $3
*** FLOP *** [7h 2c 4d]
Brama Br: checks
ToDaFelt: bets $3
Brama Br: calls $3
*** TURN *** [7h 2c 4d] [4c]
Brama Br: checks
ToDaFelt: bets $6
Brama Br: calls $6
*** RIVER *** [7h 2c 4d 4c] [Jd]
Brama Br: checks
ToDaFelt: checks
*** SHOW DOWN ***
Brama Br: shows [Kd 8d] (a pair of Fours)
ToDaFelt: shows [8s As] (a pair of Fours - Ace kicker)
ToDaFelt collected $29.50 from pot
*** SUMMARY ***
Total pot $30 | Rake $0.50
Board [7h 2c 4d 4c Jd]
Seat 2: ToDaFelt (button) (small blind) showed [8s As] and won ($29.50) with a pair of Fours
Seat 6: Brama Br (big blind) showed [Kd 8d] and lost with a pair of Fours


PokerStars Hand #161618513602:  Hold'em Limit ($3/$6 USD) - 2016/11/18 21:25:12 ET
Table 'Oceax' 6-max Seat #2 is the button
Seat 2: ToDaFelt ($137.40 in chips)
Seat 6: Brama Br ($199.28 in chips)
ToDaFelt: posts small blind $1
Brama Br: posts big blind $3
*** HOLE CARDS ***
ToDaFelt: raises $3 to $6
Brama Br: raises $3 to $9
ToDaFelt: calls $3
*** FLOP *** [Th Kc 6s]
Brama Br: bets $3
ToDaFelt: calls $3
*** TURN *** [Th Kc 6s] [8s]
Brama Br: bets $6
ToDaFelt: calls $6
*** RIVER *** [Th Kc 6s 8s] [5c]
Brama Br: bets $6
ToDaFelt: calls $6
*** SHOW DOWN ***
Brama Br: shows [4d Kd] (a pair of Kings)
ToDaFelt: mucks hand
Brama Br collected $47.50 from pot
*** SUMMARY ***
Total pot $48 | Rake $0.50
Board [Th Kc 6s 8s 5c]
Seat 2: ToDaFelt (button) (small blind) mucked
Seat 6: Brama Br (big blind) showed [4d Kd] and won ($47.50) with a pair of Kings


PokerStars Hand #161618502876:  Hold'em Limit ($3/$6 USD) - 2016/11/18 21:24:48 ET
Table 'Oceax' 6-max Seat #6 is the button
Seat 2: ToDaFelt ($146.40 in chips)
Seat 6: Brama Br ($190.64 in chips)
Brama Br: posts small blind $1
ToDaFelt: posts big blind $3
*** HOLE CARDS ***
Brama Br: raises $3 to $6
ToDaFelt: calls $3
*** FLOP *** [6s Ah 8c]
ToDaFelt: checks
Brama Br: bets $3
ToDaFelt: calls $3
*** TURN *** [6s Ah 8c] [As]
ToDaFelt: checks
Brama Br: bets $6
ToDaFelt: folds
Uncalled bet ($6) returned to Brama Br
Brama Br collected $17.64 from pot
Brama Br: doesn't show hand
*** SUMMARY ***
Total pot $18 | Rake $0.36
Board [6s Ah 8c As]
Seat 2: ToDaFelt (big blind) folded on the Turn
Seat 6: Brama Br (button) (small blind) collected ($17.64)


PokerStars Hand #161618534436:  Hold'em Limit ($3/$6 USD) - 2016/11/18 21:25:58 ET
Table 'Oceax' 6-max Seat #6 is the button
Seat 2: ToDaFelt ($113.40 in chips)
Seat 6: Brama Br ($222.78 in chips)
Brama Br: posts small blind $1
ToDaFelt: posts big blind $3
*** HOLE CARDS ***
Brama Br: raises $3 to $6
ToDaFelt: calls $3
*** FLOP *** [6s 9c Tc]
ToDaFelt: bets $3
Brama Br: calls $3
*** TURN *** [6s 9c Tc] [9h]
ToDaFelt: bets $6
Brama Br: calls $6
*** RIVER *** [6s 9c Tc 9h] [6d]
ToDaFelt: bets $6
Brama Br: raises $6 to $12
ToDaFelt: folds
Uncalled bet ($6) returned to Brama Br
Brama Br collected $41.50 from pot
Brama Br: doesn't show hand
*** SUMMARY ***
Total pot $42 | Rake $0.50
Board [6s 9c Tc 9h 6d]
Seat 2: ToDaFelt (big blind) folded on the River
Seat 6: Brama Br (button) (small blind) collected ($41.50)


PokerStars Hand #161618571269:  Hold'em Limit ($3/$6 USD) - 2016/11/18 21:27:19 ET
Table 'Oceax' 6-max Seat #6 is the button
Seat 2: ToDaFelt ($120 in chips)
Seat 6: Brama Br ($266.78 in chips)
Brama Br: posts small blind $1
ToDaFelt: posts big blind $3
*** HOLE CARDS ***
Brama Br: raises $3 to $6
ToDaFelt: calls $3
*** FLOP *** [Jh Js 8c]
ToDaFelt: checks
Brama Br: bets $3
ToDaFelt: folds
Uncalled bet ($3) returned to Brama Br
Brama Br collected $11.76 from pot
Brama Br: doesn't show hand
*** SUMMARY ***
Total pot $12 | Rake $0.24
Board [Jh Js 8c]
Seat 2: ToDaFelt (big blind) folded on the Flop
Seat 6: Brama Br (button) (small blind) collected ($11.76)


PokerStars Hand #161618548799:  Hold'em Limit ($3/$6 USD) - 2016/11/18 21:26:29 ET
Table 'Oceax' 6-max Seat #2 is the button
Seat 2: ToDaFelt ($92.40 in chips)
Seat 6: Brama Br ($243.28 in chips)
ToDaFelt: posts small blind $1
Brama Br: posts big blind $3
*** HOLE CARDS ***
ToDaFelt: raises $3 to $6
Brama Br: calls $3
*** FLOP *** [8h 5d Tc]
Brama Br: checks
ToDaFelt: bets $3
Brama Br: raises $3 to $6
ToDaFelt: calls $3
*** TURN *** [8h 5d Tc] [9c]
Brama Br: bets $6
ToDaFelt: calls $6
*** RIVER *** [8h 5d Tc 9c] [8s]
Brama Br: bets $6
ToDaFelt: calls $6
*** SHOW DOWN ***
Brama Br: shows [8c 5s] (a full house, Eights full of Fives)
ToDaFelt: mucks hand
Brama Br collected $47.50 from pot
*** SUMMARY ***
Total pot $48 | Rake $0.50
Board [8h 5d Tc 9c 8s]
Seat 2: ToDaFelt (button) (small blind) mucked
Seat 6: Brama Br (big blind) showed [8c 5s] and won ($47.50) with a full house, Eights full of Fives


PokerStars Hand #161618586986:  Hold'em Limit ($3/$6 USD) - 2016/11/18 21:27:54 ET
Table 'Oceax' 6-max Seat #2 is the button
Seat 2: ToDaFelt ($114 in chips)
Seat 6: Brama Br ($272.54 in chips)
ToDaFelt: posts small blind $1
Brama Br: posts big blind $3
*** HOLE CARDS ***
ToDaFelt: raises $3 to $6
Brama Br: raises $3 to $9
ToDaFelt: calls $3
*** FLOP *** [5s 2c 3h]
Brama Br: bets $3
ToDaFelt: calls $3
*** TURN *** [5s 2c 3h] [Jd]
Brama Br: bets $6
ToDaFelt: calls $6
*** RIVER *** [5s 2c 3h Jd] [4s]
Brama Br: bets $6
ToDaFelt: raises $6 to $12
Brama Br: folds
Uncalled bet ($6) returned to ToDaFelt
ToDaFelt collected $47.50 from pot
ToDaFelt: doesn't show hand
*** SUMMARY ***
Total pot $48 | Rake $0.50
Board [5s 2c 3h Jd 4s]
Seat 2: ToDaFelt (button) (small blind) collected ($47.50)
Seat 6: Brama Br (big blind) folded on the River


PokerStars Hand #161618612218:  Hold'em Limit ($3/$6 USD) - 2016/11/18 21:28:29 ET
Table 'Oceax' 6-max Seat #6 is the button
Seat 2: ToDaFelt ($137.50 in chips)
Seat 6: Brama Br ($248.54 in chips)
Brama Br: posts small blind $1
ToDaFelt: posts big blind $3
*** HOLE CARDS ***
Brama Br: folds
Uncalled bet ($2) returned to ToDaFelt
ToDaFelt collected $2 from pot
ToDaFelt: doesn't show hand
*** SUMMARY ***
Total pot $2 | Rake $0
Seat 2: ToDaFelt (big blind) collected ($2)
Seat 6: Brama Br (button) (small blind) folded before Flop


PokerStars Hand #161618614844:  Hold'em Limit ($3/$6 USD) - 2016/11/18 21:28:35 ET
Table 'Oceax' 6-max Seat #2 is the button
Seat 2: ToDaFelt ($138.50 in chips)
Seat 6: Brama Br ($247.54 in chips)
ToDaFelt: posts small blind $1
Brama Br: posts big blind $3
*** HOLE CARDS ***
ToDaFelt: raises $3 to $6
Brama Br: folds
Uncalled bet ($3) returned to ToDaFelt
ToDaFelt collected $6 from pot
ToDaFelt: doesn't show hand
*** SUMMARY ***
Total pot $6 | Rake $0
Seat 2: ToDaFelt (button) (small blind) collected ($6)
Seat 6: Brama Br (big blind) folded before Flop


PokerStars Hand #161618620997:  Hold'em Limit ($3/$6 USD) - 2016/11/18 21:28:49 ET
Table 'Oceax' 6-max Seat #6 is the button
Seat 2: ToDaFelt ($141.50 in chips)
Seat 6: Brama Br ($244.54 in chips)
Brama Br: posts small blind $1
ToDaFelt: posts big blind $3
*** HOLE CARDS ***
Brama Br: folds
Uncalled bet ($2) returned to ToDaFelt
ToDaFelt collected $2 from pot
ToDaFelt: doesn't show hand
*** SUMMARY ***
Total pot $2 | Rake $0
Seat 2: ToDaFelt (big blind) collected ($2)
Seat 6: Brama Br (button) (small blind) folded before Flop


PokerStars Hand #161618623812:  Hold'em Limit ($3/$6 USD) - 2016/11/18 21:28:55 ET
Table 'Oceax' 6-max Seat #2 is the button
Seat 2: ToDaFelt ($142.50 in chips)
Seat 6: Brama Br ($243.54 in chips)
ToDaFelt: posts small blind $1
Brama Br: posts big blind $3
*** HOLE CARDS ***
ToDaFelt: raises $3 to $6
Brama Br: calls $3
*** FLOP *** [3d Jc 5d]
Brama Br: checks
ToDaFelt: bets $3
Brama Br: calls $3
*** TURN *** [3d Jc 5d] [Kd]
Brama Br: checks
ToDaFelt: bets $6
Brama Br: calls $6
*** RIVER *** [3d Jc 5d Kd] [4d]
Brama Br: checks
ToDaFelt: bets $6
Brama Br: calls $6
*** SHOW DOWN ***
ToDaFelt: shows [7c 2c] (high card King)
Brama Br: shows [Qc Jh] (a pair of Jacks)
Brama Br collected $41.50 from pot
*** SUMMARY ***
Total pot $42 | Rake $0.50
Board [3d Jc 5d Kd 4d]
Seat 2: ToDaFelt (button) (small blind) showed [7c 2c] and lost with high card King
Seat 6: Brama Br (big blind) showed [Qc Jh] and won ($41.50) with a pair of Jacks


PokerStars Hand #161618660568:  Hold'em Limit ($3/$6 USD) - 2016/11/18 21:30:18 ET
Table 'Oceax' 6-max Seat #2 is the button
Seat 2: ToDaFelt ($142 in chips)
Seat 6: Brama Br ($243.04 in chips)
ToDaFelt: posts small blind $1
Brama Br: posts big blind $3
*** HOLE CARDS ***
ToDaFelt: raises $3 to $6
Brama Br: calls $3
*** FLOP *** [5s 3c 2c]
Brama Br: checks
ToDaFelt: bets $3
Brama Br: calls $3
*** TURN *** [5s 3c 2c] [Qc]
Brama Br: checks
ToDaFelt: bets $6
Brama Br: calls $6
*** RIVER *** [5s 3c 2c Qc] [8h]
Brama Br: checks
ToDaFelt: bets $6
Brama Br: folds
Uncalled bet ($6) returned to ToDaFelt
ToDaFelt collected $29.50 from pot
ToDaFelt: doesn't show hand
*** SUMMARY ***
Total pot $30 | Rake $0.50
Board [5s 3c 2c Qc 8h]
Seat 2: ToDaFelt (button) (small blind) collected ($29.50)
Seat 6: Brama Br (big blind) folded on the River


PokerStars Hand #161618649254:  Hold'em Limit ($3/$6 USD) - 2016/11/18 21:29:52 ET
Table 'Oceax' 6-max Seat #6 is the button
Seat 2: ToDaFelt ($121.50 in chips)
Seat 6: Brama Br ($264.04 in chips)
Brama Br: posts small blind $1
ToDaFelt: posts big blind $3
*** HOLE CARDS ***
Brama Br: raises $3 to $6
ToDaFelt: calls $3
*** FLOP *** [4s 3c 7h]
ToDaFelt: bets $3
Brama Br: calls $3
*** TURN *** [4s 3c 7h] [Ah]
ToDaFelt: bets $6
Brama Br: calls $6
*** RIVER *** [4s 3c 7h Ah] [Js]
ToDaFelt: bets $6
Brama Br: calls $6
*** SHOW DOWN ***
ToDaFelt: shows [7c Jh] (two pair, Jacks and Sevens)
Brama Br: mucks hand
ToDaFelt collected $41.50 from pot
*** SUMMARY ***
Total pot $42 | Rake $0.50
Board [4s 3c 7h Ah Js]
Seat 2: ToDaFelt (big blind) showed [7c Jh] and won ($41.50) with two pair, Jacks and Sevens
Seat 6: Brama Br (button) (small blind) mucked


PokerStars Hand #161618679536:  Hold'em Limit ($3/$6 USD) - 2016/11/18 21:31:00 ET
Table 'Oceax' 6-max Seat #6 is the button
Seat 2: ToDaFelt ($156.50 in chips)
Seat 6: Brama Br ($228.04 in chips)
Brama Br: posts small blind $1
ToDaFelt: posts big blind $3
*** HOLE CARDS ***
Brama Br: folds
Uncalled bet ($2) returned to ToDaFelt
ToDaFelt collected $2 from pot
ToDaFelt: doesn't show hand
*** SUMMARY ***
Total pot $2 | Rake $0
Seat 2: ToDaFelt (big blind) collected ($2)
Seat 6: Brama Br (button) (small blind) folded before Flop


PokerStars Hand #161618682065:  Hold'em Limit ($3/$6 USD) - 2016/11/18 21:31:06 ET
Table 'Oceax' 6-max Seat #2 is the button
Seat 2: ToDaFelt ($157.50 in chips)
Seat 6: Brama Br ($227.04 in chips)
ToDaFelt: posts small blind $1
Brama Br: posts big blind $3
*** HOLE CARDS ***
ToDaFelt: raises $3 to $6
Brama Br: raises $3 to $9
ToDaFelt: calls $3
*** FLOP *** [6d 8d 2d]
Brama Br: bets $3
ToDaFelt: raises $3 to $6
Brama Br: raises $3 to $9
ToDaFelt: calls $3
*** TURN *** [6d 8d 2d] [Ac]
Brama Br: bets $6
ToDaFelt: raises $6 to $12
Brama Br: raises $6 to $18
ToDaFelt: calls $6
*** RIVER *** [6d 8d 2d Ac] [4s]
Brama Br: bets $6
ToDaFelt: raises $6 to $12
Brama Br: calls $6
*** SHOW DOWN ***
ToDaFelt: shows [7d 9d] (a flush, Nine high)
Brama Br: mucks hand
ToDaFelt collected $95.50 from pot
*** SUMMARY ***
Total pot $96 | Rake $0.50
Board [6d 8d 2d Ac 4s]
Seat 2: ToDaFelt (button) (small blind) showed [7d 9d] and won ($95.50) with a flush, Nine high
Seat 6: Brama Br (big blind) mucked


PokerStars Hand #161618701460:  Hold'em Limit ($3/$6 USD) - 2016/11/18 21:31:49 ET
Table 'Oceax' 6-max Seat #6 is the button
Seat 2: ToDaFelt ($205 in chips)
Seat 6: Brama Br ($179.04 in chips)
Brama Br: posts small blind $1
ToDaFelt: posts big blind $3
*** HOLE CARDS ***
Brama Br: raises $3 to $6
ToDaFelt: raises $3 to $9
Brama Br: calls $3
*** FLOP *** [6s 5h 5d]
ToDaFelt: bets $3
Brama Br: calls $3
*** TURN *** [6s 5h 5d] [6h]
ToDaFelt: bets $6
Brama Br: calls $6
*** RIVER *** [6s 5h 5d 6h] [Kd]
ToDaFelt: bets $6
Brama Br: folds
Uncalled bet ($6) returned to ToDaFelt
ToDaFelt collected $35.50 from pot
ToDaFelt: doesn't show hand
*** SUMMARY ***
Total pot $36 | Rake $0.50
Board [6s 5h 5d 6h Kd]
Seat 2: ToDaFelt (big blind) collected ($35.50)
Seat 6: Brama Br (button) (small blind) folded on the River


PokerStars Hand #161618713040:  Hold'em Limit ($3/$6 USD) - 2016/11/18 21:32:15 ET
Table 'Oceax' 6-max Seat #2 is the button
Seat 2: ToDaFelt ($222.50 in chips)
Seat 6: Brama Br ($161.04 in chips)
ToDaFelt: posts small blind $1
Brama Br: posts big blind $3
*** HOLE CARDS ***
ToDaFelt: raises $3 to $6
Brama Br: calls $3
*** FLOP *** [9s Qs 3h]
Brama Br: checks
ToDaFelt: bets $3
Brama Br: calls $3
*** TURN *** [9s Qs 3h] [Ks]
Brama Br: checks
BigBD316 joins the table at seat #4
ToDaFelt: bets $6
Brama Br: calls $6
*** RIVER *** [9s Qs 3h Ks] [As]
Brama Br: checks
ToDaFelt: checks
*** SHOW DOWN ***
Brama Br: shows [4s Ah] (a flush, Ace high)
ToDaFelt: mucks hand
Brama Br collected $29.50 from pot
*** SUMMARY ***
Total pot $30 | Rake $0.50
Board [9s Qs 3h Ks As]
Seat 2: ToDaFelt (button) (small blind) mucked
Seat 6: Brama Br (big blind) showed [4s Ah] and won ($29.50) with a flush, Ace high


PokerStars Hand #161618730554:  Hold'em Limit ($3/$6 USD) - 2016/11/18 21:32:54 ET
Table 'Oceax' 6-max Seat #6 is the button
Seat 2: ToDaFelt ($207.50 in chips)
Seat 6: Brama Br ($175.54 in chips)
Brama Br: posts small blind $1
ToDaFelt: posts big blind $3
*** HOLE CARDS ***
Brama Br: raises $3 to $6
ToDaFelt: calls $3
*** FLOP *** [Qc Th 6s]
ToDaFelt: checks
Brama Br: bets $3
ToDaFelt: folds
Uncalled bet ($3) returned to Brama Br
Brama Br collected $11.76 from pot
Brama Br: doesn't show hand
*** SUMMARY ***
Total pot $12 | Rake $0.24
Board [Qc Th 6s]
Seat 2: ToDaFelt (big blind) folded on the Flop
Seat 6: Brama Br (button) (small blind) collected ($11.76)


PokerStars Hand #161620306724:  Hold'em Limit ($3/$6 USD) - 2016/11/18 22:37:53 ET
Table 'Oceax' 6-max Seat #2 is the button
Seat 2: ToDaFelt ($346.48 in chips)
Seat 6: I M GOIN OFF ($297.90 in chips)
ToDaFelt: posts small blind $1
I M GOIN OFF: posts big blind $3
*** HOLE CARDS ***
ToDaFelt: raises $3 to $6
KristinaMH leaves the table
I M GOIN OFF: folds
Uncalled bet ($3) returned to ToDaFelt
ToDaFelt collected $6 from pot
ToDaFelt: doesn't show hand
*** SUMMARY ***
Total pot $6 | Rake $0
Seat 2: ToDaFelt (button) (small blind) collected ($6)
Seat 6: I M GOIN OFF (big blind) folded before Flop


