PokerStars Hand #175820004307:  Hold'em Limit ($3/$6 USD) - 2017/09/18 16:09:40 ET
Table 'Oceana' 6-max Seat #5 is the button
Seat 4: LoneIyKnight ($75.33 in chips)
Seat 5: GoliafUa ($128.64 in chips)
GoliafUa: posts small blind $1
LoneIyKnight: posts big blind $3
*** HOLE CARDS ***
GoliafUa: raises $3 to $6
LoneIyKnight: calls $3
*** FLOP *** [8s 4c 5s]
LoneIyKnight: checks
GoliafUa: bets $3
LoneIyKnight: calls $3
*** TURN *** [8s 4c 5s] [4h]
LoneIyKnight: checks
GoliafUa: bets $6
LoneIyKnight: folds
Uncalled bet ($6) returned to GoliafUa
GoliafUa collected $17.64 from pot
*** SUMMARY ***
Total pot $18 | Rake $0.36
Board [8s 4c 5s 4h]
Seat 4: LoneIyKnight (big blind) folded on the Turn
Seat 5: GoliafUa (button) (small blind) collected ($17.64)


PokerStars Hand #175819986021:  Hold'em Limit ($3/$6 USD) - 2017/09/18 16:09:21 ET
Table 'Oceana' 6-max Seat #4 is the button
Seat 4: LoneIyKnight ($84.33 in chips)
Seat 5: GoliafUa ($120 in chips)
LoneIyKnight: posts small blind $1
GoliafUa: posts big blind $3
*** HOLE CARDS ***
vestimokrec joins the table at seat #6
LoneIyKnight: raises $3 to $6
GoliafUa: raises $3 to $9
LoneIyKnight: calls $3
*** FLOP *** [Kh 7s 9c]
GoliafUa: bets $3
LoneIyKnight: folds
Uncalled bet ($3) returned to GoliafUa
GoliafUa collected $17.64 from pot
*** SUMMARY ***
Total pot $18 | Rake $0.36
Board [Kh 7s 9c]
Seat 4: LoneIyKnight (button) (small blind) folded on the Flop
Seat 5: GoliafUa (big blind) collected ($17.64)


PokerStars Hand #175820026068:  Hold'em Limit ($3/$6 USD) - 2017/09/18 16:10:02 ET
Table 'Oceana' 6-max Seat #5 is the button
Seat 4: LoneIyKnight ($65.33 in chips)
Seat 5: GoliafUa ($138.28 in chips)
GoliafUa: posts small blind $1
LoneIyKnight: posts big blind $3
*** HOLE CARDS ***
GoliafUa: raises $3 to $6
LoneIyKnight: folds
Uncalled bet ($3) returned to GoliafUa
GoliafUa collected $6 from pot
*** SUMMARY ***
Total pot $6 | Rake $0
Seat 4: LoneIyKnight (big blind) folded before Flop
Seat 5: GoliafUa (button) (small blind) collected ($6)


PokerStars Hand #175820021269:  Hold'em Limit ($3/$6 USD) - 2017/09/18 16:09:57 ET
Table 'Oceana' 6-max Seat #4 is the button
Seat 4: LoneIyKnight ($66.33 in chips)
Seat 5: GoliafUa ($137.28 in chips)
LoneIyKnight: posts small blind $1
GoliafUa: posts big blind $3
*** HOLE CARDS ***
LoneIyKnight: folds
Uncalled bet ($2) returned to GoliafUa
GoliafUa collected $2 from pot
*** SUMMARY ***
Total pot $2 | Rake $0
Seat 4: LoneIyKnight (button) (small blind) folded before Flop
Seat 5: GoliafUa (big blind) collected ($2)


PokerStars Hand #175820031729:  Hold'em Limit ($3/$6 USD) - 2017/09/18 16:10:08 ET
Table 'Oceana' 6-max Seat #4 is the button
Seat 4: LoneIyKnight ($62.33 in chips)
Seat 5: GoliafUa ($141.28 in chips)
LoneIyKnight: posts small blind $1
GoliafUa: posts big blind $3
*** HOLE CARDS ***
LoneIyKnight: raises $3 to $6
GoliafUa: raises $3 to $9
LoneIyKnight: calls $3
*** FLOP *** [Th 5d Kc]
GoliafUa: bets $3
LoneIyKnight: folds
Uncalled bet ($3) returned to GoliafUa
GoliafUa collected $17.64 from pot
*** SUMMARY ***
Total pot $18 | Rake $0.36
Board [Th 5d Kc]
Seat 4: LoneIyKnight (button) (small blind) folded on the Flop
Seat 5: GoliafUa (big blind) collected ($17.64)


PokerStars Hand #175820045594:  Hold'em Limit ($3/$6 USD) - 2017/09/18 16:10:22 ET
Table 'Oceana' 6-max Seat #5 is the button
Seat 4: LoneIyKnight ($53.33 in chips)
Seat 5: GoliafUa ($149.92 in chips)
GoliafUa: posts small blind $1
LoneIyKnight: posts big blind $3
*** HOLE CARDS ***
GoliafUa: raises $3 to $6
LoneIyKnight: calls $3
*** FLOP *** [Jd Tc Jc]
LoneIyKnight: checks
GoliafUa: bets $3
LoneIyKnight: calls $3
*** TURN *** [Jd Tc Jc] [5d]
LoneIyKnight: checks
GoliafUa: checks
*** RIVER *** [Jd Tc Jc 5d] [Td]
LoneIyKnight: checks
GoliafUa: checks
*** SHOW DOWN ***
LoneIyKnight: shows [7h 8s] (two pair, Jacks and Tens)
GoliafUa: shows [3c Qd] (two pair, Jacks and Tens - Queen kicker)
GoliafUa collected $17.64 from pot
*** SUMMARY ***
Total pot $18 | Rake $0.36
Board [Jd Tc Jc 5d Td]
Seat 4: LoneIyKnight (big blind) showed [7h 8s] and lost with two pair, Jacks and Tens
Seat 5: GoliafUa (button) (small blind) showed [3c Qd] and won ($17.64) with two pair, Jacks and Tens


PokerStars Hand #175820068370:  Hold'em Limit ($3/$6 USD) - 2017/09/18 16:10:45 ET
Table 'Oceana' 6-max Seat #5 is the button
Seat 4: LoneIyKnight ($43.33 in chips)
Seat 5: GoliafUa ($159.56 in chips)
GoliafUa: posts small blind $1
LoneIyKnight: posts big blind $3
*** HOLE CARDS ***
GoliafUa: folds
Uncalled bet ($2) returned to LoneIyKnight
MelaninMan joins the table at seat #3
LoneIyKnight collected $2 from pot
LoneIyKnight: doesn't show hand
*** SUMMARY ***
Total pot $2 | Rake $0
Seat 4: LoneIyKnight (big blind) collected ($2)
Seat 5: GoliafUa (button) (small blind) folded before Flop


PokerStars Hand #175820062839:  Hold'em Limit ($3/$6 USD) - 2017/09/18 16:10:39 ET
Table 'Oceana' 6-max Seat #4 is the button
Seat 4: LoneIyKnight ($44.33 in chips)
Seat 5: GoliafUa ($158.56 in chips)
LoneIyKnight: posts small blind $1
GoliafUa: posts big blind $3
*** HOLE CARDS ***
LoneIyKnight: folds
Uncalled bet ($2) returned to GoliafUa
GoliafUa collected $2 from pot
*** SUMMARY ***
Total pot $2 | Rake $0
Seat 4: LoneIyKnight (button) (small blind) folded before Flop
Seat 5: GoliafUa (big blind) collected ($2)


PokerStars Hand #175820073086:  Hold'em Limit ($3/$6 USD) - 2017/09/18 16:10:50 ET
Table 'Oceana' 6-max Seat #4 is the button
Seat 4: LoneIyKnight ($44.33 in chips)
Seat 5: GoliafUa ($158.56 in chips)
LoneIyKnight: posts small blind $1
GoliafUa: posts big blind $3
*** HOLE CARDS ***
LoneIyKnight: folds
Uncalled bet ($2) returned to GoliafUa
GoliafUa collected $2 from pot
*** SUMMARY ***
Total pot $2 | Rake $0
Seat 4: LoneIyKnight (button) (small blind) folded before Flop
Seat 5: GoliafUa (big blind) collected ($2)


