PokerStars Hand #151981993336:  Hold'em Limit ($3/$6 USD) - 2016/04/16 1:37:03 ET
Table 'Ocllo' 10-max Seat #5 is the button
Seat 5: agentbond007 ($120 in chips)
Seat 6: Agrotait ($72 in chips)
agentbond007: posts small blind $1
Agrotait: posts big blind $3
*** HOLE CARDS ***
agentbond007: raises $3 to $6
Agrotait: raises $3 to $9
agentbond007: raises $3 to $12
Betting is capped
Agrotait: calls $3
*** FLOP *** [Kc 7c Th]
Agrotait: checks
agentbond007: bets $3
Agrotait: raises $3 to $6
agentbond007: folds
Uncalled bet ($3) returned to Agrotait
Agrotait collected $29.50 from pot
Agrotait: doesn't show hand
*** SUMMARY ***
Total pot $30 | Rake $0.50
Board [Kc 7c Th]
Seat 5: agentbond007 (button) (small blind) folded on the Flop
Seat 6: Agrotait (big blind) collected ($29.50)


PokerStars Hand #151981999154:  Hold'em Limit ($3/$6 USD) - 2016/04/16 1:37:23 ET
Table 'Ocllo' 10-max Seat #6 is the button
Seat 5: agentbond007 ($105 in chips)
Seat 6: Agrotait ($86.50 in chips)
Agrotait: posts small blind $1
agentbond007: posts big blind $3
*** HOLE CARDS ***
Agrotait: raises $3 to $6
agentbond007: raises $3 to $9
Agrotait: calls $3
*** FLOP *** [3d Jh 2h]
agentbond007: bets $3
Agrotait: raises $3 to $6
agentbond007: folds
Uncalled bet ($3) returned to Agrotait
Agrotait collected $23.52 from pot
Agrotait: doesn't show hand
*** SUMMARY ***
Total pot $24 | Rake $0.48
Board [3d Jh 2h]
Seat 5: agentbond007 (big blind) folded on the Flop
Seat 6: Agrotait (button) (small blind) collected ($23.52)


PokerStars Hand #151982008138:  Hold'em Limit ($3/$6 USD) - 2016/04/16 1:37:56 ET
Table 'Ocllo' 10-max Seat #6 is the button
Seat 5: agentbond007 ($84 in chips)
Seat 6: Agrotait ($106.66 in chips)
Agrotait: posts small blind $1
agentbond007: posts big blind $3
*** HOLE CARDS ***
Agrotait: raises $3 to $6
agentbond007: raises $3 to $9
Agrotait: calls $3
*** FLOP *** [6h 3h Kd]
agentbond007: checks
Agrotait: bets $3
agentbond007: folds
Uncalled bet ($3) returned to Agrotait
Agrotait collected $17.64 from pot
Agrotait: doesn't show hand
*** SUMMARY ***
Total pot $18 | Rake $0.36
Board [6h 3h Kd]
Seat 5: agentbond007 (big blind) folded on the Flop
Seat 6: Agrotait (button) (small blind) collected ($17.64)


PokerStars Hand #151982003295:  Hold'em Limit ($3/$6 USD) - 2016/04/16 1:37:38 ET
Table 'Ocllo' 10-max Seat #5 is the button
Seat 5: agentbond007 ($93 in chips)
Seat 6: Agrotait ($98.02 in chips)
agentbond007: posts small blind $1
Agrotait: posts big blind $3
*** HOLE CARDS ***
agentbond007: raises $3 to $6
Agrotait: calls $3
*** FLOP *** [Jd 4c 2d]
Agrotait: checks
agentbond007: bets $3
Agrotait: calls $3
*** TURN *** [Jd 4c 2d] [7s]
Agrotait: checks
agentbond007: checks
*** RIVER *** [Jd 4c 2d 7s] [6s]
Agrotait: checks
agentbond007: checks
*** SHOW DOWN ***
Agrotait: shows [5c Ah] (high card Ace)
agentbond007: mucks hand
Agrotait collected $17.64 from pot
*** SUMMARY ***
Total pot $18 | Rake $0.36
Board [Jd 4c 2d 7s 6s]
Seat 5: agentbond007 (button) (small blind) mucked
Seat 6: Agrotait (big blind) showed [5c Ah] and won ($17.64) with high card Ace


