PokerStars Hand #155229943119:  Hold'em Limit ($3/$6 USD) - 2016/06/26 14:26:42 ET
Table 'Ocllo' 6-max Seat #1 is the button
Seat 1: SeanPeary ($30 in chips)
Seat 4: VolkovDmitri ($120 in chips)
SeanPeary: posts small blind $1
VolkovDmitri: posts big blind $3
*** HOLE CARDS ***
SeanPeary: raises $3 to $6
VolkovDmitri: raises $3 to $9
SeanPeary: calls $3
*** FLOP *** [Td 8d 5d]
VolkovDmitri: bets $3
SeanPeary: calls $3
*** TURN *** [Td 8d 5d] [8h]
VolkovDmitri: bets $6
SeanPeary: folds
Uncalled bet ($6) returned to VolkovDmitri
VolkovDmitri collected $23.52 from pot
VolkovDmitri: doesn't show hand
*** SUMMARY ***
Total pot $24 | Rake $0.48
Board [Td 8d 5d 8h]
Seat 1: SeanPeary (button) (small blind) folded on the Turn
Seat 4: VolkovDmitri (big blind) collected ($23.52)


PokerStars Hand #155229965674:  Hold'em Limit ($3/$6 USD) - 2016/06/26 14:27:08 ET
Table 'Ocllo' 6-max Seat #1 is the button
Seat 1: SeanPeary ($19 in chips)
Seat 4: VolkovDmitri ($130.52 in chips)
SeanPeary: posts small blind $1
VolkovDmitri: posts big blind $3
*** HOLE CARDS ***
SeanPeary: raises $3 to $6
VolkovDmitri: folds
Uncalled bet ($3) returned to SeanPeary
SeanPeary collected $6 from pot
SeanPeary: doesn't show hand
*** SUMMARY ***
Total pot $6 | Rake $0
Seat 1: SeanPeary (button) (small blind) collected ($6)
Seat 4: VolkovDmitri (big blind) folded before Flop


PokerStars Hand #155229972578:  Hold'em Limit ($3/$6 USD) - 2016/06/26 14:27:16 ET
Table 'Ocllo' 6-max Seat #4 is the button
Seat 1: SeanPeary ($22 in chips)
Seat 4: VolkovDmitri ($127.52 in chips)
VolkovDmitri: posts small blind $1
SeanPeary: posts big blind $3
*** HOLE CARDS ***
VolkovDmitri: raises $3 to $6
SeanPeary: calls $3
*** FLOP *** [5s Ah As]
SeanPeary: bets $3
VolkovDmitri: raises $3 to $6
SeanPeary: folds
Uncalled bet ($3) returned to VolkovDmitri
VolkovDmitri collected $17.64 from pot
VolkovDmitri: doesn't show hand
*** SUMMARY ***
Total pot $18 | Rake $0.36
Board [5s Ah As]
Seat 1: SeanPeary (big blind) folded on the Flop
Seat 4: VolkovDmitri (button) (small blind) collected ($17.64)


PokerStars Hand #155229986410:  Hold'em Limit ($3/$6 USD) - 2016/06/26 14:27:32 ET
Table 'Ocllo' 6-max Seat #1 is the button
Seat 1: SeanPeary ($13 in chips)
Seat 4: VolkovDmitri ($136.16 in chips)
SeanPeary: posts small blind $1
VolkovDmitri: posts big blind $3
*** HOLE CARDS ***
SeanPeary: folds
Uncalled bet ($2) returned to VolkovDmitri
VolkovDmitri collected $2 from pot
VolkovDmitri: doesn't show hand
*** SUMMARY ***
Total pot $2 | Rake $0
Seat 1: SeanPeary (button) (small blind) folded before Flop
Seat 4: VolkovDmitri (big blind) collected ($2)


PokerStars Hand #155229960527:  Hold'em Limit ($3/$6 USD) - 2016/06/26 14:27:02 ET
Table 'Ocllo' 6-max Seat #4 is the button
Seat 1: SeanPeary ($18 in chips)
Seat 4: VolkovDmitri ($131.52 in chips)
VolkovDmitri: posts small blind $1
SeanPeary: posts big blind $3
*** HOLE CARDS ***
VolkovDmitri: folds
Uncalled bet ($2) returned to SeanPeary
SeanPeary collected $2 from pot
SeanPeary: doesn't show hand
*** SUMMARY ***
Total pot $2 | Rake $0
Seat 1: SeanPeary (big blind) collected ($2)
Seat 4: VolkovDmitri (button) (small blind) folded before Flop


PokerStars Hand #155230015975:  Hold'em Limit ($3/$6 USD) - 2016/06/26 14:28:06 ET
Table 'Ocllo' 6-max Seat #1 is the button
Seat 1: SeanPeary ($23.52 in chips)
Seat 4: VolkovDmitri ($125.16 in chips)
SeanPeary: posts small blind $1
VolkovDmitri: posts big blind $3
*** HOLE CARDS ***
SeanPeary: raises $3 to $6
VolkovDmitri: calls $3
*** FLOP *** [Tc Qs As]
VolkovDmitri: checks
SeanPeary: bets $3
VolkovDmitri: calls $3
*** TURN *** [Tc Qs As] [6d]
VolkovDmitri: checks
SeanPeary: bets $6
VolkovDmitri: folds
Uncalled bet ($6) returned to SeanPeary
SeanPeary collected $17.64 from pot
SeanPeary: doesn't show hand
*** SUMMARY ***
Total pot $18 | Rake $0.36
Board [Tc Qs As 6d]
Seat 1: SeanPeary (button) (small blind) collected ($17.64)
Seat 4: VolkovDmitri (big blind) folded on the Turn


PokerStars Hand #155229990487:  Hold'em Limit ($3/$6 USD) - 2016/06/26 14:27:37 ET
Table 'Ocllo' 6-max Seat #4 is the button
Seat 1: SeanPeary ($12 in chips)
Seat 4: VolkovDmitri ($137.16 in chips)
VolkovDmitri: posts small blind $1
SeanPeary: posts big blind $3
*** HOLE CARDS ***
VolkovDmitri: raises $3 to $6
SeanPeary: raises $3 to $9
VolkovDmitri: raises $3 to $12
Betting is capped
SeanPeary: calls $3 and is all-in
*** FLOP *** [Ah 5h 3d]
*** TURN *** [Ah 5h 3d] [7s]
*** RIVER *** [Ah 5h 3d 7s] [Qh]
*** SHOW DOWN ***
SeanPeary: shows [4h As] (a pair of Aces)
VolkovDmitri: shows [3s 6h] (a pair of Threes)
SeanPeary collected $23.52 from pot
*** SUMMARY ***
Total pot $24 | Rake $0.48
Board [Ah 5h 3d 7s Qh]
Seat 1: SeanPeary (big blind) showed [4h As] and won ($23.52) with a pair of Aces
Seat 4: VolkovDmitri (button) (small blind) showed [3s 6h] and lost with a pair of Threes


PokerStars Hand #155230042848:  Hold'em Limit ($3/$6 USD) - 2016/06/26 14:28:38 ET
Table 'Ocllo' 6-max Seat #4 is the button
Seat 1: SeanPeary ($32.16 in chips)
Seat 4: VolkovDmitri ($120 in chips)
VolkovDmitri: posts small blind $1
SeanPeary: posts big blind $3
*** HOLE CARDS ***
VolkovDmitri: raises $3 to $6
SeanPeary: raises $3 to $9
VolkovDmitri: calls $3
*** FLOP *** [3c 6d 8h]
SeanPeary: bets $3
TheU10 joins the table at seat #2
VolkovDmitri: calls $3
*** TURN *** [3c 6d 8h] [Td]
SeanPeary: bets $6
VolkovDmitri: raises $6 to $12
SeanPeary: raises $6 to $18
VolkovDmitri: raises $6 to $24
Betting is capped
SeanPeary: calls $2.16 and is all-in
Uncalled bet ($3.84) returned to VolkovDmitri
*** RIVER *** [3c 6d 8h Td] [6h]
*** SHOW DOWN ***
SeanPeary: shows [Ad Jd] (a pair of Sixes)
VolkovDmitri: shows [Qc Ts] (two pair, Tens and Sixes)
VolkovDmitri collected $63.82 from pot
*** SUMMARY ***
Total pot $64.32 | Rake $0.50
Board [3c 6d 8h Td 6h]
Seat 1: SeanPeary (big blind) showed [Ad Jd] and lost with a pair of Sixes
Seat 4: VolkovDmitri (button) (small blind) showed [Qc Ts] and won ($63.82) with two pair, Tens and Sixes


