PokerStars Hand #144630946220:  Hold'em Limit ($3/$6 USD) - 2015/11/30 16:50:39 ET
Table 'Ocllo' 6-max Seat #3 is the button
Seat 3: baksuzzzzzz ($136.50 in chips)
Seat 4: GoliafUa ($123 in chips)
baksuzzzzzz: posts small blind $1
GoliafUa: posts big blind $3
*** HOLE CARDS ***
baksuzzzzzz: raises $3 to $6
GoliafUa: folds
Uncalled bet ($3) returned to baksuzzzzzz
baksuzzzzzz collected $6 from pot
baksuzzzzzz: doesn't show hand
*** SUMMARY ***
Total pot $6 | Rake $0
Seat 3: baksuzzzzzz (button) (small blind) collected ($6)
Seat 4: GoliafUa (big blind) folded before Flop


PokerStars Hand #144630937673:  Hold'em Limit ($3/$6 USD) - 2015/11/30 16:50:29 ET
Table 'Ocllo' 6-max Seat #4 is the button
Seat 3: baksuzzzzzz ($139.50 in chips)
Seat 4: GoliafUa ($120 in chips)
GoliafUa: posts small blind $1
baksuzzzzzz: posts big blind $3
*** HOLE CARDS ***
GoliafUa: raises $3 to $6
baksuzzzzzz: folds
Uncalled bet ($3) returned to GoliafUa
GoliafUa collected $6 from pot
GoliafUa: doesn't show hand
*** SUMMARY ***
Total pot $6 | Rake $0
Seat 3: baksuzzzzzz (big blind) folded before Flop
Seat 4: GoliafUa (button) (small blind) collected ($6)


PokerStars Hand #144630908687:  Hold'em Limit ($3/$6 USD) - 2015/11/30 16:49:58 ET
Table 'Ocllo' 6-max Seat #3 is the button
Seat 2: iskambil ($97 in chips)
Seat 3: baksuzzzzzz ($140.50 in chips)
baksuzzzzzz: posts small blind $1
TinaTurner72: is sitting out
iskambil: posts big blind $3
*** HOLE CARDS ***
baksuzzzzzz: folds
Uncalled bet ($2) returned to iskambil
TinaTurner72 leaves the table
iskambil collected $2 from pot
*** SUMMARY ***
Total pot $2 | Rake $0
Seat 2: iskambil (big blind) collected ($2)
Seat 3: baksuzzzzzz (button) (small blind) folded before Flop


PokerStars Hand #144631469389:  Hold'em Limit ($3/$6 USD) - 2015/11/30 17:01:12 ET
Table 'Ocllo' 6-max Seat #5 is the button
Seat 4: GoliafUa ($87.64 in chips)
Seat 5: ValeryRon ($102 in chips)
ValeryRon: posts small blind $1
GoliafUa: posts big blind $3
*** HOLE CARDS ***
ValeryRon: raises $3 to $6
GoliafUa: folds
Uncalled bet ($3) returned to ValeryRon
ValeryRon collected $6 from pot
*** SUMMARY ***
Total pot $6 | Rake $0
Seat 4: GoliafUa (big blind) folded before Flop
Seat 5: ValeryRon (button) (small blind) collected ($6)


