PokerStars Hand #176410889827:  Hold'em Limit ($3/$6 USD) - 2017/10/02 16:48:40 ET
Table 'Ocllo II' 6-max Seat #6 is the button
Seat 1: andyrr ($89.75 in chips)
Seat 6: LordBorzi II ($107.64 in chips)
LordBorzi II: posts small blind $1
andyrr: posts big blind $3
*** HOLE CARDS ***
LordBorzi II: raises $3 to $6
andyrr: calls $3
*** FLOP *** [6c Jd 9h]
andyrr: checks
LordBorzi II: checks
*** TURN *** [6c Jd 9h] [4c]
andyrr: bets $6
LordBorzi II: folds
Uncalled bet ($6) returned to andyrr
andyrr collected $11.76 from pot
*** SUMMARY ***
Total pot $12 | Rake $0.24
Board [6c Jd 9h 4c]
Seat 1: andyrr (big blind) collected ($11.76)
Seat 6: LordBorzi II (button) (small blind) folded on the Turn


PokerStars Hand #176410955608:  Hold'em Limit ($3/$6 USD) - 2017/10/02 16:49:49 ET
Table 'Ocllo II' 6-max Seat #1 is the button
Seat 1: andyrr ($116.65 in chips)
Seat 6: LordBorzi II ($79.64 in chips)
andyrr: posts small blind $1
LordBorzi II: posts big blind $3
*** HOLE CARDS ***
andyrr: folds
Uncalled bet ($2) returned to LordBorzi II
LordBorzi II collected $2 from pot
*** SUMMARY ***
Total pot $2 | Rake $0
Seat 1: andyrr (button) (small blind) folded before Flop
Seat 6: LordBorzi II (big blind) collected ($2)


PokerStars Hand #176410942378:  Hold'em Limit ($3/$6 USD) - 2017/10/02 16:49:33 ET
Table 'Ocllo II' 6-max Seat #6 is the button
Seat 1: andyrr ($102.15 in chips)
Seat 6: LordBorzi II ($94.64 in chips)
LordBorzi II: posts small blind $1
andyrr: posts big blind $3
*** HOLE CARDS ***
LordBorzi II: calls $2
andyrr: raises $3 to $6
LordBorzi II: calls $3
*** FLOP *** [2c 7d 2h]
andyrr: bets $3
LordBorzi II: calls $3
*** TURN *** [2c 7d 2h] [7c]
andyrr: checks
LordBorzi II: bets $6
andyrr: raises $6 to $12
LordBorzi II: folds
Uncalled bet ($6) returned to andyrr
andyrr collected $29.50 from pot
*** SUMMARY ***
Total pot $30 | Rake $0.50
Board [2c 7d 2h 7c]
Seat 1: andyrr (big blind) collected ($29.50)
Seat 6: LordBorzi II (button) (small blind) folded on the Turn


PokerStars Hand #176410930306:  Hold'em Limit ($3/$6 USD) - 2017/10/02 16:49:18 ET
Table 'Ocllo II' 6-max Seat #6 is the button
Seat 1: andyrr ($106.15 in chips)
Seat 6: LordBorzi II ($90.64 in chips)
LordBorzi II: posts small blind $1
andyrr: posts big blind $3
*** HOLE CARDS ***
LordBorzi II: raises $3 to $6
andyrr: folds
Uncalled bet ($3) returned to LordBorzi II
LordBorzi II collected $6 from pot
*** SUMMARY ***
Total pot $6 | Rake $0
Seat 1: andyrr (big blind) folded before Flop
Seat 6: LordBorzi II (button) (small blind) collected ($6)


PokerStars Hand #176410925688:  Hold'em Limit ($3/$6 USD) - 2017/10/02 16:49:12 ET
Table 'Ocllo II' 6-max Seat #1 is the button
Seat 1: andyrr ($107.15 in chips)
Seat 6: LordBorzi II ($89.64 in chips)
andyrr: posts small blind $1
LordBorzi II: posts big blind $3
*** HOLE CARDS ***
andyrr: folds
Uncalled bet ($2) returned to LordBorzi II
LordBorzi II collected $2 from pot
*** SUMMARY ***
Total pot $2 | Rake $0
Seat 1: andyrr (button) (small blind) folded before Flop
Seat 6: LordBorzi II (big blind) collected ($2)


PokerStars Hand #176410935135:  Hold'em Limit ($3/$6 USD) - 2017/10/02 16:49:24 ET
Table 'Ocllo II' 6-max Seat #1 is the button
Seat 1: andyrr ($103.15 in chips)
Seat 6: LordBorzi II ($93.64 in chips)
andyrr: posts small blind $1
LordBorzi II: posts big blind $3
*** HOLE CARDS ***
andyrr: folds
Uncalled bet ($2) returned to LordBorzi II
LordBorzi II collected $2 from pot
*** SUMMARY ***
Total pot $2 | Rake $0
Seat 1: andyrr (button) (small blind) folded before Flop
Seat 6: LordBorzi II (big blind) collected ($2)


PokerStars Hand #176410911208:  Hold'em Limit ($3/$6 USD) - 2017/10/02 16:48:55 ET
Table 'Ocllo II' 6-max Seat #1 is the button
Seat 1: andyrr ($95.51 in chips)
Seat 6: LordBorzi II ($101.64 in chips)
andyrr: posts small blind $1
LordBorzi II: posts big blind $3
*** HOLE CARDS ***
andyrr: raises $3 to $6
LordBorzi II: folds
Uncalled bet ($3) returned to andyrr
andyrr collected $6 from pot
*** SUMMARY ***
Total pot $6 | Rake $0
Seat 1: andyrr (button) (small blind) collected ($6)
Seat 6: LordBorzi II (big blind) folded before Flop


PokerStars Hand #176410959254:  Hold'em Limit ($3/$6 USD) - 2017/10/02 16:49:53 ET
Table 'Ocllo II' 6-max Seat #6 is the button
Seat 1: andyrr ($115.65 in chips)
Seat 6: LordBorzi II ($80.64 in chips)
LordBorzi II: posts small blind $1
andyrr: posts big blind $3
*** HOLE CARDS ***
LordBorzi II: raises $3 to $6
andyrr: calls $3
*** FLOP *** [4c 5s 4d]
andyrr: checks
LordBorzi II: checks
*** TURN *** [4c 5s 4d] [2h]
andyrr: bets $6
LordBorzi II: calls $6
*** RIVER *** [4c 5s 4d 2h] [8s]
007buszek joins the table at seat #3
andyrr: bets $6
LordBorzi II: folds
Uncalled bet ($6) returned to andyrr
andyrr collected $23.52 from pot
*** SUMMARY ***
Total pot $24 | Rake $0.48
Board [4c 5s 4d 2h 8s]
Seat 1: andyrr (big blind) collected ($23.52)
Seat 6: LordBorzi II (button) (small blind) folded on the River


PokerStars Hand #176411043532:  Hold'em Limit ($3/$6 USD) - 2017/10/02 16:51:36 ET
Table 'Ocllo II' 6-max Seat #6 is the button
Seat 1: andyrr ($160.78 in chips)
Seat 6: LordBorzi II ($60.87 in chips)
LordBorzi II: posts small blind $1
andyrr: posts big blind $3
*** HOLE CARDS ***
LordBorzi II: raises $3 to $6
andyrr: raises $3 to $9
LordBorzi II: calls $3
*** FLOP *** [2h Qd Td]
andyrr: bets $3
LordBorzi II: calls $3
*** TURN *** [2h Qd Td] [5s]
andyrr: bets $6
LordBorzi II: calls $6
*** RIVER *** [2h Qd Td 5s] [Kh]
andyrr: bets $6
LordBorzi II: folds
Uncalled bet ($6) returned to andyrr
andyrr collected $35.50 from pot
*** SUMMARY ***
Total pot $36 | Rake $0.50
Board [2h Qd Td 5s Kh]
Seat 1: andyrr (big blind) collected ($35.50)
Seat 6: LordBorzi II (button) (small blind) folded on the River


PokerStars Hand #176411034324:  Hold'em Limit ($3/$6 USD) - 2017/10/02 16:51:24 ET
Table 'Ocllo II' 6-max Seat #1 is the button
Seat 1: andyrr ($172.78 in chips)
Seat 6: LordBorzi II ($49.35 in chips)
andyrr: posts small blind $1
LordBorzi II: posts big blind $3
*** HOLE CARDS ***
andyrr: raises $3 to $6
LordBorzi II: raises $3 to $9
andyrr: calls $3
*** FLOP *** [9s 4s 4c]
LordBorzi II: bets $3
andyrr: calls $3
*** TURN *** [9s 4s 4c] [8c]
LordBorzi II: bets $6
andyrr: folds
Uncalled bet ($6) returned to LordBorzi II
LordBorzi II collected $23.52 from pot
*** SUMMARY ***
Total pot $24 | Rake $0.48
Board [9s 4s 4c 8c]
Seat 1: andyrr (button) (small blind) folded on the Turn
Seat 6: LordBorzi II (big blind) collected ($23.52)


PokerStars Hand #176411485957:  Hold'em Limit ($3/$6 USD) - 2017/10/02 17:01:38 ET
Table 'Ocllo II' 6-max Seat #6 is the button
Seat 2: Icecold ($84.19 in chips)
Seat 6: uglyghost101 ($107 in chips)
uglyghost101: posts small blind $1
Icecold: posts big blind $3
*** HOLE CARDS ***
andyrr leaves the table
uglyghost101: raises $3 to $6
Icecold: calls $3
*** FLOP *** [Qd 5c 4c]
Icecold: bets $3
uglyghost101: calls $3
*** TURN *** [Qd 5c 4c] [Th]
Icecold: bets $6
uglyghost101: folds
Uncalled bet ($6) returned to Icecold
Icecold collected $17.64 from pot
*** SUMMARY ***
Total pot $18 | Rake $0.36
Board [Qd 5c 4c Th]
Seat 2: Icecold (big blind) collected ($17.64)
Seat 6: uglyghost101 (button) (small blind) folded on the Turn


PokerStars Hand #176411521078:  Hold'em Limit ($3/$6 USD) - 2017/10/02 17:02:22 ET
Table 'Ocllo II' 6-max Seat #2 is the button
Seat 2: Icecold ($104.33 in chips)
Seat 6: uglyghost101 ($86 in chips)
Icecold: posts small blind $1
uglyghost101: posts big blind $3
*** HOLE CARDS ***
Icecold: raises $3 to $6
uglyghost101: raises $3 to $9
Icecold: calls $3
*** FLOP *** [5s 2h Ah]
uglyghost101: bets $3
Icecold: calls $3
*** TURN *** [5s 2h Ah] [Kc]
uglyghost101: checks
Icecold: bets $6
uglyghost101: folds
Uncalled bet ($6) returned to Icecold
Icecold collected $23.52 from pot
*** SUMMARY ***
Total pot $24 | Rake $0.48
Board [5s 2h Ah Kc]
Seat 2: Icecold (button) (small blind) collected ($23.52)
Seat 6: uglyghost101 (big blind) folded on the Turn


PokerStars Hand #176411515432:  Hold'em Limit ($3/$6 USD) - 2017/10/02 17:02:15 ET
Table 'Ocllo II' 6-max Seat #6 is the button
Seat 2: Icecold ($107.33 in chips)
Seat 6: uglyghost101 ($83 in chips)
uglyghost101: posts small blind $1
Icecold: posts big blind $3
*** HOLE CARDS ***
uglyghost101: raises $3 to $6
Icecold: folds
Uncalled bet ($3) returned to uglyghost101
uglyghost101 collected $6 from pot
uglyghost101: doesn't show hand
*** SUMMARY ***
Total pot $6 | Rake $0
Seat 2: Icecold (big blind) folded before Flop
Seat 6: uglyghost101 (button) (small blind) collected ($6)


PokerStars Hand #176411498824:  Hold'em Limit ($3/$6 USD) - 2017/10/02 17:01:55 ET
Table 'Ocllo II' 6-max Seat #2 is the button
Seat 2: Icecold ($92.83 in chips)
Seat 6: uglyghost101 ($98 in chips)
Icecold: posts small blind $1
uglyghost101: posts big blind $3
*** HOLE CARDS ***
Icecold: raises $3 to $6
uglyghost101: calls $3
*** FLOP *** [Qh Kh Ts]
uglyghost101: bets $3
Icecold: calls $3
*** TURN *** [Qh Kh Ts] [5d]
uglyghost101: bets $6
Icecold: calls $6
*** RIVER *** [Qh Kh Ts 5d] [Tc]
uglyghost101: checks
Icecold: checks
*** SHOW DOWN ***
uglyghost101: shows [Jc 6s] (a pair of Tens)
Icecold: shows [Qs 8c] (two pair, Queens and Tens)
Icecold collected $29.50 from pot
*** SUMMARY ***
Total pot $30 | Rake $0.50
Board [Qh Kh Ts 5d Tc]
Seat 2: Icecold (button) (small blind) showed [Qs 8c] and won ($29.50) with two pair, Queens and Tens
Seat 6: uglyghost101 (big blind) showed [Jc 6s] and lost with a pair of Tens


PokerStars Hand #176411571738:  Hold'em Limit ($3/$6 USD) - 2017/10/02 17:03:25 ET
Table 'Ocllo II' 6-max Seat #6 is the button
Seat 2: Icecold ($97.85 in chips)
Seat 6: uglyghost101 ($91.28 in chips)
uglyghost101: posts small blind $1
Icecold: posts big blind $3
*** HOLE CARDS ***
uglyghost101: raises $3 to $6
Icecold: calls $3
*** FLOP *** [9h 3s Jc]
Icecold: checks
uglyghost101: bets $3
Icecold: folds
Uncalled bet ($3) returned to uglyghost101
uglyghost101 collected $11.76 from pot
uglyghost101: doesn't show hand
*** SUMMARY ***
Total pot $12 | Rake $0.24
Board [9h 3s Jc]
Seat 2: Icecold (big blind) folded on the Flop
Seat 6: uglyghost101 (button) (small blind) collected ($11.76)


PokerStars Hand #176411581206:  Hold'em Limit ($3/$6 USD) - 2017/10/02 17:03:37 ET
Table 'Ocllo II' 6-max Seat #2 is the button
Seat 2: Icecold ($91.85 in chips)
Seat 6: uglyghost101 ($97.04 in chips)
Icecold: posts small blind $1
uglyghost101: posts big blind $3
*** HOLE CARDS ***
Icecold: raises $3 to $6
uglyghost101: calls $3
*** FLOP *** [Ad Jh 3d]
uglyghost101: checks
Icecold: checks
*** TURN *** [Ad Jh 3d] [Tc]
uglyghost101: bets $6
Icecold: raises $6 to $12
uglyghost101: calls $6
*** RIVER *** [Ad Jh 3d Tc] [8s]
uglyghost101: checks
Icecold: bets $6
uglyghost101: calls $6
*** SHOW DOWN ***
Icecold: shows [7h 5d] (high card Ace)
uglyghost101: shows [Ac 6s] (a pair of Aces)
uglyghost101 collected $47.50 from pot
*** SUMMARY ***
Total pot $48 | Rake $0.50
Board [Ad Jh 3d Tc 8s]
Seat 2: Icecold (button) (small blind) showed [7h 5d] and lost with high card Ace
Seat 6: uglyghost101 (big blind) showed [Ac 6s] and won ($47.50) with a pair of Aces


PokerStars Hand #176411555456:  Hold'em Limit ($3/$6 USD) - 2017/10/02 17:03:05 ET
Table 'Ocllo II' 6-max Seat #2 is the button
Seat 2: Icecold ($109.85 in chips)
Seat 6: uglyghost101 ($79.76 in chips)
Icecold: posts small blind $1
uglyghost101: posts big blind $3
*** HOLE CARDS ***
Icecold: raises $3 to $6
uglyghost101: raises $3 to $9
Icecold: calls $3
*** FLOP *** [Jh 7s 6c]
uglyghost101: bets $3
Icecold: calls $3
*** TURN *** [Jh 7s 6c] [Jc]
uglyghost101: checks
Icecold: checks
*** RIVER *** [Jh 7s 6c Jc] [Qd]
uglyghost101: bets $6
Icecold: folds
Uncalled bet ($6) returned to uglyghost101
uglyghost101 collected $23.52 from pot
uglyghost101: doesn't show hand
*** SUMMARY ***
Total pot $24 | Rake $0.48
Board [Jh 7s 6c Jc Qd]
Seat 2: Icecold (button) (small blind) folded on the River
Seat 6: uglyghost101 (big blind) collected ($23.52)


PokerStars Hand #176411540071:  Hold'em Limit ($3/$6 USD) - 2017/10/02 17:02:46 ET
Table 'Ocllo II' 6-max Seat #6 is the button
Seat 2: Icecold ($115.85 in chips)
Seat 6: uglyghost101 ($74 in chips)
uglyghost101: posts small blind $1
Icecold: posts big blind $3
*** HOLE CARDS ***
uglyghost101: raises $3 to $6
Icecold: calls $3
*** FLOP *** [3s 7c 9d]
Icecold: checks
uglyghost101: checks
*** TURN *** [3s 7c 9d] [6d]
Icecold: checks
uglyghost101: bets $6
Icecold: folds
Uncalled bet ($6) returned to uglyghost101
uglyghost101 collected $11.76 from pot
uglyghost101: doesn't show hand
*** SUMMARY ***
Total pot $12 | Rake $0.24
Board [3s 7c 9d 6d]
Seat 2: Icecold (big blind) folded on the Turn
Seat 6: uglyghost101 (button) (small blind) collected ($11.76)


