PokerStars Hand #149113671238:  Hold'em Limit ($3/$6 USD) - 2016/02/20 8:15:27 ET
Table 'Ocllo II' 6-max Seat #1 is the button
Seat 1: VolkovDmitri ($136.50 in chips)
Seat 4: Eklund_1891 ($73.51 in chips)
VolkovDmitri: posts small blind $1
Eklund_1891: posts big blind $3
*** HOLE CARDS ***
VolkovDmitri: raises $3 to $6
Eklund_1891: calls $3
*** FLOP *** [6c 9s 9c]
Eklund_1891: checks
VolkovDmitri: bets $3
Eklund_1891: calls $3
*** TURN *** [6c 9s 9c] [Td]
Eklund_1891: checks
VolkovDmitri: checks
*** RIVER *** [6c 9s 9c Td] [Jh]
Eklund_1891: bets $6
VolkovDmitri: folds
Uncalled bet ($6) returned to Eklund_1891
Eklund_1891 collected $17.64 from pot
Eklund_1891: doesn't show hand
*** SUMMARY ***
Total pot $18 | Rake $0.36
Board [6c 9s 9c Td Jh]
Seat 1: VolkovDmitri (button) (small blind) folded on the River
Seat 4: Eklund_1891 (big blind) collected ($17.64)


PokerStars Hand #149113667684:  Hold'em Limit ($3/$6 USD) - 2016/02/20 8:15:21 ET
Table 'Ocllo II' 6-max Seat #4 is the button
Seat 1: VolkovDmitri ($135.50 in chips)
Seat 4: Eklund_1891 ($74.51 in chips)
Eklund_1891: posts small blind $1
VolkovDmitri: posts big blind $3
*** HOLE CARDS ***
Eklund_1891: folds
Uncalled bet ($2) returned to VolkovDmitri
VolkovDmitri collected $2 from pot
VolkovDmitri: doesn't show hand
*** SUMMARY ***
Total pot $2 | Rake $0
Seat 1: VolkovDmitri (big blind) collected ($2)
Seat 4: Eklund_1891 (button) (small blind) folded before Flop


PokerStars Hand #149113650810:  Hold'em Limit ($3/$6 USD) - 2016/02/20 8:14:58 ET
Table 'Ocllo II' 6-max Seat #1 is the button
Seat 1: VolkovDmitri ($121 in chips)
Seat 4: Eklund_1891 ($89.51 in chips)
VolkovDmitri: posts small blind $1
Eklund_1891: posts big blind $3
*** HOLE CARDS ***
VolkovDmitri: raises $3 to $6
Eklund_1891: calls $3
*** FLOP *** [2d 7s 6d]
Eklund_1891: checks
VolkovDmitri: bets $3
Eklund_1891: calls $3
*** TURN *** [2d 7s 6d] [4h]
Eklund_1891: checks
VolkovDmitri: bets $6
Eklund_1891: calls $6
*** RIVER *** [2d 7s 6d 4h] [7d]
Eklund_1891: checks
VolkovDmitri: checks
*** SHOW DOWN ***
Eklund_1891: shows [Jd 8h] (a pair of Sevens)
VolkovDmitri: shows [6c 2s] (two pair, Sevens and Sixes)
VolkovDmitri collected $29.50 from pot
*** SUMMARY ***
Total pot $30 | Rake $0.50
Board [2d 7s 6d 4h 7d]
Seat 1: VolkovDmitri (button) (small blind) showed [6c 2s] and won ($29.50) with two pair, Sevens and Sixes
Seat 4: Eklund_1891 (big blind) showed [Jd 8h] and lost with a pair of Sevens


PokerStars Hand #149113647439:  Hold'em Limit ($3/$6 USD) - 2016/02/20 8:14:53 ET
Table 'Ocllo II' 6-max Seat #4 is the button
Seat 1: VolkovDmitri ($120 in chips)
Seat 4: Eklund_1891 ($90.51 in chips)
Eklund_1891: posts small blind $1
VolkovDmitri: posts big blind $3
*** HOLE CARDS ***
Eklund_1891: folds
Uncalled bet ($2) returned to VolkovDmitri
VolkovDmitri collected $2 from pot
VolkovDmitri: doesn't show hand
*** SUMMARY ***
Total pot $2 | Rake $0
Seat 1: VolkovDmitri (big blind) collected ($2)
Seat 4: Eklund_1891 (button) (small blind) folded before Flop


PokerStars Hand #149113632866:  Hold'em Limit ($3/$6 USD) - 2016/02/20 8:14:32 ET
Table 'Ocllo II' 6-max Seat #1 is the button
Seat 1: VolkovDmitri ($121 in chips)
Seat 4: Eklund_1891 ($81.87 in chips)
VolkovDmitri: posts small blind $1
Eklund_1891: posts big blind $3
*** HOLE CARDS ***
VolkovDmitri: raises $3 to $6
Eklund_1891: calls $3
*** FLOP *** [Ks Ts Js]
Eklund_1891: checks
VolkovDmitri: bets $3
Eklund_1891: raises $3 to $6
VolkovDmitri: folds
Uncalled bet ($3) returned to Eklund_1891
Eklund_1891 collected $17.64 from pot
*** SUMMARY ***
Total pot $18 | Rake $0.36
Board [Ks Ts Js]
Seat 1: VolkovDmitri (button) (small blind) folded on the Flop
Seat 4: Eklund_1891 (big blind) collected ($17.64)


PokerStars Hand #149113716143:  Hold'em Limit ($3/$6 USD) - 2016/02/20 8:16:30 ET
Table 'Ocllo II' 6-max Seat #4 is the button
Seat 1: VolkovDmitri ($159.64 in chips)
Seat 4: Eklund_1891 ($49.15 in chips)
Eklund_1891: posts small blind $1
VolkovDmitri: posts big blind $3
*** HOLE CARDS ***
Eklund_1891: raises $3 to $6
VolkovDmitri: raises $3 to $9
Eklund_1891: calls $3
*** FLOP *** [2h 5h 6d]
VolkovDmitri: bets $3
Eklund_1891: calls $3
*** TURN *** [2h 5h 6d] [7s]
VolkovDmitri: bets $6
Eklund_1891: raises $6 to $12
VolkovDmitri: raises $6 to $18
Eklund_1891: calls $6
*** RIVER *** [2h 5h 6d 7s] [3c]
VolkovDmitri: bets $6
Eklund_1891: calls $6
*** SHOW DOWN ***
VolkovDmitri: shows [Ad Ah] (a pair of Aces)
Eklund_1891: mucks hand
VolkovDmitri collected $71.50 from pot
*** SUMMARY ***
Total pot $72 | Rake $0.50
Board [2h 5h 6d 7s 3c]
Seat 1: VolkovDmitri (big blind) showed [Ad Ah] and won ($71.50) with a pair of Aces
Seat 4: Eklund_1891 (button) (small blind) mucked


PokerStars Hand #149113702989:  Hold'em Limit ($3/$6 USD) - 2016/02/20 8:16:11 ET
Table 'Ocllo II' 6-max Seat #1 is the button
Seat 1: VolkovDmitri ($151 in chips)
Seat 4: Eklund_1891 ($58.15 in chips)
VolkovDmitri: posts small blind $1
Eklund_1891: posts big blind $3
*** HOLE CARDS ***
VolkovDmitri: raises $3 to $6
Eklund_1891: calls $3
*** FLOP *** [Tc 8d Ts]
Eklund_1891: checks
VolkovDmitri: bets $3
Eklund_1891: calls $3
*** TURN *** [Tc 8d Ts] [6s]
Eklund_1891: checks
VolkovDmitri: checks
*** RIVER *** [Tc 8d Ts 6s] [8s]
Eklund_1891: checks
VolkovDmitri: checks
*** SHOW DOWN ***
Eklund_1891: shows [9h 5c] (two pair, Tens and Eights)
VolkovDmitri: shows [Ad 2d] (two pair, Tens and Eights - Ace kicker)
VolkovDmitri collected $17.64 from pot
*** SUMMARY ***
Total pot $18 | Rake $0.36
Board [Tc 8d Ts 6s 8s]
Seat 1: VolkovDmitri (button) (small blind) showed [Ad 2d] and won ($17.64) with two pair, Tens and Eights
Seat 4: Eklund_1891 (big blind) showed [9h 5c] and lost with two pair, Tens and Eights


PokerStars Hand #149113687088:  Hold'em Limit ($3/$6 USD) - 2016/02/20 8:15:49 ET
Table 'Ocllo II' 6-max Seat #4 is the button
Seat 1: VolkovDmitri ($127.50 in chips)
Seat 4: Eklund_1891 ($82.15 in chips)
Eklund_1891: posts small blind $1
VolkovDmitri: posts big blind $3
*** HOLE CARDS ***
Eklund_1891: raises $3 to $6
VolkovDmitri: raises $3 to $9
Eklund_1891: calls $3
*** FLOP *** [2c Ts 4s]
VolkovDmitri: bets $3
Eklund_1891: calls $3
*** TURN *** [2c Ts 4s] [9s]
VolkovDmitri: bets $6
Eklund_1891: calls $6
*** RIVER *** [2c Ts 4s 9s] [6d]
VolkovDmitri: bets $6
Eklund_1891: calls $6
*** SHOW DOWN ***
VolkovDmitri: shows [Qs Th] (a pair of Tens)
Eklund_1891: mucks hand
VolkovDmitri collected $47.50 from pot
*** SUMMARY ***
Total pot $48 | Rake $0.50
Board [2c Ts 4s 9s 6d]
Seat 1: VolkovDmitri (big blind) showed [Qs Th] and won ($47.50) with a pair of Tens
Seat 4: Eklund_1891 (button) (small blind) mucked


PokerStars Hand #149113779317:  Hold'em Limit ($3/$6 USD) - 2016/02/20 8:17:42 ET
Table 'Ocllo II' 6-max Seat #1 is the button
Seat 1: VolkovDmitri ($211.29 in chips)
Seat 5: Andredias950 ($36.17 in chips)
VolkovDmitri: posts small blind $1
Andredias950: posts big blind $3
*** HOLE CARDS ***
VolkovDmitri: raises $3 to $6
Andredias950: folds
Uncalled bet ($3) returned to VolkovDmitri
Eklund_1891 said, "luck y ni gg er"
VolkovDmitri collected $6 from pot
VolkovDmitri: doesn't show hand
*** SUMMARY ***
Total pot $6 | Rake $0
Seat 1: VolkovDmitri (button) (small blind) collected ($6)
Seat 5: Andredias950 (big blind) folded before Flop


PokerStars Hand #149113768873:  Hold'em Limit ($3/$6 USD) - 2016/02/20 8:17:33 ET
Table 'Ocllo II' 6-max Seat #5 is the button
Seat 1: VolkovDmitri ($210.29 in chips)
Seat 5: Andredias950 ($37.17 in chips)
Andredias950: posts small blind $1
VolkovDmitri: posts big blind $3
*** HOLE CARDS ***
Andredias950: folds
Uncalled bet ($2) returned to VolkovDmitri
VolkovDmitri collected $2 from pot
VolkovDmitri: doesn't show hand
*** SUMMARY ***
Total pot $2 | Rake $0
Seat 1: VolkovDmitri (big blind) collected ($2)
Seat 5: Andredias950 (button) (small blind) folded before Flop


PokerStars Hand #149113764926:  Hold'em Limit ($3/$6 USD) - 2016/02/20 8:17:27 ET
Table 'Ocllo II' 6-max Seat #1 is the button
Seat 1: VolkovDmitri ($207.29 in chips)
Seat 5: Andredias950 ($40.17 in chips)
VolkovDmitri: posts small blind $1
Andredias950: posts big blind $3
*** HOLE CARDS ***
VolkovDmitri: raises $3 to $6
Andredias950: folds
Uncalled bet ($3) returned to VolkovDmitri
VolkovDmitri collected $6 from pot
VolkovDmitri: doesn't show hand
*** SUMMARY ***
Total pot $6 | Rake $0
Seat 1: VolkovDmitri (button) (small blind) collected ($6)
Seat 5: Andredias950 (big blind) folded before Flop


PokerStars Hand #149113742497:  Hold'em Limit ($3/$6 USD) - 2016/02/20 8:17:07 ET
Table 'Ocllo II' 6-max Seat #4 is the button
Seat 1: VolkovDmitri ($181.99 in chips)
Seat 4: Eklund_1891 ($25.80 in chips)
Eklund_1891: posts small blind $1
VolkovDmitri: posts big blind $3
*** HOLE CARDS ***
Eklund_1891: calls $2
VolkovDmitri: raises $3 to $6
Eklund_1891: calls $3
*** FLOP *** [5h 4h 6c]
VolkovDmitri: bets $3
Eklund_1891: raises $3 to $6
Andredias950 joins the table at seat #5
VolkovDmitri: raises $3 to $9
Eklund_1891: calls $3
*** TURN *** [5h 4h 6c] [5s]
VolkovDmitri: bets $6
Eklund_1891: raises $4.80 to $10.80 and is all-in
VolkovDmitri: calls $4.80
*** RIVER *** [5h 4h 6c 5s] [8s]
*** SHOW DOWN ***
VolkovDmitri: shows [7c 8d] (a straight, Four to Eight)
Eklund_1891: shows [5c Qc] (three of a kind, Fives)
VolkovDmitri collected $51.10 from pot
*** SUMMARY ***
Total pot $51.60 | Rake $0.50
Board [5h 4h 6c 5s 8s]
Seat 1: VolkovDmitri (big blind) showed [7c 8d] and won ($51.10) with a straight, Four to Eight
Seat 4: Eklund_1891 (button) (small blind) showed [5c Qc] and lost with three of a kind, Fives


PokerStars Hand #149113730668:  Hold'em Limit ($3/$6 USD) - 2016/02/20 8:16:50 ET
Table 'Ocllo II' 6-max Seat #1 is the button
Seat 1: VolkovDmitri ($195.14 in chips)
Seat 4: Eklund_1891 ($13.15 in chips)
VolkovDmitri: posts small blind $1
Eklund_1891: posts big blind $3
*** HOLE CARDS ***
VolkovDmitri: raises $3 to $6
Eklund_1891: raises $3 to $9
VolkovDmitri: raises $3 to $12
Betting is capped
Eklund_1891: calls $3
*** FLOP *** [Js 2s Jd]
Eklund_1891: bets $1.15 and is all-in
VolkovDmitri: calls $1.15
*** TURN *** [Js 2s Jd] [6s]
*** RIVER *** [Js 2s Jd 6s] [Th]
*** SHOW DOWN ***
Eklund_1891: shows [9s Kc] (a pair of Jacks)
VolkovDmitri: shows [3d 8s] (a pair of Jacks - lower kicker)
Eklund_1891 collected $25.80 from pot
*** SUMMARY ***
Total pot $26.30 | Rake $0.50
Board [Js 2s Jd 6s Th]
Seat 1: VolkovDmitri (button) (small blind) showed [3d 8s] and lost with a pair of Jacks
Seat 4: Eklund_1891 (big blind) showed [9s Kc] and won ($25.80) with a pair of Jacks


PokerStars Hand #149113833837:  Hold'em Limit ($3/$6 USD) - 2016/02/20 8:18:44 ET
Table 'Ocllo II' 6-max Seat #5 is the button
Seat 1: VolkovDmitri ($205.29 in chips)
Seat 5: Andredias950 ($41.93 in chips)
Andredias950: posts small blind $1
VolkovDmitri: posts big blind $3
*** HOLE CARDS ***
Andredias950: folds
Uncalled bet ($2) returned to VolkovDmitri
VolkovDmitri collected $2 from pot
VolkovDmitri: doesn't show hand
*** SUMMARY ***
Total pot $2 | Rake $0
Seat 1: VolkovDmitri (big blind) collected ($2)
Seat 5: Andredias950 (button) (small blind) folded before Flop


PokerStars Hand #149113809677:  Hold'em Limit ($3/$6 USD) - 2016/02/20 8:18:11 ET
Table 'Ocllo II' 6-max Seat #1 is the button
Seat 1: VolkovDmitri ($211.29 in chips)
Seat 5: Andredias950 ($36.17 in chips)
VolkovDmitri: posts small blind $1
Andredias950: posts big blind $3
*** HOLE CARDS ***
VolkovDmitri said, "<'))><<'))><"
VolkovDmitri: raises $3 to $6
Andredias950: calls $3
*** FLOP *** [9s 3h 2s]
Eklund_1891 said, "cumuinst f"
Andredias950: checks
VolkovDmitri: checks
*** TURN *** [9s 3h 2s] [2d]
Andredias950: checks
VolkovDmitri: checks
*** RIVER *** [9s 3h 2s 2d] [Jh]
Andredias950: checks
VolkovDmitri: checks
*** SHOW DOWN ***
Andredias950: shows [6s Qs] (a pair of Deuces)
VolkovDmitri: mucks hand
Andredias950 collected $11.76 from pot
*** SUMMARY ***
Total pot $12 | Rake $0.24
Board [9s 3h 2s 2d Jh]
Seat 1: VolkovDmitri (button) (small blind) mucked
Seat 5: Andredias950 (big blind) showed [6s Qs] and won ($11.76) with a pair of Deuces


PokerStars Hand #149113798566:  Hold'em Limit ($3/$6 USD) - 2016/02/20 8:18:00 ET
Table 'Ocllo II' 6-max Seat #5 is the button
Seat 1: VolkovDmitri ($214.29 in chips)
Seat 5: Andredias950 ($33.17 in chips)
VolkovDmitri said, "<'))><"
Andredias950: posts small blind $1
VolkovDmitri: posts big blind $3
*** HOLE CARDS ***
Andredias950: raises $3 to $6
Eklund_1891 said, "u bet on all 9 jöhands"
VolkovDmitri: folds
Uncalled bet ($3) returned to Andredias950
Andredias950 collected $6 from pot
Andredias950: doesn't show hand
Eklund_1891 said, "d u"
*** SUMMARY ***
Total pot $6 | Rake $0
Seat 1: VolkovDmitri (big blind) folded before Flop
Seat 5: Andredias950 (button) (small blind) collected ($6)


PokerStars Hand #149113792373:  Hold'em Limit ($3/$6 USD) - 2016/02/20 8:17:54 ET
Table 'Ocllo II' 6-max Seat #1 is the button
Seat 1: VolkovDmitri ($211.29 in chips)
Seat 5: Andredias950 ($36.17 in chips)
VolkovDmitri: posts small blind $1
Andredias950: posts big blind $3
*** HOLE CARDS ***
VolkovDmitri: raises $3 to $6
Andredias950: folds
Uncalled bet ($3) returned to VolkovDmitri
VolkovDmitri collected $6 from pot
VolkovDmitri: doesn't show hand
*** SUMMARY ***
Total pot $6 | Rake $0
Seat 1: VolkovDmitri (button) (small blind) collected ($6)
Seat 5: Andredias950 (big blind) folded before Flop


PokerStars Hand #149113784677:  Hold'em Limit ($3/$6 USD) - 2016/02/20 8:17:48 ET
Table 'Ocllo II' 6-max Seat #5 is the button
Seat 1: VolkovDmitri ($214.29 in chips)
Seat 5: Andredias950 ($33.17 in chips)
Andredias950: posts small blind $1
VolkovDmitri: posts big blind $3
*** HOLE CARDS ***
Andredias950: raises $3 to $6
Eklund_1891 said, "total unrel"
VolkovDmitri: folds
Uncalled bet ($3) returned to Andredias950
Andredias950 collected $6 from pot
Andredias950: doesn't show hand
*** SUMMARY ***
Total pot $6 | Rake $0
Seat 1: VolkovDmitri (big blind) folded before Flop
Seat 5: Andredias950 (button) (small blind) collected ($6)


PokerStars Hand #149113863404:  Hold'em Limit ($3/$6 USD) - 2016/02/20 8:19:26 ET
Table 'Ocllo II' 6-max Seat #1 is the button
Seat 1: VolkovDmitri ($191.29 in chips)
Seat 5: Andredias950 ($55.43 in chips)
VolkovDmitri: posts small blind $1
Andredias950: posts big blind $3
*** HOLE CARDS ***
VolkovDmitri: raises $3 to $6
Andredias950: folds
Uncalled bet ($3) returned to VolkovDmitri
VolkovDmitri collected $6 from pot
VolkovDmitri: doesn't show hand
*** SUMMARY ***
Total pot $6 | Rake $0
Seat 1: VolkovDmitri (button) (small blind) collected ($6)
Seat 5: Andredias950 (big blind) folded before Flop


PokerStars Hand #149113850032:  Hold'em Limit ($3/$6 USD) - 2016/02/20 8:19:07 ET
Table 'Ocllo II' 6-max Seat #5 is the button
Seat 1: VolkovDmitri ($209.29 in chips)
Seat 5: Andredias950 ($37.93 in chips)
Andredias950: posts small blind $1
VolkovDmitri: posts big blind $3
*** HOLE CARDS ***
Andredias950: raises $3 to $6
Eklund_1891 said, "ni gg er"
VolkovDmitri: calls $3
*** FLOP *** [Ts 8s 6h]
VolkovDmitri: checks
Andredias950: checks
*** TURN *** [Ts 8s 6h] [2d]
VolkovDmitri: bets $6
Andredias950: calls $6
*** RIVER *** [Ts 8s 6h 2d] [3h]
VolkovDmitri: bets $6
Andredias950: calls $6
*** SHOW DOWN ***
VolkovDmitri: shows [7s Js] (high card Jack)
Andredias950: shows [Ks 9d] (high card King)
Andredias950 collected $35.50 from pot
*** SUMMARY ***
Total pot $36 | Rake $0.50
Board [Ts 8s 6h 2d 3h]
Seat 1: VolkovDmitri (big blind) showed [7s Js] and lost with high card Jack
Seat 5: Andredias950 (button) (small blind) showed [Ks 9d] and won ($35.50) with high card King


PokerStars Hand #149113846649:  Hold'em Limit ($3/$6 USD) - 2016/02/20 8:19:02 ET
Table 'Ocllo II' 6-max Seat #1 is the button
Seat 1: VolkovDmitri ($206.29 in chips)
Seat 5: Andredias950 ($40.93 in chips)
VolkovDmitri: posts small blind $1
Andredias950: posts big blind $3
*** HOLE CARDS ***
VolkovDmitri: raises $3 to $6
Andredias950: folds
Uncalled bet ($3) returned to VolkovDmitri
Eklund_1891 said, "strange to call all in 5 a dö f"
VolkovDmitri collected $6 from pot
VolkovDmitri: doesn't show hand
*** SUMMARY ***
Total pot $6 | Rake $0
Seat 1: VolkovDmitri (button) (small blind) collected ($6)
Seat 5: Andredias950 (big blind) folded before Flop


PokerStars Hand #149113842247:  Hold'em Limit ($3/$6 USD) - 2016/02/20 8:18:56 ET
Table 'Ocllo II' 6-max Seat #5 is the button
Seat 1: VolkovDmitri ($209.29 in chips)
Seat 5: Andredias950 ($37.93 in chips)
Andredias950: posts small blind $1
VolkovDmitri: posts big blind $3
*** HOLE CARDS ***
Andredias950: raises $3 to $6
VolkovDmitri: folds
Uncalled bet ($3) returned to Andredias950
Andredias950 collected $6 from pot
Andredias950: doesn't show hand
*** SUMMARY ***
Total pot $6 | Rake $0
Seat 1: VolkovDmitri (big blind) folded before Flop
Seat 5: Andredias950 (button) (small blind) collected ($6)


PokerStars Hand #149113838385:  Hold'em Limit ($3/$6 USD) - 2016/02/20 8:18:50 ET
Table 'Ocllo II' 6-max Seat #1 is the button
Seat 1: VolkovDmitri ($206.29 in chips)
Seat 5: Andredias950 ($40.93 in chips)
VolkovDmitri: posts small blind $1
Andredias950: posts big blind $3
*** HOLE CARDS ***
VolkovDmitri: raises $3 to $6
Eklund_1891 is disconnected
Andredias950: folds
Uncalled bet ($3) returned to VolkovDmitri
VolkovDmitri collected $6 from pot
VolkovDmitri: doesn't show hand
*** SUMMARY ***
Total pot $6 | Rake $0
Seat 1: VolkovDmitri (button) (small blind) collected ($6)
Seat 5: Andredias950 (big blind) folded before Flop


PokerStars Hand #149113918053:  Hold'em Limit ($3/$6 USD) - 2016/02/20 8:20:42 ET
Table 'Ocllo II' 6-max Seat #5 is the button
Seat 1: VolkovDmitri ($200.69 in chips)
Seat 5: Andredias950 ($45.07 in chips)
Andredias950: posts small blind $1
VolkovDmitri: posts big blind $3
*** HOLE CARDS ***
Andredias950: folds
Uncalled bet ($2) returned to VolkovDmitri
VolkovDmitri collected $2 from pot
VolkovDmitri: doesn't show hand
Eklund_1891 said, "comminst f"
*** SUMMARY ***
Total pot $2 | Rake $0
Seat 1: VolkovDmitri (big blind) collected ($2)
Seat 5: Andredias950 (button) (small blind) folded before Flop


PokerStars Hand #149113909231:  Hold'em Limit ($3/$6 USD) - 2016/02/20 8:20:30 ET
Table 'Ocllo II' 6-max Seat #1 is the button
Seat 1: VolkovDmitri ($194.93 in chips)
Seat 5: Andredias950 ($51.07 in chips)
VolkovDmitri: posts small blind $1
Andredias950: posts big blind $3
*** HOLE CARDS ***
Eklund_1891 said, "go and f u"
VolkovDmitri: raises $3 to $6
Andredias950: calls $3
*** FLOP *** [4h 6h 9s]
Andredias950: checks
iskambil joins the table at seat #3
Eklund_1891 said, "ure m ther"
VolkovDmitri: bets $3
Andredias950: folds
Uncalled bet ($3) returned to VolkovDmitri
VolkovDmitri collected $11.76 from pot
VolkovDmitri: doesn't show hand
*** SUMMARY ***
Total pot $12 | Rake $0.24
Board [4h 6h 9s]
Seat 1: VolkovDmitri (button) (small blind) collected ($11.76)
Seat 5: Andredias950 (big blind) folded on the Flop


PokerStars Hand #149113905443:  Hold'em Limit ($3/$6 USD) - 2016/02/20 8:20:25 ET
Table 'Ocllo II' 6-max Seat #5 is the button
Seat 1: VolkovDmitri ($193.93 in chips)
Seat 5: Andredias950 ($52.07 in chips)
Andredias950: posts small blind $1
VolkovDmitri: posts big blind $3
*** HOLE CARDS ***
Andredias950: folds
Uncalled bet ($2) returned to VolkovDmitri
VolkovDmitri collected $2 from pot
VolkovDmitri: doesn't show hand
*** SUMMARY ***
Total pot $2 | Rake $0
Seat 1: VolkovDmitri (big blind) collected ($2)
Seat 5: Andredias950 (button) (small blind) folded before Flop


PokerStars Hand #149113884797:  Hold'em Limit ($3/$6 USD) - 2016/02/20 8:19:56 ET
Table 'Ocllo II' 6-max Seat #1 is the button
Seat 1: VolkovDmitri ($202.93 in chips)
Seat 5: Andredias950 ($43.43 in chips)
VolkovDmitri: posts small blind $1
Andredias950: posts big blind $3
*** HOLE CARDS ***
Eklund_1891 said, "winning over 3 5x 5"
VolkovDmitri: raises $3 to $6
VolkovDmitri said, "yeah, whatever"
Andredias950: calls $3
*** FLOP *** [Tc Qc Jc]
Andredias950: checks
Eklund_1891 said, "odds is ahöginst un******"
VolkovDmitri said, "go die"
VolkovDmitri: bets $3
Andredias950: calls $3
*** TURN *** [Tc Qc Jc] [2d]
Andredias950: checks
VolkovDmitri: checks
*** RIVER *** [Tc Qc Jc 2d] [9h]
Andredias950: bets $6
VolkovDmitri: folds
Uncalled bet ($6) returned to Andredias950
Andredias950 collected $17.64 from pot
Andredias950: doesn't show hand
*** SUMMARY ***
Total pot $18 | Rake $0.36
Board [Tc Qc Jc 2d 9h]
Seat 1: VolkovDmitri (button) (small blind) folded on the River
Seat 5: Andredias950 (big blind) collected ($17.64)


PokerStars Hand #149113867546:  Hold'em Limit ($3/$6 USD) - 2016/02/20 8:19:31 ET
Table 'Ocllo II' 6-max Seat #5 is the button
Seat 1: VolkovDmitri ($194.29 in chips)
Seat 5: Andredias950 ($52.43 in chips)
Andredias950: posts small blind $1
VolkovDmitri: posts big blind $3
*** HOLE CARDS ***
Andredias950: raises $3 to $6
VolkovDmitri: calls $3
*** FLOP *** [8d 5d Ad]
VolkovDmitri: checks
Andredias950: bets $3
Eklund_1891 said, "u sicken me sitt ing and bet all hands getting lucky"
VolkovDmitri: calls $3
*** TURN *** [8d 5d Ad] [2h]
VolkovDmitri: checks
Andredias950: checks
*** RIVER *** [8d 5d Ad 2h] [2d]
VolkovDmitri: checks
Andredias950: checks
*** SHOW DOWN ***
VolkovDmitri: shows [9d Qc] (a flush, Ace high)
Andredias950: mucks hand
VolkovDmitri collected $17.64 from pot
*** SUMMARY ***
Total pot $18 | Rake $0.36
Board [8d 5d Ad 2h 2d]
Seat 1: VolkovDmitri (big blind) showed [9d Qc] and won ($17.64) with a flush, Ace high
Seat 5: Andredias950 (button) (small blind) mucked


PokerStars Hand #149113985096:  Hold'em Limit ($3/$6 USD) - 2016/02/20 8:22:16 ET
Table 'Ocllo II' 6-max Seat #1 is the button
Seat 1: VolkovDmitri ($207.19 in chips)
Seat 3: iskambil ($64.92 in chips)
VolkovDmitri: posts small blind $1
iskambil: posts big blind $3
*** HOLE CARDS ***
VolkovDmitri: raises $3 to $6
iskambil: calls $3
*** FLOP *** [8s Qh 8h]
iskambil: checks
VolkovDmitri: bets $3
iskambil: folds
Uncalled bet ($3) returned to VolkovDmitri
VolkovDmitri collected $11.76 from pot
JustDoItXxX joins the table at seat #6
VolkovDmitri: doesn't show hand
*** SUMMARY ***
Total pot $12 | Rake $0.24
Board [8s Qh 8h]
Seat 1: VolkovDmitri (button) (small blind) collected ($11.76)
Seat 3: iskambil (big blind) folded on the Flop


PokerStars Hand #149113961419:  Hold'em Limit ($3/$6 USD) - 2016/02/20 8:21:43 ET
Table 'Ocllo II' 6-max Seat #3 is the button
Seat 1: VolkovDmitri ($183.69 in chips)
Seat 3: iskambil ($88.92 in chips)
iskambil: posts small blind $1
Andredias950: is sitting out
VolkovDmitri: posts big blind $3
*** HOLE CARDS ***
iskambil: raises $3 to $6
VolkovDmitri: calls $3
*** FLOP *** [Tc Kc 7s]
VolkovDmitri: checks
iskambil: bets $3
VolkovDmitri: raises $3 to $6
iskambil: calls $3
*** TURN *** [Tc Kc 7s] [2s]
VolkovDmitri: bets $6
iskambil: calls $6
*** RIVER *** [Tc Kc 7s 2s] [3h]
VolkovDmitri: bets $6
iskambil: calls $6
*** SHOW DOWN ***
VolkovDmitri: shows [4h Kd] (a pair of Kings)
iskambil: mucks hand
VolkovDmitri collected $47.50 from pot
*** SUMMARY ***
Total pot $48 | Rake $0.50
Board [Tc Kc 7s 2s 3h]
Seat 1: VolkovDmitri (big blind) showed [4h Kd] and won ($47.50) with a pair of Kings
Seat 3: iskambil (button) (small blind) mucked


