PokerStars Hand #145464708887:  Hold'em Limit ($3/$6 USD) - 2015/12/16 22:05:32 ET
Table 'Ocllo II' 6-max Seat #2 is the button
Seat 2: israelboot ($73.62 in chips)
Seat 5: Pandakey ($120 in chips)
israelboot: posts small blind $1
Pandakey: posts big blind $3
*** HOLE CARDS ***
israelboot: raises $3 to $6
Pandakey: calls $3
*** FLOP *** [Qs Jc Kc]
Pandakey: checks
israelboot: bets $3
Pandakey: folds
Uncalled bet ($3) returned to israelboot
israelboot collected $11.76 from pot
israelboot: doesn't show hand
*** SUMMARY ***
Total pot $12 | Rake $0.24
Board [Qs Jc Kc]
Seat 2: israelboot (button) (small blind) collected ($11.76)
Seat 5: Pandakey (big blind) folded on the Flop


PokerStars Hand #145464722258:  Hold'em Limit ($3/$6 USD) - 2015/12/16 22:06:07 ET
Table 'Ocllo II' 6-max Seat #5 is the button
Seat 2: israelboot ($79.38 in chips)
Seat 5: Pandakey ($114 in chips)
Pandakey: posts small blind $1
israelboot: posts big blind $3
*** HOLE CARDS ***
Pandakey: raises $3 to $6
israelboot: calls $3
*** FLOP *** [9h Qc Qd]
israelboot: checks
Pandakey: bets $3
israelboot: raises $3 to $6
Pandakey: folds
Uncalled bet ($3) returned to israelboot
israelboot collected $17.64 from pot
israelboot: doesn't show hand
israelboot leaves the table
*** SUMMARY ***
Total pot $18 | Rake $0.36
Board [9h Qc Qd]
Seat 2: israelboot (big blind) collected ($17.64)
Seat 5: Pandakey (button) (small blind) folded on the Flop


PokerStars Hand #145464799996:  Hold'em Limit ($3/$6 USD) - 2015/12/16 22:09:35 ET
Table 'Ocllo II' 6-max Seat #3 is the button
Seat 3: Hsj2012 ($28.71 in chips)
Seat 5: Pandakey ($107.64 in chips)
Hsj2012: posts small blind $1
Pandakey: posts big blind $3
*** HOLE CARDS ***
vitalik1203 joins the table at seat #6
Hsj2012: raises $3 to $6
Pandakey: calls $3
*** FLOP *** [Qs 5s Js]
Pandakey: checks
Hsj2012: checks
*** TURN *** [Qs 5s Js] [Jh]
Pandakey: bets $6
Hsj2012: calls $6
*** RIVER *** [Qs 5s Js Jh] [2s]
Pandakey: checks
Hsj2012: checks
*** SHOW DOWN ***
Pandakey: shows [5d 8h] (two pair, Jacks and Fives)
Hsj2012: shows [6h 7s] (a flush, Queen high)
Hsj2012 collected $23.52 from pot
*** SUMMARY ***
Total pot $24 | Rake $0.48
Board [Qs 5s Js Jh 2s]
Seat 3: Hsj2012 (button) (small blind) showed [6h 7s] and won ($23.52) with a flush, Queen high
Seat 5: Pandakey (big blind) showed [5d 8h] and lost with two pair, Jacks and Fives


PokerStars Hand #145464788215:  Hold'em Limit ($3/$6 USD) - 2015/12/16 22:09:03 ET
Table 'Ocllo II' 6-max Seat #5 is the button
Seat 3: Hsj2012 ($37.71 in chips)
Seat 5: Pandakey ($99 in chips)
Pandakey: posts small blind $1
Hsj2012: posts big blind $3
*** HOLE CARDS ***
Pandakey: raises $3 to $6
Hsj2012: calls $3
*** FLOP *** [9d 9c 6c]
Hsj2012: checks
Pandakey: bets $3
Hsj2012: calls $3
*** TURN *** [9d 9c 6c] [Ad]
Hsj2012: checks
Pandakey: bets $6
Hsj2012: folds
Uncalled bet ($6) returned to Pandakey
Pandakey collected $17.64 from pot
Pandakey: doesn't show hand
*** SUMMARY ***
Total pot $18 | Rake $0.36
Board [9d 9c 6c Ad]
Seat 3: Hsj2012 (big blind) folded on the Turn
Seat 5: Pandakey (button) (small blind) collected ($17.64)


PokerStars Hand #145464773455:  Hold'em Limit ($3/$6 USD) - 2015/12/16 22:08:23 ET
Table 'Ocllo II' 6-max Seat #3 is the button
Seat 3: Hsj2012 ($31.95 in chips)
Seat 5: Pandakey ($105 in chips)
Hsj2012: posts small blind $1
Pandakey: posts big blind $3
*** HOLE CARDS ***
Hsj2012: calls $2
Pandakey: checks
*** FLOP *** [4s Jd Ad]
Pandakey: bets $3
Hsj2012: calls $3
*** TURN *** [4s Jd Ad] [9d]
Pandakey: checks
Hsj2012: bets $6
Pandakey: folds
Uncalled bet ($6) returned to Hsj2012
Hsj2012 collected $11.76 from pot
Hsj2012: doesn't show hand
*** SUMMARY ***
Total pot $12 | Rake $0.24
Board [4s Jd Ad 9d]
Seat 3: Hsj2012 (button) (small blind) collected ($11.76)
Seat 5: Pandakey (big blind) folded on the Turn


PokerStars Hand #145464901252:  Hold'em Limit ($3/$6 USD) - 2015/12/16 22:14:12 ET
Table 'Ocllo II' 6-max Seat #5 is the button
Seat 5: Pandakey ($105.49 in chips)
Seat 6: vitalik1203 ($35.24 in chips)
Pandakey: posts small blind $1
vitalik1203: posts big blind $3
*** HOLE CARDS ***
Pandakey: raises $3 to $6
vitalik1203: calls $3
*** FLOP *** [4d 3c Jh]
vitalik1203: checks
Pandakey: bets $3
vitalik1203: calls $3
*** TURN *** [4d 3c Jh] [7s]
vitalik1203: checks
Pandakey: checks
*** RIVER *** [4d 3c Jh 7s] [Kc]
vitalik1203: checks
Pandakey: checks
*** SHOW DOWN ***
vitalik1203: shows [6s Qs] (high card King)
Pandakey: shows [Ts Qc] (high card King - Queen+Jack+Ten kicker)
Pandakey collected $17.64 from pot
*** SUMMARY ***
Total pot $18 | Rake $0.36
Board [4d 3c Jh 7s Kc]
Seat 5: Pandakey (button) (small blind) showed [Ts Qc] and won ($17.64) with high card King
Seat 6: vitalik1203 (big blind) showed [6s Qs] and lost with high card King


PokerStars Hand #145465346022:  Hold'em Limit ($3/$6 USD) - 2015/12/16 22:35:24 ET
Table 'Ocllo II' 6-max Seat #1 is the button
Seat 1: c2wcass ($122.76 in chips)
Seat 5: Pandakey ($70.22 in chips)
c2wcass: posts small blind $1
ct-650: is sitting out
Pandakey: posts big blind $3
*** HOLE CARDS ***
c2wcass: raises $3 to $6
Pandakey: calls $3
*** FLOP *** [4s 4c Kc]
Pandakey: checks
c2wcass: checks
*** TURN *** [4s 4c Kc] [Js]
Pandakey: bets $6
c2wcass: calls $6
*** RIVER *** [4s 4c Kc Js] [2d]
Pandakey: bets $6
c2wcass: raises $6 to $12
Pandakey: calls $6
*** SHOW DOWN ***
c2wcass: shows [7h 6s] (a pair of Fours)
Pandakey: shows [Kh Tc] (two pair, Kings and Fours)
Pandakey collected $47.50 from pot
*** SUMMARY ***
Total pot $48 | Rake $0.50
Board [4s 4c Kc Js 2d]
Seat 1: c2wcass (button) (small blind) showed [7h 6s] and lost with a pair of Fours
Seat 5: Pandakey (big blind) showed [Kh Tc] and won ($47.50) with two pair, Kings and Fours


PokerStars Hand #145465370087:  Hold'em Limit ($3/$6 USD) - 2015/12/16 22:36:35 ET
Table 'Ocllo II' 6-max Seat #5 is the button
Seat 1: c2wcass ($86.76 in chips)
Seat 5: Pandakey ($105.36 in chips)
Pandakey: posts small blind $1
c2wcass: posts big blind $3
*** HOLE CARDS ***
Pandakey: raises $3 to $6
c2wcass: calls $3
*** FLOP *** [7c Qs 2s]
c2wcass: checks
Pandakey: bets $3
c2wcass: calls $3
*** TURN *** [7c Qs 2s] [5s]
c2wcass: checks
Pandakey: checks
*** RIVER *** [7c Qs 2s 5s] [9c]
c2wcass: checks
Pandakey: bets $6
c2wcass: folds
Uncalled bet ($6) returned to Pandakey
Pandakey collected $17.64 from pot
Pandakey: doesn't show hand
*** SUMMARY ***
Total pot $18 | Rake $0.36
Board [7c Qs 2s 5s 9c]
Seat 1: c2wcass (big blind) folded on the River
Seat 5: Pandakey (button) (small blind) collected ($17.64)


PokerStars Hand #145465359381:  Hold'em Limit ($3/$6 USD) - 2015/12/16 22:36:04 ET
Table 'Ocllo II' 6-max Seat #5 is the button
Seat 1: c2wcass ($98.76 in chips)
Seat 5: Pandakey ($93.72 in chips)
Pandakey: posts small blind $1
c2wcass: posts big blind $3
*** HOLE CARDS ***
Pandakey: raises $3 to $6
c2wcass: folds
Uncalled bet ($3) returned to Pandakey
Pandakey collected $6 from pot
Pandakey: doesn't show hand
*** SUMMARY ***
Total pot $6 | Rake $0
Seat 1: c2wcass (big blind) folded before Flop
Seat 5: Pandakey (button) (small blind) collected ($6)


PokerStars Hand #145465363407:  Hold'em Limit ($3/$6 USD) - 2015/12/16 22:36:15 ET
Table 'Ocllo II' 6-max Seat #1 is the button
Seat 1: c2wcass ($95.76 in chips)
Seat 5: Pandakey ($96.72 in chips)
c2wcass: posts small blind $1
Pandakey: posts big blind $3
*** HOLE CARDS ***
c2wcass: raises $3 to $6
Pandakey: calls $3
*** FLOP *** [Qs 6c Jd]
Pandakey: checks
c2wcass: bets $3
Pandakey: raises $3 to $6
c2wcass: folds
Uncalled bet ($3) returned to Pandakey
Pandakey collected $17.64 from pot
Pandakey: doesn't show hand
*** SUMMARY ***
Total pot $18 | Rake $0.36
Board [Qs 6c Jd]
Seat 1: c2wcass (button) (small blind) folded on the Flop
Seat 5: Pandakey (big blind) collected ($17.64)


PokerStars Hand #145465400167:  Hold'em Limit ($3/$6 USD) - 2015/12/16 22:38:04 ET
Table 'Ocllo II' 6-max Seat #5 is the button
Seat 1: c2wcass ($58.76 in chips)
Seat 5: Pandakey ($132.50 in chips)
Pandakey: posts small blind $1
c2wcass: posts big blind $3
*** HOLE CARDS ***
Pandakey: folds
Uncalled bet ($2) returned to c2wcass
c2wcass collected $2 from pot
*** SUMMARY ***
Total pot $2 | Rake $0
Seat 1: c2wcass (big blind) collected ($2)
Seat 5: Pandakey (button) (small blind) folded before Flop


PokerStars Hand #145465398473:  Hold'em Limit ($3/$6 USD) - 2015/12/16 22:37:59 ET
Table 'Ocllo II' 6-max Seat #1 is the button
Seat 1: c2wcass ($59.76 in chips)
Seat 5: Pandakey ($131.50 in chips)
c2wcass: posts small blind $1
Pandakey: posts big blind $3
*** HOLE CARDS ***
c2wcass: folds
Uncalled bet ($2) returned to Pandakey
Pandakey collected $2 from pot
Pandakey: doesn't show hand
*** SUMMARY ***
Total pot $2 | Rake $0
Seat 1: c2wcass (button) (small blind) folded before Flop
Seat 5: Pandakey (big blind) collected ($2)


PokerStars Hand #145465380974:  Hold'em Limit ($3/$6 USD) - 2015/12/16 22:37:07 ET
Table 'Ocllo II' 6-max Seat #1 is the button
Seat 1: c2wcass ($77.76 in chips)
Seat 5: Pandakey ($114 in chips)
c2wcass: posts small blind $1
Pandakey: posts big blind $3
*** HOLE CARDS ***
c2wcass: raises $3 to $6
Pandakey: folds
Uncalled bet ($3) returned to c2wcass
c2wcass collected $6 from pot
*** SUMMARY ***
Total pot $6 | Rake $0
Seat 1: c2wcass (button) (small blind) collected ($6)
Seat 5: Pandakey (big blind) folded before Flop


PokerStars Hand #145465385173:  Hold'em Limit ($3/$6 USD) - 2015/12/16 22:37:20 ET
Table 'Ocllo II' 6-max Seat #1 is the button
Seat 1: c2wcass ($81.76 in chips)
Seat 5: Pandakey ($110 in chips)
c2wcass: posts small blind $1
Pandakey: posts big blind $3
*** HOLE CARDS ***
c2wcass: folds
Uncalled bet ($2) returned to Pandakey
Pandakey collected $2 from pot
Pandakey: doesn't show hand
*** SUMMARY ***
Total pot $2 | Rake $0
Seat 1: c2wcass (button) (small blind) folded before Flop
Seat 5: Pandakey (big blind) collected ($2)


PokerStars Hand #145465383569:  Hold'em Limit ($3/$6 USD) - 2015/12/16 22:37:15 ET
Table 'Ocllo II' 6-max Seat #5 is the button
Seat 1: c2wcass ($80.76 in chips)
Seat 5: Pandakey ($111 in chips)
Pandakey: posts small blind $1
c2wcass: posts big blind $3
*** HOLE CARDS ***
Pandakey: folds
Uncalled bet ($2) returned to c2wcass
c2wcass collected $2 from pot
*** SUMMARY ***
Total pot $2 | Rake $0
Seat 1: c2wcass (big blind) collected ($2)
Seat 5: Pandakey (button) (small blind) folded before Flop


PokerStars Hand #145465386786:  Hold'em Limit ($3/$6 USD) - 2015/12/16 22:37:24 ET
Table 'Ocllo II' 6-max Seat #5 is the button
Seat 1: c2wcass ($80.76 in chips)
Seat 5: Pandakey ($111 in chips)
Pandakey: posts small blind $1
c2wcass: posts big blind $3
*** HOLE CARDS ***
Pandakey: raises $3 to $6
c2wcass: folds
Uncalled bet ($3) returned to Pandakey
Pandakey collected $6 from pot
Pandakey: doesn't show hand
*** SUMMARY ***
Total pot $6 | Rake $0
Seat 1: c2wcass (big blind) folded before Flop
Seat 5: Pandakey (button) (small blind) collected ($6)


PokerStars Hand #145465396122:  Hold'em Limit ($3/$6 USD) - 2015/12/16 22:37:52 ET
Table 'Ocllo II' 6-max Seat #5 is the button
Seat 1: c2wcass ($62.76 in chips)
Seat 5: Pandakey ($128.50 in chips)
Pandakey: posts small blind $1
c2wcass: posts big blind $3
*** HOLE CARDS ***
Pandakey: raises $3 to $6
c2wcass: folds
Uncalled bet ($3) returned to Pandakey
Pandakey collected $6 from pot
Pandakey: doesn't show hand
*** SUMMARY ***
Total pot $6 | Rake $0
Seat 1: c2wcass (big blind) folded before Flop
Seat 5: Pandakey (button) (small blind) collected ($6)


PokerStars Hand #145465389311:  Hold'em Limit ($3/$6 USD) - 2015/12/16 22:37:32 ET
Table 'Ocllo II' 6-max Seat #1 is the button
Seat 1: c2wcass ($77.76 in chips)
Seat 5: Pandakey ($114 in chips)
c2wcass: posts small blind $1
Pandakey: posts big blind $3
*** HOLE CARDS ***
c2wcass: raises $3 to $6
Pandakey: calls $3
*** FLOP *** [As 2c 6d]
Pandakey: checks
c2wcass: bets $3
Pandakey: calls $3
*** TURN *** [As 2c 6d] [Kh]
Pandakey: checks
c2wcass: bets $6
Pandakey: raises $6 to $12
c2wcass: folds
Uncalled bet ($6) returned to Pandakey
Pandakey collected $29.50 from pot
Pandakey: doesn't show hand
*** SUMMARY ***
Total pot $30 | Rake $0.50
Board [As 2c 6d Kh]
Seat 1: c2wcass (button) (small blind) folded on the Turn
Seat 5: Pandakey (big blind) collected ($29.50)


PokerStars Hand #145465401747:  Hold'em Limit ($3/$6 USD) - 2015/12/16 22:38:09 ET
Table 'Ocllo II' 6-max Seat #1 is the button
Seat 1: c2wcass ($59.76 in chips)
Seat 5: Pandakey ($131.50 in chips)
c2wcass: posts small blind $1
Pandakey: posts big blind $3
*** HOLE CARDS ***
c2wcass: raises $3 to $6
Pandakey: calls $3
*** FLOP *** [3c 9d Kc]
Pandakey: checks
c2wcass: bets $3
Pandakey: folds
Uncalled bet ($3) returned to c2wcass
c2wcass collected $11.76 from pot
*** SUMMARY ***
Total pot $12 | Rake $0.24
Board [3c 9d Kc]
Seat 1: c2wcass (button) (small blind) collected ($11.76)
Seat 5: Pandakey (big blind) folded on the Flop


PokerStars Hand #145465412132:  Hold'em Limit ($3/$6 USD) - 2015/12/16 22:38:40 ET
Table 'Ocllo II' 6-max Seat #1 is the button
Seat 1: c2wcass ($62.52 in chips)
Seat 5: Pandakey ($128.50 in chips)
c2wcass: posts small blind $1
Pandakey: posts big blind $3
*** HOLE CARDS ***
c2wcass: raises $3 to $6
Pandakey: folds
Uncalled bet ($3) returned to c2wcass
c2wcass collected $6 from pot
*** SUMMARY ***
Total pot $6 | Rake $0
Seat 1: c2wcass (button) (small blind) collected ($6)
Seat 5: Pandakey (big blind) folded before Flop


PokerStars Hand #145465409883:  Hold'em Limit ($3/$6 USD) - 2015/12/16 22:38:33 ET
Table 'Ocllo II' 6-max Seat #5 is the button
Seat 1: c2wcass ($65.52 in chips)
Seat 5: Pandakey ($125.50 in chips)
Pandakey: posts small blind $1
c2wcass: posts big blind $3
*** HOLE CARDS ***
Pandakey: raises $3 to $6
c2wcass: folds
Uncalled bet ($3) returned to Pandakey
Pandakey collected $6 from pot
Pandakey: doesn't show hand
*** SUMMARY ***
Total pot $6 | Rake $0
Seat 1: c2wcass (big blind) folded before Flop
Seat 5: Pandakey (button) (small blind) collected ($6)


PokerStars Hand #145465414168:  Hold'em Limit ($3/$6 USD) - 2015/12/16 22:38:46 ET
Table 'Ocllo II' 6-max Seat #5 is the button
Seat 1: c2wcass ($65.52 in chips)
Seat 5: Pandakey ($125.50 in chips)
Pandakey: posts small blind $1
c2wcass: posts big blind $3
*** HOLE CARDS ***
MAGER911 joins the table at seat #2
Pandakey: raises $3 to $6
c2wcass: calls $3
*** FLOP *** [Ac Js 5c]
c2wcass: checks
Pandakey: bets $3
c2wcass: calls $3
*** TURN *** [Ac Js 5c] [7c]
c2wcass: checks
Pandakey: bets $6
c2wcass: folds
Uncalled bet ($6) returned to Pandakey
Pandakey collected $17.64 from pot
Pandakey: doesn't show hand
*** SUMMARY ***
Total pot $18 | Rake $0.36
Board [Ac Js 5c 7c]
Seat 1: c2wcass (big blind) folded on the Turn
Seat 5: Pandakey (button) (small blind) collected ($17.64)


PokerStars Hand #145465539821:  Hold'em Limit ($3/$6 USD) - 2015/12/16 22:45:01 ET
Table 'Ocllo II' 6-max Seat #1 is the button
Seat 1: c2wcass ($17.17 in chips)
Seat 5: Pandakey ($141.64 in chips)
c2wcass: posts small blind $1
Pandakey: posts big blind $3
*** HOLE CARDS ***
c2wcass: folds
Uncalled bet ($2) returned to Pandakey
Pandakey collected $2 from pot
Pandakey: doesn't show hand
*** SUMMARY ***
Total pot $2 | Rake $0
Seat 1: c2wcass (button) (small blind) folded before Flop
Seat 5: Pandakey (big blind) collected ($2)


PokerStars Hand #145465527200:  Hold'em Limit ($3/$6 USD) - 2015/12/16 22:44:22 ET
Table 'Ocllo II' 6-max Seat #5 is the button
Seat 1: c2wcass ($23.17 in chips)
Seat 5: Pandakey ($135.88 in chips)
Pandakey: posts small blind $1
c2wcass: posts big blind $3
*** HOLE CARDS ***
Pandakey: raises $3 to $6
c2wcass: calls $3
*** FLOP *** [9h Qh 5c]
c2wcass: checks
Pandakey: bets $3
c2wcass: folds
Uncalled bet ($3) returned to Pandakey
Pandakey collected $11.76 from pot
Pandakey: doesn't show hand
*** SUMMARY ***
Total pot $12 | Rake $0.24
Board [9h Qh 5c]
Seat 1: c2wcass (big blind) folded on the Flop
Seat 5: Pandakey (button) (small blind) collected ($11.76)


PokerStars Hand #145465517262:  Hold'em Limit ($3/$6 USD) - 2015/12/16 22:43:52 ET
Table 'Ocllo II' 6-max Seat #1 is the button
Seat 1: c2wcass ($35.17 in chips)
Seat 5: Pandakey ($124.36 in chips)
c2wcass: posts small blind $1
MAGER911: is sitting out
Pandakey: posts big blind $3
*** HOLE CARDS ***
c2wcass: raises $3 to $6
Pandakey: calls $3
*** FLOP *** [2d 8h 7h]
Pandakey: checks
c2wcass: checks
*** TURN *** [2d 8h 7h] [4h]
Pandakey: bets $6
c2wcass: calls $6
*** RIVER *** [2d 8h 7h 4h] [Td]
Pandakey: bets $6
c2wcass: folds
Uncalled bet ($6) returned to Pandakey
Pandakey collected $23.52 from pot
Pandakey: doesn't show hand
*** SUMMARY ***
Total pot $24 | Rake $0.48
Board [2d 8h 7h 4h Td]
Seat 1: c2wcass (button) (small blind) folded on the River
Seat 5: Pandakey (big blind) collected ($23.52)


PokerStars Hand #145465542208:  Hold'em Limit ($3/$6 USD) - 2015/12/16 22:45:08 ET
Table 'Ocllo II' 6-max Seat #5 is the button
Seat 1: c2wcass ($16.17 in chips)
Seat 5: Pandakey ($142.64 in chips)
Pandakey: posts small blind $1
c2wcass: posts big blind $3
*** HOLE CARDS ***
Pandakey: raises $3 to $6
c2wcass: raises $3 to $9
Pandakey: calls $3
*** FLOP *** [Js 3c 8d]
c2wcass: bets $3
Pandakey: calls $3
*** TURN *** [Js 3c 8d] [Qh]
c2wcass: bets $4.17 and is all-in
Pandakey: calls $4.17
*** RIVER *** [Js 3c 8d Qh] [Jh]
*** SHOW DOWN ***
c2wcass: shows [9h Kc] (a pair of Jacks)
Pandakey: shows [3h Ad] (two pair, Jacks and Threes)
Pandakey collected $31.84 from pot
*** SUMMARY ***
Total pot $32.34 | Rake $0.50
Board [Js 3c 8d Qh Jh]
Seat 1: c2wcass (big blind) showed [9h Kc] and lost with a pair of Jacks
Seat 5: Pandakey (button) (small blind) showed [3h Ad] and won ($31.84) with two pair, Jacks and Threes


