PokerStars Hand #155329449086:  Hold'em Limit ($3/$6 USD) - 2016/06/28 23:16:09 ET
Table 'Ocllo' 6-max Seat #6 is the button
Seat 4: AzureCaper ($73.88 in chips)
Seat 6: JethroTull27 ($118 in chips)
JethroTull27: posts small blind $1
AzureCaper: posts big blind $3
*** HOLE CARDS ***
JethroTull27: folds
Uncalled bet ($2) returned to AzureCaper
AzureCaper collected $2 from pot
AzureCaper: doesn't show hand
*** SUMMARY ***
Total pot $2 | Rake $0
Seat 4: AzureCaper (big blind) collected ($2)
Seat 6: JethroTull27 (button) (small blind) folded before Flop


PokerStars Hand #155329447908:  Hold'em Limit ($3/$6 USD) - 2016/06/28 23:16:05 ET
Table 'Ocllo' 6-max Seat #4 is the button
Seat 4: AzureCaper ($74.88 in chips)
Seat 6: JethroTull27 ($117 in chips)
AzureCaper: posts small blind $1
JethroTull27: posts big blind $3
*** HOLE CARDS ***
AzureCaper: folds
Uncalled bet ($2) returned to JethroTull27
JethroTull27 collected $2 from pot
*** SUMMARY ***
Total pot $2 | Rake $0
Seat 4: AzureCaper (button) (small blind) folded before Flop
Seat 6: JethroTull27 (big blind) collected ($2)


PokerStars Hand #155329441953:  Hold'em Limit ($3/$6 USD) - 2016/06/28 23:15:44 ET
Table 'Ocllo' 6-max Seat #6 is the button
Seat 4: AzureCaper ($72 in chips)
Seat 6: JethroTull27 ($120 in chips)
JethroTull27: posts small blind $1
AzureCaper: posts big blind $3
*** HOLE CARDS ***
JethroTull27: calls $2
AzureCaper: checks
*** FLOP *** [9h 2d 5s]
AzureCaper: checks
JethroTull27: checks
*** TURN *** [9h 2d 5s] [2c]
AzureCaper: bets $6
JethroTull27: folds
Uncalled bet ($6) returned to AzureCaper
AzureCaper collected $5.88 from pot
AzureCaper: doesn't show hand
*** SUMMARY ***
Total pot $6 | Rake $0.12
Board [9h 2d 5s 2c]
Seat 4: AzureCaper (big blind) collected ($5.88)
Seat 6: JethroTull27 (button) (small blind) folded on the Turn


PokerStars Hand #155329470003:  Hold'em Limit ($3/$6 USD) - 2016/06/28 23:17:22 ET
Table 'Ocllo' 6-max Seat #4 is the button
Seat 4: AzureCaper ($74.52 in chips)
Seat 6: JethroTull27 ($116.52 in chips)
AzureCaper: posts small blind $1
JethroTull27: posts big blind $3
*** HOLE CARDS ***
AzureCaper: folds
Uncalled bet ($2) returned to JethroTull27
JethroTull27 collected $2 from pot
*** SUMMARY ***
Total pot $2 | Rake $0
Seat 4: AzureCaper (button) (small blind) folded before Flop
Seat 6: JethroTull27 (big blind) collected ($2)


PokerStars Hand #155329466415:  Hold'em Limit ($3/$6 USD) - 2016/06/28 23:17:10 ET
Table 'Ocllo' 6-max Seat #6 is the button
Seat 4: AzureCaper ($77.52 in chips)
Seat 6: JethroTull27 ($113.64 in chips)
JethroTull27: posts small blind $1
AzureCaper: posts big blind $3
*** HOLE CARDS ***
JethroTull27: calls $2
AzureCaper: checks
*** FLOP *** [7d 7s 8c]
AzureCaper: checks
JethroTull27: bets $3
AzureCaper: folds
Uncalled bet ($3) returned to JethroTull27
JethroTull27 collected $5.88 from pot
*** SUMMARY ***
Total pot $6 | Rake $0.12
Board [7d 7s 8c]
Seat 4: AzureCaper (big blind) folded on the Flop
Seat 6: JethroTull27 (button) (small blind) collected ($5.88)


PokerStars Hand #155329464221:  Hold'em Limit ($3/$6 USD) - 2016/06/28 23:17:02 ET
Table 'Ocllo' 6-max Seat #4 is the button
Seat 4: AzureCaper ($74.52 in chips)
Seat 6: JethroTull27 ($116.64 in chips)
AzureCaper: posts small blind $1
JethroTull27: posts big blind $3
*** HOLE CARDS ***
AzureCaper: raises $3 to $6
JethroTull27: folds
Uncalled bet ($3) returned to AzureCaper
AzureCaper collected $6 from pot
AzureCaper: doesn't show hand
*** SUMMARY ***
Total pot $6 | Rake $0
Seat 4: AzureCaper (button) (small blind) collected ($6)
Seat 6: JethroTull27 (big blind) folded before Flop


PokerStars Hand #155329458918:  Hold'em Limit ($3/$6 USD) - 2016/06/28 23:16:43 ET
Table 'Ocllo' 6-max Seat #6 is the button
Seat 4: AzureCaper ($83.52 in chips)
Seat 6: JethroTull27 ($108 in chips)
JethroTull27: posts small blind $1
AzureCaper: posts big blind $3
*** HOLE CARDS ***
JethroTull27: raises $3 to $6
AzureCaper: calls $3
*** FLOP *** [2h Ad 8h]
AzureCaper: checks
JethroTull27: bets $3
AzureCaper: calls $3
*** TURN *** [2h Ad 8h] [7c]
AzureCaper: checks
JethroTull27: bets $6
AzureCaper: folds
Uncalled bet ($6) returned to JethroTull27
JethroTull27 collected $17.64 from pot
*** SUMMARY ***
Total pot $18 | Rake $0.36
Board [2h Ad 8h 7c]
Seat 4: AzureCaper (big blind) folded on the Turn
Seat 6: JethroTull27 (button) (small blind) collected ($17.64)


PokerStars Hand #155329451139:  Hold'em Limit ($3/$6 USD) - 2016/06/28 23:16:16 ET
Table 'Ocllo' 6-max Seat #4 is the button
Seat 4: AzureCaper ($74.88 in chips)
Seat 6: JethroTull27 ($117 in chips)
AzureCaper: posts small blind $1
JethroTull27: posts big blind $3
*** HOLE CARDS ***
AzureCaper: raises $3 to $6
JethroTull27: calls $3
*** FLOP *** [9d 6s 5d]
JethroTull27: checks
AzureCaper: bets $3
JethroTull27: calls $3
*** TURN *** [9d 6s 5d] [Td]
JethroTull27: checks
AzureCaper: bets $6
JethroTull27: folds
Uncalled bet ($6) returned to AzureCaper
AzureCaper collected $17.64 from pot
AzureCaper: doesn't show hand
*** SUMMARY ***
Total pot $18 | Rake $0.36
Board [9d 6s 5d Td]
Seat 4: AzureCaper (button) (small blind) collected ($17.64)
Seat 6: JethroTull27 (big blind) folded on the Turn


PokerStars Hand #155329480403:  Hold'em Limit ($3/$6 USD) - 2016/06/28 23:17:59 ET
Table 'Ocllo' 6-max Seat #6 is the button
Seat 4: AzureCaper ($80.64 in chips)
Seat 6: JethroTull27 ($111.40 in chips)
JethroTull27: posts small blind $1
AzureCaper: posts big blind $3
*** HOLE CARDS ***
JethroTull27: calls $2
AzureCaper: raises $3 to $6
JethroTull27: calls $3
*** FLOP *** [Ac 2d 4h]
AzureCaper: bets $3
JethroTull27: calls $3
*** TURN *** [Ac 2d 4h] [Kd]
AzureCaper: checks
JethroTull27: bets $6
AzureCaper: folds
Uncalled bet ($6) returned to JethroTull27
JethroTull27 collected $17.64 from pot
*** SUMMARY ***
Total pot $18 | Rake $0.36
Board [Ac 2d 4h Kd]
Seat 4: AzureCaper (big blind) folded on the Turn
Seat 6: JethroTull27 (button) (small blind) collected ($17.64)


PokerStars Hand #155329474847:  Hold'em Limit ($3/$6 USD) - 2016/06/28 23:17:39 ET
Table 'Ocllo' 6-max Seat #4 is the button
Seat 4: AzureCaper ($72 in chips)
Seat 6: JethroTull27 ($120.40 in chips)
AzureCaper: posts small blind $1
JethroTull27: posts big blind $3
*** HOLE CARDS ***
AzureCaper: raises $3 to $6
JethroTull27: calls $3
*** FLOP *** [Kh 7d 3h]
JethroTull27: checks
AzureCaper: bets $3
JethroTull27: calls $3
*** TURN *** [Kh 7d 3h] [Qc]
JethroTull27: checks
AzureCaper: bets $6
JethroTull27: folds
Uncalled bet ($6) returned to AzureCaper
AzureCaper collected $17.64 from pot
AzureCaper: doesn't show hand
*** SUMMARY ***
Total pot $18 | Rake $0.36
Board [Kh 7d 3h Qc]
Seat 4: AzureCaper (button) (small blind) collected ($17.64)
Seat 6: JethroTull27 (big blind) folded on the Turn


PokerStars Hand #155329471319:  Hold'em Limit ($3/$6 USD) - 2016/06/28 23:17:27 ET
Table 'Ocllo' 6-max Seat #6 is the button
Seat 4: AzureCaper ($73.52 in chips)
Seat 6: JethroTull27 ($117.52 in chips)
JethroTull27: posts small blind $1
AzureCaper: posts big blind $3
*** HOLE CARDS ***
JethroTull27: calls $2
AzureCaper: checks
*** FLOP *** [As 2s 6d]
AzureCaper: checks
JethroTull27: bets $3
AzureCaper: folds
Uncalled bet ($3) returned to JethroTull27
JethroTull27 collected $5.88 from pot
*** SUMMARY ***
Total pot $6 | Rake $0.12
Board [As 2s 6d]
Seat 4: AzureCaper (big blind) folded on the Flop
Seat 6: JethroTull27 (button) (small blind) collected ($5.88)


PokerStars Hand #155329487085:  Hold'em Limit ($3/$6 USD) - 2016/06/28 23:18:23 ET
Table 'Ocllo' 6-max Seat #4 is the button
Seat 4: AzureCaper ($72 in chips)
Seat 6: JethroTull27 ($120.04 in chips)
AzureCaper: posts small blind $1
JethroTull27: posts big blind $3
*** HOLE CARDS ***
AzureCaper: raises $3 to $6
JethroTull27: calls $3
*** FLOP *** [7h 5d Kc]
JethroTull27: checks
AzureCaper: bets $3
JethroTull27: raises $3 to $6
AzureCaper: folds
Uncalled bet ($3) returned to JethroTull27
JethroTull27 collected $17.64 from pot
*** SUMMARY ***
Total pot $18 | Rake $0.36
Board [7h 5d Kc]
Seat 4: AzureCaper (button) (small blind) folded on the Flop
Seat 6: JethroTull27 (big blind) collected ($17.64)


PokerStars Hand #155329770327:  Hold'em Limit ($3/$6 USD) - 2016/06/28 23:35:13 ET
Table 'Ocllo' 6-max Seat #4 is the button
Seat 4: AzureCaper ($72 in chips)
Seat 6: JethroTull27 ($284.67 in chips)
AzureCaper: posts small blind $1
JethroTull27: posts big blind $3
*** HOLE CARDS ***
AzureCaper: folds
Uncalled bet ($2) returned to JethroTull27
JethroTull27 collected $2 from pot
*** SUMMARY ***
Total pot $2 | Rake $0
Seat 4: AzureCaper (button) (small blind) folded before Flop
Seat 6: JethroTull27 (big blind) collected ($2)


PokerStars Hand #155329760794:  Hold'em Limit ($3/$6 USD) - 2016/06/28 23:34:49 ET
Table 'Ocllo' 6-max Seat #6 is the button
Seat 4: AzureCaper ($72.64 in chips)
Seat 6: JethroTull27 ($281.79 in chips)
JethroTull27: posts small blind $1
AzureCaper: posts big blind $3
*** HOLE CARDS ***
JethroTull27: calls $2
AzureCaper: checks
*** FLOP *** [Ac Qs Jd]
AzureCaper: checks
JethroTull27: checks
*** TURN *** [Ac Qs Jd] [5h]
AzureCaper: checks
JethroTull27: checks
*** RIVER *** [Ac Qs Jd 5h] [Tc]
manon889 leaves the table
AzureCaper: checks
JethroTull27: bets $6
AzureCaper: folds
Uncalled bet ($6) returned to JethroTull27
JethroTull27 collected $5.88 from pot
*** SUMMARY ***
Total pot $6 | Rake $0.12
Board [Ac Qs Jd 5h Tc]
Seat 4: AzureCaper (big blind) folded on the River
Seat 6: JethroTull27 (button) (small blind) collected ($5.88)


PokerStars Hand #155329773080:  Hold'em Limit ($3/$6 USD) - 2016/06/28 23:35:23 ET
Table 'Ocllo' 6-max Seat #4 is the button
Seat 4: AzureCaper ($73 in chips)
Seat 6: JethroTull27 ($284.67 in chips)
AzureCaper: posts small blind $1
JethroTull27: posts big blind $3
*** HOLE CARDS ***
AzureCaper: folds
Uncalled bet ($2) returned to JethroTull27
JethroTull27 collected $2 from pot
*** SUMMARY ***
Total pot $2 | Rake $0
Seat 4: AzureCaper (button) (small blind) folded before Flop
Seat 6: JethroTull27 (big blind) collected ($2)


PokerStars Hand #155329771558:  Hold'em Limit ($3/$6 USD) - 2016/06/28 23:35:18 ET
Table 'Ocllo' 6-max Seat #6 is the button
Seat 4: AzureCaper ($72 in chips)
Seat 6: JethroTull27 ($285.67 in chips)
JethroTull27: posts small blind $1
Masqb was removed from the table for failing to post
AzureCaper: posts big blind $3
*** HOLE CARDS ***
JethroTull27: folds
Uncalled bet ($2) returned to AzureCaper
AzureCaper collected $2 from pot
AzureCaper: doesn't show hand
*** SUMMARY ***
Total pot $2 | Rake $0
Seat 4: AzureCaper (big blind) collected ($2)
Seat 6: JethroTull27 (button) (small blind) folded before Flop


PokerStars Hand #155329787544:  Hold'em Limit ($3/$6 USD) - 2016/06/28 23:36:17 ET
Table 'Ocllo' 6-max Seat #6 is the button
Seat 4: AzureCaper ($84.40 in chips)
Seat 6: JethroTull27 ($272.67 in chips)
JethroTull27: posts small blind $1
AzureCaper: posts big blind $3
*** HOLE CARDS ***
JethroTull27: folds
Uncalled bet ($2) returned to AzureCaper
AzureCaper collected $2 from pot
AzureCaper: doesn't show hand
*** SUMMARY ***
Total pot $2 | Rake $0
Seat 4: AzureCaper (big blind) collected ($2)
Seat 6: JethroTull27 (button) (small blind) folded before Flop


PokerStars Hand #155329786368:  Hold'em Limit ($3/$6 USD) - 2016/06/28 23:36:13 ET
Table 'Ocllo' 6-max Seat #4 is the button
Seat 4: AzureCaper ($85.40 in chips)
Seat 6: JethroTull27 ($271.67 in chips)
AzureCaper: posts small blind $1
JethroTull27: posts big blind $3
*** HOLE CARDS ***
AzureCaper: folds
Uncalled bet ($2) returned to JethroTull27
JethroTull27 collected $2 from pot
*** SUMMARY ***
Total pot $2 | Rake $0
Seat 4: AzureCaper (button) (small blind) folded before Flop
Seat 6: JethroTull27 (big blind) collected ($2)


PokerStars Hand #155329780522:  Hold'em Limit ($3/$6 USD) - 2016/06/28 23:35:51 ET
Table 'Ocllo' 6-max Seat #6 is the button
Seat 4: AzureCaper ($79.64 in chips)
Seat 6: JethroTull27 ($277.67 in chips)
JethroTull27: posts small blind $1
AzureCaper: posts big blind $3
*** HOLE CARDS ***
JethroTull27: calls $2
AzureCaper: checks
*** FLOP *** [7h 6d Ac]
AzureCaper: bets $3
JethroTull27: calls $3
*** TURN *** [7h 6d Ac] [8d]
AzureCaper: bets $6
JethroTull27: folds
Uncalled bet ($6) returned to AzureCaper
AzureCaper collected $11.76 from pot
AzureCaper: doesn't show hand
*** SUMMARY ***
Total pot $12 | Rake $0.24
Board [7h 6d Ac 8d]
Seat 4: AzureCaper (big blind) collected ($11.76)
Seat 6: JethroTull27 (button) (small blind) folded on the Turn


PokerStars Hand #155329779333:  Hold'em Limit ($3/$6 USD) - 2016/06/28 23:35:47 ET
Table 'Ocllo' 6-max Seat #4 is the button
Seat 4: AzureCaper ($80.64 in chips)
Seat 6: JethroTull27 ($276.67 in chips)
AzureCaper: posts small blind $1
JethroTull27: posts big blind $3
*** HOLE CARDS ***
AzureCaper: folds
Uncalled bet ($2) returned to JethroTull27
JethroTull27 collected $2 from pot
*** SUMMARY ***
Total pot $2 | Rake $0
Seat 4: AzureCaper (button) (small blind) folded before Flop
Seat 6: JethroTull27 (big blind) collected ($2)


PokerStars Hand #155329788907:  Hold'em Limit ($3/$6 USD) - 2016/06/28 23:36:23 ET
Table 'Ocllo' 6-max Seat #4 is the button
Seat 4: AzureCaper ($85.40 in chips)
Seat 6: JethroTull27 ($271.67 in chips)
AzureCaper: posts small blind $1
JethroTull27: posts big blind $3
*** HOLE CARDS ***
AzureCaper: raises $3 to $6
JethroTull27: calls $3
*** FLOP *** [4h 7d 8d]
JethroTull27: checks
AzureCaper: bets $3
JethroTull27: calls $3
*** TURN *** [4h 7d 8d] [Qh]
JethroTull27: checks
AzureCaper: bets $6
JethroTull27: folds
Uncalled bet ($6) returned to AzureCaper
AzureCaper collected $17.64 from pot
AzureCaper: doesn't show hand
*** SUMMARY ***
Total pot $18 | Rake $0.36
Board [4h 7d 8d Qh]
Seat 4: AzureCaper (button) (small blind) collected ($17.64)
Seat 6: JethroTull27 (big blind) folded on the Turn


PokerStars Hand #155329801505:  Hold'em Limit ($3/$6 USD) - 2016/06/28 23:37:10 ET
Table 'Ocllo' 6-max Seat #4 is the button
Seat 4: AzureCaper ($123.54 in chips)
Seat 6: JethroTull27 ($232.67 in chips)
AzureCaper: posts small blind $1
JethroTull27: posts big blind $3
*** HOLE CARDS ***
AzureCaper: folds
Uncalled bet ($2) returned to JethroTull27
JethroTull27 collected $2 from pot
*** SUMMARY ***
Total pot $2 | Rake $0
Seat 4: AzureCaper (button) (small blind) folded before Flop
Seat 6: JethroTull27 (big blind) collected ($2)


PokerStars Hand #155329794114:  Hold'em Limit ($3/$6 USD) - 2016/06/28 23:36:42 ET
Table 'Ocllo' 6-max Seat #6 is the button
Seat 4: AzureCaper ($94.04 in chips)
Seat 6: JethroTull27 ($262.67 in chips)
JethroTull27: posts small blind $1
AzureCaper: posts big blind $3
*** HOLE CARDS ***
JethroTull27: calls $2
AzureCaper: checks
*** FLOP *** [9c 4h 6s]
AzureCaper: bets $3
JethroTull27: calls $3
*** TURN *** [9c 4h 6s] [3c]
AzureCaper: bets $6
JethroTull27: calls $6
*** RIVER *** [9c 4h 6s 3c] [4d]
AzureCaper: bets $6
JethroTull27: raises $6 to $12
AzureCaper: raises $6 to $18
JethroTull27: calls $6
*** SHOW DOWN ***
AzureCaper: shows [5s 7h] (a straight, Three to Seven)
JethroTull27: mucks hand
AzureCaper collected $59.50 from pot
*** SUMMARY ***
Total pot $60 | Rake $0.50
Board [9c 4h 6s 3c 4d]
Seat 4: AzureCaper (big blind) showed [5s 7h] and won ($59.50) with a straight, Three to Seven
Seat 6: JethroTull27 (button) (small blind) mucked


PokerStars Hand #155329816219:  Hold'em Limit ($3/$6 USD) - 2016/06/28 23:38:05 ET
Table 'Ocllo' 6-max Seat #4 is the button
Seat 4: AzureCaper ($127.18 in chips)
Seat 6: JethroTull27 ($228.55 in chips)
AzureCaper: posts small blind $1
JethroTull27: posts big blind $3
*** HOLE CARDS ***
AzureCaper: raises $3 to $6
JethroTull27: calls $3
*** FLOP *** [Jc Qd Th]
JethroTull27: checks
AzureCaper: checks
*** TURN *** [Jc Qd Th] [Ac]
JethroTull27: checks
AzureCaper: bets $6
JethroTull27: calls $6
*** RIVER *** [Jc Qd Th Ac] [6s]
JethroTull27: checks
AzureCaper: checks
*** SHOW DOWN ***
JethroTull27: shows [9h 8s] (a straight, Eight to Queen)
AzureCaper: mucks hand
JethroTull27 collected $23.52 from pot
*** SUMMARY ***
Total pot $24 | Rake $0.48
Board [Jc Qd Th Ac 6s]
Seat 4: AzureCaper (button) (small blind) mucked
Seat 6: JethroTull27 (big blind) showed [9h 8s] and won ($23.52) with a straight, Eight to Queen


PokerStars Hand #155329810009:  Hold'em Limit ($3/$6 USD) - 2016/06/28 23:37:41 ET
Table 'Ocllo' 6-max Seat #6 is the button
Seat 4: AzureCaper ($130.18 in chips)
Seat 6: JethroTull27 ($225.67 in chips)
JethroTull27: posts small blind $1
AzureCaper: posts big blind $3
*** HOLE CARDS ***
JethroTull27: calls $2
AzureCaper: checks
*** FLOP *** [6h Ts 3d]
AzureCaper: checks
JethroTull27: checks
*** TURN *** [6h Ts 3d] [2h]
AzureCaper: checks
JethroTull27: checks
*** RIVER *** [6h Ts 3d 2h] [6d]
AzureCaper: checks
JethroTull27: checks
*** SHOW DOWN ***
AzureCaper: shows [4c Kd] (a pair of Sixes)
JethroTull27: shows [8d Ad] (a pair of Sixes - Ace kicker)
JethroTull27 collected $5.88 from pot
*** SUMMARY ***
Total pot $6 | Rake $0.12
Board [6h Ts 3d 2h 6d]
Seat 4: AzureCaper (big blind) showed [4c Kd] and lost with a pair of Sixes
Seat 6: JethroTull27 (button) (small blind) showed [8d Ad] and won ($5.88) with a pair of Sixes


PokerStars Hand #155329808641:  Hold'em Limit ($3/$6 USD) - 2016/06/28 23:37:36 ET
Table 'Ocllo' 6-max Seat #4 is the button
Seat 4: AzureCaper ($131.18 in chips)
Seat 6: JethroTull27 ($224.67 in chips)
AzureCaper: posts small blind $1
JethroTull27: posts big blind $3
*** HOLE CARDS ***
AzureCaper: folds
Uncalled bet ($2) returned to JethroTull27
JethroTull27 collected $2 from pot
*** SUMMARY ***
Total pot $2 | Rake $0
Seat 4: AzureCaper (button) (small blind) folded before Flop
Seat 6: JethroTull27 (big blind) collected ($2)


PokerStars Hand #155329802667:  Hold'em Limit ($3/$6 USD) - 2016/06/28 23:37:14 ET
Table 'Ocllo' 6-max Seat #6 is the button
Seat 4: AzureCaper ($122.54 in chips)
Seat 6: JethroTull27 ($233.67 in chips)
JethroTull27: posts small blind $1
AzureCaper: posts big blind $3
*** HOLE CARDS ***
JethroTull27: raises $3 to $6
AzureCaper: calls $3
*** FLOP *** [Ts 4s 5s]
AzureCaper: checks
JethroTull27: bets $3
AzureCaper: calls $3
*** TURN *** [Ts 4s 5s] [7c]
AzureCaper: checks
JethroTull27: checks
*** RIVER *** [Ts 4s 5s 7c] [Jd]
AzureCaper: bets $6
JethroTull27: folds
Uncalled bet ($6) returned to AzureCaper
AzureCaper collected $17.64 from pot
AzureCaper: doesn't show hand
*** SUMMARY ***
Total pot $18 | Rake $0.36
Board [Ts 4s 5s 7c Jd]
Seat 4: AzureCaper (big blind) collected ($17.64)
Seat 6: JethroTull27 (button) (small blind) folded on the River


PokerStars Hand #155329833717:  Hold'em Limit ($3/$6 USD) - 2016/06/28 23:39:10 ET
Table 'Ocllo' 6-max Seat #6 is the button
Seat 4: AzureCaper ($132.46 in chips)
Seat 6: JethroTull27 ($222.07 in chips)
JethroTull27: posts small blind $1
AzureCaper: posts big blind $3
*** HOLE CARDS ***
JethroTull27: calls $2
AzureCaper: checks
*** FLOP *** [Jc 3c 3d]
AzureCaper: checks
JethroTull27: checks
*** TURN *** [Jc 3c 3d] [Ts]
AzureCaper: checks
JethroTull27: checks
*** RIVER *** [Jc 3c 3d Ts] [3h]
AzureCaper: checks
JethroTull27: bets $6
AzureCaper: folds
Uncalled bet ($6) returned to JethroTull27
JethroTull27 collected $5.88 from pot
*** SUMMARY ***
Total pot $6 | Rake $0.12
Board [Jc 3c 3d Ts 3h]
Seat 4: AzureCaper (big blind) folded on the River
Seat 6: JethroTull27 (button) (small blind) collected ($5.88)


PokerStars Hand #155329832437:  Hold'em Limit ($3/$6 USD) - 2016/06/28 23:39:06 ET
Table 'Ocllo' 6-max Seat #4 is the button
Seat 4: AzureCaper ($133.46 in chips)
Seat 6: JethroTull27 ($221.07 in chips)
AzureCaper: posts small blind $1
JethroTull27: posts big blind $3
*** HOLE CARDS ***
AzureCaper: folds
Uncalled bet ($2) returned to JethroTull27
JethroTull27 collected $2 from pot
*** SUMMARY ***
Total pot $2 | Rake $0
Seat 4: AzureCaper (button) (small blind) folded before Flop
Seat 6: JethroTull27 (big blind) collected ($2)


PokerStars Hand #155329830744:  Hold'em Limit ($3/$6 USD) - 2016/06/28 23:38:59 ET
Table 'Ocllo' 6-max Seat #6 is the button
Seat 4: AzureCaper ($132.46 in chips)
Seat 6: JethroTull27 ($222.07 in chips)
JethroTull27: posts small blind $1
AzureCaper: posts big blind $3
*** HOLE CARDS ***
JethroTull27: folds
Uncalled bet ($2) returned to AzureCaper
AzureCaper collected $2 from pot
AzureCaper: doesn't show hand
*** SUMMARY ***
Total pot $2 | Rake $0
Seat 4: AzureCaper (big blind) collected ($2)
Seat 6: JethroTull27 (button) (small blind) folded before Flop


PokerStars Hand #155329822599:  Hold'em Limit ($3/$6 USD) - 2016/06/28 23:38:29 ET
Table 'Ocllo' 6-max Seat #6 is the button
Seat 4: AzureCaper ($115.18 in chips)
Seat 6: JethroTull27 ($240.07 in chips)
JethroTull27: posts small blind $1
AzureCaper: posts big blind $3
*** HOLE CARDS ***
JethroTull27: raises $3 to $6
AzureCaper: calls $3
*** FLOP *** [3d As Ac]
AzureCaper: checks
JethroTull27: bets $3
AzureCaper: raises $3 to $6
JethroTull27: calls $3
*** TURN *** [3d As Ac] [4c]
AzureCaper: bets $6
JethroTull27: folds
Uncalled bet ($6) returned to AzureCaper
AzureCaper collected $23.52 from pot
AzureCaper: doesn't show hand
*** SUMMARY ***
Total pot $24 | Rake $0.48
Board [3d As Ac 4c]
Seat 4: AzureCaper (big blind) collected ($23.52)
Seat 6: JethroTull27 (button) (small blind) folded on the Turn


PokerStars Hand #155329838991:  Hold'em Limit ($3/$6 USD) - 2016/06/28 23:39:30 ET
Table 'Ocllo' 6-max Seat #4 is the button
Seat 4: AzureCaper ($129.46 in chips)
Seat 6: JethroTull27 ($224.95 in chips)
AzureCaper: posts small blind $1
JethroTull27: posts big blind $3
*** HOLE CARDS ***
AzureCaper: folds
Uncalled bet ($2) returned to JethroTull27
JethroTull27 collected $2 from pot
*** SUMMARY ***
Total pot $2 | Rake $0
Seat 4: AzureCaper (button) (small blind) folded before Flop
Seat 6: JethroTull27 (big blind) collected ($2)


PokerStars Hand #155329844093:  Hold'em Limit ($3/$6 USD) - 2016/06/28 23:39:49 ET
Table 'Ocllo' 6-max Seat #4 is the button
Seat 4: AzureCaper ($125.46 in chips)
Seat 6: JethroTull27 ($228.83 in chips)
AzureCaper: posts small blind $1
JethroTull27: posts big blind $3
*** HOLE CARDS ***
AzureCaper: raises $3 to $6
JethroTull27: calls $3
*** FLOP *** [2s 5s 4h]
JethroTull27: checks
AzureCaper: bets $3
JethroTull27: raises $3 to $6
AzureCaper: raises $3 to $9
JethroTull27: calls $3
*** TURN *** [2s 5s 4h] [Jc]
JethroTull27: checks
AzureCaper: bets $6
JethroTull27: raises $6 to $12
AzureCaper: calls $6
*** RIVER *** [2s 5s 4h Jc] [6h]
JethroTull27: bets $6
AzureCaper: folds
Uncalled bet ($6) returned to JethroTull27
JethroTull27 collected $53.50 from pot
*** SUMMARY ***
Total pot $54 | Rake $0.50
Board [2s 5s 4h Jc 6h]
Seat 4: AzureCaper (button) (small blind) folded on the River
Seat 6: JethroTull27 (big blind) collected ($53.50)


PokerStars Hand #155329840366:  Hold'em Limit ($3/$6 USD) - 2016/06/28 23:39:35 ET
Table 'Ocllo' 6-max Seat #6 is the button
Seat 4: AzureCaper ($128.46 in chips)
Seat 6: JethroTull27 ($225.95 in chips)
JethroTull27: posts small blind $1
AzureCaper: posts big blind $3
*** HOLE CARDS ***
JethroTull27: calls $2
AzureCaper: checks
*** FLOP *** [Jc Qd 5s]
AzureCaper: checks
JethroTull27: bets $3
AzureCaper: folds
Uncalled bet ($3) returned to JethroTull27
JethroTull27 collected $5.88 from pot
*** SUMMARY ***
Total pot $6 | Rake $0.12
Board [Jc Qd 5s]
Seat 4: AzureCaper (big blind) folded on the Flop
Seat 6: JethroTull27 (button) (small blind) collected ($5.88)


PokerStars Hand #155329860899:  Hold'em Limit ($3/$6 USD) - 2016/06/28 23:40:52 ET
Table 'Ocllo' 6-max Seat #4 is the button
Seat 4: AzureCaper ($83.46 in chips)
Seat 6: JethroTull27 ($269.83 in chips)
AzureCaper: posts small blind $1
JethroTull27: posts big blind $3
*** HOLE CARDS ***
ABATAPP joins the table at seat #1
AzureCaper: raises $3 to $6
JethroTull27: raises $3 to $9
AzureCaper: calls $3
*** FLOP *** [3d 6c Qd]
JethroTull27: checks
AzureCaper: checks
*** TURN *** [3d 6c Qd] [9h]
JethroTull27: bets $6
AzureCaper: folds
Uncalled bet ($6) returned to JethroTull27
JethroTull27 collected $17.64 from pot
JethroTull27: shows [Ad As] (a pair of Aces)
*** SUMMARY ***
Total pot $18 | Rake $0.36
Board [3d 6c Qd 9h]
Seat 4: AzureCaper (button) (small blind) folded on the Turn
Seat 6: JethroTull27 (big blind) collected ($17.64)


PokerStars Hand #155329854993:  Hold'em Limit ($3/$6 USD) - 2016/06/28 23:40:30 ET
Table 'Ocllo' 6-max Seat #6 is the button
Seat 4: AzureCaper ($98.46 in chips)
Seat 6: JethroTull27 ($255.33 in chips)
JethroTull27: posts small blind $1
AzureCaper: posts big blind $3
*** HOLE CARDS ***
JethroTull27: calls $2
AzureCaper: raises $3 to $6
JethroTull27: calls $3
*** FLOP *** [9d Jd 2s]
AzureCaper: bets $3
JethroTull27: calls $3
*** TURN *** [9d Jd 2s] [Jc]
AzureCaper: bets $6
JethroTull27: raises $6 to $12
AzureCaper: folds
Uncalled bet ($6) returned to JethroTull27
JethroTull27 collected $29.50 from pot
*** SUMMARY ***
Total pot $30 | Rake $0.50
Board [9d Jd 2s Jc]
Seat 4: AzureCaper (big blind) folded on the Turn
Seat 6: JethroTull27 (button) (small blind) collected ($29.50)


PokerStars Hand #155330266460:  Hold'em Limit ($3/$6 USD) - 2016/06/29 0:06:37 ET
Table 'Ocllo' 6-max Seat #5 is the button
Seat 5: JMMROCHA ($9.09 in chips)
Seat 6: BrownieSpy ($72 in chips)
JMMROCHA: posts small blind $1
BrownieSpy: posts big blind $3
*** HOLE CARDS ***
JMMROCHA: calls $2
BrownieSpy: raises $3 to $6
JMMROCHA: calls $3
*** FLOP *** [7s 7h 7d]
BrownieSpy: bets $3
JMMROCHA: raises $0.09 to $3.09 and is all-in
BrownieSpy: calls $0.09
*** TURN *** [7s 7h 7d] [3s]
*** RIVER *** [7s 7h 7d 3s] [6c]
*** SHOW DOWN ***
BrownieSpy: shows [As 4h] (three of a kind, Sevens)
JMMROCHA: shows [9c 8h] (three of a kind, Sevens - lower kicker)
BrownieSpy collected $17.82 from pot
*** SUMMARY ***
Total pot $18.18 | Rake $0.36
Board [7s 7h 7d 3s 6c]
Seat 5: JMMROCHA (button) (small blind) showed [9c 8h] and lost with three of a kind, Sevens
Seat 6: BrownieSpy (big blind) showed [As 4h] and won ($17.82) with three of a kind, Sevens


PokerStars Hand #155330289146:  Hold'em Limit ($3/$6 USD) - 2016/06/29 0:08:07 ET
Table 'Ocllo' 6-max Seat #6 is the button
Seat 5: JMMROCHA ($42.52 in chips)
Seat 6: BrownieSpy ($72 in chips)
BrownieSpy: posts small blind $1
JMMROCHA: posts big blind $3
*** HOLE CARDS ***
BrownieSpy: folds
Uncalled bet ($2) returned to JMMROCHA
JMMROCHA collected $2 from pot
JMMROCHA: doesn't show hand
*** SUMMARY ***
Total pot $2 | Rake $0
Seat 5: JMMROCHA (big blind) collected ($2)
Seat 6: BrownieSpy (button) (small blind) folded before Flop


PokerStars Hand #155330283266:  Hold'em Limit ($3/$6 USD) - 2016/06/29 0:07:43 ET
Table 'Ocllo' 6-max Seat #5 is the button
Seat 5: JMMROCHA ($31 in chips)
Seat 6: BrownieSpy ($79.73 in chips)
JMMROCHA: posts small blind $1
BrownieSpy: posts big blind $3
*** HOLE CARDS ***
JMMROCHA: calls $2
BrownieSpy: raises $3 to $6
JMMROCHA: calls $3
*** FLOP *** [2c 7h 3s]
BrownieSpy: bets $3
JMMROCHA: raises $3 to $6
BrownieSpy: calls $3
*** TURN *** [2c 7h 3s] [3h]
BrownieSpy: checks
JMMROCHA: bets $6
BrownieSpy: folds
Uncalled bet ($6) returned to JMMROCHA
JMMROCHA collected $23.52 from pot
JMMROCHA: doesn't show hand
*** SUMMARY ***
Total pot $24 | Rake $0.48
Board [2c 7h 3s 3h]
Seat 5: JMMROCHA (button) (small blind) collected ($23.52)
Seat 6: BrownieSpy (big blind) folded on the Turn


PokerStars Hand #155330280710:  Hold'em Limit ($3/$6 USD) - 2016/06/29 0:07:33 ET
Table 'Ocllo' 6-max Seat #6 is the button
Seat 5: JMMROCHA ($30 in chips)
Seat 6: BrownieSpy ($80.73 in chips)
BrownieSpy: posts small blind $1
JMMROCHA: posts big blind $3
*** HOLE CARDS ***
BrownieSpy: folds
Uncalled bet ($2) returned to JMMROCHA
JMMROCHA collected $2 from pot
JMMROCHA: doesn't show hand
*** SUMMARY ***
Total pot $2 | Rake $0
Seat 5: JMMROCHA (big blind) collected ($2)
Seat 6: BrownieSpy (button) (small blind) folded before Flop


PokerStars Hand #155330290840:  Hold'em Limit ($3/$6 USD) - 2016/06/29 0:08:13 ET
Table 'Ocllo' 6-max Seat #5 is the button
Seat 5: JMMROCHA ($43.52 in chips)
Seat 6: BrownieSpy ($72 in chips)
JMMROCHA: posts small blind $1
BrownieSpy: posts big blind $3
*** HOLE CARDS ***
JMMROCHA: calls $2
BrownieSpy: checks
*** FLOP *** [7s 5h 6c]
BrownieSpy: bets $3
JMMROCHA: calls $3
*** TURN *** [7s 5h 6c] [Kd]
BrownieSpy: bets $6
JMMROCHA: raises $6 to $12
BrownieSpy: calls $6
*** RIVER *** [7s 5h 6c Kd] [6h]
BrownieSpy: checks
JMMROCHA: bets $6
BrownieSpy: folds
Uncalled bet ($6) returned to JMMROCHA
JMMROCHA collected $35.50 from pot
JMMROCHA: doesn't show hand
*** SUMMARY ***
Total pot $36 | Rake $0.50
Board [7s 5h 6c Kd 6h]
Seat 5: JMMROCHA (button) (small blind) collected ($35.50)
Seat 6: BrownieSpy (big blind) folded on the River


PokerStars Hand #155330371725:  Hold'em Limit ($3/$6 USD) - 2016/06/29 0:13:32 ET
Table 'Ocllo' 6-max Seat #1 is the button
Seat 1: lin1rabbit ($104.43 in chips)
Seat 6: BrownieSpy ($81.38 in chips)
lin1rabbit: posts small blind $1
JMMROCHA: is sitting out
BrownieSpy: posts big blind $3
*** HOLE CARDS ***
lin1rabbit: raises $3 to $6
JMMROCHA leaves the table
BrownieSpy: calls $3
*** FLOP *** [2c 3h 8h]
BrownieSpy: checks
lin1rabbit: bets $3
BrownieSpy: raises $3 to $6
lin1rabbit: calls $3
*** TURN *** [2c 3h 8h] [3c]
BrownieSpy: bets $6
lin1rabbit: folds
Uncalled bet ($6) returned to BrownieSpy
BrownieSpy collected $23.52 from pot
BrownieSpy: doesn't show hand
*** SUMMARY ***
Total pot $24 | Rake $0.48
Board [2c 3h 8h 3c]
Seat 1: lin1rabbit (button) (small blind) folded on the Turn
Seat 6: BrownieSpy (big blind) collected ($23.52)


