PokerStars Hand #158910161809:  Hold'em Limit ($3/$6 USD) - 2016/09/21 15:08:26 ET
Table 'Octans II' 6-max Seat #3 is the button
Seat 3: StormToTo ($125.64 in chips)
Seat 4: Actionni13 ($153 in chips)
StormToTo: posts small blind $1
Actionni13: posts big blind $3
*** HOLE CARDS ***
StormToTo: calls $2
vovan4y4ok joins the table at seat #6
Actionni13: checks
*** FLOP *** [4d 9s 9c]
Actionni13: checks
StormToTo: bets $3
Actionni13: folds
Uncalled bet ($3) returned to StormToTo
StormToTo collected $5.88 from pot
StormToTo: doesn't show hand
*** SUMMARY ***
Total pot $6 | Rake $0.12
Board [4d 9s 9c]
Seat 3: StormToTo (button) (small blind) collected ($5.88)
Seat 4: Actionni13 (big blind) folded on the Flop


PokerStars Hand #158910156126:  Hold'em Limit ($3/$6 USD) - 2016/09/21 15:08:19 ET
Table 'Octans II' 6-max Seat #4 is the button
Seat 3: StormToTo ($128.64 in chips)
Seat 4: Actionni13 ($150 in chips)
Actionni13: posts small blind $1
StormToTo: posts big blind $3
*** HOLE CARDS ***
Actionni13: raises $3 to $6
StormToTo: folds
Uncalled bet ($3) returned to Actionni13
Actionni13 collected $6 from pot
Actionni13: doesn't show hand
*** SUMMARY ***
Total pot $6 | Rake $0
Seat 3: StormToTo (big blind) folded before Flop
Seat 4: Actionni13 (button) (small blind) collected ($6)


PokerStars Hand #158910125230:  Hold'em Limit ($3/$6 USD) - 2016/09/21 15:07:43 ET
Table 'Octans II' 6-max Seat #3 is the button
Seat 3: StormToTo ($120 in chips)
Seat 4: Actionni13 ($150 in chips)
StormToTo: posts small blind $1
Actionni13: posts big blind $3
*** HOLE CARDS ***
StormToTo: raises $3 to $6
Actionni13: calls $3
*** FLOP *** [Ts Qs Kh]
Actionni13: checks
StormToTo: bets $3
Actionni13: calls $3
*** TURN *** [Ts Qs Kh] [5s]
Actionni13: checks
StormToTo: bets $6
Actionni13: folds
Uncalled bet ($6) returned to StormToTo
StormToTo collected $17.64 from pot
StormToTo: doesn't show hand
*** SUMMARY ***
Total pot $18 | Rake $0.36
Board [Ts Qs Kh 5s]
Seat 3: StormToTo (button) (small blind) collected ($17.64)
Seat 4: Actionni13 (big blind) folded on the Turn


PokerStars Hand #158910794350:  Hold'em Limit ($3/$6 USD) - 2016/09/21 15:21:04 ET
Table 'Octans II' 6-max Seat #4 is the button
Seat 3: StormToTo ($103.03 in chips)
Seat 4: Actionni13 ($152 in chips)
Actionni13: posts small blind $1
GRAILKO: is sitting out
StormToTo: posts big blind $3
*** HOLE CARDS ***
Actionni13: raises $3 to $6
StormToTo: raises $3 to $9
Actionni13: calls $3
*** FLOP *** [Ah 7d 9c]
StormToTo: bets $3
Actionni13: folds
Uncalled bet ($3) returned to StormToTo
StormToTo collected $17.64 from pot
StormToTo: doesn't show hand
*** SUMMARY ***
Total pot $18 | Rake $0.36
Board [Ah 7d 9c]
Seat 3: StormToTo (big blind) collected ($17.64)
Seat 4: Actionni13 (button) (small blind) folded on the Flop


PokerStars Hand #158910807818:  Hold'em Limit ($3/$6 USD) - 2016/09/21 15:21:20 ET
Table 'Octans II' 6-max Seat #3 is the button
Seat 3: StormToTo ($111.67 in chips)
Seat 4: Actionni13 ($150 in chips)
popeluha joins the table at seat #5
StormToTo: posts small blind $1
GRAILKO leaves the table
Actionni13: posts big blind $3
*** HOLE CARDS ***
StormToTo: raises $3 to $6
Actionni13: calls $3
*** FLOP *** [7c Jh Ah]
Actionni13: checks
StormToTo: bets $3
Actionni13: folds
Uncalled bet ($3) returned to StormToTo
StormToTo collected $11.76 from pot
StormToTo: doesn't show hand
*** SUMMARY ***
Total pot $12 | Rake $0.24
Board [7c Jh Ah]
Seat 3: StormToTo (button) (small blind) collected ($11.76)
Seat 4: Actionni13 (big blind) folded on the Flop


PokerStars Hand #158912393350:  Hold'em Limit ($3/$6 USD) - 2016/09/21 15:53:09 ET
Table 'Octans II' 6-max Seat #5 is the button
Seat 5: popeluha ($203.61 in chips)
Seat 6: GRAILKO ($213.74 in chips)
popeluha: posts small blind $1
GRAILKO: posts big blind $3
*** HOLE CARDS ***
popeluha: raises $3 to $6
GRAILKO: calls $3
*** FLOP *** [8d 9h 2h]
GRAILKO: checks
popeluha: bets $3
GRAILKO: calls $3
*** TURN *** [8d 9h 2h] [Jc]
GRAILKO: checks
popeluha: bets $6
GRAILKO: folds
Uncalled bet ($6) returned to popeluha
popeluha collected $17.64 from pot
popeluha: doesn't show hand
*** SUMMARY ***
Total pot $18 | Rake $0.36
Board [8d 9h 2h Jc]
Seat 5: popeluha (button) (small blind) collected ($17.64)
Seat 6: GRAILKO (big blind) folded on the Turn


PokerStars Hand #158912413270:  Hold'em Limit ($3/$6 USD) - 2016/09/21 15:53:34 ET
Table 'Octans II' 6-max Seat #5 is the button
Seat 5: popeluha ($213.25 in chips)
Seat 6: GRAILKO ($203.74 in chips)
popeluha: posts small blind $1
GRAILKO: posts big blind $3
*** HOLE CARDS ***
popeluha: folds
Uncalled bet ($2) returned to GRAILKO
GRAILKO collected $2 from pot
GRAILKO: doesn't show hand
*** SUMMARY ***
Total pot $2 | Rake $0
Seat 5: popeluha (button) (small blind) folded before Flop
Seat 6: GRAILKO (big blind) collected ($2)


PokerStars Hand #158912407777:  Hold'em Limit ($3/$6 USD) - 2016/09/21 15:53:27 ET
Table 'Octans II' 6-max Seat #6 is the button
Seat 5: popeluha ($212.25 in chips)
Seat 6: GRAILKO ($204.74 in chips)
GRAILKO: posts small blind $1
popeluha: posts big blind $3
*** HOLE CARDS ***
ABATAPP leaves the table
GRAILKO: folds
Uncalled bet ($2) returned to popeluha
Apanage leaves the table
popeluha collected $2 from pot
*** SUMMARY ***
Total pot $2 | Rake $0
Seat 5: popeluha (big blind) collected ($2)
Seat 6: GRAILKO (button) (small blind) folded before Flop


PokerStars Hand #158912417445:  Hold'em Limit ($3/$6 USD) - 2016/09/21 15:53:39 ET
Table 'Octans II' 6-max Seat #6 is the button
Seat 5: popeluha ($212.25 in chips)
Seat 6: GRAILKO ($204.74 in chips)
GRAILKO: posts small blind $1
popeluha: posts big blind $3
*** HOLE CARDS ***
GRAILKO: raises $3 to $6
popeluha: folds
Uncalled bet ($3) returned to GRAILKO
GRAILKO collected $6 from pot
GRAILKO: doesn't show hand
*** SUMMARY ***
Total pot $6 | Rake $0
Seat 5: popeluha (big blind) folded before Flop
Seat 6: GRAILKO (button) (small blind) collected ($6)


PokerStars Hand #158912378329:  Hold'em Limit ($3/$6 USD) - 2016/09/21 15:52:51 ET
Table 'Octans II' 6-max Seat #6 is the button
Seat 5: popeluha ($194.97 in chips)
Seat 6: GRAILKO ($222.74 in chips)
GRAILKO: posts small blind $1
ABATAPP: is sitting out
Apanage: is sitting out
popeluha: posts big blind $3
*** HOLE CARDS ***
GRAILKO: raises $3 to $6
popeluha: calls $3
*** FLOP *** [8s As Ts]
popeluha: checks
GRAILKO: bets $3
popeluha: calls $3
*** TURN *** [8s As Ts] [Td]
popeluha: checks
GRAILKO: checks
*** RIVER *** [8s As Ts Td] [6c]
popeluha: bets $6
GRAILKO: folds
Uncalled bet ($6) returned to popeluha
popeluha collected $17.64 from pot
popeluha: doesn't show hand
*** SUMMARY ***
Total pot $18 | Rake $0.36
Board [8s As Ts Td 6c]
Seat 5: popeluha (big blind) collected ($17.64)
Seat 6: GRAILKO (button) (small blind) folded on the River


PokerStars Hand #158912457276:  Hold'em Limit ($3/$6 USD) - 2016/09/21 15:54:28 ET
Table 'Octans II' 6-max Seat #5 is the button
Seat 5: popeluha ($199.89 in chips)
Seat 6: GRAILKO ($216.24 in chips)
popeluha: posts small blind $1
GRAILKO: posts big blind $3
*** HOLE CARDS ***
popeluha: folds
Uncalled bet ($2) returned to GRAILKO
GRAILKO collected $2 from pot
GRAILKO: doesn't show hand
*** SUMMARY ***
Total pot $2 | Rake $0
Seat 5: popeluha (button) (small blind) folded before Flop
Seat 6: GRAILKO (big blind) collected ($2)


PokerStars Hand #158912441689:  Hold'em Limit ($3/$6 USD) - 2016/09/21 15:54:09 ET
Table 'Octans II' 6-max Seat #6 is the button
Seat 5: popeluha ($191.25 in chips)
Seat 6: GRAILKO ($225.24 in chips)
GRAILKO: posts small blind $1
StormToTo was removed from the table for failing to post
popeluha: posts big blind $3
*** HOLE CARDS ***
GRAILKO: raises $3 to $6
popeluha: calls $3
*** FLOP *** [3d Kc 5d]
popeluha: checks
GRAILKO: bets $3
popeluha: calls $3
*** TURN *** [3d Kc 5d] [Td]
popeluha: checks
GRAILKO: checks
*** RIVER *** [3d Kc 5d Td] [Jh]
popeluha: checks
GRAILKO: checks
*** SHOW DOWN ***
popeluha: shows [4c 4h] (a pair of Fours)
GRAILKO: mucks hand
popeluha collected $17.64 from pot
*** SUMMARY ***
Total pot $18 | Rake $0.36
Board [3d Kc 5d Td Jh]
Seat 5: popeluha (big blind) showed [4c 4h] and won ($17.64) with a pair of Fours
Seat 6: GRAILKO (button) (small blind) mucked


PokerStars Hand #158912461173:  Hold'em Limit ($3/$6 USD) - 2016/09/21 15:54:33 ET
Table 'Octans II' 6-max Seat #6 is the button
Seat 5: popeluha ($198.89 in chips)
Seat 6: GRAILKO ($217.24 in chips)
GRAILKO: posts small blind $1
popeluha: posts big blind $3
*** HOLE CARDS ***
GRAILKO: raises $3 to $6
popeluha: calls $3
*** FLOP *** [Qc Jd 4h]
popeluha: checks
GRAILKO: bets $3
popeluha: folds
Uncalled bet ($3) returned to GRAILKO
StormToTo joins the table at seat #3
GRAILKO collected $11.76 from pot
GRAILKO: doesn't show hand
*** SUMMARY ***
Total pot $12 | Rake $0.24
Board [Qc Jd 4h]
Seat 5: popeluha (big blind) folded on the Flop
Seat 6: GRAILKO (button) (small blind) collected ($11.76)


PokerStars Hand #158912469522:  Hold'em Limit ($3/$6 USD) - 2016/09/21 15:54:43 ET
Table 'Octans II' 6-max Seat #5 is the button
Seat 5: popeluha ($192.89 in chips)
Seat 6: GRAILKO ($223 in chips)
popeluha: posts small blind $1
GRAILKO: posts big blind $3
*** HOLE CARDS ***
popeluha: raises $3 to $6
GRAILKO: calls $3
*** FLOP *** [7h 9d As]
GRAILKO: checks
popeluha: bets $3
GRAILKO: folds
Uncalled bet ($3) returned to popeluha
popeluha collected $11.76 from pot
popeluha: doesn't show hand
*** SUMMARY ***
Total pot $12 | Rake $0.24
Board [7h 9d As]
Seat 5: popeluha (button) (small blind) collected ($11.76)
Seat 6: GRAILKO (big blind) folded on the Flop


PokerStars Hand #158912422614:  Hold'em Limit ($3/$6 USD) - 2016/09/21 15:53:45 ET
Table 'Octans II' 6-max Seat #5 is the button
Seat 5: popeluha ($209.25 in chips)
Seat 6: GRAILKO ($207.74 in chips)
popeluha: posts small blind $1
GRAILKO: posts big blind $3
*** HOLE CARDS ***
popeluha: raises $3 to $6
GRAILKO: raises $3 to $9
popeluha: calls $3
*** FLOP *** [Jh 3d 2s]
GRAILKO: bets $3
popeluha: calls $3
*** TURN *** [Jh 3d 2s] [Ac]
GRAILKO: bets $6
popeluha: calls $6
*** RIVER *** [Jh 3d 2s Ac] [2d]
GRAILKO: bets $6
popeluha: folds
Uncalled bet ($6) returned to GRAILKO
GRAILKO collected $35.50 from pot
GRAILKO: doesn't show hand
*** SUMMARY ***
Total pot $36 | Rake $0.50
Board [Jh 3d 2s Ac 2d]
Seat 5: popeluha (button) (small blind) folded on the River
Seat 6: GRAILKO (big blind) collected ($35.50)


PokerStars Hand #158916096927:  Hold'em Limit ($3/$6 USD) - 2016/09/21 17:09:35 ET
Table 'Octans II' 6-max Seat #6 is the button
Seat 1: GRAILKO ($207.07 in chips)
Seat 6: liroibom ($24 in chips)
liroibom: posts small blind $1
GRAILKO: posts big blind $3
*** HOLE CARDS ***
liroibom: folds
Uncalled bet ($2) returned to GRAILKO
GRAILKO collected $2 from pot
GRAILKO: doesn't show hand
*** SUMMARY ***
Total pot $2 | Rake $0
Seat 1: GRAILKO (big blind) collected ($2)
Seat 6: liroibom (button) (small blind) folded before Flop


PokerStars Hand #158916227001:  Hold'em Limit ($3/$6 USD) - 2016/09/21 17:12:17 ET
Table 'Octans II' 6-max Seat #1 is the button
Seat 1: GRAILKO ($216.53 in chips)
Seat 5: happyshine88 ($44 in chips)
GRAILKO: posts small blind $1
Zubasa07: is sitting out
happyshine88: posts big blind $3
*** HOLE CARDS ***
GRAILKO: raises $3 to $6
Zubasa07 leaves the table
happyshine88: calls $3
*** FLOP *** [3s 8h 6s]
happyshine88: checks
GRAILKO: checks
*** TURN *** [3s 8h 6s] [Qd]
happyshine88: checks
GRAILKO: bets $6
happyshine88: calls $6
*** RIVER *** [3s 8h 6s Qd] [6c]
happyshine88: bets $6
GRAILKO: calls $6
*** SHOW DOWN ***
happyshine88: shows [Jc 8c] (two pair, Eights and Sixes)
GRAILKO: shows [Qc Kc] (two pair, Queens and Sixes)
GRAILKO collected $35.50 from pot
*** SUMMARY ***
Total pot $36 | Rake $0.50
Board [3s 8h 6s Qd 6c]
Seat 1: GRAILKO (button) (small blind) showed [Qc Kc] and won ($35.50) with two pair, Queens and Sixes
Seat 5: happyshine88 (big blind) showed [Jc 8c] and lost with two pair, Eights and Sixes


PokerStars Hand #158916269427:  Hold'em Limit ($3/$6 USD) - 2016/09/21 17:13:10 ET
Table 'Octans II' 6-max Seat #1 is the button
Seat 1: GRAILKO ($228.03 in chips)
Seat 5: happyshine88 ($31.76 in chips)
GRAILKO: posts small blind $1
happyshine88: posts big blind $3
*** HOLE CARDS ***
GRAILKO: folds
Uncalled bet ($2) returned to happyshine88
happyshine88 collected $2 from pot
happyshine88: doesn't show hand
*** SUMMARY ***
Total pot $2 | Rake $0
Seat 1: GRAILKO (button) (small blind) folded before Flop
Seat 5: happyshine88 (big blind) collected ($2)


PokerStars Hand #158916256127:  Hold'em Limit ($3/$6 USD) - 2016/09/21 17:12:54 ET
Table 'Octans II' 6-max Seat #5 is the button
Seat 1: GRAILKO ($234.03 in chips)
Seat 5: happyshine88 ($26 in chips)
happyshine88: posts small blind $1
GRAILKO: posts big blind $3
*** HOLE CARDS ***
happyshine88: raises $3 to $6
GRAILKO: calls $3
*** FLOP *** [Jc 6c Qc]
GRAILKO: checks
happyshine88: bets $3
GRAILKO: folds
Uncalled bet ($3) returned to happyshine88
happyshine88 collected $11.76 from pot
happyshine88: doesn't show hand
*** SUMMARY ***
Total pot $12 | Rake $0.24
Board [Jc 6c Qc]
Seat 1: GRAILKO (big blind) folded on the Flop
Seat 5: happyshine88 (button) (small blind) collected ($11.76)


PokerStars Hand #158916320571:  Hold'em Limit ($3/$6 USD) - 2016/09/21 17:14:16 ET
Table 'Octans II' 6-max Seat #5 is the button
Seat 3: RaisemyNut$ ($230.15 in chips)
Seat 5: happyshine88 ($21.76 in chips)
happyshine88: posts small blind $1
GRAILKO: is sitting out
RaisemyNut$: posts big blind $3
*** HOLE CARDS ***
happyshine88: folds
Uncalled bet ($2) returned to RaisemyNut$
RaisemyNut$ collected $2 from pot
RaisemyNut$: doesn't show hand
GRAILKO leaves the table
*** SUMMARY ***
Total pot $2 | Rake $0
Seat 3: RaisemyNut$ (big blind) collected ($2)
Seat 5: happyshine88 (button) (small blind) folded before Flop


PokerStars Hand #158916273091:  Hold'em Limit ($3/$6 USD) - 2016/09/21 17:13:15 ET
Table 'Octans II' 6-max Seat #5 is the button
Seat 1: GRAILKO ($227.03 in chips)
Seat 5: happyshine88 ($32.76 in chips)
happyshine88: posts small blind $1
GRAILKO: posts big blind $3
*** HOLE CARDS ***
happyshine88: raises $3 to $6
GRAILKO: calls $3
*** FLOP *** [Ah 4s 6s]
GRAILKO: checks
happyshine88: checks
*** TURN *** [Ah 4s 6s] [Jc]
GRAILKO: checks
happyshine88: bets $6
GRAILKO: calls $6
*** RIVER *** [Ah 4s 6s Jc] [Ks]
GRAILKO: checks
happyshine88: checks
*** SHOW DOWN ***
GRAILKO: shows [Jd 5h] (a pair of Jacks)
happyshine88: mucks hand
GRAILKO collected $23.52 from pot
*** SUMMARY ***
Total pot $24 | Rake $0.48
Board [Ah 4s 6s Jc Ks]
Seat 1: GRAILKO (big blind) showed [Jd 5h] and won ($23.52) with a pair of Jacks
Seat 5: happyshine88 (button) (small blind) mucked


PokerStars Hand #158916368316:  Hold'em Limit ($3/$6 USD) - 2016/09/21 17:15:16 ET
Table 'Octans II' 6-max Seat #5 is the button
Seat 3: RaisemyNut$ ($216.15 in chips)
Seat 5: happyshine88 ($35.26 in chips)
happyshine88: posts small blind $1
RaisemyNut$: posts big blind $3
*** HOLE CARDS ***
happyshine88: folds
Uncalled bet ($2) returned to RaisemyNut$
RaisemyNut$ collected $2 from pot
RaisemyNut$: doesn't show hand
*** SUMMARY ***
Total pot $2 | Rake $0
Seat 3: RaisemyNut$ (big blind) collected ($2)
Seat 5: happyshine88 (button) (small blind) folded before Flop


PokerStars Hand #158916364606:  Hold'em Limit ($3/$6 USD) - 2016/09/21 17:15:11 ET
Table 'Octans II' 6-max Seat #3 is the button
Seat 3: RaisemyNut$ ($217.15 in chips)
Seat 5: happyshine88 ($34.26 in chips)
RaisemyNut$: posts small blind $1
happyshine88: posts big blind $3
*** HOLE CARDS ***
RaisemyNut$: folds
Uncalled bet ($2) returned to happyshine88
happyshine88 collected $2 from pot
happyshine88: doesn't show hand
*** SUMMARY ***
Total pot $2 | Rake $0
Seat 3: RaisemyNut$ (button) (small blind) folded before Flop
Seat 5: happyshine88 (big blind) collected ($2)


PokerStars Hand #158916360731:  Hold'em Limit ($3/$6 USD) - 2016/09/21 17:15:06 ET
Table 'Octans II' 6-max Seat #5 is the button
Seat 3: RaisemyNut$ ($216.15 in chips)
Seat 5: happyshine88 ($35.26 in chips)
happyshine88: posts small blind $1
RaisemyNut$: posts big blind $3
*** HOLE CARDS ***
happyshine88: folds
Uncalled bet ($2) returned to RaisemyNut$
RaisemyNut$ collected $2 from pot
RaisemyNut$: doesn't show hand
*** SUMMARY ***
Total pot $2 | Rake $0
Seat 3: RaisemyNut$ (big blind) collected ($2)
Seat 5: happyshine88 (button) (small blind) folded before Flop


PokerStars Hand #158916324541:  Hold'em Limit ($3/$6 USD) - 2016/09/21 17:14:21 ET
Table 'Octans II' 6-max Seat #3 is the button
Seat 3: RaisemyNut$ ($231.15 in chips)
Seat 5: happyshine88 ($20.76 in chips)
RaisemyNut$: posts small blind $1
happyshine88: posts big blind $3
*** HOLE CARDS ***
RaisemyNut$: raises $3 to $6
happyshine88: calls $3
*** FLOP *** [As Ks 5d]
happyshine88: checks
RaisemyNut$: bets $3
happyshine88: calls $3
*** TURN *** [As Ks 5d] [5c]
happyshine88: checks
RaisemyNut$: bets $6
happyshine88: raises $5.76 to $11.76 and is all-in
RaisemyNut$: folds
Uncalled bet ($5.76) returned to happyshine88
happyshine88 collected $29.50 from pot
happyshine88: doesn't show hand
*** SUMMARY ***
Total pot $30 | Rake $0.50
Board [As Ks 5d 5c]
Seat 3: RaisemyNut$ (button) (small blind) folded on the Turn
Seat 5: happyshine88 (big blind) collected ($29.50)


PokerStars Hand #158916413345:  Hold'em Limit ($3/$6 USD) - 2016/09/21 17:16:14 ET
Table 'Octans II' 6-max Seat #3 is the button
Seat 3: RaisemyNut$ ($191.15 in chips)
Seat 5: happyshine88 ($59.76 in chips)
RaisemyNut$: posts small blind $1
happyshine88: posts big blind $3
*** HOLE CARDS ***
RaisemyNut$: folds
Uncalled bet ($2) returned to happyshine88
happyshine88 collected $2 from pot
happyshine88: doesn't show hand
*** SUMMARY ***
Total pot $2 | Rake $0
Seat 3: RaisemyNut$ (button) (small blind) folded before Flop
Seat 5: happyshine88 (big blind) collected ($2)


PokerStars Hand #158916406162:  Hold'em Limit ($3/$6 USD) - 2016/09/21 17:16:04 ET
Table 'Octans II' 6-max Seat #5 is the button
Seat 3: RaisemyNut$ ($190.15 in chips)
Seat 5: happyshine88 ($60.76 in chips)
happyshine88: posts small blind $1
RaisemyNut$: posts big blind $3
*** HOLE CARDS ***
happyshine88: folds
Uncalled bet ($2) returned to RaisemyNut$
RaisemyNut$ collected $2 from pot
RaisemyNut$: doesn't show hand
*** SUMMARY ***
Total pot $2 | Rake $0
Seat 3: RaisemyNut$ (big blind) collected ($2)
Seat 5: happyshine88 (button) (small blind) folded before Flop


PokerStars Hand #158916372095:  Hold'em Limit ($3/$6 USD) - 2016/09/21 17:15:21 ET
Table 'Octans II' 6-max Seat #3 is the button
Seat 3: RaisemyNut$ ($217.15 in chips)
Seat 5: happyshine88 ($34.26 in chips)
RaisemyNut$: posts small blind $1
happyshine88: posts big blind $3
*** HOLE CARDS ***
RaisemyNut$: raises $3 to $6
happyshine88: calls $3
*** FLOP *** [Ah Jc 6s]
happyshine88: checks
RaisemyNut$: bets $3
happyshine88: calls $3
*** TURN *** [Ah Jc 6s] [5d]
happyshine88: checks
RaisemyNut$: bets $6
happyshine88: calls $6
*** RIVER *** [Ah Jc 6s 5d] [8s]
happyshine88: checks
RaisemyNut$: bets $6
happyshine88: raises $6 to $12
RaisemyNut$: calls $6
*** SHOW DOWN ***
happyshine88: shows [8h 8d] (three of a kind, Eights)
RaisemyNut$: mucks hand
happyshine88 collected $53.50 from pot
*** SUMMARY ***
Total pot $54 | Rake $0.50
Board [Ah Jc 6s 5d 8s]
Seat 3: RaisemyNut$ (button) (small blind) mucked
Seat 5: happyshine88 (big blind) showed [8h 8d] and won ($53.50) with three of a kind, Eights


PokerStars Hand #158916456022:  Hold'em Limit ($3/$6 USD) - 2016/09/21 17:17:09 ET
Table 'Octans II' 6-max Seat #5 is the button
Seat 3: RaisemyNut$ ($187.15 in chips)
Seat 5: happyshine88 ($63.52 in chips)
happyshine88: posts small blind $1
RaisemyNut$: posts big blind $3
*** HOLE CARDS ***
happyshine88: folds
Uncalled bet ($2) returned to RaisemyNut$
RaisemyNut$ collected $2 from pot
RaisemyNut$: doesn't show hand
*** SUMMARY ***
Total pot $2 | Rake $0
Seat 3: RaisemyNut$ (big blind) collected ($2)
Seat 5: happyshine88 (button) (small blind) folded before Flop


PokerStars Hand #158916443994:  Hold'em Limit ($3/$6 USD) - 2016/09/21 17:16:53 ET
Table 'Octans II' 6-max Seat #3 is the button
Seat 3: RaisemyNut$ ($184.15 in chips)
Seat 5: happyshine88 ($66.52 in chips)
RaisemyNut$: posts small blind $1
happyshine88: posts big blind $3
*** HOLE CARDS ***
RaisemyNut$: raises $3 to $6
happyshine88: folds
Uncalled bet ($3) returned to RaisemyNut$
RaisemyNut$ collected $6 from pot
RaisemyNut$: doesn't show hand
*** SUMMARY ***
Total pot $6 | Rake $0
Seat 3: RaisemyNut$ (button) (small blind) collected ($6)
Seat 5: happyshine88 (big blind) folded before Flop


PokerStars Hand #158916421595:  Hold'em Limit ($3/$6 USD) - 2016/09/21 17:16:24 ET
Table 'Octans II' 6-max Seat #5 is the button
Seat 3: RaisemyNut$ ($190.15 in chips)
Seat 5: happyshine88 ($60.76 in chips)
happyshine88: posts small blind $1
RaisemyNut$: posts big blind $3
*** HOLE CARDS ***
happyshine88: raises $3 to $6
RaisemyNut$: calls $3
*** FLOP *** [Jh 3c Qh]
RaisemyNut$: checks
happyshine88: bets $3
RaisemyNut$: folds
Uncalled bet ($3) returned to happyshine88
happyshine88 collected $11.76 from pot
happyshine88: doesn't show hand
*** SUMMARY ***
Total pot $12 | Rake $0.24
Board [Jh 3c Qh]
Seat 3: RaisemyNut$ (big blind) folded on the Flop
Seat 5: happyshine88 (button) (small blind) collected ($11.76)


PokerStars Hand #158916460178:  Hold'em Limit ($3/$6 USD) - 2016/09/21 17:17:14 ET
Table 'Octans II' 6-max Seat #3 is the button
Seat 3: RaisemyNut$ ($188.15 in chips)
Seat 5: happyshine88 ($62.52 in chips)
RaisemyNut$: posts small blind $1
happyshine88: posts big blind $3
*** HOLE CARDS ***
RaisemyNut$: raises $3 to $6
happyshine88: calls $3
*** FLOP *** [5d 6h 4d]
happyshine88: checks
RaisemyNut$: bets $3
happyshine88: raises $3 to $6
RaisemyNut$: calls $3
*** TURN *** [5d 6h 4d] [Qc]
happyshine88: bets $6
RaisemyNut$: calls $6
*** RIVER *** [5d 6h 4d Qc] [As]
happyshine88: checks
RaisemyNut$: checks
*** SHOW DOWN ***
happyshine88: shows [7d 7h] (a pair of Sevens)
RaisemyNut$: mucks hand
happyshine88 collected $35.50 from pot
*** SUMMARY ***
Total pot $36 | Rake $0.50
Board [5d 6h 4d Qc As]
Seat 3: RaisemyNut$ (button) (small blind) mucked
Seat 5: happyshine88 (big blind) showed [7d 7h] and won ($35.50) with a pair of Sevens


PokerStars Hand #158916521620:  Hold'em Limit ($3/$6 USD) - 2016/09/21 17:18:33 ET
Table 'Octans II' 6-max Seat #3 is the button
Seat 3: RaisemyNut$ ($146.15 in chips)
Seat 5: happyshine88 ($103.52 in chips)
RaisemyNut$: posts small blind $1
happyshine88: posts big blind $3
*** HOLE CARDS ***
RaisemyNut$: raises $3 to $6
happyshine88: calls $3
*** FLOP *** [5h 3c 3s]
happyshine88: checks
RaisemyNut$: bets $3
happyshine88: calls $3
*** TURN *** [5h 3c 3s] [Jd]
happyshine88: checks
RaisemyNut$: bets $6
happyshine88: folds
Uncalled bet ($6) returned to RaisemyNut$
RaisemyNut$ collected $17.64 from pot
RaisemyNut$: doesn't show hand
*** SUMMARY ***
Total pot $18 | Rake $0.36
Board [5h 3c 3s Jd]
Seat 3: RaisemyNut$ (button) (small blind) collected ($17.64)
Seat 5: happyshine88 (big blind) folded on the Turn


PokerStars Hand #158916486973:  Hold'em Limit ($3/$6 USD) - 2016/09/21 17:17:49 ET
Table 'Octans II' 6-max Seat #5 is the button
Seat 3: RaisemyNut$ ($170.15 in chips)
Seat 5: happyshine88 ($80.02 in chips)
happyshine88: posts small blind $1
RaisemyNut$: posts big blind $3
*** HOLE CARDS ***
happyshine88: raises $3 to $6
RaisemyNut$: raises $3 to $9
happyshine88: calls $3
*** FLOP *** [6s 3d Ts]
RaisemyNut$: bets $3
happyshine88: calls $3
*** TURN *** [6s 3d Ts] [Qs]
RaisemyNut$: bets $6
happyshine88: raises $6 to $12
RaisemyNut$: calls $6
*** RIVER *** [6s 3d Ts Qs] [7s]
RaisemyNut$: checks
happyshine88: checks
*** SHOW DOWN ***
RaisemyNut$: shows [Jc Kh] (high card King)
happyshine88: shows [Qh Th] (two pair, Queens and Tens)
happyshine88 collected $47.50 from pot
*** SUMMARY ***
Total pot $48 | Rake $0.50
Board [6s 3d Ts Qs 7s]
Seat 3: RaisemyNut$ (big blind) showed [Jc Kh] and lost with high card King
Seat 5: happyshine88 (button) (small blind) showed [Qh Th] and won ($47.50) with two pair, Queens and Tens


PokerStars Hand #158916578234:  Hold'em Limit ($3/$6 USD) - 2016/09/21 17:19:47 ET
Table 'Octans II' 6-max Seat #3 is the button
Seat 3: RaisemyNut$ ($148.79 in chips)
Seat 5: happyshine88 ($100.28 in chips)
RaisemyNut$: posts small blind $1
happyshine88: posts big blind $3
*** HOLE CARDS ***
RaisemyNut$: raises $3 to $6
happyshine88: folds
Uncalled bet ($3) returned to RaisemyNut$
RaisemyNut$ collected $6 from pot
RaisemyNut$: doesn't show hand
*** SUMMARY ***
Total pot $6 | Rake $0
Seat 3: RaisemyNut$ (button) (small blind) collected ($6)
Seat 5: happyshine88 (big blind) folded before Flop


PokerStars Hand #158916554279:  Hold'em Limit ($3/$6 USD) - 2016/09/21 17:19:16 ET
Table 'Octans II' 6-max Seat #5 is the button
Seat 3: RaisemyNut$ ($154.79 in chips)
Seat 5: happyshine88 ($94.52 in chips)
happyshine88: posts small blind $1
RaisemyNut$: posts big blind $3
*** HOLE CARDS ***
happyshine88: raises $3 to $6
RaisemyNut$: calls $3
*** FLOP *** [Kd 5d 9s]
RaisemyNut$: checks
happyshine88: bets $3
RaisemyNut$: folds
Uncalled bet ($3) returned to happyshine88
happyshine88 collected $11.76 from pot
happyshine88: doesn't show hand
*** SUMMARY ***
Total pot $12 | Rake $0.24
Board [Kd 5d 9s]
Seat 3: RaisemyNut$ (big blind) folded on the Flop
Seat 5: happyshine88 (button) (small blind) collected ($11.76)


PokerStars Hand #158916588817:  Hold'em Limit ($3/$6 USD) - 2016/09/21 17:20:00 ET
Table 'Octans II' 6-max Seat #5 is the button
Seat 3: RaisemyNut$ ($151.79 in chips)
Seat 5: happyshine88 ($97.28 in chips)
happyshine88: posts small blind $1
RaisemyNut$: posts big blind $3
*** HOLE CARDS ***
happyshine88: raises $3 to $6
RaisemyNut$: raises $3 to $9
happyshine88: calls $3
*** FLOP *** [9d 2c 3h]
RaisemyNut$: bets $3
happyshine88: calls $3
*** TURN *** [9d 2c 3h] [As]
RaisemyNut$: bets $6
happyshine88: calls $6
*** RIVER *** [9d 2c 3h As] [4s]
RaisemyNut$: bets $6
happyshine88: calls $6
*** SHOW DOWN ***
RaisemyNut$: shows [Ah Td] (a pair of Aces)
happyshine88: shows [Js Ad] (a pair of Aces - Jack kicker)
happyshine88 collected $47.50 from pot
*** SUMMARY ***
Total pot $48 | Rake $0.50
Board [9d 2c 3h As 4s]
Seat 3: RaisemyNut$ (big blind) showed [Ah Td] and lost with a pair of Aces
Seat 5: happyshine88 (button) (small blind) showed [Js Ad] and won ($47.50) with a pair of Aces


PokerStars Hand #158916622107:  Hold'em Limit ($3/$6 USD) - 2016/09/21 17:20:44 ET
Table 'Octans II' 6-max Seat #3 is the button
Seat 3: RaisemyNut$ ($127.79 in chips)
Seat 5: happyshine88 ($120.78 in chips)
RaisemyNut$: posts small blind $1
happyshine88: posts big blind $3
*** HOLE CARDS ***
RaisemyNut$: raises $3 to $6
happyshine88: calls $3
*** FLOP *** [Ad Qd 9d]
happyshine88: checks
RaisemyNut$: bets $3
happyshine88: calls $3
*** TURN *** [Ad Qd 9d] [3c]
happyshine88: checks
RaisemyNut$ is disconnected
RaisemyNut$ has timed out while disconnected
RaisemyNut$: checks
*** RIVER *** [Ad Qd 9d 3c] [9s]
happyshine88: bets $6
RaisemyNut$ is connected
RaisemyNut$: calls $6
*** SHOW DOWN ***
happyshine88: shows [Tc As] (two pair, Aces and Nines)
RaisemyNut$: shows [5s Ah] (two pair, Aces and Nines)
ABATAPP joins the table at seat #1
happyshine88 collected $14.75 from pot
RaisemyNut$ collected $14.75 from pot
*** SUMMARY ***
Total pot $30 | Rake $0.50
Board [Ad Qd 9d 3c 9s]
Seat 3: RaisemyNut$ (button) (small blind) showed [5s Ah] and won ($14.75) with two pair, Aces and Nines
Seat 5: happyshine88 (big blind) showed [Tc As] and won ($14.75) with two pair, Aces and Nines


PokerStars Hand #158916780008:  Hold'em Limit ($3/$6 USD) - 2016/09/21 17:24:11 ET
Table 'Octans II' 6-max Seat #5 is the button
Seat 1: ABATAPP ($124 in chips)
Seat 5: happyshine88 ($116.53 in chips)
happyshine88: posts small blind $1
ABATAPP: posts big blind $3
*** HOLE CARDS ***
happyshine88: folds
Uncalled bet ($2) returned to ABATAPP
ABATAPP collected $2 from pot
ABATAPP: doesn't show hand
*** SUMMARY ***
Total pot $2 | Rake $0
Seat 1: ABATAPP (big blind) collected ($2)
Seat 5: happyshine88 (button) (small blind) folded before Flop


PokerStars Hand #158916827750:  Hold'em Limit ($3/$6 USD) - 2016/09/21 17:25:13 ET
Table 'Octans II' 6-max Seat #3 is the button
Seat 3: RaisemyNut$ ($127.54 in chips)
Seat 5: happyshine88 ($115.53 in chips)
RaisemyNut$: posts small blind $1
happyshine88: posts big blind $3
*** HOLE CARDS ***
RaisemyNut$: raises $3 to $6
happyshine88: folds
Uncalled bet ($3) returned to RaisemyNut$
RaisemyNut$ collected $6 from pot
*** SUMMARY ***
Total pot $6 | Rake $0
Seat 3: RaisemyNut$ (button) (small blind) collected ($6)
Seat 5: happyshine88 (big blind) folded before Flop


PokerStars Hand #158917169100:  Hold'em Limit ($3/$6 USD) - 2016/09/21 17:32:36 ET
Table 'Octans II' 6-max Seat #3 is the button
Seat 2: tigertimon ($42.44 in chips)
Seat 3: RaisemyNut$ ($137.54 in chips)
RaisemyNut$: posts small blind $1
Zubasa07: is sitting out
tigertimon: posts big blind $3
*** HOLE CARDS ***
RaisemyNut$: raises $3 to $6
tigertimon: folds
Uncalled bet ($3) returned to RaisemyNut$
Zubasa07 leaves the table
RaisemyNut$ collected $6 from pot
RaisemyNut$: doesn't show hand
*** SUMMARY ***
Total pot $6 | Rake $0
Seat 2: tigertimon (big blind) folded before Flop
Seat 3: RaisemyNut$ (button) (small blind) collected ($6)


PokerStars Hand #158917176979:  Hold'em Limit ($3/$6 USD) - 2016/09/21 17:32:45 ET
Table 'Octans II' 6-max Seat #2 is the button
Seat 2: tigertimon ($39.44 in chips)
Seat 3: RaisemyNut$ ($140.54 in chips)
tigertimon: posts small blind $1
RaisemyNut$: posts big blind $3
*** HOLE CARDS ***
ABATAPP leaves the table
tigertimon: raises $3 to $6
RaisemyNut$: calls $3
*** FLOP *** [5h 4s 2h]
RaisemyNut$: checks
tigertimon: bets $3
RaisemyNut$: raises $3 to $6
tigertimon: calls $3
*** TURN *** [5h 4s 2h] [7d]
RaisemyNut$: bets $6
tigertimon: calls $6
*** RIVER *** [5h 4s 2h 7d] [Ac]
RaisemyNut$: checks
tigertimon: bets $6
RaisemyNut$: folds
Uncalled bet ($6) returned to tigertimon
tigertimon collected $35.50 from pot
tigertimon: doesn't show hand
*** SUMMARY ***
Total pot $36 | Rake $0.50
Board [5h 4s 2h 7d Ac]
Seat 2: tigertimon (button) (small blind) collected ($35.50)
Seat 3: RaisemyNut$ (big blind) folded on the River


PokerStars Hand #158917204398:  Hold'em Limit ($3/$6 USD) - 2016/09/21 17:33:19 ET
Table 'Octans II' 6-max Seat #3 is the button
Seat 2: tigertimon ($56.94 in chips)
Seat 3: RaisemyNut$ ($122.54 in chips)
RaisemyNut$: posts small blind $1
tigertimon: posts big blind $3
*** HOLE CARDS ***
RaisemyNut$: raises $3 to $6
tigertimon: calls $3
*** FLOP *** [Kd 2h 4h]
tigertimon: bets $3
RaisemyNut$: calls $3
*** TURN *** [Kd 2h 4h] [5d]
tigertimon: bets $6
RaisemyNut$: folds
Uncalled bet ($6) returned to tigertimon
tigertimon collected $17.64 from pot
tigertimon: doesn't show hand
*** SUMMARY ***
Total pot $18 | Rake $0.36
Board [Kd 2h 4h 5d]
Seat 2: tigertimon (big blind) collected ($17.64)
Seat 3: RaisemyNut$ (button) (small blind) folded on the Turn


PokerStars Hand #158917220827:  Hold'em Limit ($3/$6 USD) - 2016/09/21 17:33:39 ET
Table 'Octans II' 6-max Seat #2 is the button
Seat 2: tigertimon ($65.58 in chips)
Seat 3: RaisemyNut$ ($113.54 in chips)
tigertimon: posts small blind $1
RaisemyNut$: posts big blind $3
*** HOLE CARDS ***
tigertimon: folds
Uncalled bet ($2) returned to RaisemyNut$
RaisemyNut$ collected $2 from pot
RaisemyNut$: doesn't show hand
*** SUMMARY ***
Total pot $2 | Rake $0
Seat 2: tigertimon (button) (small blind) folded before Flop
Seat 3: RaisemyNut$ (big blind) collected ($2)


PokerStars Hand #158917226772:  Hold'em Limit ($3/$6 USD) - 2016/09/21 17:33:46 ET
Table 'Octans II' 6-max Seat #3 is the button
Seat 2: tigertimon ($64.58 in chips)
Seat 3: RaisemyNut$ ($114.54 in chips)
RaisemyNut$: posts small blind $1
tigertimon: posts big blind $3
*** HOLE CARDS ***
RaisemyNut$: raises $3 to $6
tigertimon: raises $3 to $9
RaisemyNut$: calls $3
*** FLOP *** [2d As 2c]
tigertimon: bets $3
RaisemyNut$: folds
Uncalled bet ($3) returned to tigertimon
tigertimon collected $17.64 from pot
tigertimon: doesn't show hand
*** SUMMARY ***
Total pot $18 | Rake $0.36
Board [2d As 2c]
Seat 2: tigertimon (big blind) collected ($17.64)
Seat 3: RaisemyNut$ (button) (small blind) folded on the Flop


PokerStars Hand #158917237465:  Hold'em Limit ($3/$6 USD) - 2016/09/21 17:33:59 ET
Table 'Octans II' 6-max Seat #2 is the button
Seat 2: tigertimon ($73.22 in chips)
Seat 3: RaisemyNut$ ($105.54 in chips)
tigertimon: posts small blind $1
RaisemyNut$: posts big blind $3
*** HOLE CARDS ***
tigertimon: raises $3 to $6
RaisemyNut$: raises $3 to $9
tigertimon: calls $3
*** FLOP *** [6c 9c Ac]
RaisemyNut$: bets $3
tigertimon: calls $3
*** TURN *** [6c 9c Ac] [2h]
RaisemyNut$: checks
tigertimon: bets $6
RaisemyNut$: calls $6
*** RIVER *** [6c 9c Ac 2h] [5c]
RaisemyNut$: bets $6
tigertimon: raises $6 to $12
RaisemyNut$: calls $6
*** SHOW DOWN ***
tigertimon: shows [3c Qc] (a flush, Ace high)
RaisemyNut$: mucks hand
tigertimon collected $59.50 from pot
*** SUMMARY ***
Total pot $60 | Rake $0.50
Board [6c 9c Ac 2h 5c]
Seat 2: tigertimon (button) (small blind) showed [3c Qc] and won ($59.50) with a flush, Ace high
Seat 3: RaisemyNut$ (big blind) mucked


PokerStars Hand #158917261267:  Hold'em Limit ($3/$6 USD) - 2016/09/21 17:34:29 ET
Table 'Octans II' 6-max Seat #3 is the button
Seat 2: tigertimon ($102.72 in chips)
Seat 3: RaisemyNut$ ($75.54 in chips)
RaisemyNut$: posts small blind $1
tigertimon: posts big blind $3
*** HOLE CARDS ***
RaisemyNut$: raises $3 to $6
tigertimon: raises $3 to $9
RaisemyNut$: calls $3
*** FLOP *** [3h 8s 3d]
tigertimon: bets $3
RaisemyNut$: calls $3
*** TURN *** [3h 8s 3d] [7c]
tigertimon: checks
RaisemyNut$: bets $6
tigertimon: calls $6
*** RIVER *** [3h 8s 3d 7c] [Kc]
tigertimon: checks
RaisemyNut$: bets $6
tigertimon: calls $6
*** SHOW DOWN ***
RaisemyNut$: shows [2c 3c] (three of a kind, Threes)
tigertimon: mucks hand
RaisemyNut$ collected $47.50 from pot
*** SUMMARY ***
Total pot $48 | Rake $0.50
Board [3h 8s 3d 7c Kc]
Seat 2: tigertimon (big blind) mucked
Seat 3: RaisemyNut$ (button) (small blind) showed [2c 3c] and won ($47.50) with three of a kind, Threes


PokerStars Hand #158917287337:  Hold'em Limit ($3/$6 USD) - 2016/09/21 17:35:02 ET
Table 'Octans II' 6-max Seat #2 is the button
Seat 2: tigertimon ($78.72 in chips)
Seat 3: RaisemyNut$ ($99.04 in chips)
tigertimon: posts small blind $1
RaisemyNut$: posts big blind $3
*** HOLE CARDS ***
tigertimon: folds
Uncalled bet ($2) returned to RaisemyNut$
RaisemyNut$ collected $2 from pot
RaisemyNut$: doesn't show hand
*** SUMMARY ***
Total pot $2 | Rake $0
Seat 2: tigertimon (button) (small blind) folded before Flop
Seat 3: RaisemyNut$ (big blind) collected ($2)


PokerStars Hand #158917292158:  Hold'em Limit ($3/$6 USD) - 2016/09/21 17:35:07 ET
Table 'Octans II' 6-max Seat #3 is the button
Seat 2: tigertimon ($77.72 in chips)
Seat 3: RaisemyNut$ ($100.04 in chips)
RaisemyNut$: posts small blind $1
tigertimon: posts big blind $3
*** HOLE CARDS ***
RaisemyNut$: raises $3 to $6
tigertimon: calls $3
*** FLOP *** [Ac 6c Qs]
tigertimon: checks
RaisemyNut$: bets $3
tigertimon: folds
Uncalled bet ($3) returned to RaisemyNut$
RaisemyNut$ collected $11.76 from pot
RaisemyNut$: doesn't show hand
*** SUMMARY ***
Total pot $12 | Rake $0.24
Board [Ac 6c Qs]
Seat 2: tigertimon (big blind) folded on the Flop
Seat 3: RaisemyNut$ (button) (small blind) collected ($11.76)


PokerStars Hand #158917304765:  Hold'em Limit ($3/$6 USD) - 2016/09/21 17:35:23 ET
Table 'Octans II' 6-max Seat #2 is the button
Seat 2: tigertimon ($71.72 in chips)
Seat 3: RaisemyNut$ ($105.80 in chips)
tigertimon: posts small blind $1
RaisemyNut$: posts big blind $3
*** HOLE CARDS ***
tigertimon: raises $3 to $6
RaisemyNut$: raises $3 to $9
tigertimon: raises $3 to $12
Betting is capped
RaisemyNut$: calls $3
*** FLOP *** [Ac 4s 7h]
RaisemyNut$: checks
tigertimon: bets $3
RaisemyNut$: folds
Uncalled bet ($3) returned to tigertimon
tigertimon collected $23.52 from pot
tigertimon: doesn't show hand
*** SUMMARY ***
Total pot $24 | Rake $0.48
Board [Ac 4s 7h]
Seat 2: tigertimon (button) (small blind) collected ($23.52)
Seat 3: RaisemyNut$ (big blind) folded on the Flop


PokerStars Hand #158917328386:  Hold'em Limit ($3/$6 USD) - 2016/09/21 17:35:53 ET
Table 'Octans II' 6-max Seat #3 is the button
Seat 2: tigertimon ($83.24 in chips)
Seat 3: RaisemyNut$ ($93.80 in chips)
RaisemyNut$: posts small blind $1
tigertimon: posts big blind $3
*** HOLE CARDS ***
RaisemyNut$: raises $3 to $6
tigertimon: raises $3 to $9
RaisemyNut$: calls $3
*** FLOP *** [Kh Jh Ah]
tigertimon: checks
RaisemyNut$: bets $3
tigertimon: folds
Uncalled bet ($3) returned to RaisemyNut$
RaisemyNut$ collected $17.64 from pot
RaisemyNut$: doesn't show hand
*** SUMMARY ***
Total pot $18 | Rake $0.36
Board [Kh Jh Ah]
Seat 2: tigertimon (big blind) folded on the Flop
Seat 3: RaisemyNut$ (button) (small blind) collected ($17.64)


PokerStars Hand #158917340614:  Hold'em Limit ($3/$6 USD) - 2016/09/21 17:36:09 ET
Table 'Octans II' 6-max Seat #2 is the button
Seat 2: tigertimon ($74.24 in chips)
Seat 3: RaisemyNut$ ($102.44 in chips)
tigertimon: posts small blind $1
RaisemyNut$: posts big blind $3
*** HOLE CARDS ***
tigertimon: raises $3 to $6
RaisemyNut$: calls $3
*** FLOP *** [Ks Ts Qh]
RaisemyNut$: checks
tigertimon: bets $3
RaisemyNut$: calls $3
*** TURN *** [Ks Ts Qh] [As]
RaisemyNut$: checks
tigertimon: bets $6
RaisemyNut$: folds
Uncalled bet ($6) returned to tigertimon
tigertimon collected $17.64 from pot
tigertimon: doesn't show hand
*** SUMMARY ***
Total pot $18 | Rake $0.36
Board [Ks Ts Qh As]
Seat 2: tigertimon (button) (small blind) collected ($17.64)
Seat 3: RaisemyNut$ (big blind) folded on the Turn


PokerStars Hand #158917370619:  Hold'em Limit ($3/$6 USD) - 2016/09/21 17:36:46 ET
Table 'Octans II' 6-max Seat #2 is the button
Seat 2: tigertimon ($83.88 in chips)
Seat 3: RaisemyNut$ ($92.44 in chips)
tigertimon: posts small blind $1
RaisemyNut$: posts big blind $3
*** HOLE CARDS ***
tigertimon: folds
Uncalled bet ($2) returned to RaisemyNut$
RaisemyNut$ collected $2 from pot
RaisemyNut$: doesn't show hand
*** SUMMARY ***
Total pot $2 | Rake $0
Seat 2: tigertimon (button) (small blind) folded before Flop
Seat 3: RaisemyNut$ (big blind) collected ($2)


PokerStars Hand #158917357537:  Hold'em Limit ($3/$6 USD) - 2016/09/21 17:36:30 ET
Table 'Octans II' 6-max Seat #3 is the button
Seat 2: tigertimon ($82.88 in chips)
Seat 3: RaisemyNut$ ($93.44 in chips)
RaisemyNut$: posts small blind $1
tigertimon: posts big blind $3
*** HOLE CARDS ***
RaisemyNut$: folds
Uncalled bet ($2) returned to tigertimon
tigertimon collected $2 from pot
tigertimon: doesn't show hand
*** SUMMARY ***
Total pot $2 | Rake $0
Seat 2: tigertimon (big blind) collected ($2)
Seat 3: RaisemyNut$ (button) (small blind) folded before Flop


PokerStars Hand #158917378923:  Hold'em Limit ($3/$6 USD) - 2016/09/21 17:36:57 ET
Table 'Octans II' 6-max Seat #2 is the button
Seat 2: tigertimon ($83.88 in chips)
Seat 3: RaisemyNut$ ($92.44 in chips)
tigertimon: posts small blind $1
RaisemyNut$: posts big blind $3
*** HOLE CARDS ***
tigertimon: folds
Uncalled bet ($2) returned to RaisemyNut$
RaisemyNut$ collected $2 from pot
RaisemyNut$: doesn't show hand
*** SUMMARY ***
Total pot $2 | Rake $0
Seat 2: tigertimon (button) (small blind) folded before Flop
Seat 3: RaisemyNut$ (big blind) collected ($2)


PokerStars Hand #158917375083:  Hold'em Limit ($3/$6 USD) - 2016/09/21 17:36:52 ET
Table 'Octans II' 6-max Seat #3 is the button
Seat 2: tigertimon ($82.88 in chips)
Seat 3: RaisemyNut$ ($93.44 in chips)
RaisemyNut$: posts small blind $1
tigertimon: posts big blind $3
*** HOLE CARDS ***
RaisemyNut$: folds
Uncalled bet ($2) returned to tigertimon
tigertimon collected $2 from pot
tigertimon: doesn't show hand
*** SUMMARY ***
Total pot $2 | Rake $0
Seat 2: tigertimon (big blind) collected ($2)
Seat 3: RaisemyNut$ (button) (small blind) folded before Flop


PokerStars Hand #158917383484:  Hold'em Limit ($3/$6 USD) - 2016/09/21 17:37:02 ET
Table 'Octans II' 6-max Seat #3 is the button
Seat 2: tigertimon ($82.88 in chips)
Seat 3: RaisemyNut$ ($93.44 in chips)
RaisemyNut$: posts small blind $1
tigertimon: posts big blind $3
*** HOLE CARDS ***
RaisemyNut$: raises $3 to $6
tigertimon: folds
Uncalled bet ($3) returned to RaisemyNut$
RaisemyNut$ collected $6 from pot
RaisemyNut$: doesn't show hand
*** SUMMARY ***
Total pot $6 | Rake $0
Seat 2: tigertimon (big blind) folded before Flop
Seat 3: RaisemyNut$ (button) (small blind) collected ($6)


PokerStars Hand #158917388932:  Hold'em Limit ($3/$6 USD) - 2016/09/21 17:37:09 ET
Table 'Octans II' 6-max Seat #2 is the button
Seat 2: tigertimon ($79.88 in chips)
Seat 3: RaisemyNut$ ($96.44 in chips)
tigertimon: posts small blind $1
RaisemyNut$: posts big blind $3
*** HOLE CARDS ***
tigertimon: raises $3 to $6
RaisemyNut$: calls $3
*** FLOP *** [2s Ks 8s]
RaisemyNut$: checks
tigertimon: bets $3
RaisemyNut$: calls $3
*** TURN *** [2s Ks 8s] [6h]
RaisemyNut$: checks
tigertimon: bets $6
RaisemyNut$: calls $6
*** RIVER *** [2s Ks 8s 6h] [9s]
RaisemyNut$: checks
tigertimon: bets $6
RaisemyNut$: folds
Uncalled bet ($6) returned to tigertimon
tigertimon collected $29.50 from pot
tigertimon: doesn't show hand
*** SUMMARY ***
Total pot $30 | Rake $0.50
Board [2s Ks 8s 6h 9s]
Seat 2: tigertimon (button) (small blind) collected ($29.50)
Seat 3: RaisemyNut$ (big blind) folded on the River


PokerStars Hand #158917446600:  Hold'em Limit ($3/$6 USD) - 2016/09/21 17:38:24 ET
Table 'Octans II' 6-max Seat #2 is the button
Seat 2: tigertimon ($103.02 in chips)
Seat 3: RaisemyNut$ ($72.44 in chips)
tigertimon: posts small blind $1
RaisemyNut$: posts big blind $3
*** HOLE CARDS ***
tigertimon: raises $3 to $6
RaisemyNut$: folds
Uncalled bet ($3) returned to tigertimon
tigertimon collected $6 from pot
tigertimon: doesn't show hand
*** SUMMARY ***
Total pot $6 | Rake $0
Seat 2: tigertimon (button) (small blind) collected ($6)
Seat 3: RaisemyNut$ (big blind) folded before Flop


PokerStars Hand #158917459515:  Hold'em Limit ($3/$6 USD) - 2016/09/21 17:38:41 ET
Table 'Octans II' 6-max Seat #3 is the button
Seat 2: tigertimon ($106.02 in chips)
Seat 3: RaisemyNut$ ($69.44 in chips)
RaisemyNut$: posts small blind $1
tigertimon: posts big blind $3
*** HOLE CARDS ***
RaisemyNut$: folds
Uncalled bet ($2) returned to tigertimon
tigertimon collected $2 from pot
tigertimon: doesn't show hand
*** SUMMARY ***
Total pot $2 | Rake $0
Seat 2: tigertimon (big blind) collected ($2)
Seat 3: RaisemyNut$ (button) (small blind) folded before Flop


PokerStars Hand #158917463295:  Hold'em Limit ($3/$6 USD) - 2016/09/21 17:38:46 ET
Table 'Octans II' 6-max Seat #2 is the button
Seat 2: tigertimon ($107.02 in chips)
Seat 3: RaisemyNut$ ($68.44 in chips)
tigertimon: posts small blind $1
RaisemyNut$: posts big blind $3
*** HOLE CARDS ***
tigertimon: raises $3 to $6
RaisemyNut$: calls $3
*** FLOP *** [9s 4h 7d]
RaisemyNut$: checks
tigertimon: bets $3
RaisemyNut$: raises $3 to $6
tigertimon: raises $3 to $9
RaisemyNut$: calls $3
*** TURN *** [9s 4h 7d] [5c]
RaisemyNut$: checks
tigertimon: checks
*** RIVER *** [9s 4h 7d 5c] [7h]
RaisemyNut$: bets $6
tigertimon: calls $6
*** SHOW DOWN ***
RaisemyNut$: shows [8d 5d] (two pair, Sevens and Fives)
tigertimon: shows [9d Jh] (two pair, Nines and Sevens)
tigertimon collected $41.50 from pot
*** SUMMARY ***
Total pot $42 | Rake $0.50
Board [9s 4h 7d 5c 7h]
Seat 2: tigertimon (button) (small blind) showed [9d Jh] and won ($41.50) with two pair, Nines and Sevens
Seat 3: RaisemyNut$ (big blind) showed [8d 5d] and lost with two pair, Sevens and Fives


PokerStars Hand #158917479378:  Hold'em Limit ($3/$6 USD) - 2016/09/21 17:39:08 ET
Table 'Octans II' 6-max Seat #3 is the button
Seat 2: tigertimon ($127.52 in chips)
Seat 3: RaisemyNut$ ($60 in chips)
RaisemyNut$: posts small blind $1
tigertimon: posts big blind $3
*** HOLE CARDS ***
RaisemyNut$: raises $3 to $6
tigertimon: folds
Uncalled bet ($3) returned to RaisemyNut$
RaisemyNut$ collected $6 from pot
RaisemyNut$: doesn't show hand
*** SUMMARY ***
Total pot $6 | Rake $0
Seat 2: tigertimon (big blind) folded before Flop
Seat 3: RaisemyNut$ (button) (small blind) collected ($6)


PokerStars Hand #158917484709:  Hold'em Limit ($3/$6 USD) - 2016/09/21 17:39:15 ET
Table 'Octans II' 6-max Seat #2 is the button
Seat 2: tigertimon ($124.52 in chips)
Seat 3: RaisemyNut$ ($63 in chips)
tigertimon: posts small blind $1
RaisemyNut$: posts big blind $3
*** HOLE CARDS ***
tigertimon: raises $3 to $6
RaisemyNut$: calls $3
*** FLOP *** [6c Jh 8c]
RaisemyNut$: checks
tigertimon: bets $3
RaisemyNut$: raises $3 to $6
tigertimon: calls $3
*** TURN *** [6c Jh 8c] [Jc]
RaisemyNut$: bets $6
tigertimon: calls $6
*** RIVER *** [6c Jh 8c Jc] [6s]
RaisemyNut$: bets $6
tigertimon: raises $6 to $12
RaisemyNut$: calls $6
*** SHOW DOWN ***
tigertimon: shows [Jd Td] (a full house, Jacks full of Sixes)
RaisemyNut$: shows [Js 2d] (a full house, Jacks full of Sixes)
RaisemyNut$ collected $29.75 from pot
tigertimon collected $29.75 from pot
*** SUMMARY ***
Total pot $60 | Rake $0.50
Board [6c Jh 8c Jc 6s]
Seat 2: tigertimon (button) (small blind) showed [Jd Td] and won ($29.75) with a full house, Jacks full of Sixes
Seat 3: RaisemyNut$ (big blind) showed [Js 2d] and won ($29.75) with a full house, Jacks full of Sixes


PokerStars Hand #158917523506:  Hold'em Limit ($3/$6 USD) - 2016/09/21 17:40:06 ET
Table 'Octans II' 6-max Seat #2 is the button
Seat 2: tigertimon ($144.77 in chips)
Seat 3: RaisemyNut$ ($60 in chips)
tigertimon: posts small blind $1
RaisemyNut$: posts big blind $3
*** HOLE CARDS ***
tigertimon: raises $3 to $6
RaisemyNut$: folds
Uncalled bet ($3) returned to tigertimon
tigertimon collected $6 from pot
tigertimon: doesn't show hand
*** SUMMARY ***
Total pot $6 | Rake $0
Seat 2: tigertimon (button) (small blind) collected ($6)
Seat 3: RaisemyNut$ (big blind) folded before Flop


PokerStars Hand #158917504220:  Hold'em Limit ($3/$6 USD) - 2016/09/21 17:39:40 ET
Table 'Octans II' 6-max Seat #3 is the button
Seat 2: tigertimon ($124.27 in chips)
Seat 3: RaisemyNut$ ($62.75 in chips)
RaisemyNut$: posts small blind $1
tigertimon: posts big blind $3
*** HOLE CARDS ***
RaisemyNut$: raises $3 to $6
tigertimon: calls $3
*** FLOP *** [8s 6c Kd]
tigertimon: checks
RaisemyNut$: bets $3
tigertimon: calls $3
*** TURN *** [8s 6c Kd] [Js]
tigertimon: checks
RaisemyNut$: bets $6
tigertimon: calls $6
*** RIVER *** [8s 6c Kd Js] [9c]
tigertimon: checks
RaisemyNut$: bets $6
tigertimon: calls $6
*** SHOW DOWN ***
RaisemyNut$: shows [9s Ts] (a pair of Nines)
tigertimon: shows [7c Kh] (a pair of Kings)
tigertimon collected $41.50 from pot
*** SUMMARY ***
Total pot $42 | Rake $0.50
Board [8s 6c Kd Js 9c]
Seat 2: tigertimon (big blind) showed [7c Kh] and won ($41.50) with a pair of Kings
Seat 3: RaisemyNut$ (button) (small blind) showed [9s Ts] and lost with a pair of Nines


PokerStars Hand #158917528194:  Hold'em Limit ($3/$6 USD) - 2016/09/21 17:40:12 ET
Table 'Octans II' 6-max Seat #3 is the button
Seat 2: tigertimon ($147.77 in chips)
Seat 3: RaisemyNut$ ($60 in chips)
RaisemyNut$: posts small blind $1
tigertimon: posts big blind $3
*** HOLE CARDS ***
RaisemyNut$: folds
Uncalled bet ($2) returned to tigertimon
tigertimon collected $2 from pot
tigertimon: doesn't show hand
*** SUMMARY ***
Total pot $2 | Rake $0
Seat 2: tigertimon (big blind) collected ($2)
Seat 3: RaisemyNut$ (button) (small blind) folded before Flop


PokerStars Hand #158917537671:  Hold'em Limit ($3/$6 USD) - 2016/09/21 17:40:25 ET
Table 'Octans II' 6-max Seat #2 is the button
Seat 2: tigertimon ($148.77 in chips)
Seat 3: RaisemyNut$ ($60 in chips)
tigertimon: posts small blind $1
RaisemyNut$: posts big blind $3
*** HOLE CARDS ***
tigertimon: raises $3 to $6
RaisemyNut$: calls $3
*** FLOP *** [5c Tc Jd]
RaisemyNut$: checks
tigertimon: checks
*** TURN *** [5c Tc Jd] [Ac]
RaisemyNut$: bets $6
tigertimon: folds
Uncalled bet ($6) returned to RaisemyNut$
RaisemyNut$ collected $11.76 from pot
RaisemyNut$: doesn't show hand
*** SUMMARY ***
Total pot $12 | Rake $0.24
Board [5c Tc Jd Ac]
Seat 2: tigertimon (button) (small blind) folded on the Turn
Seat 3: RaisemyNut$ (big blind) collected ($11.76)


PokerStars Hand #158917569804:  Hold'em Limit ($3/$6 USD) - 2016/09/21 17:41:08 ET
Table 'Octans II' 6-max Seat #2 is the button
Seat 2: tigertimon ($160.27 in chips)
Seat 3: RaisemyNut$ ($60 in chips)
tigertimon: posts small blind $1
RaisemyNut$: posts big blind $3
*** HOLE CARDS ***
tigertimon: folds
Uncalled bet ($2) returned to RaisemyNut$
RaisemyNut$ collected $2 from pot
RaisemyNut$: doesn't show hand
*** SUMMARY ***
Total pot $2 | Rake $0
Seat 2: tigertimon (button) (small blind) folded before Flop
Seat 3: RaisemyNut$ (big blind) collected ($2)


PokerStars Hand #158917552190:  Hold'em Limit ($3/$6 USD) - 2016/09/21 17:40:44 ET
Table 'Octans II' 6-max Seat #3 is the button
Seat 2: tigertimon ($142.77 in chips)
Seat 3: RaisemyNut$ ($65.76 in chips)
RaisemyNut$: posts small blind $1
tigertimon: posts big blind $3
*** HOLE CARDS ***
RaisemyNut$: raises $3 to $6
tigertimon: raises $3 to $9
RaisemyNut$: calls $3
*** FLOP *** [Ah 8c Ts]
tigertimon: bets $3
RaisemyNut$: calls $3
*** TURN *** [Ah 8c Ts] [8d]
tigertimon: checks
RaisemyNut$: checks
*** RIVER *** [Ah 8c Ts 8d] [9s]
tigertimon: bets $6
RaisemyNut$: calls $6
*** SHOW DOWN ***
tigertimon: shows [8s 8h] (four of a kind, Eights)
RaisemyNut$: mucks hand
tigertimon collected $35.50 from pot
*** SUMMARY ***
Total pot $36 | Rake $0.50
Board [Ah 8c Ts 8d 9s]
Seat 2: tigertimon (big blind) showed [8s 8h] and won ($35.50) with four of a kind, Eights
Seat 3: RaisemyNut$ (button) (small blind) mucked


PokerStars Hand #158917573859:  Hold'em Limit ($3/$6 USD) - 2016/09/21 17:41:14 ET
Table 'Octans II' 6-max Seat #3 is the button
Seat 2: tigertimon ($159.27 in chips)
Seat 3: RaisemyNut$ ($61 in chips)
RaisemyNut$: posts small blind $1
tigertimon: posts big blind $3
*** HOLE CARDS ***
RaisemyNut$: raises $3 to $6
tigertimon: calls $3
*** FLOP *** [3d 6d 3c]
tigertimon: checks
RaisemyNut$: bets $3
tigertimon: folds
Uncalled bet ($3) returned to RaisemyNut$
RaisemyNut$ collected $11.76 from pot
RaisemyNut$: doesn't show hand
*** SUMMARY ***
Total pot $12 | Rake $0.24
Board [3d 6d 3c]
Seat 2: tigertimon (big blind) folded on the Flop
Seat 3: RaisemyNut$ (button) (small blind) collected ($11.76)


PokerStars Hand #158917585059:  Hold'em Limit ($3/$6 USD) - 2016/09/21 17:41:29 ET
Table 'Octans II' 6-max Seat #2 is the button
Seat 2: tigertimon ($153.27 in chips)
Seat 3: RaisemyNut$ ($66.76 in chips)
tigertimon: posts small blind $1
RaisemyNut$: posts big blind $3
*** HOLE CARDS ***
tigertimon: raises $3 to $6
RaisemyNut$: calls $3
*** FLOP *** [9h 7c Jc]
RaisemyNut$: checks
tigertimon: checks
*** TURN *** [9h 7c Jc] [7h]
RaisemyNut$: bets $6
tigertimon: folds
Uncalled bet ($6) returned to RaisemyNut$
RaisemyNut$ collected $11.76 from pot
RaisemyNut$: doesn't show hand
*** SUMMARY ***
Total pot $12 | Rake $0.24
Board [9h 7c Jc 7h]
Seat 2: tigertimon (button) (small blind) folded on the Turn
Seat 3: RaisemyNut$ (big blind) collected ($11.76)


PokerStars Hand #158917604891:  Hold'em Limit ($3/$6 USD) - 2016/09/21 17:41:56 ET
Table 'Octans II' 6-max Seat #3 is the button
Seat 2: tigertimon ($147.27 in chips)
Seat 3: RaisemyNut$ ($72.52 in chips)
RaisemyNut$: posts small blind $1
tigertimon: posts big blind $3
*** HOLE CARDS ***
RaisemyNut$: raises $3 to $6
tigertimon: folds
Uncalled bet ($3) returned to RaisemyNut$
RaisemyNut$ collected $6 from pot
RaisemyNut$: doesn't show hand
*** SUMMARY ***
Total pot $6 | Rake $0
Seat 2: tigertimon (big blind) folded before Flop
Seat 3: RaisemyNut$ (button) (small blind) collected ($6)


PokerStars Hand #158917628275:  Hold'em Limit ($3/$6 USD) - 2016/09/21 17:42:28 ET
Table 'Octans II' 6-max Seat #3 is the button
Seat 2: tigertimon ($147.27 in chips)
Seat 3: RaisemyNut$ ($72.52 in chips)
RaisemyNut$: posts small blind $1
tigertimon: posts big blind $3
*** HOLE CARDS ***
RaisemyNut$: folds
Uncalled bet ($2) returned to tigertimon
tigertimon collected $2 from pot
tigertimon: doesn't show hand
*** SUMMARY ***
Total pot $2 | Rake $0
Seat 2: tigertimon (big blind) collected ($2)
Seat 3: RaisemyNut$ (button) (small blind) folded before Flop


PokerStars Hand #158917613966:  Hold'em Limit ($3/$6 USD) - 2016/09/21 17:42:08 ET
Table 'Octans II' 6-max Seat #2 is the button
Seat 2: tigertimon ($144.27 in chips)
Seat 3: RaisemyNut$ ($75.52 in chips)
tigertimon: posts small blind $1
RaisemyNut$: posts big blind $3
*** HOLE CARDS ***
tigertimon: raises $3 to $6
RaisemyNut$: folds
Uncalled bet ($3) returned to tigertimon
tigertimon collected $6 from pot
tigertimon: doesn't show hand
*** SUMMARY ***
Total pot $6 | Rake $0
Seat 2: tigertimon (button) (small blind) collected ($6)
Seat 3: RaisemyNut$ (big blind) folded before Flop


PokerStars Hand #158917632325:  Hold'em Limit ($3/$6 USD) - 2016/09/21 17:42:33 ET
Table 'Octans II' 6-max Seat #2 is the button
Seat 2: tigertimon ($148.27 in chips)
Seat 3: RaisemyNut$ ($71.52 in chips)
tigertimon: posts small blind $1
RaisemyNut$: posts big blind $3
*** HOLE CARDS ***
tigertimon: raises $3 to $6
RaisemyNut$: raises $3 to $9
tigertimon: calls $3
*** FLOP *** [Td 9s 4s]
RaisemyNut$: bets $3
tigertimon: folds
Uncalled bet ($3) returned to RaisemyNut$
RaisemyNut$ collected $17.64 from pot
RaisemyNut$: doesn't show hand
*** SUMMARY ***
Total pot $18 | Rake $0.36
Board [Td 9s 4s]
Seat 2: tigertimon (button) (small blind) folded on the Flop
Seat 3: RaisemyNut$ (big blind) collected ($17.64)


PokerStars Hand #158917693789:  Hold'em Limit ($3/$6 USD) - 2016/09/21 17:43:58 ET
Table 'Octans II' 6-max Seat #2 is the button
Seat 2: tigertimon ($146.77 in chips)
Seat 3: RaisemyNut$ ($71.92 in chips)
tigertimon: posts small blind $1
RaisemyNut$: posts big blind $3
*** HOLE CARDS ***
tigertimon: folds
Uncalled bet ($2) returned to RaisemyNut$
RaisemyNut$ collected $2 from pot
RaisemyNut$: doesn't show hand
*** SUMMARY ***
Total pot $2 | Rake $0
Seat 2: tigertimon (button) (small blind) folded before Flop
Seat 3: RaisemyNut$ (big blind) collected ($2)


PokerStars Hand #158917682920:  Hold'em Limit ($3/$6 USD) - 2016/09/21 17:43:43 ET
Table 'Octans II' 6-max Seat #3 is the button
Seat 2: tigertimon ($152.77 in chips)
Seat 3: RaisemyNut$ ($66.16 in chips)
RaisemyNut$: posts small blind $1
tigertimon: posts big blind $3
*** HOLE CARDS ***
RaisemyNut$: raises $3 to $6
tigertimon: calls $3
*** FLOP *** [2d 5d 8h]
tigertimon: checks
RaisemyNut$: bets $3
tigertimon: folds
Uncalled bet ($3) returned to RaisemyNut$
RaisemyNut$ collected $11.76 from pot
RaisemyNut$: doesn't show hand
*** SUMMARY ***
Total pot $12 | Rake $0.24
Board [2d 5d 8h]
Seat 2: tigertimon (big blind) folded on the Flop
Seat 3: RaisemyNut$ (button) (small blind) collected ($11.76)


PokerStars Hand #158917697398:  Hold'em Limit ($3/$6 USD) - 2016/09/21 17:44:03 ET
Table 'Octans II' 6-max Seat #3 is the button
Seat 2: tigertimon ($145.77 in chips)
Seat 3: RaisemyNut$ ($72.92 in chips)
RaisemyNut$: posts small blind $1
tigertimon: posts big blind $3
*** HOLE CARDS ***
RaisemyNut$: raises $3 to $6
tigertimon: folds
Uncalled bet ($3) returned to RaisemyNut$
RaisemyNut$ collected $6 from pot
RaisemyNut$: doesn't show hand
*** SUMMARY ***
Total pot $6 | Rake $0
Seat 2: tigertimon (big blind) folded before Flop
Seat 3: RaisemyNut$ (button) (small blind) collected ($6)


PokerStars Hand #158917679355:  Hold'em Limit ($3/$6 USD) - 2016/09/21 17:43:38 ET
Table 'Octans II' 6-max Seat #2 is the button
Seat 2: tigertimon ($153.77 in chips)
Seat 3: RaisemyNut$ ($65.16 in chips)
tigertimon: posts small blind $1
RaisemyNut$: posts big blind $3
*** HOLE CARDS ***
tigertimon: folds
Uncalled bet ($2) returned to RaisemyNut$
RaisemyNut$ collected $2 from pot
RaisemyNut$: doesn't show hand
*** SUMMARY ***
Total pot $2 | Rake $0
Seat 2: tigertimon (button) (small blind) folded before Flop
Seat 3: RaisemyNut$ (big blind) collected ($2)


PokerStars Hand #158917650864:  Hold'em Limit ($3/$6 USD) - 2016/09/21 17:42:59 ET
Table 'Octans II' 6-max Seat #3 is the button
Seat 2: tigertimon ($139.27 in chips)
Seat 3: RaisemyNut$ ($80.16 in chips)
RaisemyNut$: posts small blind $1
tigertimon: posts big blind $3
*** HOLE CARDS ***
RaisemyNut$: raises $3 to $6
tigertimon: calls $3
*** FLOP *** [Kd Ad 7c]
tigertimon: bets $3
RaisemyNut$: calls $3
*** TURN *** [Kd Ad 7c] [7h]
tigertimon: checks
RaisemyNut$: checks
*** RIVER *** [Kd Ad 7c 7h] [6c]
tigertimon: bets $6
RaisemyNut$: calls $6
*** SHOW DOWN ***
tigertimon: shows [Ah 4h] (two pair, Aces and Sevens)
RaisemyNut$: mucks hand
tigertimon collected $29.50 from pot
*** SUMMARY ***
Total pot $30 | Rake $0.50
Board [Kd Ad 7c 7h 6c]
Seat 2: tigertimon (big blind) showed [Ah 4h] and won ($29.50) with two pair, Aces and Sevens
Seat 3: RaisemyNut$ (button) (small blind) mucked


PokerStars Hand #158917746683:  Hold'em Limit ($3/$6 USD) - 2016/09/21 17:45:11 ET
Table 'Octans II' 6-max Seat #3 is the button
Seat 2: tigertimon ($108.77 in chips)
Seat 3: RaisemyNut$ ($108.92 in chips)
RaisemyNut$: posts small blind $1
tigertimon: posts big blind $3
*** HOLE CARDS ***
RaisemyNut$: raises $3 to $6
tigertimon: folds
Uncalled bet ($3) returned to RaisemyNut$
RaisemyNut$ collected $6 from pot
RaisemyNut$: doesn't show hand
*** SUMMARY ***
Total pot $6 | Rake $0
Seat 2: tigertimon (big blind) folded before Flop
Seat 3: RaisemyNut$ (button) (small blind) collected ($6)


PokerStars Hand #158917743227:  Hold'em Limit ($3/$6 USD) - 2016/09/21 17:45:06 ET
Table 'Octans II' 6-max Seat #2 is the button
Seat 2: tigertimon ($109.77 in chips)
Seat 3: RaisemyNut$ ($107.92 in chips)
tigertimon: posts small blind $1
RaisemyNut$: posts big blind $3
*** HOLE CARDS ***
tigertimon: folds
Uncalled bet ($2) returned to RaisemyNut$
RaisemyNut$ collected $2 from pot
RaisemyNut$: doesn't show hand
*** SUMMARY ***
Total pot $2 | Rake $0
Seat 2: tigertimon (button) (small blind) folded before Flop
Seat 3: RaisemyNut$ (big blind) collected ($2)


PokerStars Hand #158917720459:  Hold'em Limit ($3/$6 USD) - 2016/09/21 17:44:35 ET
Table 'Octans II' 6-max Seat #3 is the button
Seat 2: tigertimon ($124.77 in chips)
Seat 3: RaisemyNut$ ($93.42 in chips)
RaisemyNut$: posts small blind $1
tigertimon: posts big blind $3
*** HOLE CARDS ***
RaisemyNut$: raises $3 to $6
tigertimon: calls $3
*** FLOP *** [Kh Jh Kd]
tigertimon: checks
RaisemyNut$: bets $3
tigertimon: calls $3
*** TURN *** [Kh Jh Kd] [4s]
tigertimon: checks
RaisemyNut$: bets $6
tigertimon: calls $6
*** RIVER *** [Kh Jh Kd 4s] [Qd]
tigertimon: checks
RaisemyNut$: bets $6
tigertimon: folds
Uncalled bet ($6) returned to RaisemyNut$
RaisemyNut$ collected $29.50 from pot
RaisemyNut$: doesn't show hand
*** SUMMARY ***
Total pot $30 | Rake $0.50
Board [Kh Jh Kd 4s Qd]
Seat 2: tigertimon (big blind) folded on the River
Seat 3: RaisemyNut$ (button) (small blind) collected ($29.50)


PokerStars Hand #158917702548:  Hold'em Limit ($3/$6 USD) - 2016/09/21 17:44:10 ET
Table 'Octans II' 6-max Seat #2 is the button
Seat 2: tigertimon ($142.77 in chips)
Seat 3: RaisemyNut$ ($75.92 in chips)
tigertimon: posts small blind $1
RaisemyNut$: posts big blind $3
*** HOLE CARDS ***
tigertimon: raises $3 to $6
RaisemyNut$: raises $3 to $9
tigertimon: raises $3 to $12
Betting is capped
RaisemyNut$: calls $3
*** FLOP *** [8c 9d 3c]
RaisemyNut$: checks
tigertimon: bets $3
RaisemyNut$: raises $3 to $6
tigertimon: calls $3
*** TURN *** [8c 9d 3c] [Ah]
RaisemyNut$: bets $6
tigertimon: folds
Uncalled bet ($6) returned to RaisemyNut$
RaisemyNut$ collected $35.50 from pot
RaisemyNut$: doesn't show hand
*** SUMMARY ***
Total pot $36 | Rake $0.50
Board [8c 9d 3c Ah]
Seat 2: tigertimon (button) (small blind) folded on the Turn
Seat 3: RaisemyNut$ (big blind) collected ($35.50)


PokerStars Hand #158917796001:  Hold'em Limit ($3/$6 USD) - 2016/09/21 17:46:20 ET
Table 'Octans II' 6-max Seat #2 is the button
Seat 2: tigertimon ($120.27 in chips)
Seat 3: RaisemyNut$ ($96.92 in chips)
tigertimon: posts small blind $1
RaisemyNut$: posts big blind $3
*** HOLE CARDS ***
tigertimon: folds
Uncalled bet ($2) returned to RaisemyNut$
RaisemyNut$ collected $2 from pot
RaisemyNut$: doesn't show hand
*** SUMMARY ***
Total pot $2 | Rake $0
Seat 2: tigertimon (button) (small blind) folded before Flop
Seat 3: RaisemyNut$ (big blind) collected ($2)


PokerStars Hand #158917786599:  Hold'em Limit ($3/$6 USD) - 2016/09/21 17:46:07 ET
Table 'Octans II' 6-max Seat #3 is the button
Seat 2: tigertimon ($123.27 in chips)
Seat 3: RaisemyNut$ ($93.92 in chips)
RaisemyNut$: posts small blind $1
tigertimon: posts big blind $3
*** HOLE CARDS ***
RaisemyNut$: raises $3 to $6
tigertimon: folds
Uncalled bet ($3) returned to RaisemyNut$
RaisemyNut$ collected $6 from pot
RaisemyNut$: doesn't show hand
*** SUMMARY ***
Total pot $6 | Rake $0
Seat 2: tigertimon (big blind) folded before Flop
Seat 3: RaisemyNut$ (button) (small blind) collected ($6)


PokerStars Hand #158917780908:  Hold'em Limit ($3/$6 USD) - 2016/09/21 17:45:58 ET
Table 'Octans II' 6-max Seat #2 is the button
Seat 2: tigertimon ($124.27 in chips)
Seat 3: RaisemyNut$ ($92.92 in chips)
tigertimon: posts small blind $1
RaisemyNut$: posts big blind $3
*** HOLE CARDS ***
tigertimon: folds
Uncalled bet ($2) returned to RaisemyNut$
RaisemyNut$ collected $2 from pot
RaisemyNut$: doesn't show hand
*** SUMMARY ***
Total pot $2 | Rake $0
Seat 2: tigertimon (button) (small blind) folded before Flop
Seat 3: RaisemyNut$ (big blind) collected ($2)


PokerStars Hand #158917777622:  Hold'em Limit ($3/$6 USD) - 2016/09/21 17:45:54 ET
Table 'Octans II' 6-max Seat #3 is the button
Seat 2: tigertimon ($123.27 in chips)
Seat 3: RaisemyNut$ ($93.92 in chips)
RaisemyNut$: posts small blind $1
tigertimon: posts big blind $3
*** HOLE CARDS ***
RaisemyNut$: folds
Uncalled bet ($2) returned to tigertimon
tigertimon collected $2 from pot
tigertimon: doesn't show hand
*** SUMMARY ***
Total pot $2 | Rake $0
Seat 2: tigertimon (big blind) collected ($2)
Seat 3: RaisemyNut$ (button) (small blind) folded before Flop


PokerStars Hand #158917750807:  Hold'em Limit ($3/$6 USD) - 2016/09/21 17:45:17 ET
Table 'Octans II' 6-max Seat #2 is the button
Seat 2: tigertimon ($105.77 in chips)
Seat 3: RaisemyNut$ ($111.92 in chips)
tigertimon: posts small blind $1
RaisemyNut$: posts big blind $3
*** HOLE CARDS ***
tigertimon: raises $3 to $6
RaisemyNut$: raises $3 to $9
tigertimon: calls $3
*** FLOP *** [Qh 9h Jd]
RaisemyNut$: checks
tigertimon: bets $3
RaisemyNut$: calls $3
*** TURN *** [Qh 9h Jd] [Qd]
RaisemyNut$: checks
tigertimon: bets $6
RaisemyNut$: calls $6
*** RIVER *** [Qh 9h Jd Qd] [Tc]
RaisemyNut$: checks
tigertimon: bets $6
RaisemyNut$: folds
Uncalled bet ($6) returned to tigertimon
tigertimon collected $35.50 from pot
tigertimon: doesn't show hand
*** SUMMARY ***
Total pot $36 | Rake $0.50
Board [Qh 9h Jd Qd Tc]
Seat 2: tigertimon (button) (small blind) collected ($35.50)
Seat 3: RaisemyNut$ (big blind) folded on the River


PokerStars Hand #158917845811:  Hold'em Limit ($3/$6 USD) - 2016/09/21 17:47:30 ET
Table 'Octans II' 6-max Seat #2 is the button
Seat 2: tigertimon ($75.27 in chips)
Seat 3: RaisemyNut$ ($140.92 in chips)
tigertimon: posts small blind $1
RaisemyNut$: posts big blind $3
*** HOLE CARDS ***
tigertimon: folds
Uncalled bet ($2) returned to RaisemyNut$
RaisemyNut$ collected $2 from pot
RaisemyNut$: doesn't show hand
*** SUMMARY ***
Total pot $2 | Rake $0
Seat 2: tigertimon (button) (small blind) folded before Flop
Seat 3: RaisemyNut$ (big blind) collected ($2)


PokerStars Hand #158917840663:  Hold'em Limit ($3/$6 USD) - 2016/09/21 17:47:22 ET
Table 'Octans II' 6-max Seat #3 is the button
Seat 2: tigertimon ($78.27 in chips)
Seat 3: RaisemyNut$ ($137.92 in chips)
RaisemyNut$: posts small blind $1
tigertimon: posts big blind $3
*** HOLE CARDS ***
RaisemyNut$: raises $3 to $6
tigertimon: folds
Uncalled bet ($3) returned to RaisemyNut$
RaisemyNut$ collected $6 from pot
RaisemyNut$: doesn't show hand
*** SUMMARY ***
Total pot $6 | Rake $0
Seat 2: tigertimon (big blind) folded before Flop
Seat 3: RaisemyNut$ (button) (small blind) collected ($6)


PokerStars Hand #158917837225:  Hold'em Limit ($3/$6 USD) - 2016/09/21 17:47:17 ET
Table 'Octans II' 6-max Seat #2 is the button
Seat 2: tigertimon ($79.27 in chips)
Seat 3: RaisemyNut$ ($136.92 in chips)
tigertimon: posts small blind $1
RaisemyNut$: posts big blind $3
*** HOLE CARDS ***
tigertimon: folds
Uncalled bet ($2) returned to RaisemyNut$
RaisemyNut$ collected $2 from pot
RaisemyNut$: doesn't show hand
*** SUMMARY ***
Total pot $2 | Rake $0
Seat 2: tigertimon (button) (small blind) folded before Flop
Seat 3: RaisemyNut$ (big blind) collected ($2)


PokerStars Hand #158917819608:  Hold'em Limit ($3/$6 USD) - 2016/09/21 17:46:53 ET
Table 'Octans II' 6-max Seat #3 is the button
Seat 2: tigertimon ($103.27 in chips)
Seat 3: RaisemyNut$ ($113.42 in chips)
RaisemyNut$: posts small blind $1
tigertimon: posts big blind $3
*** HOLE CARDS ***
RaisemyNut$: raises $3 to $6
tigertimon: raises $3 to $9
RaisemyNut$: calls $3
*** FLOP *** [9s 4d 4h]
tigertimon: bets $3
RaisemyNut$: calls $3
*** TURN *** [9s 4d 4h] [Qc]
tigertimon: bets $6
RaisemyNut$: calls $6
*** RIVER *** [9s 4d 4h Qc] [Td]
tigertimon: checks
RaisemyNut$: bets $6
tigertimon: calls $6
*** SHOW DOWN ***
RaisemyNut$: shows [Jd 9c] (two pair, Nines and Fours)
tigertimon: mucks hand
RaisemyNut$ collected $47.50 from pot
*** SUMMARY ***
Total pot $48 | Rake $0.50
Board [9s 4d 4h Qc Td]
Seat 2: tigertimon (big blind) mucked
Seat 3: RaisemyNut$ (button) (small blind) showed [Jd 9c] and won ($47.50) with two pair, Nines and Fours


PokerStars Hand #158917816128:  Hold'em Limit ($3/$6 USD) - 2016/09/21 17:46:48 ET
Table 'Octans II' 6-max Seat #2 is the button
Seat 2: tigertimon ($104.27 in chips)
Seat 3: RaisemyNut$ ($112.42 in chips)
tigertimon: posts small blind $1
RaisemyNut$: posts big blind $3
*** HOLE CARDS ***
tigertimon: folds
Uncalled bet ($2) returned to RaisemyNut$
RaisemyNut$ collected $2 from pot
RaisemyNut$: doesn't show hand
*** SUMMARY ***
Total pot $2 | Rake $0
Seat 2: tigertimon (button) (small blind) folded before Flop
Seat 3: RaisemyNut$ (big blind) collected ($2)


PokerStars Hand #158917799465:  Hold'em Limit ($3/$6 USD) - 2016/09/21 17:46:24 ET
Table 'Octans II' 6-max Seat #3 is the button
Seat 2: tigertimon ($119.27 in chips)
Seat 3: RaisemyNut$ ($97.92 in chips)
RaisemyNut$: posts small blind $1
tigertimon: posts big blind $3
*** HOLE CARDS ***
RaisemyNut$: raises $3 to $6
tigertimon: calls $3
*** FLOP *** [8c Tc 4d]
tigertimon: checks
RaisemyNut$: bets $3
tigertimon: calls $3
*** TURN *** [8c Tc 4d] [2c]
tigertimon: checks
RaisemyNut$: checks
*** RIVER *** [8c Tc 4d 2c] [Js]
tigertimon: bets $6
RaisemyNut$: raises $6 to $12
tigertimon: folds
Uncalled bet ($6) returned to RaisemyNut$
RaisemyNut$ collected $29.50 from pot
RaisemyNut$: doesn't show hand
*** SUMMARY ***
Total pot $30 | Rake $0.50
Board [8c Tc 4d 2c Js]
Seat 2: tigertimon (big blind) folded on the River
Seat 3: RaisemyNut$ (button) (small blind) collected ($29.50)


PokerStars Hand #158917866608:  Hold'em Limit ($3/$6 USD) - 2016/09/21 17:47:59 ET
Table 'Octans II' 6-max Seat #2 is the button
Seat 2: tigertimon ($50.27 in chips)
Seat 3: RaisemyNut$ ($165.42 in chips)
tigertimon: posts small blind $1
RaisemyNut$: posts big blind $3
*** HOLE CARDS ***
tigertimon: raises $3 to $6
RaisemyNut$: raises $3 to $9
tigertimon: raises $3 to $12
Betting is capped
RaisemyNut$: calls $3
*** FLOP *** [3s Qd Jh]
RaisemyNut$: checks
tigertimon: bets $3
RaisemyNut$: raises $3 to $6
tigertimon: calls $3
*** TURN *** [3s Qd Jh] [8s]
RaisemyNut$: bets $6
tigertimon: calls $6
*** RIVER *** [3s Qd Jh 8s] [Qs]
RaisemyNut$: bets $6
tigertimon: calls $6
*** SHOW DOWN ***
RaisemyNut$: shows [Tc 9c] (a straight, Eight to Queen)
tigertimon: mucks hand
RaisemyNut$ collected $59.50 from pot
*** SUMMARY ***
Total pot $60 | Rake $0.50
Board [3s Qd Jh 8s Qs]
Seat 2: tigertimon (button) (small blind) mucked
Seat 3: RaisemyNut$ (big blind) showed [Tc 9c] and won ($59.50) with a straight, Eight to Queen


PokerStars Hand #158917849300:  Hold'em Limit ($3/$6 USD) - 2016/09/21 17:47:35 ET
Table 'Octans II' 6-max Seat #3 is the button
Seat 2: tigertimon ($74.27 in chips)
Seat 3: RaisemyNut$ ($141.92 in chips)
RaisemyNut$: posts small blind $1
tigertimon: posts big blind $3
*** HOLE CARDS ***
RaisemyNut$: raises $3 to $6
tigertimon: calls $3
*** FLOP *** [4d 5h 4h]
tigertimon: checks
RaisemyNut$: bets $3
tigertimon: raises $3 to $6
RaisemyNut$: calls $3
*** TURN *** [4d 5h 4h] [Ks]
tigertimon: bets $6
RaisemyNut$: calls $6
*** RIVER *** [4d 5h 4h Ks] [2h]
tigertimon: bets $6
RaisemyNut$: calls $6
*** SHOW DOWN ***
tigertimon: shows [6d 9s] (a pair of Fours)
RaisemyNut$: shows [Kc Ts] (two pair, Kings and Fours)
RaisemyNut$ collected $47.50 from pot
*** SUMMARY ***
Total pot $48 | Rake $0.50
Board [4d 5h 4h Ks 2h]
Seat 2: tigertimon (big blind) showed [6d 9s] and lost with a pair of Fours
Seat 3: RaisemyNut$ (button) (small blind) showed [Kc Ts] and won ($47.50) with two pair, Kings and Fours


PokerStars Hand #158917902761:  Hold'em Limit ($3/$6 USD) - 2016/09/21 17:48:47 ET
Table 'Octans II' 6-max Seat #3 is the button
Seat 2: tigertimon ($20.27 in chips)
Seat 3: RaisemyNut$ ($194.92 in chips)
RaisemyNut$: posts small blind $1
tigertimon: posts big blind $3
*** HOLE CARDS ***
RaisemyNut$: raises $3 to $6
tigertimon: raises $3 to $9
RaisemyNut$: calls $3
*** FLOP *** [9s Qh 6d]
tigertimon: bets $3
RaisemyNut$: calls $3
*** TURN *** [9s Qh 6d] [5h]
tigertimon: bets $6
RaisemyNut$: calls $6
*** RIVER *** [9s Qh 6d 5h] [7c]
tigertimon: bets $2.27 and is all-in
RaisemyNut$: calls $2.27
Humtum81 joins the table at seat #4
*** SHOW DOWN ***
tigertimon: shows [8d As] (a straight, Five to Nine)
RaisemyNut$: shows [4d Ac] (high card Ace)
tigertimon collected $40.04 from pot
*** SUMMARY ***
Total pot $40.54 | Rake $0.50
Board [9s Qh 6d 5h 7c]
Seat 2: tigertimon (big blind) showed [8d As] and won ($40.04) with a straight, Five to Nine
Seat 3: RaisemyNut$ (button) (small blind) showed [4d Ac] and lost with high card Ace


PokerStars Hand #158917896660:  Hold'em Limit ($3/$6 USD) - 2016/09/21 17:48:39 ET
Table 'Octans II' 6-max Seat #2 is the button
Seat 2: tigertimon ($17.27 in chips)
Seat 3: RaisemyNut$ ($197.92 in chips)
tigertimon: posts small blind $1
RaisemyNut$: posts big blind $3
*** HOLE CARDS ***
tigertimon: raises $3 to $6
RaisemyNut$: folds
Uncalled bet ($3) returned to tigertimon
tigertimon collected $6 from pot
tigertimon: doesn't show hand
*** SUMMARY ***
Total pot $6 | Rake $0
Seat 2: tigertimon (button) (small blind) collected ($6)
Seat 3: RaisemyNut$ (big blind) folded before Flop


PokerStars Hand #158917890086:  Hold'em Limit ($3/$6 USD) - 2016/09/21 17:48:29 ET
Table 'Octans II' 6-max Seat #3 is the button
Seat 2: tigertimon ($20.27 in chips)
Seat 3: RaisemyNut$ ($194.92 in chips)
RaisemyNut$: posts small blind $1
tigertimon: posts big blind $3
*** HOLE CARDS ***
RaisemyNut$: raises $3 to $6
tigertimon: folds
Uncalled bet ($3) returned to RaisemyNut$
RaisemyNut$ collected $6 from pot
RaisemyNut$: doesn't show hand
*** SUMMARY ***
Total pot $6 | Rake $0
Seat 2: tigertimon (big blind) folded before Flop
Seat 3: RaisemyNut$ (button) (small blind) collected ($6)


PokerStars Hand #158917925021:  Hold'em Limit ($3/$6 USD) - 2016/09/21 17:49:19 ET
Table 'Octans II' 6-max Seat #2 is the button
Seat 2: tigertimon ($40.04 in chips)
Seat 3: RaisemyNut$ ($174.65 in chips)
tigertimon: posts small blind $1
RaisemyNut$: posts big blind $3
*** HOLE CARDS ***
tigertimon: raises $3 to $6
RaisemyNut$: calls $3
*** FLOP *** [5s 8h 4s]
RaisemyNut$: checks
tigertimon: bets $3
RaisemyNut$: calls $3
*** TURN *** [5s 8h 4s] [9d]
RaisemyNut$: checks
tigertimon: checks
*** RIVER *** [5s 8h 4s 9d] [Kd]
RaisemyNut$: bets $6
tigertimon: calls $6
*** SHOW DOWN ***
RaisemyNut$: shows [7h Kc] (a pair of Kings)
tigertimon: mucks hand
RaisemyNut$ collected $29.50 from pot
*** SUMMARY ***
Total pot $30 | Rake $0.50
Board [5s 8h 4s 9d Kd]
Seat 2: tigertimon (button) (small blind) mucked
Seat 3: RaisemyNut$ (big blind) showed [7h Kc] and won ($29.50) with a pair of Kings


PokerStars Hand #158918738831:  Hold'em Limit ($3/$6 USD) - 2016/09/21 18:09:36 ET
Table 'Octans II' 6-max Seat #3 is the button
Seat 2: tigertimon ($289.70 in chips)
Seat 3: RaisemyNut$ ($258.86 in chips)
RaisemyNut$: posts small blind $1
vestimokrec: is sitting out
tigertimon: posts big blind $3
*** HOLE CARDS ***
RaisemyNut$: raises $3 to $6
tigertimon: raises $3 to $9
vestimokrec leaves the table
RaisemyNut$: calls $3
*** FLOP *** [Th 2s Ts]
tigertimon: bets $3
RaisemyNut$: calls $3
*** TURN *** [Th 2s Ts] [6h]
tigertimon: bets $6
RaisemyNut$: folds
Uncalled bet ($6) returned to tigertimon
tigertimon collected $23.52 from pot
tigertimon: doesn't show hand
*** SUMMARY ***
Total pot $24 | Rake $0.48
Board [Th 2s Ts 6h]
Seat 2: tigertimon (big blind) collected ($23.52)
Seat 3: RaisemyNut$ (button) (small blind) folded on the Turn


PokerStars Hand #158918754461:  Hold'em Limit ($3/$6 USD) - 2016/09/21 18:09:58 ET
Table 'Octans II' 6-max Seat #2 is the button
Seat 2: tigertimon ($301.22 in chips)
Seat 3: RaisemyNut$ ($246.86 in chips)
tigertimon: posts small blind $1
RaisemyNut$: posts big blind $3
*** HOLE CARDS ***
tigertimon: raises $3 to $6
RaisemyNut$: calls $3
*** FLOP *** [3d Js 9d]
RaisemyNut$: checks
tigertimon: bets $3
RaisemyNut$: raises $3 to $6
tigertimon: calls $3
*** TURN *** [3d Js 9d] [5h]
RaisemyNut$: bets $6
tigertimon: raises $6 to $12
RaisemyNut$: calls $6
*** RIVER *** [3d Js 9d 5h] [Ah]
RaisemyNut$: checks
tigertimon: bets $6
RaisemyNut$: calls $6
*** SHOW DOWN ***
tigertimon: shows [Qd Qh] (a pair of Queens)
RaisemyNut$: mucks hand
tigertimon collected $59.50 from pot
*** SUMMARY ***
Total pot $60 | Rake $0.50
Board [3d Js 9d 5h Ah]
Seat 2: tigertimon (button) (small blind) showed [Qd Qh] and won ($59.50) with a pair of Queens
Seat 3: RaisemyNut$ (big blind) mucked


PokerStars Hand #158918775417:  Hold'em Limit ($3/$6 USD) - 2016/09/21 18:10:27 ET
Table 'Octans II' 6-max Seat #3 is the button
Seat 2: tigertimon ($330.72 in chips)
Seat 3: RaisemyNut$ ($216.86 in chips)
RaisemyNut$: posts small blind $1
tigertimon: posts big blind $3
*** HOLE CARDS ***
RaisemyNut$: folds
Uncalled bet ($2) returned to tigertimon
tigertimon collected $2 from pot
tigertimon: doesn't show hand
*** SUMMARY ***
Total pot $2 | Rake $0
Seat 2: tigertimon (big blind) collected ($2)
Seat 3: RaisemyNut$ (button) (small blind) folded before Flop


PokerStars Hand #158918792797:  Hold'em Limit ($3/$6 USD) - 2016/09/21 18:10:52 ET
Table 'Octans II' 6-max Seat #3 is the button
Seat 2: tigertimon ($337.48 in chips)
Seat 3: RaisemyNut$ ($209.86 in chips)
RaisemyNut$: posts small blind $1
tigertimon: posts big blind $3
*** HOLE CARDS ***
RaisemyNut$: folds
Uncalled bet ($2) returned to tigertimon
tigertimon collected $2 from pot
tigertimon: doesn't show hand
*** SUMMARY ***
Total pot $2 | Rake $0
Seat 2: tigertimon (big blind) collected ($2)
Seat 3: RaisemyNut$ (button) (small blind) folded before Flop


PokerStars Hand #158918779128:  Hold'em Limit ($3/$6 USD) - 2016/09/21 18:10:32 ET
Table 'Octans II' 6-max Seat #2 is the button
Seat 2: tigertimon ($331.72 in chips)
Seat 3: RaisemyNut$ ($215.86 in chips)
tigertimon: posts small blind $1
RaisemyNut$: posts big blind $3
*** HOLE CARDS ***
tigertimon: raises $3 to $6
RaisemyNut$: calls $3
*** FLOP *** [Kh Jd 4s]
RaisemyNut$: checks
tigertimon: bets $3
RaisemyNut$: folds
Uncalled bet ($3) returned to tigertimon
tigertimon collected $11.76 from pot
tigertimon: doesn't show hand
*** SUMMARY ***
Total pot $12 | Rake $0.24
Board [Kh Jd 4s]
Seat 2: tigertimon (button) (small blind) collected ($11.76)
Seat 3: RaisemyNut$ (big blind) folded on the Flop


PokerStars Hand #158918796384:  Hold'em Limit ($3/$6 USD) - 2016/09/21 18:10:57 ET
Table 'Octans II' 6-max Seat #2 is the button
Seat 2: tigertimon ($338.48 in chips)
Seat 3: RaisemyNut$ ($208.86 in chips)
tigertimon: posts small blind $1
RaisemyNut$: posts big blind $3
*** HOLE CARDS ***
tigertimon: raises $3 to $6
RaisemyNut$: folds
Uncalled bet ($3) returned to tigertimon
tigertimon collected $6 from pot
tigertimon: doesn't show hand
*** SUMMARY ***
Total pot $6 | Rake $0
Seat 2: tigertimon (button) (small blind) collected ($6)
Seat 3: RaisemyNut$ (big blind) folded before Flop


PokerStars Hand #158918801363:  Hold'em Limit ($3/$6 USD) - 2016/09/21 18:11:04 ET
Table 'Octans II' 6-max Seat #3 is the button
Seat 2: tigertimon ($341.48 in chips)
Seat 3: RaisemyNut$ ($205.86 in chips)
RaisemyNut$: posts small blind $1
tigertimon: posts big blind $3
*** HOLE CARDS ***
RaisemyNut$: raises $3 to $6
tigertimon: calls $3
*** FLOP *** [4h 4s 7s]
tigertimon: checks
RaisemyNut$: bets $3
tigertimon: raises $3 to $6
RaisemyNut$: folds
Uncalled bet ($3) returned to tigertimon
tigertimon collected $17.64 from pot
tigertimon: doesn't show hand
*** SUMMARY ***
Total pot $18 | Rake $0.36
Board [4h 4s 7s]
Seat 2: tigertimon (big blind) collected ($17.64)
Seat 3: RaisemyNut$ (button) (small blind) folded on the Flop


PokerStars Hand #158918821150:  Hold'em Limit ($3/$6 USD) - 2016/09/21 18:11:32 ET
Table 'Octans II' 6-max Seat #3 is the button
Seat 2: tigertimon ($349.12 in chips)
Seat 3: RaisemyNut$ ($197.86 in chips)
RaisemyNut$: posts small blind $1
tigertimon: posts big blind $3
*** HOLE CARDS ***
RaisemyNut$: folds
Uncalled bet ($2) returned to tigertimon
tigertimon collected $2 from pot
tigertimon: doesn't show hand
*** SUMMARY ***
Total pot $2 | Rake $0
Seat 2: tigertimon (big blind) collected ($2)
Seat 3: RaisemyNut$ (button) (small blind) folded before Flop


PokerStars Hand #158918817910:  Hold'em Limit ($3/$6 USD) - 2016/09/21 18:11:27 ET
Table 'Octans II' 6-max Seat #2 is the button
Seat 2: tigertimon ($350.12 in chips)
Seat 3: RaisemyNut$ ($196.86 in chips)
tigertimon: posts small blind $1
RaisemyNut$: posts big blind $3
*** HOLE CARDS ***
tigertimon: folds
Uncalled bet ($2) returned to RaisemyNut$
RaisemyNut$ collected $2 from pot
RaisemyNut$: doesn't show hand
*** SUMMARY ***
Total pot $2 | Rake $0
Seat 2: tigertimon (button) (small blind) folded before Flop
Seat 3: RaisemyNut$ (big blind) collected ($2)


PokerStars Hand #158918835328:  Hold'em Limit ($3/$6 USD) - 2016/09/21 18:11:52 ET
Table 'Octans II' 6-max Seat #3 is the button
Seat 2: tigertimon ($344.12 in chips)
Seat 3: RaisemyNut$ ($202.62 in chips)
RaisemyNut$: posts small blind $1
tigertimon: posts big blind $3
*** HOLE CARDS ***
RaisemyNut$: raises $3 to $6
tigertimon: folds
Uncalled bet ($3) returned to RaisemyNut$
RaisemyNut$ collected $6 from pot
RaisemyNut$: doesn't show hand
*** SUMMARY ***
Total pot $6 | Rake $0
Seat 2: tigertimon (big blind) folded before Flop
Seat 3: RaisemyNut$ (button) (small blind) collected ($6)


PokerStars Hand #158918824440:  Hold'em Limit ($3/$6 USD) - 2016/09/21 18:11:36 ET
Table 'Octans II' 6-max Seat #2 is the button
Seat 2: tigertimon ($350.12 in chips)
Seat 3: RaisemyNut$ ($196.86 in chips)
tigertimon: posts small blind $1
RaisemyNut$: posts big blind $3
*** HOLE CARDS ***
tigertimon: raises $3 to $6
RaisemyNut$: calls $3
*** FLOP *** [7s 4h 5d]
RaisemyNut$: checks
tigertimon: checks
*** TURN *** [7s 4h 5d] [Kd]
RaisemyNut$: bets $6
tigertimon: folds
Uncalled bet ($6) returned to RaisemyNut$
RaisemyNut$ collected $11.76 from pot
RaisemyNut$: doesn't show hand
*** SUMMARY ***
Total pot $12 | Rake $0.24
Board [7s 4h 5d Kd]
Seat 2: tigertimon (button) (small blind) folded on the Turn
Seat 3: RaisemyNut$ (big blind) collected ($11.76)


PokerStars Hand #158918839780:  Hold'em Limit ($3/$6 USD) - 2016/09/21 18:11:58 ET
Table 'Octans II' 6-max Seat #2 is the button
Seat 2: tigertimon ($341.12 in chips)
Seat 3: RaisemyNut$ ($205.62 in chips)
tigertimon: posts small blind $1
RaisemyNut$: posts big blind $3
*** HOLE CARDS ***
tigertimon: raises $3 to $6
RaisemyNut$: calls $3
*** FLOP *** [8d Jh 5h]
RaisemyNut$: checks
tigertimon: bets $3
RaisemyNut$: raises $3 to $6
tigertimon: calls $3
*** TURN *** [8d Jh 5h] [5s]
RaisemyNut$: bets $6
tigertimon: calls $6
*** RIVER *** [8d Jh 5h 5s] [6c]
RaisemyNut$: bets $6
tigertimon: calls $6
*** SHOW DOWN ***
RaisemyNut$: shows [Jd 3s] (two pair, Jacks and Fives)
tigertimon: mucks hand
RaisemyNut$ collected $47.50 from pot
*** SUMMARY ***
Total pot $48 | Rake $0.50
Board [8d Jh 5h 5s 6c]
Seat 2: tigertimon (button) (small blind) mucked
Seat 3: RaisemyNut$ (big blind) showed [Jd 3s] and won ($47.50) with two pair, Jacks and Fives


PokerStars Hand #158918866729:  Hold'em Limit ($3/$6 USD) - 2016/09/21 18:12:36 ET
Table 'Octans II' 6-max Seat #3 is the button
Seat 2: tigertimon ($317.12 in chips)
Seat 3: RaisemyNut$ ($229.12 in chips)
RaisemyNut$: posts small blind $1
tigertimon: posts big blind $3
*** HOLE CARDS ***
RaisemyNut$: raises $3 to $6
tigertimon: calls $3
*** FLOP *** [6d 5h Td]
tigertimon: checks
RaisemyNut$: bets $3
tigertimon: folds
Uncalled bet ($3) returned to RaisemyNut$
RaisemyNut$ collected $11.76 from pot
RaisemyNut$: doesn't show hand
*** SUMMARY ***
Total pot $12 | Rake $0.24
Board [6d 5h Td]
Seat 2: tigertimon (big blind) folded on the Flop
Seat 3: RaisemyNut$ (button) (small blind) collected ($11.76)


PokerStars Hand #158918876144:  Hold'em Limit ($3/$6 USD) - 2016/09/21 18:12:49 ET
Table 'Octans II' 6-max Seat #2 is the button
Seat 2: tigertimon ($311.12 in chips)
Seat 3: RaisemyNut$ ($234.88 in chips)
tigertimon: posts small blind $1
RaisemyNut$: posts big blind $3
*** HOLE CARDS ***
tigertimon: raises $3 to $6
RaisemyNut$: calls $3
*** FLOP *** [6h 2c 6d]
RaisemyNut$: checks
tigertimon: bets $3
RaisemyNut$: calls $3
*** TURN *** [6h 2c 6d] [2d]
RaisemyNut$: checks
tigertimon: bets $6
RaisemyNut$: calls $6
*** RIVER *** [6h 2c 6d 2d] [9s]
RaisemyNut$: checks
tigertimon: bets $6
RaisemyNut$: calls $6
*** SHOW DOWN ***
tigertimon: shows [6s 7s] (a full house, Sixes full of Deuces)
RaisemyNut$: mucks hand
tigertimon collected $41.50 from pot
*** SUMMARY ***
Total pot $42 | Rake $0.50
Board [6h 2c 6d 2d 9s]
Seat 2: tigertimon (button) (small blind) showed [6s 7s] and won ($41.50) with a full house, Sixes full of Deuces
Seat 3: RaisemyNut$ (big blind) mucked


PokerStars Hand #158918916908:  Hold'em Limit ($3/$6 USD) - 2016/09/21 18:13:47 ET
Table 'Octans II' 6-max Seat #3 is the button
Seat 2: tigertimon ($324.62 in chips)
Seat 3: RaisemyNut$ ($220.64 in chips)
RaisemyNut$: posts small blind $1
tigertimon: posts big blind $3
*** HOLE CARDS ***
RaisemyNut$: folds
Uncalled bet ($2) returned to tigertimon
tigertimon collected $2 from pot
tigertimon: doesn't show hand
*** SUMMARY ***
Total pot $2 | Rake $0
Seat 2: tigertimon (big blind) collected ($2)
Seat 3: RaisemyNut$ (button) (small blind) folded before Flop


PokerStars Hand #158918920175:  Hold'em Limit ($3/$6 USD) - 2016/09/21 18:13:52 ET
Table 'Octans II' 6-max Seat #2 is the button
Seat 2: tigertimon ($325.62 in chips)
Seat 3: RaisemyNut$ ($219.64 in chips)
tigertimon: posts small blind $1
RaisemyNut$: posts big blind $3
*** HOLE CARDS ***
tigertimon: raises $3 to $6
RaisemyNut$: raises $3 to $9
tigertimon: calls $3
*** FLOP *** [Qd 3c 2c]
RaisemyNut$: bets $3
tigertimon: folds
Uncalled bet ($3) returned to RaisemyNut$
RaisemyNut$ collected $17.64 from pot
RaisemyNut$: doesn't show hand
*** SUMMARY ***
Total pot $18 | Rake $0.36
Board [Qd 3c 2c]
Seat 2: tigertimon (button) (small blind) folded on the Flop
Seat 3: RaisemyNut$ (big blind) collected ($17.64)


PokerStars Hand #158918928937:  Hold'em Limit ($3/$6 USD) - 2016/09/21 18:14:04 ET
Table 'Octans II' 6-max Seat #3 is the button
Seat 2: tigertimon ($316.62 in chips)
Seat 3: RaisemyNut$ ($228.28 in chips)
RaisemyNut$: posts small blind $1
tigertimon: posts big blind $3
*** HOLE CARDS ***
RaisemyNut$: raises $3 to $6
tigertimon: folds
Uncalled bet ($3) returned to RaisemyNut$
RaisemyNut$ collected $6 from pot
RaisemyNut$: doesn't show hand
*** SUMMARY ***
Total pot $6 | Rake $0
Seat 2: tigertimon (big blind) folded before Flop
Seat 3: RaisemyNut$ (button) (small blind) collected ($6)


PokerStars Hand #158918933674:  Hold'em Limit ($3/$6 USD) - 2016/09/21 18:14:11 ET
Table 'Octans II' 6-max Seat #2 is the button
Seat 2: tigertimon ($313.62 in chips)
Seat 3: RaisemyNut$ ($231.28 in chips)
tigertimon: posts small blind $1
RaisemyNut$: posts big blind $3
*** HOLE CARDS ***
tigertimon: raises $3 to $6
RaisemyNut$: calls $3
*** FLOP *** [4h 9s 2c]
RaisemyNut$: checks
tigertimon: bets $3
RaisemyNut$: folds
Uncalled bet ($3) returned to tigertimon
tigertimon collected $11.76 from pot
tigertimon: doesn't show hand
*** SUMMARY ***
Total pot $12 | Rake $0.24
Board [4h 9s 2c]
Seat 2: tigertimon (button) (small blind) collected ($11.76)
Seat 3: RaisemyNut$ (big blind) folded on the Flop


PokerStars Hand #158918913162:  Hold'em Limit ($3/$6 USD) - 2016/09/21 18:13:42 ET
Table 'Octans II' 6-max Seat #2 is the button
Seat 2: tigertimon ($325.62 in chips)
Seat 3: RaisemyNut$ ($219.64 in chips)
tigertimon: posts small blind $1
RaisemyNut$: posts big blind $3
*** HOLE CARDS ***
tigertimon: folds
Uncalled bet ($2) returned to RaisemyNut$
RaisemyNut$ collected $2 from pot
RaisemyNut$: doesn't show hand
*** SUMMARY ***
Total pot $2 | Rake $0
Seat 2: tigertimon (button) (small blind) folded before Flop
Seat 3: RaisemyNut$ (big blind) collected ($2)


PokerStars Hand #158918897080:  Hold'em Limit ($3/$6 USD) - 2016/09/21 18:13:19 ET
Table 'Octans II' 6-max Seat #3 is the button
Seat 2: tigertimon ($331.62 in chips)
Seat 3: RaisemyNut$ ($213.88 in chips)
RaisemyNut$: posts small blind $1
tigertimon: posts big blind $3
*** HOLE CARDS ***
RaisemyNut$: raises $3 to $6
tigertimon: calls $3
*** FLOP *** [Jd 2s 7d]
tigertimon: checks
RaisemyNut$: bets $3
tigertimon: folds
Uncalled bet ($3) returned to RaisemyNut$
RaisemyNut$ collected $11.76 from pot
RaisemyNut$: doesn't show hand
*** SUMMARY ***
Total pot $12 | Rake $0.24
Board [Jd 2s 7d]
Seat 2: tigertimon (big blind) folded on the Flop
Seat 3: RaisemyNut$ (button) (small blind) collected ($11.76)


PokerStars Hand #158918973026:  Hold'em Limit ($3/$6 USD) - 2016/09/21 18:15:07 ET
Table 'Octans II' 6-max Seat #2 is the button
Seat 2: tigertimon ($295.38 in chips)
Seat 3: RaisemyNut$ ($248.78 in chips)
tigertimon: posts small blind $1
RaisemyNut$: posts big blind $3
*** HOLE CARDS ***
tigertimon: raises $3 to $6
RaisemyNut$: raises $3 to $9
tigertimon: calls $3
*** FLOP *** [Kc 4c Td]
RaisemyNut$: bets $3
tigertimon: folds
Uncalled bet ($3) returned to RaisemyNut$
RaisemyNut$ collected $17.64 from pot
RaisemyNut$: doesn't show hand
*** SUMMARY ***
Total pot $18 | Rake $0.36
Board [Kc 4c Td]
Seat 2: tigertimon (button) (small blind) folded on the Flop
Seat 3: RaisemyNut$ (big blind) collected ($17.64)


PokerStars Hand #158918944716:  Hold'em Limit ($3/$6 USD) - 2016/09/21 18:14:26 ET
Table 'Octans II' 6-max Seat #3 is the button
Seat 2: tigertimon ($319.38 in chips)
Seat 3: RaisemyNut$ ($225.28 in chips)
RaisemyNut$: posts small blind $1
tigertimon: posts big blind $3
*** HOLE CARDS ***
RaisemyNut$: raises $3 to $6
tigertimon: calls $3
*** FLOP *** [Qc 9h Kh]
tigertimon: checks
RaisemyNut$: bets $3
tigertimon: raises $3 to $6
RaisemyNut$: calls $3
*** TURN *** [Qc 9h Kh] [4h]
tigertimon: checks
RaisemyNut$: bets $6
tigertimon: calls $6
*** RIVER *** [Qc 9h Kh 4h] [6d]
tigertimon: checks
RaisemyNut$: bets $6
tigertimon: calls $6
*** SHOW DOWN ***
RaisemyNut$: shows [3h Jh] (a flush, King high)
tigertimon: mucks hand
RaisemyNut$ collected $47.50 from pot
*** SUMMARY ***
Total pot $48 | Rake $0.50
Board [Qc 9h Kh 4h 6d]
Seat 2: tigertimon (big blind) mucked
Seat 3: RaisemyNut$ (button) (small blind) showed [3h Jh] and won ($47.50) with a flush, King high


PokerStars Hand #158918987164:  Hold'em Limit ($3/$6 USD) - 2016/09/21 18:15:27 ET
Table 'Octans II' 6-max Seat #3 is the button
Seat 2: tigertimon ($286.38 in chips)
Seat 3: RaisemyNut$ ($257.42 in chips)
RaisemyNut$: posts small blind $1
tigertimon: posts big blind $3
*** HOLE CARDS ***
RaisemyNut$: raises $3 to $6
tigertimon: raises $3 to $9
RaisemyNut$: calls $3
*** FLOP *** [7s 8d 2c]
tigertimon: bets $3
RaisemyNut$: calls $3
*** TURN *** [7s 8d 2c] [4d]
tigertimon: checks
RaisemyNut$: checks
*** RIVER *** [7s 8d 2c 4d] [8c]
tigertimon: bets $6
RaisemyNut$: folds
Uncalled bet ($6) returned to tigertimon
tigertimon collected $23.52 from pot
tigertimon: doesn't show hand
*** SUMMARY ***
Total pot $24 | Rake $0.48
Board [7s 8d 2c 4d 8c]
Seat 2: tigertimon (big blind) collected ($23.52)
Seat 3: RaisemyNut$ (button) (small blind) folded on the River


PokerStars Hand #158919040481:  Hold'em Limit ($3/$6 USD) - 2016/09/21 18:16:44 ET
Table 'Octans II' 6-max Seat #3 is the button
Seat 2: tigertimon ($288.90 in chips)
Seat 3: RaisemyNut$ ($254.06 in chips)
RaisemyNut$: posts small blind $1
tigertimon: posts big blind $3
*** HOLE CARDS ***
RaisemyNut$: raises $3 to $6
tigertimon: raises $3 to $9
RaisemyNut$: calls $3
*** FLOP *** [Qs 3h Qh]
tigertimon: bets $3
RaisemyNut$: folds
Uncalled bet ($3) returned to tigertimon
tigertimon collected $17.64 from pot
tigertimon: doesn't show hand
*** SUMMARY ***
Total pot $18 | Rake $0.36
Board [Qs 3h Qh]
Seat 2: tigertimon (big blind) collected ($17.64)
Seat 3: RaisemyNut$ (button) (small blind) folded on the Flop


PokerStars Hand #158919022687:  Hold'em Limit ($3/$6 USD) - 2016/09/21 18:16:18 ET
Table 'Octans II' 6-max Seat #2 is the button
Seat 2: tigertimon ($297.90 in chips)
Seat 3: RaisemyNut$ ($245.42 in chips)
tigertimon: posts small blind $1
RaisemyNut$: posts big blind $3
*** HOLE CARDS ***
tigertimon: raises $3 to $6
RaisemyNut$: raises $3 to $9
tigertimon: calls $3
*** FLOP *** [7c Jc 5d]
RaisemyNut$: bets $3
tigertimon: folds
Uncalled bet ($3) returned to RaisemyNut$
RaisemyNut$ collected $17.64 from pot
RaisemyNut$: doesn't show hand
*** SUMMARY ***
Total pot $18 | Rake $0.36
Board [7c Jc 5d]
Seat 2: tigertimon (button) (small blind) folded on the Flop
Seat 3: RaisemyNut$ (big blind) collected ($17.64)


PokerStars Hand #158919102239:  Hold'em Limit ($3/$6 USD) - 2016/09/21 18:18:14 ET
Table 'Octans II' 6-max Seat #2 is the button
Seat 2: tigertimon ($270.29 in chips)
Seat 3: RaisemyNut$ ($271.31 in chips)
tigertimon: posts small blind $1
RaisemyNut$: posts big blind $3
*** HOLE CARDS ***
tigertimon: folds
Uncalled bet ($2) returned to RaisemyNut$
RaisemyNut$ collected $2 from pot
RaisemyNut$: doesn't show hand
*** SUMMARY ***
Total pot $2 | Rake $0
Seat 2: tigertimon (button) (small blind) folded before Flop
Seat 3: RaisemyNut$ (big blind) collected ($2)


PokerStars Hand #158919082172:  Hold'em Limit ($3/$6 USD) - 2016/09/21 18:17:45 ET
Table 'Octans II' 6-max Seat #3 is the button
Seat 2: tigertimon ($297.29 in chips)
Seat 3: RaisemyNut$ ($244.81 in chips)
RaisemyNut$: posts small blind $1
tigertimon: posts big blind $3
*** HOLE CARDS ***
RaisemyNut$: raises $3 to $6
tigertimon: raises $3 to $9
RaisemyNut$: calls $3
*** FLOP *** [5h Ac Js]
tigertimon: bets $3
RaisemyNut$: raises $3 to $6
tigertimon: calls $3
*** TURN *** [5h Ac Js] [7s]
tigertimon: checks
RaisemyNut$: bets $6
tigertimon: calls $6
*** RIVER *** [5h Ac Js 7s] [9s]
tigertimon: checks
RaisemyNut$: bets $6
tigertimon: calls $6
*** SHOW DOWN ***
RaisemyNut$: shows [Ah 6d] (a pair of Aces)
tigertimon: mucks hand
RaisemyNut$ collected $53.50 from pot
*** SUMMARY ***
Total pot $54 | Rake $0.50
Board [5h Ac Js 7s 9s]
Seat 2: tigertimon (big blind) mucked
Seat 3: RaisemyNut$ (button) (small blind) showed [Ah 6d] and won ($53.50) with a pair of Aces


PokerStars Hand #158919052606:  Hold'em Limit ($3/$6 USD) - 2016/09/21 18:17:01 ET
Table 'Octans II' 6-max Seat #2 is the button
Seat 2: tigertimon ($297.54 in chips)
Seat 3: RaisemyNut$ ($245.06 in chips)
tigertimon: posts small blind $1
RaisemyNut$: posts big blind $3
*** HOLE CARDS ***
tigertimon: raises $3 to $6
RaisemyNut$: calls $3
*** FLOP *** [8c 2h 4c]
RaisemyNut$: checks
tigertimon: bets $3
RaisemyNut$: calls $3
*** TURN *** [8c 2h 4c] [Qs]
RaisemyNut$: checks
tigertimon: bets $6
RaisemyNut$: raises $6 to $12
tigertimon: raises $6 to $18
RaisemyNut$: calls $6
*** RIVER *** [8c 2h 4c Qs] [4d]
RaisemyNut$: checks
tigertimon: bets $6
RaisemyNut$: calls $6
*** SHOW DOWN ***
tigertimon: shows [Qc 3c] (two pair, Queens and Fours)
RaisemyNut$: shows [6d Qd] (two pair, Queens and Fours)
RaisemyNut$ collected $32.75 from pot
tigertimon collected $32.75 from pot
*** SUMMARY ***
Total pot $66 | Rake $0.50
Board [8c 2h 4c Qs 4d]
Seat 2: tigertimon (button) (small blind) showed [Qc 3c] and won ($32.75) with two pair, Queens and Fours
Seat 3: RaisemyNut$ (big blind) showed [6d Qd] and won ($32.75) with two pair, Queens and Fours


PokerStars Hand #158919132375:  Hold'em Limit ($3/$6 USD) - 2016/09/21 18:18:58 ET
Table 'Octans II' 6-max Seat #3 is the button
Seat 2: tigertimon ($253.29 in chips)
Seat 3: RaisemyNut$ ($287.81 in chips)
RaisemyNut$: posts small blind $1
tigertimon: posts big blind $3
*** HOLE CARDS ***
RaisemyNut$: folds
Uncalled bet ($2) returned to tigertimon
tigertimon collected $2 from pot
tigertimon: doesn't show hand
*** SUMMARY ***
Total pot $2 | Rake $0
Seat 2: tigertimon (big blind) collected ($2)
Seat 3: RaisemyNut$ (button) (small blind) folded before Flop


PokerStars Hand #158919128928:  Hold'em Limit ($3/$6 USD) - 2016/09/21 18:18:53 ET
Table 'Octans II' 6-max Seat #2 is the button
Seat 2: tigertimon ($254.29 in chips)
Seat 3: RaisemyNut$ ($286.81 in chips)
tigertimon: posts small blind $1
RaisemyNut$: posts big blind $3
*** HOLE CARDS ***
tigertimon: folds
Uncalled bet ($2) returned to RaisemyNut$
RaisemyNut$ collected $2 from pot
RaisemyNut$: doesn't show hand
*** SUMMARY ***
Total pot $2 | Rake $0
Seat 2: tigertimon (button) (small blind) folded before Flop
Seat 3: RaisemyNut$ (big blind) collected ($2)


PokerStars Hand #158919105614:  Hold'em Limit ($3/$6 USD) - 2016/09/21 18:18:19 ET
Table 'Octans II' 6-max Seat #3 is the button
Seat 2: tigertimon ($269.29 in chips)
Seat 3: RaisemyNut$ ($272.31 in chips)
RaisemyNut$: posts small blind $1
tigertimon: posts big blind $3
*** HOLE CARDS ***
RaisemyNut$: raises $3 to $6
tigertimon: calls $3
*** FLOP *** [7c 6c 9h]
tigertimon: checks
RaisemyNut$: bets $3
tigertimon: calls $3
*** TURN *** [7c 6c 9h] [8s]
tigertimon: checks
RaisemyNut$: checks
*** RIVER *** [7c 6c 9h 8s] [5c]
tigertimon: checks
RaisemyNut$: bets $6
tigertimon: calls $6
*** SHOW DOWN ***
RaisemyNut$: shows [Ac Kc] (a flush, Ace high)
tigertimon: mucks hand
RaisemyNut$ collected $29.50 from pot
*** SUMMARY ***
Total pot $30 | Rake $0.50
Board [7c 6c 9h 8s 5c]
Seat 2: tigertimon (big blind) mucked
Seat 3: RaisemyNut$ (button) (small blind) showed [Ac Kc] and won ($29.50) with a flush, Ace high


PokerStars Hand #158919167961:  Hold'em Limit ($3/$6 USD) - 2016/09/21 18:19:50 ET
Table 'Octans II' 6-max Seat #3 is the button
Seat 2: tigertimon ($268.79 in chips)
Seat 3: RaisemyNut$ ($271.81 in chips)
RaisemyNut$: posts small blind $1
tigertimon: posts big blind $3
*** HOLE CARDS ***
RaisemyNut$: raises $3 to $6
tigertimon: raises $3 to $9
RaisemyNut$: calls $3
*** FLOP *** [4c 6h 4d]
tigertimon: bets $3
RaisemyNut$: folds
Uncalled bet ($3) returned to tigertimon
tigertimon collected $17.64 from pot
tigertimon: doesn't show hand
*** SUMMARY ***
Total pot $18 | Rake $0.36
Board [4c 6h 4d]
Seat 2: tigertimon (big blind) collected ($17.64)
Seat 3: RaisemyNut$ (button) (small blind) folded on the Flop


PokerStars Hand #158919138371:  Hold'em Limit ($3/$6 USD) - 2016/09/21 18:19:06 ET
Table 'Octans II' 6-max Seat #2 is the button
Seat 2: tigertimon ($254.29 in chips)
Seat 3: RaisemyNut$ ($286.81 in chips)
tigertimon: posts small blind $1
RaisemyNut$: posts big blind $3
*** HOLE CARDS ***
tigertimon: raises $3 to $6
RaisemyNut$: raises $3 to $9
tigertimon: raises $3 to $12
Betting is capped
RaisemyNut$: calls $3
*** FLOP *** [6c 9s 4d]
RaisemyNut$: checks
tigertimon: bets $3
RaisemyNut$: calls $3
*** TURN *** [6c 9s 4d] [3s]
RaisemyNut$: checks
tigertimon: bets $6
RaisemyNut$: folds
Uncalled bet ($6) returned to tigertimon
tigertimon collected $29.50 from pot
tigertimon: doesn't show hand
*** SUMMARY ***
Total pot $30 | Rake $0.50
Board [6c 9s 4d 3s]
Seat 2: tigertimon (button) (small blind) collected ($29.50)
Seat 3: RaisemyNut$ (big blind) folded on the Turn


PokerStars Hand #158919199931:  Hold'em Limit ($3/$6 USD) - 2016/09/21 18:20:40 ET
Table 'Octans II' 6-max Seat #2 is the button
Seat 2: tigertimon ($273.43 in chips)
Seat 3: RaisemyNut$ ($266.81 in chips)
tigertimon: posts small blind $1
RaisemyNut$: posts big blind $3
*** HOLE CARDS ***
tigertimon: raises $3 to $6
RaisemyNut$: calls $3
*** FLOP *** [5d 2c 7s]
RaisemyNut$: bets $3
tigertimon: raises $3 to $6
RaisemyNut$: calls $3
*** TURN *** [5d 2c 7s] [3c]
RaisemyNut$: checks
tigertimon: bets $6
RaisemyNut$: calls $6
*** RIVER *** [5d 2c 7s 3c] [9s]
RaisemyNut$: checks
tigertimon: bets $6
RaisemyNut$: folds
Uncalled bet ($6) returned to tigertimon
tigertimon collected $35.50 from pot
tigertimon: doesn't show hand
*** SUMMARY ***
Total pot $36 | Rake $0.50
Board [5d 2c 7s 3c 9s]
Seat 2: tigertimon (button) (small blind) collected ($35.50)
Seat 3: RaisemyNut$ (big blind) folded on the River


PokerStars Hand #158919193134:  Hold'em Limit ($3/$6 USD) - 2016/09/21 18:20:30 ET
Table 'Octans II' 6-max Seat #3 is the button
Seat 2: tigertimon ($276.43 in chips)
Seat 3: RaisemyNut$ ($263.81 in chips)
RaisemyNut$: posts small blind $1
tigertimon: posts big blind $3
*** HOLE CARDS ***
RaisemyNut$: raises $3 to $6
tigertimon: folds
Uncalled bet ($3) returned to RaisemyNut$
RaisemyNut$ collected $6 from pot
RaisemyNut$: doesn't show hand
*** SUMMARY ***
Total pot $6 | Rake $0
Seat 2: tigertimon (big blind) folded before Flop
Seat 3: RaisemyNut$ (button) (small blind) collected ($6)


PokerStars Hand #158919188773:  Hold'em Limit ($3/$6 USD) - 2016/09/21 18:20:23 ET
Table 'Octans II' 6-max Seat #2 is the button
Seat 2: tigertimon ($277.43 in chips)
Seat 3: RaisemyNut$ ($262.81 in chips)
tigertimon: posts small blind $1
RaisemyNut$: posts big blind $3
*** HOLE CARDS ***
tigertimon: folds
Uncalled bet ($2) returned to RaisemyNut$
RaisemyNut$ collected $2 from pot
RaisemyNut$: doesn't show hand
*** SUMMARY ***
Total pot $2 | Rake $0
Seat 2: tigertimon (button) (small blind) folded before Flop
Seat 3: RaisemyNut$ (big blind) collected ($2)


PokerStars Hand #158919233309:  Hold'em Limit ($3/$6 USD) - 2016/09/21 18:21:29 ET
Table 'Octans II' 6-max Seat #3 is the button
Seat 2: tigertimon ($290.93 in chips)
Seat 3: RaisemyNut$ ($248.81 in chips)
RaisemyNut$: posts small blind $1
tigertimon: posts big blind $3
*** HOLE CARDS ***
RaisemyNut$: raises $3 to $6
tigertimon: calls $3
*** FLOP *** [7d 5d 9d]
tigertimon: checks
RaisemyNut$: bets $3
tigertimon: calls $3
*** TURN *** [7d 5d 9d] [4s]
tigertimon: checks
RaisemyNut$: bets $6
tigertimon: calls $6
*** RIVER *** [7d 5d 9d 4s] [As]
tigertimon: checks
RaisemyNut$: bets $6
tigertimon: calls $6
*** SHOW DOWN ***
RaisemyNut$: shows [7s 7c] (three of a kind, Sevens)
tigertimon: mucks hand
RaisemyNut$ collected $41.50 from pot
*** SUMMARY ***
Total pot $42 | Rake $0.50
Board [7d 5d 9d 4s As]
Seat 2: tigertimon (big blind) mucked
Seat 3: RaisemyNut$ (button) (small blind) showed [7s 7c] and won ($41.50) with three of a kind, Sevens


PokerStars Hand #158919305303:  Hold'em Limit ($3/$6 USD) - 2016/09/21 18:23:15 ET
Table 'Octans II' 6-max Seat #3 is the button
Seat 2: tigertimon ($257.93 in chips)
Seat 3: RaisemyNut$ ($280.83 in chips)
RaisemyNut$: posts small blind $1
tigertimon: posts big blind $3
*** HOLE CARDS ***
RaisemyNut$: folds
Uncalled bet ($2) returned to tigertimon
tigertimon collected $2 from pot
tigertimon: doesn't show hand
*** SUMMARY ***
Total pot $2 | Rake $0
Seat 2: tigertimon (big blind) collected ($2)
Seat 3: RaisemyNut$ (button) (small blind) folded before Flop


PokerStars Hand #158919300638:  Hold'em Limit ($3/$6 USD) - 2016/09/21 18:23:08 ET
Table 'Octans II' 6-max Seat #2 is the button
Seat 2: tigertimon ($258.93 in chips)
Seat 3: RaisemyNut$ ($279.83 in chips)
tigertimon: posts small blind $1
RaisemyNut$: posts big blind $3
*** HOLE CARDS ***
tigertimon: folds
Uncalled bet ($2) returned to RaisemyNut$
RaisemyNut$ collected $2 from pot
RaisemyNut$: doesn't show hand
*** SUMMARY ***
Total pot $2 | Rake $0
Seat 2: tigertimon (button) (small blind) folded before Flop
Seat 3: RaisemyNut$ (big blind) collected ($2)


PokerStars Hand #158919292798:  Hold'em Limit ($3/$6 USD) - 2016/09/21 18:22:56 ET
Table 'Octans II' 6-max Seat #3 is the button
Seat 2: tigertimon ($257.93 in chips)
Seat 3: RaisemyNut$ ($280.83 in chips)
RaisemyNut$: posts small blind $1
tigertimon: posts big blind $3
*** HOLE CARDS ***
RaisemyNut$: folds
Uncalled bet ($2) returned to tigertimon
tigertimon collected $2 from pot
tigertimon: doesn't show hand
*** SUMMARY ***
Total pot $2 | Rake $0
Seat 2: tigertimon (big blind) collected ($2)
Seat 3: RaisemyNut$ (button) (small blind) folded before Flop


PokerStars Hand #158919259399:  Hold'em Limit ($3/$6 USD) - 2016/09/21 18:22:07 ET
Table 'Octans II' 6-max Seat #2 is the button
Seat 2: tigertimon ($269.93 in chips)
Seat 3: RaisemyNut$ ($269.31 in chips)
tigertimon: posts small blind $1
RaisemyNut$: posts big blind $3
*** HOLE CARDS ***
tigertimon: raises $3 to $6
RaisemyNut$: calls $3
*** FLOP *** [4d Jc 8c]
RaisemyNut$: checks
tigertimon: checks
*** TURN *** [4d Jc 8c] [Th]
RaisemyNut$: bets $6
tigertimon: calls $6
*** RIVER *** [4d Jc 8c Th] [8d]
RaisemyNut$: checks
tigertimon: checks
*** SHOW DOWN ***
RaisemyNut$: shows [4h Ah] (two pair, Eights and Fours)
tigertimon: mucks hand
RaisemyNut$ collected $23.52 from pot
*** SUMMARY ***
Total pot $24 | Rake $0.48
Board [4d Jc 8c Th 8d]
Seat 2: tigertimon (button) (small blind) mucked
Seat 3: RaisemyNut$ (big blind) showed [4h Ah] and won ($23.52) with two pair, Eights and Fours


PokerStars Hand #158919330755:  Hold'em Limit ($3/$6 USD) - 2016/09/21 18:23:52 ET
Table 'Octans II' 6-max Seat #3 is the button
Seat 2: tigertimon ($252.93 in chips)
Seat 3: RaisemyNut$ ($285.59 in chips)
RaisemyNut$: posts small blind $1
tigertimon: posts big blind $3
*** HOLE CARDS ***
RaisemyNut$: raises $3 to $6
tigertimon: calls $3
*** FLOP *** [6h 8d Qd]
tigertimon: checks
RaisemyNut$: bets $3
tigertimon: folds
Uncalled bet ($3) returned to RaisemyNut$
RaisemyNut$ collected $11.76 from pot
RaisemyNut$: doesn't show hand
*** SUMMARY ***
Total pot $12 | Rake $0.24
Board [6h 8d Qd]
Seat 2: tigertimon (big blind) folded on the Flop
Seat 3: RaisemyNut$ (button) (small blind) collected ($11.76)


PokerStars Hand #158919312260:  Hold'em Limit ($3/$6 USD) - 2016/09/21 18:23:25 ET
Table 'Octans II' 6-max Seat #2 is the button
Seat 2: tigertimon ($258.93 in chips)
Seat 3: RaisemyNut$ ($279.83 in chips)
tigertimon: posts small blind $1
RaisemyNut$: posts big blind $3
*** HOLE CARDS ***
tigertimon: raises $3 to $6
RaisemyNut$: calls $3
*** FLOP *** [5s Jh 7h]
RaisemyNut$: checks
tigertimon: checks
*** TURN *** [5s Jh 7h] [Ts]
RaisemyNut$: bets $6
tigertimon: folds
Uncalled bet ($6) returned to RaisemyNut$
RaisemyNut$ collected $11.76 from pot
RaisemyNut$: doesn't show hand
*** SUMMARY ***
Total pot $12 | Rake $0.24
Board [5s Jh 7h Ts]
Seat 2: tigertimon (button) (small blind) folded on the Turn
Seat 3: RaisemyNut$ (big blind) collected ($11.76)


PokerStars Hand #158919348135:  Hold'em Limit ($3/$6 USD) - 2016/09/21 18:24:18 ET
Table 'Octans II' 6-max Seat #2 is the button
Seat 2: tigertimon ($246.93 in chips)
Seat 3: RaisemyNut$ ($291.35 in chips)
tigertimon: posts small blind $1
RaisemyNut$: posts big blind $3
*** HOLE CARDS ***
tigertimon: raises $3 to $6
RaisemyNut$: calls $3
*** FLOP *** [3h 9c Qd]
RaisemyNut$: checks
tigertimon: bets $3
RaisemyNut$: folds
Uncalled bet ($3) returned to tigertimon
tigertimon collected $11.76 from pot
tigertimon: doesn't show hand
*** SUMMARY ***
Total pot $12 | Rake $0.24
Board [3h 9c Qd]
Seat 2: tigertimon (button) (small blind) collected ($11.76)
Seat 3: RaisemyNut$ (big blind) folded on the Flop


PokerStars Hand #158919391274:  Hold'em Limit ($3/$6 USD) - 2016/09/21 18:25:22 ET
Table 'Octans II' 6-max Seat #2 is the button
Seat 2: tigertimon ($266.19 in chips)
Seat 3: RaisemyNut$ ($271.35 in chips)
tigertimon: posts small blind $1
RaisemyNut$: posts big blind $3
*** HOLE CARDS ***
tigertimon: folds
Uncalled bet ($2) returned to RaisemyNut$
RaisemyNut$ collected $2 from pot
RaisemyNut$: doesn't show hand
*** SUMMARY ***
Total pot $2 | Rake $0
Seat 2: tigertimon (button) (small blind) folded before Flop
Seat 3: RaisemyNut$ (big blind) collected ($2)


PokerStars Hand #158919373280:  Hold'em Limit ($3/$6 USD) - 2016/09/21 18:24:55 ET
Table 'Octans II' 6-max Seat #3 is the button
Seat 2: tigertimon ($248.69 in chips)
Seat 3: RaisemyNut$ ($289.35 in chips)
RaisemyNut$: posts small blind $1
tigertimon: posts big blind $3
*** HOLE CARDS ***
RaisemyNut$: raises $3 to $6
tigertimon: raises $3 to $9
RaisemyNut$: calls $3
*** FLOP *** [Ks Ac 7d]
tigertimon: bets $3
RaisemyNut$: calls $3
*** TURN *** [Ks Ac 7d] [Tc]
tigertimon: bets $6
RaisemyNut$: calls $6
*** RIVER *** [Ks Ac 7d Tc] [Qh]
tigertimon: bets $6
RaisemyNut$: folds
Uncalled bet ($6) returned to tigertimon
tigertimon collected $35.50 from pot
tigertimon: doesn't show hand
*** SUMMARY ***
Total pot $36 | Rake $0.50
Board [Ks Ac 7d Tc Qh]
Seat 2: tigertimon (big blind) collected ($35.50)
Seat 3: RaisemyNut$ (button) (small blind) folded on the River


PokerStars Hand #158919368037:  Hold'em Limit ($3/$6 USD) - 2016/09/21 18:24:48 ET
Table 'Octans II' 6-max Seat #2 is the button
Seat 2: tigertimon ($249.69 in chips)
Seat 3: RaisemyNut$ ($288.35 in chips)
tigertimon: posts small blind $1
RaisemyNut$: posts big blind $3
*** HOLE CARDS ***
tigertimon: folds
Uncalled bet ($2) returned to RaisemyNut$
RaisemyNut$ collected $2 from pot
RaisemyNut$: doesn't show hand
*** SUMMARY ***
Total pot $2 | Rake $0
Seat 2: tigertimon (button) (small blind) folded before Flop
Seat 3: RaisemyNut$ (big blind) collected ($2)


PokerStars Hand #158919362059:  Hold'em Limit ($3/$6 USD) - 2016/09/21 18:24:39 ET
Table 'Octans II' 6-max Seat #3 is the button
Seat 2: tigertimon ($252.69 in chips)
Seat 3: RaisemyNut$ ($285.35 in chips)
RaisemyNut$: posts small blind $1
tigertimon: posts big blind $3
*** HOLE CARDS ***
RaisemyNut$: raises $3 to $6
tigertimon: folds
Uncalled bet ($3) returned to RaisemyNut$
RaisemyNut$ collected $6 from pot
RaisemyNut$: doesn't show hand
*** SUMMARY ***
Total pot $6 | Rake $0
Seat 2: tigertimon (big blind) folded before Flop
Seat 3: RaisemyNut$ (button) (small blind) collected ($6)


PokerStars Hand #158919420173:  Hold'em Limit ($3/$6 USD) - 2016/09/21 18:26:05 ET
Table 'Octans II' 6-max Seat #3 is the button
Seat 2: tigertimon ($258.19 in chips)
Seat 3: RaisemyNut$ ($279.11 in chips)
RaisemyNut$: posts small blind $1
tigertimon: posts big blind $3
*** HOLE CARDS ***
RaisemyNut$: folds
Uncalled bet ($2) returned to tigertimon
tigertimon collected $2 from pot
tigertimon: doesn't show hand
*** SUMMARY ***
Total pot $2 | Rake $0
Seat 2: tigertimon (big blind) collected ($2)
Seat 3: RaisemyNut$ (button) (small blind) folded before Flop


PokerStars Hand #158919415252:  Hold'em Limit ($3/$6 USD) - 2016/09/21 18:25:58 ET
Table 'Octans II' 6-max Seat #2 is the button
Seat 2: tigertimon ($259.19 in chips)
Seat 3: RaisemyNut$ ($278.11 in chips)
tigertimon: posts small blind $1
RaisemyNut$: posts big blind $3
*** HOLE CARDS ***
tigertimon: folds
Uncalled bet ($2) returned to RaisemyNut$
RaisemyNut$ collected $2 from pot
RaisemyNut$: doesn't show hand
*** SUMMARY ***
Total pot $2 | Rake $0
Seat 2: tigertimon (button) (small blind) folded before Flop
Seat 3: RaisemyNut$ (big blind) collected ($2)


PokerStars Hand #158919395189:  Hold'em Limit ($3/$6 USD) - 2016/09/21 18:25:28 ET
Table 'Octans II' 6-max Seat #3 is the button
Seat 2: tigertimon ($265.19 in chips)
Seat 3: RaisemyNut$ ($272.35 in chips)
RaisemyNut$: posts small blind $1
tigertimon: posts big blind $3
*** HOLE CARDS ***
RaisemyNut$: raises $3 to $6
tigertimon: calls $3
*** FLOP *** [Jc 9c 8d]
tigertimon: checks
RaisemyNut$: bets $3
tigertimon: folds
Uncalled bet ($3) returned to RaisemyNut$
RaisemyNut$ collected $11.76 from pot
RaisemyNut$: doesn't show hand
*** SUMMARY ***
Total pot $12 | Rake $0.24
Board [Jc 9c 8d]
Seat 2: tigertimon (big blind) folded on the Flop
Seat 3: RaisemyNut$ (button) (small blind) collected ($11.76)


PokerStars Hand #158919464392:  Hold'em Limit ($3/$6 USD) - 2016/09/21 18:27:10 ET
Table 'Octans II' 6-max Seat #3 is the button
Seat 2: tigertimon ($250.19 in chips)
Seat 3: RaisemyNut$ ($286.75 in chips)
RaisemyNut$: posts small blind $1
tigertimon: posts big blind $3
*** HOLE CARDS ***
RaisemyNut$: folds
Uncalled bet ($2) returned to tigertimon
tigertimon collected $2 from pot
tigertimon: doesn't show hand
*** SUMMARY ***
Total pot $2 | Rake $0
Seat 2: tigertimon (big blind) collected ($2)
Seat 3: RaisemyNut$ (button) (small blind) folded before Flop


PokerStars Hand #158919455535:  Hold'em Limit ($3/$6 USD) - 2016/09/21 18:26:57 ET
Table 'Octans II' 6-max Seat #2 is the button
Seat 2: tigertimon ($247.19 in chips)
Seat 3: RaisemyNut$ ($289.75 in chips)
tigertimon: posts small blind $1
RaisemyNut$: posts big blind $3
*** HOLE CARDS ***
tigertimon: raises $3 to $6
RaisemyNut$: folds
Uncalled bet ($3) returned to tigertimon
tigertimon collected $6 from pot
tigertimon: doesn't show hand
*** SUMMARY ***
Total pot $6 | Rake $0
Seat 2: tigertimon (button) (small blind) collected ($6)
Seat 3: RaisemyNut$ (big blind) folded before Flop


PokerStars Hand #158919448026:  Hold'em Limit ($3/$6 USD) - 2016/09/21 18:26:46 ET
Table 'Octans II' 6-max Seat #3 is the button
Seat 2: tigertimon ($250.19 in chips)
Seat 3: RaisemyNut$ ($286.75 in chips)
RaisemyNut$: posts small blind $1
tigertimon: posts big blind $3
*** HOLE CARDS ***
RaisemyNut$: raises $3 to $6
tigertimon: folds
Uncalled bet ($3) returned to RaisemyNut$
RaisemyNut$ collected $6 from pot
RaisemyNut$: doesn't show hand
*** SUMMARY ***
Total pot $6 | Rake $0
Seat 2: tigertimon (big blind) folded before Flop
Seat 3: RaisemyNut$ (button) (small blind) collected ($6)


PokerStars Hand #158919423464:  Hold'em Limit ($3/$6 USD) - 2016/09/21 18:26:10 ET
Table 'Octans II' 6-max Seat #2 is the button
Seat 2: tigertimon ($259.19 in chips)
Seat 3: RaisemyNut$ ($278.11 in chips)
tigertimon: posts small blind $1
RaisemyNut$: posts big blind $3
*** HOLE CARDS ***
tigertimon: raises $3 to $6
RaisemyNut$: calls $3
*** FLOP *** [4h Kc 6h]
RaisemyNut$: checks
tigertimon: bets $3
RaisemyNut$: calls $3
*** TURN *** [4h Kc 6h] [6s]
RaisemyNut$: checks
tigertimon: checks
*** RIVER *** [4h Kc 6h 6s] [Jc]
RaisemyNut$: checks
tigertimon: checks
*** SHOW DOWN ***
RaisemyNut$: shows [7h Ad] (a pair of Sixes)
tigertimon: mucks hand
RaisemyNut$ collected $17.64 from pot
*** SUMMARY ***
Total pot $18 | Rake $0.36
Board [4h Kc 6h 6s Jc]
Seat 2: tigertimon (button) (small blind) mucked
Seat 3: RaisemyNut$ (big blind) showed [7h Ad] and won ($17.64) with a pair of Sixes


PokerStars Hand #158919485180:  Hold'em Limit ($3/$6 USD) - 2016/09/21 18:27:41 ET
Table 'Octans II' 6-max Seat #3 is the button
Seat 2: tigertimon ($242.19 in chips)
Seat 3: RaisemyNut$ ($294.39 in chips)
RaisemyNut$: posts small blind $1
tigertimon: posts big blind $3
*** HOLE CARDS ***
RaisemyNut$: raises $3 to $6
tigertimon: calls $3
*** FLOP *** [7d Qs 4c]
tigertimon: checks
RaisemyNut$: bets $3
tigertimon: calls $3
*** TURN *** [7d Qs 4c] [5d]
tigertimon: checks
RaisemyNut$: bets $6
tigertimon: raises $6 to $12
RaisemyNut$: calls $6
*** RIVER *** [7d Qs 4c 5d] [8s]
tigertimon: bets $6
RaisemyNut$: folds
Uncalled bet ($6) returned to tigertimon
tigertimon collected $41.50 from pot
tigertimon: doesn't show hand
*** SUMMARY ***
Total pot $42 | Rake $0.50
Board [7d Qs 4c 5d 8s]
Seat 2: tigertimon (big blind) collected ($41.50)
Seat 3: RaisemyNut$ (button) (small blind) folded on the River


PokerStars Hand #158919467558:  Hold'em Limit ($3/$6 USD) - 2016/09/21 18:27:15 ET
Table 'Octans II' 6-max Seat #2 is the button
Seat 2: tigertimon ($251.19 in chips)
Seat 3: RaisemyNut$ ($285.75 in chips)
tigertimon: posts small blind $1
RaisemyNut$: posts big blind $3
*** HOLE CARDS ***
tigertimon: raises $3 to $6
RaisemyNut$: raises $3 to $9
tigertimon: calls $3
*** FLOP *** [7h Jd Ad]
RaisemyNut$: bets $3
tigertimon: folds
Uncalled bet ($3) returned to RaisemyNut$
RaisemyNut$ collected $17.64 from pot
RaisemyNut$: doesn't show hand
*** SUMMARY ***
Total pot $18 | Rake $0.36
Board [7h Jd Ad]
Seat 2: tigertimon (button) (small blind) folded on the Flop
Seat 3: RaisemyNut$ (big blind) collected ($17.64)


PokerStars Hand #158919532953:  Hold'em Limit ($3/$6 USD) - 2016/09/21 18:28:53 ET
Table 'Octans II' 6-max Seat #3 is the button
Seat 2: tigertimon ($261.69 in chips)
Seat 3: RaisemyNut$ ($274.39 in chips)
RaisemyNut$: posts small blind $1
tigertimon: posts big blind $3
*** HOLE CARDS ***
RaisemyNut$: raises $3 to $6
tigertimon: folds
Uncalled bet ($3) returned to RaisemyNut$
RaisemyNut$ collected $6 from pot
RaisemyNut$: doesn't show hand
*** SUMMARY ***
Total pot $6 | Rake $0
Seat 2: tigertimon (big blind) folded before Flop
Seat 3: RaisemyNut$ (button) (small blind) collected ($6)


PokerStars Hand #158919528824:  Hold'em Limit ($3/$6 USD) - 2016/09/21 18:28:47 ET
Table 'Octans II' 6-max Seat #2 is the button
Seat 2: tigertimon ($262.69 in chips)
Seat 3: RaisemyNut$ ($273.39 in chips)
tigertimon: posts small blind $1
RaisemyNut$: posts big blind $3
*** HOLE CARDS ***
tigertimon: folds
Uncalled bet ($2) returned to RaisemyNut$
RaisemyNut$ collected $2 from pot
RaisemyNut$: doesn't show hand
*** SUMMARY ***
Total pot $2 | Rake $0
Seat 2: tigertimon (button) (small blind) folded before Flop
Seat 3: RaisemyNut$ (big blind) collected ($2)


PokerStars Hand #158919515314:  Hold'em Limit ($3/$6 USD) - 2016/09/21 18:28:27 ET
Table 'Octans II' 6-max Seat #2 is the button
Seat 2: tigertimon ($262.69 in chips)
Seat 3: RaisemyNut$ ($273.39 in chips)
tigertimon: posts small blind $1
RaisemyNut$: posts big blind $3
*** HOLE CARDS ***
tigertimon: raises $3 to $6
RaisemyNut$: folds
Uncalled bet ($3) returned to tigertimon
tigertimon collected $6 from pot
tigertimon: doesn't show hand
*** SUMMARY ***
Total pot $6 | Rake $0
Seat 2: tigertimon (button) (small blind) collected ($6)
Seat 3: RaisemyNut$ (big blind) folded before Flop


PokerStars Hand #158919550064:  Hold'em Limit ($3/$6 USD) - 2016/09/21 18:29:20 ET
Table 'Octans II' 6-max Seat #2 is the button
Seat 2: tigertimon ($258.69 in chips)
Seat 3: RaisemyNut$ ($277.39 in chips)
tigertimon: posts small blind $1
RaisemyNut$: posts big blind $3
*** HOLE CARDS ***
tigertimon: raises $3 to $6
RaisemyNut$: calls $3
*** FLOP *** [8s 3d Qs]
RaisemyNut$: checks
tigertimon: checks
*** TURN *** [8s 3d Qs] [Kc]
RaisemyNut$: bets $6
tigertimon: folds
Uncalled bet ($6) returned to RaisemyNut$
RaisemyNut$ collected $11.76 from pot
RaisemyNut$: doesn't show hand
*** SUMMARY ***
Total pot $12 | Rake $0.24
Board [8s 3d Qs Kc]
Seat 2: tigertimon (button) (small blind) folded on the Turn
Seat 3: RaisemyNut$ (big blind) collected ($11.76)


PokerStars Hand #158919576245:  Hold'em Limit ($3/$6 USD) - 2016/09/21 18:30:00 ET
Table 'Octans II' 6-max Seat #3 is the button
Seat 2: tigertimon ($252.69 in chips)
Seat 3: RaisemyNut$ ($283.15 in chips)
RaisemyNut$: posts small blind $1
tigertimon: posts big blind $3
*** HOLE CARDS ***
RaisemyNut$: raises $3 to $6
tigertimon: folds
Uncalled bet ($3) returned to RaisemyNut$
RaisemyNut$ collected $6 from pot
RaisemyNut$: doesn't show hand
*** SUMMARY ***
Total pot $6 | Rake $0
Seat 2: tigertimon (big blind) folded before Flop
Seat 3: RaisemyNut$ (button) (small blind) collected ($6)


PokerStars Hand #158919587281:  Hold'em Limit ($3/$6 USD) - 2016/09/21 18:30:17 ET
Table 'Octans II' 6-max Seat #2 is the button
Seat 2: tigertimon ($249.69 in chips)
Seat 3: RaisemyNut$ ($286.15 in chips)
tigertimon: posts small blind $1
RaisemyNut$: posts big blind $3
*** HOLE CARDS ***
tigertimon: raises $3 to $6
RaisemyNut$: calls $3
*** FLOP *** [4d 8h 4c]
RaisemyNut$: checks
tigertimon: bets $3
RaisemyNut$: raises $3 to $6
tigertimon: folds
Uncalled bet ($3) returned to RaisemyNut$
RaisemyNut$ collected $17.64 from pot
RaisemyNut$: doesn't show hand
*** SUMMARY ***
Total pot $18 | Rake $0.36
Board [4d 8h 4c]
Seat 2: tigertimon (button) (small blind) folded on the Flop
Seat 3: RaisemyNut$ (big blind) collected ($17.64)


PokerStars Hand #158919613773:  Hold'em Limit ($3/$6 USD) - 2016/09/21 18:30:57 ET
Table 'Octans II' 6-max Seat #3 is the button
Seat 2: tigertimon ($240.69 in chips)
Seat 3: RaisemyNut$ ($294.79 in chips)
RaisemyNut$: posts small blind $1
tigertimon: posts big blind $3
*** HOLE CARDS ***
RaisemyNut$: raises $3 to $6
tigertimon: folds
Uncalled bet ($3) returned to RaisemyNut$
RaisemyNut$ collected $6 from pot
RaisemyNut$: doesn't show hand
*** SUMMARY ***
Total pot $6 | Rake $0
Seat 2: tigertimon (big blind) folded before Flop
Seat 3: RaisemyNut$ (button) (small blind) collected ($6)


PokerStars Hand #158919618680:  Hold'em Limit ($3/$6 USD) - 2016/09/21 18:31:05 ET
Table 'Octans II' 6-max Seat #2 is the button
Seat 2: tigertimon ($237.69 in chips)
Seat 3: RaisemyNut$ ($297.79 in chips)
tigertimon: posts small blind $1
RaisemyNut$: posts big blind $3
*** HOLE CARDS ***
tigertimon: raises $3 to $6
RaisemyNut$: folds
Uncalled bet ($3) returned to tigertimon
tigertimon collected $6 from pot
tigertimon: doesn't show hand
*** SUMMARY ***
Total pot $6 | Rake $0
Seat 2: tigertimon (button) (small blind) collected ($6)
Seat 3: RaisemyNut$ (big blind) folded before Flop


PokerStars Hand #158919643428:  Hold'em Limit ($3/$6 USD) - 2016/09/21 18:31:43 ET
Table 'Octans II' 6-max Seat #2 is the button
Seat 2: tigertimon ($216.69 in chips)
Seat 3: RaisemyNut$ ($318.29 in chips)
tigertimon: posts small blind $1
RaisemyNut$: posts big blind $3
*** HOLE CARDS ***
tigertimon: folds
Uncalled bet ($2) returned to RaisemyNut$
RaisemyNut$ collected $2 from pot
RaisemyNut$: doesn't show hand
*** SUMMARY ***
Total pot $2 | Rake $0
Seat 2: tigertimon (button) (small blind) folded before Flop
Seat 3: RaisemyNut$ (big blind) collected ($2)


PokerStars Hand #158919640127:  Hold'em Limit ($3/$6 USD) - 2016/09/21 18:31:38 ET
Table 'Octans II' 6-max Seat #3 is the button
Seat 2: tigertimon ($215.69 in chips)
Seat 3: RaisemyNut$ ($319.29 in chips)
RaisemyNut$: posts small blind $1
tigertimon: posts big blind $3
*** HOLE CARDS ***
RaisemyNut$: folds
Uncalled bet ($2) returned to tigertimon
tigertimon collected $2 from pot
tigertimon: doesn't show hand
*** SUMMARY ***
Total pot $2 | Rake $0
Seat 2: tigertimon (big blind) collected ($2)
Seat 3: RaisemyNut$ (button) (small blind) folded before Flop


PokerStars Hand #158919646693:  Hold'em Limit ($3/$6 USD) - 2016/09/21 18:31:48 ET
Table 'Octans II' 6-max Seat #3 is the button
Seat 2: tigertimon ($215.69 in chips)
Seat 3: RaisemyNut$ ($319.29 in chips)
RaisemyNut$: posts small blind $1
tigertimon: posts big blind $3
*** HOLE CARDS ***
RaisemyNut$: raises $3 to $6
tigertimon: folds
Uncalled bet ($3) returned to RaisemyNut$
RaisemyNut$ collected $6 from pot
RaisemyNut$: doesn't show hand
*** SUMMARY ***
Total pot $6 | Rake $0
Seat 2: tigertimon (big blind) folded before Flop
Seat 3: RaisemyNut$ (button) (small blind) collected ($6)


PokerStars Hand #158919653889:  Hold'em Limit ($3/$6 USD) - 2016/09/21 18:31:59 ET
Table 'Octans II' 6-max Seat #2 is the button
Seat 2: tigertimon ($212.69 in chips)
Seat 3: RaisemyNut$ ($322.29 in chips)
tigertimon: posts small blind $1
RaisemyNut$: posts big blind $3
*** HOLE CARDS ***
tigertimon: raises $3 to $6
RaisemyNut$: calls $3
*** FLOP *** [Js Kc 2c]
RaisemyNut$: checks
tigertimon: bets $3
RaisemyNut$: raises $3 to $6
tigertimon: raises $3 to $9
RaisemyNut$: folds
Uncalled bet ($3) returned to tigertimon
tigertimon collected $23.52 from pot
tigertimon: doesn't show hand
*** SUMMARY ***
Total pot $24 | Rake $0.48
Board [Js Kc 2c]
Seat 2: tigertimon (button) (small blind) collected ($23.52)
Seat 3: RaisemyNut$ (big blind) folded on the Flop


PokerStars Hand #158919665417:  Hold'em Limit ($3/$6 USD) - 2016/09/21 18:32:17 ET
Table 'Octans II' 6-max Seat #3 is the button
Seat 2: tigertimon ($224.21 in chips)
Seat 3: RaisemyNut$ ($310.29 in chips)
RaisemyNut$: posts small blind $1
tigertimon: posts big blind $3
*** HOLE CARDS ***
RaisemyNut$: raises $3 to $6
tigertimon: folds
Uncalled bet ($3) returned to RaisemyNut$
RaisemyNut$ collected $6 from pot
RaisemyNut$: doesn't show hand
*** SUMMARY ***
Total pot $6 | Rake $0
Seat 2: tigertimon (big blind) folded before Flop
Seat 3: RaisemyNut$ (button) (small blind) collected ($6)


PokerStars Hand #158919636961:  Hold'em Limit ($3/$6 USD) - 2016/09/21 18:31:33 ET
Table 'Octans II' 6-max Seat #2 is the button
Seat 2: tigertimon ($216.69 in chips)
Seat 3: RaisemyNut$ ($318.29 in chips)
tigertimon: posts small blind $1
RaisemyNut$: posts big blind $3
*** HOLE CARDS ***
tigertimon: folds
Uncalled bet ($2) returned to RaisemyNut$
RaisemyNut$ collected $2 from pot
RaisemyNut$: doesn't show hand
*** SUMMARY ***
Total pot $2 | Rake $0
Seat 2: tigertimon (button) (small blind) folded before Flop
Seat 3: RaisemyNut$ (big blind) collected ($2)


PokerStars Hand #158919623067:  Hold'em Limit ($3/$6 USD) - 2016/09/21 18:31:12 ET
Table 'Octans II' 6-max Seat #3 is the button
Seat 2: tigertimon ($240.69 in chips)
Seat 3: RaisemyNut$ ($294.79 in chips)
RaisemyNut$: posts small blind $1
tigertimon: posts big blind $3
*** HOLE CARDS ***
RaisemyNut$: raises $3 to $6
tigertimon: raises $3 to $9
RaisemyNut$: calls $3
*** FLOP *** [Ks 4h 5s]
tigertimon: bets $3
RaisemyNut$: calls $3
*** TURN *** [Ks 4h 5s] [7s]
tigertimon: bets $6
RaisemyNut$: calls $6
*** RIVER *** [Ks 4h 5s 7s] [3s]
tigertimon: checks
RaisemyNut$: bets $6
tigertimon: calls $6
*** SHOW DOWN ***
RaisemyNut$: shows [6d 5d] (a straight, Three to Seven)
tigertimon: mucks hand
RaisemyNut$ collected $47.50 from pot
*** SUMMARY ***
Total pot $48 | Rake $0.50
Board [Ks 4h 5s 7s 3s]
Seat 2: tigertimon (big blind) mucked
Seat 3: RaisemyNut$ (button) (small blind) showed [6d 5d] and won ($47.50) with a straight, Three to Seven


PokerStars Hand #158919672572:  Hold'em Limit ($3/$6 USD) - 2016/09/21 18:32:28 ET
Table 'Octans II' 6-max Seat #2 is the button
Seat 2: tigertimon ($221.21 in chips)
Seat 3: RaisemyNut$ ($313.29 in chips)
tigertimon: posts small blind $1
RaisemyNut$: posts big blind $3
*** HOLE CARDS ***
tigertimon: raises $3 to $6
RaisemyNut$: calls $3
*** FLOP *** [8c 4d 3c]
RaisemyNut$: checks
tigertimon: checks
*** TURN *** [8c 4d 3c] [8h]
RaisemyNut$: checks
tigertimon: bets $6
RaisemyNut$: calls $6
*** RIVER *** [8c 4d 3c 8h] [7s]
RaisemyNut$: checks
tigertimon: bets $6
RaisemyNut$: raises $6 to $12
tigertimon: calls $6
*** SHOW DOWN ***
RaisemyNut$: shows [7d Ac] (two pair, Eights and Sevens)
tigertimon: mucks hand
RaisemyNut$ collected $47.50 from pot
*** SUMMARY ***
Total pot $48 | Rake $0.50
Board [8c 4d 3c 8h 7s]
Seat 2: tigertimon (button) (small blind) mucked
Seat 3: RaisemyNut$ (big blind) showed [7d Ac] and won ($47.50) with two pair, Eights and Sevens


PokerStars Hand #158919692366:  Hold'em Limit ($3/$6 USD) - 2016/09/21 18:32:58 ET
Table 'Octans II' 6-max Seat #3 is the button
Seat 2: tigertimon ($197.21 in chips)
Seat 3: RaisemyNut$ ($336.79 in chips)
RaisemyNut$: posts small blind $1
tigertimon: posts big blind $3
*** HOLE CARDS ***
RaisemyNut$: raises $3 to $6
tigertimon: raises $3 to $9
RaisemyNut$: calls $3
*** FLOP *** [4d Qh Ah]
tigertimon: bets $3
RaisemyNut$: calls $3
*** TURN *** [4d Qh Ah] [Jc]
tigertimon: bets $6
RaisemyNut$: calls $6
*** RIVER *** [4d Qh Ah Jc] [6s]
tigertimon: bets $6
RaisemyNut$: calls $6
*** SHOW DOWN ***
tigertimon: shows [Ac Kc] (a pair of Aces)
RaisemyNut$: mucks hand
tigertimon collected $47.50 from pot
*** SUMMARY ***
Total pot $48 | Rake $0.50
Board [4d Qh Ah Jc 6s]
Seat 2: tigertimon (big blind) showed [Ac Kc] and won ($47.50) with a pair of Aces
Seat 3: RaisemyNut$ (button) (small blind) mucked


PokerStars Hand #158919715018:  Hold'em Limit ($3/$6 USD) - 2016/09/21 18:33:33 ET
Table 'Octans II' 6-max Seat #3 is the button
Seat 2: tigertimon ($219.71 in chips)
Seat 3: RaisemyNut$ ($313.79 in chips)
RaisemyNut$: posts small blind $1
tigertimon: posts big blind $3
*** HOLE CARDS ***
RaisemyNut$: raises $3 to $6
tigertimon: folds
Uncalled bet ($3) returned to RaisemyNut$
RaisemyNut$ collected $6 from pot
RaisemyNut$: doesn't show hand
*** SUMMARY ***
Total pot $6 | Rake $0
Seat 2: tigertimon (big blind) folded before Flop
Seat 3: RaisemyNut$ (button) (small blind) collected ($6)


PokerStars Hand #158919721837:  Hold'em Limit ($3/$6 USD) - 2016/09/21 18:33:43 ET
Table 'Octans II' 6-max Seat #2 is the button
Seat 2: tigertimon ($216.71 in chips)
Seat 3: RaisemyNut$ ($316.79 in chips)
tigertimon: posts small blind $1
RaisemyNut$: posts big blind $3
*** HOLE CARDS ***
tigertimon: raises $3 to $6
RaisemyNut$: calls $3
*** FLOP *** [Js 7h 2d]
RaisemyNut$: checks
tigertimon: checks
*** TURN *** [Js 7h 2d] [5h]
RaisemyNut$: checks
tigertimon: checks
*** RIVER *** [Js 7h 2d 5h] [As]
RaisemyNut$: checks
tigertimon: bets $6
RaisemyNut$: folds
Uncalled bet ($6) returned to tigertimon
tigertimon collected $11.76 from pot
tigertimon: doesn't show hand
*** SUMMARY ***
Total pot $12 | Rake $0.24
Board [Js 7h 2d 5h As]
Seat 2: tigertimon (button) (small blind) collected ($11.76)
Seat 3: RaisemyNut$ (big blind) folded on the River


PokerStars Hand #158919711203:  Hold'em Limit ($3/$6 USD) - 2016/09/21 18:33:27 ET
Table 'Octans II' 6-max Seat #2 is the button
Seat 2: tigertimon ($220.71 in chips)
Seat 3: RaisemyNut$ ($312.79 in chips)
tigertimon: posts small blind $1
RaisemyNut$: posts big blind $3
*** HOLE CARDS ***
tigertimon: folds
Uncalled bet ($2) returned to RaisemyNut$
RaisemyNut$ collected $2 from pot
RaisemyNut$: doesn't show hand
*** SUMMARY ***
Total pot $2 | Rake $0
Seat 2: tigertimon (button) (small blind) folded before Flop
Seat 3: RaisemyNut$ (big blind) collected ($2)


PokerStars Hand #158919742355:  Hold'em Limit ($3/$6 USD) - 2016/09/21 18:34:15 ET
Table 'Octans II' 6-max Seat #3 is the button
Seat 2: tigertimon ($222.47 in chips)
Seat 3: RaisemyNut$ ($310.79 in chips)
RaisemyNut$: posts small blind $1
tigertimon: posts big blind $3
*** HOLE CARDS ***
RaisemyNut$: raises $3 to $6
tigertimon: calls $3
*** FLOP *** [Th 4s Kd]
tigertimon: checks
RaisemyNut$: bets $3
tigertimon: calls $3
*** TURN *** [Th 4s Kd] [Ah]
tigertimon: checks
RaisemyNut$: checks
*** RIVER *** [Th 4s Kd Ah] [9d]
tigertimon: bets $6
RaisemyNut$: folds
Uncalled bet ($6) returned to tigertimon
tigertimon collected $17.64 from pot
tigertimon: doesn't show hand
*** SUMMARY ***
Total pot $18 | Rake $0.36
Board [Th 4s Kd Ah 9d]
Seat 2: tigertimon (big blind) collected ($17.64)
Seat 3: RaisemyNut$ (button) (small blind) folded on the River


PokerStars Hand #158919759588:  Hold'em Limit ($3/$6 USD) - 2016/09/21 18:34:41 ET
Table 'Octans II' 6-max Seat #2 is the button
Seat 2: tigertimon ($231.11 in chips)
Seat 3: RaisemyNut$ ($301.79 in chips)
tigertimon: posts small blind $1
RaisemyNut$: posts big blind $3
*** HOLE CARDS ***
tigertimon: raises $3 to $6
RaisemyNut$: calls $3
*** FLOP *** [3s 7d 7c]
RaisemyNut$: checks
tigertimon: checks
*** TURN *** [3s 7d 7c] [Ah]
RaisemyNut$: checks
tigertimon: checks
*** RIVER *** [3s 7d 7c Ah] [Jd]
RaisemyNut$: bets $6
tigertimon: folds
Uncalled bet ($6) returned to RaisemyNut$
RaisemyNut$ collected $11.76 from pot
RaisemyNut$: doesn't show hand
*** SUMMARY ***
Total pot $12 | Rake $0.24
Board [3s 7d 7c Ah Jd]
Seat 2: tigertimon (button) (small blind) folded on the River
Seat 3: RaisemyNut$ (big blind) collected ($11.76)


PokerStars Hand #158919790877:  Hold'em Limit ($3/$6 USD) - 2016/09/21 18:35:30 ET
Table 'Octans II' 6-max Seat #3 is the button
Seat 2: tigertimon ($225.11 in chips)
Seat 3: RaisemyNut$ ($307.55 in chips)
RaisemyNut$: posts small blind $1
tigertimon: posts big blind $3
*** HOLE CARDS ***
RaisemyNut$: folds
Uncalled bet ($2) returned to tigertimon
tigertimon collected $2 from pot
tigertimon: doesn't show hand
*** SUMMARY ***
Total pot $2 | Rake $0
Seat 2: tigertimon (big blind) collected ($2)
Seat 3: RaisemyNut$ (button) (small blind) folded before Flop


PokerStars Hand #158919802760:  Hold'em Limit ($3/$6 USD) - 2016/09/21 18:35:48 ET
Table 'Octans II' 6-max Seat #2 is the button
Seat 2: tigertimon ($226.11 in chips)
Seat 3: RaisemyNut$ ($306.55 in chips)
tigertimon: posts small blind $1
RaisemyNut$: posts big blind $3
*** HOLE CARDS ***
tigertimon: folds
Uncalled bet ($2) returned to RaisemyNut$
RaisemyNut$ collected $2 from pot
RaisemyNut$: doesn't show hand
*** SUMMARY ***
Total pot $2 | Rake $0
Seat 2: tigertimon (button) (small blind) folded before Flop
Seat 3: RaisemyNut$ (big blind) collected ($2)


PokerStars Hand #158919806635:  Hold'em Limit ($3/$6 USD) - 2016/09/21 18:35:54 ET
Table 'Octans II' 6-max Seat #3 is the button
Seat 2: tigertimon ($225.11 in chips)
Seat 3: RaisemyNut$ ($307.55 in chips)
RaisemyNut$: posts small blind $1
tigertimon: posts big blind $3
*** HOLE CARDS ***
RaisemyNut$: folds
Uncalled bet ($2) returned to tigertimon
tigertimon collected $2 from pot
tigertimon: doesn't show hand
*** SUMMARY ***
Total pot $2 | Rake $0
Seat 2: tigertimon (big blind) collected ($2)
Seat 3: RaisemyNut$ (button) (small blind) folded before Flop


PokerStars Hand #158919819673:  Hold'em Limit ($3/$6 USD) - 2016/09/21 18:36:15 ET
Table 'Octans II' 6-max Seat #2 is the button
Seat 2: tigertimon ($226.11 in chips)
Seat 3: RaisemyNut$ ($306.55 in chips)
tigertimon: posts small blind $1
RaisemyNut$: posts big blind $3
*** HOLE CARDS ***
tigertimon: raises $3 to $6
RaisemyNut$: calls $3
*** FLOP *** [Ad 6c 9s]
RaisemyNut$: checks
tigertimon: bets $3
RaisemyNut$: raises $3 to $6
tigertimon: calls $3
*** TURN *** [Ad 6c 9s] [6h]
RaisemyNut$: bets $6
tigertimon: folds
Uncalled bet ($6) returned to RaisemyNut$
RaisemyNut$ collected $23.52 from pot
RaisemyNut$: doesn't show hand
*** SUMMARY ***
Total pot $24 | Rake $0.48
Board [Ad 6c 9s 6h]
Seat 2: tigertimon (button) (small blind) folded on the Turn
Seat 3: RaisemyNut$ (big blind) collected ($23.52)


PokerStars Hand #158919838617:  Hold'em Limit ($3/$6 USD) - 2016/09/21 18:36:44 ET
Table 'Octans II' 6-max Seat #2 is the button
Seat 2: tigertimon ($211.11 in chips)
Seat 3: RaisemyNut$ ($321.07 in chips)
tigertimon: posts small blind $1
RaisemyNut$: posts big blind $3
*** HOLE CARDS ***
tigertimon: folds
Uncalled bet ($2) returned to RaisemyNut$
RaisemyNut$ collected $2 from pot
RaisemyNut$: doesn't show hand
*** SUMMARY ***
Total pot $2 | Rake $0
Seat 2: tigertimon (button) (small blind) folded before Flop
Seat 3: RaisemyNut$ (big blind) collected ($2)


PokerStars Hand #158919832245:  Hold'em Limit ($3/$6 USD) - 2016/09/21 18:36:34 ET
Table 'Octans II' 6-max Seat #3 is the button
Seat 2: tigertimon ($214.11 in chips)
Seat 3: RaisemyNut$ ($318.07 in chips)
RaisemyNut$: posts small blind $1
tigertimon: posts big blind $3
*** HOLE CARDS ***
RaisemyNut$: raises $3 to $6
tigertimon: folds
Uncalled bet ($3) returned to RaisemyNut$
RaisemyNut$ collected $6 from pot
RaisemyNut$: doesn't show hand
*** SUMMARY ***
Total pot $6 | Rake $0
Seat 2: tigertimon (big blind) folded before Flop
Seat 3: RaisemyNut$ (button) (small blind) collected ($6)


PokerStars Hand #158919842212:  Hold'em Limit ($3/$6 USD) - 2016/09/21 18:36:50 ET
Table 'Octans II' 6-max Seat #3 is the button
Seat 2: tigertimon ($210.11 in chips)
Seat 3: RaisemyNut$ ($322.07 in chips)
RaisemyNut$: posts small blind $1
tigertimon: posts big blind $3
*** HOLE CARDS ***
RaisemyNut$: folds
Uncalled bet ($2) returned to tigertimon
tigertimon collected $2 from pot
tigertimon: doesn't show hand
*** SUMMARY ***
Total pot $2 | Rake $0
Seat 2: tigertimon (big blind) collected ($2)
Seat 3: RaisemyNut$ (button) (small blind) folded before Flop


PokerStars Hand #158919854543:  Hold'em Limit ($3/$6 USD) - 2016/09/21 18:36:57 ET
Table 'Octans II' 6-max Seat #2 is the button
Seat 2: tigertimon ($211.11 in chips)
Seat 3: RaisemyNut$ ($321.07 in chips)
tigertimon: posts small blind $1
RaisemyNut$: posts big blind $3
*** HOLE CARDS ***
tigertimon: raises $3 to $6
RaisemyNut$: calls $3
*** FLOP *** [3h Tc 7h]
RaisemyNut$: checks
tigertimon: checks
*** TURN *** [3h Tc 7h] [Td]
RaisemyNut$: checks
tigertimon: checks
*** RIVER *** [3h Tc 7h Td] [3s]
RaisemyNut$: checks
tigertimon: bets $6
RaisemyNut$: folds
Uncalled bet ($6) returned to tigertimon
tigertimon collected $11.76 from pot
tigertimon: doesn't show hand
*** SUMMARY ***
Total pot $12 | Rake $0.24
Board [3h Tc 7h Td 3s]
Seat 2: tigertimon (button) (small blind) collected ($11.76)
Seat 3: RaisemyNut$ (big blind) folded on the River


PokerStars Hand #158919877560:  Hold'em Limit ($3/$6 USD) - 2016/09/21 18:37:32 ET
Table 'Octans II' 6-max Seat #2 is the button
Seat 2: tigertimon ($217.87 in chips)
Seat 3: RaisemyNut$ ($314.07 in chips)
tigertimon: posts small blind $1
RaisemyNut$: posts big blind $3
*** HOLE CARDS ***
tigertimon: folds
Uncalled bet ($2) returned to RaisemyNut$
RaisemyNut$ collected $2 from pot
RaisemyNut$: doesn't show hand
*** SUMMARY ***
Total pot $2 | Rake $0
Seat 2: tigertimon (button) (small blind) folded before Flop
Seat 3: RaisemyNut$ (big blind) collected ($2)


PokerStars Hand #158919872589:  Hold'em Limit ($3/$6 USD) - 2016/09/21 18:37:24 ET
Table 'Octans II' 6-max Seat #3 is the button
Seat 2: tigertimon ($216.87 in chips)
Seat 3: RaisemyNut$ ($315.07 in chips)
RaisemyNut$: posts small blind $1
tigertimon: posts big blind $3
*** HOLE CARDS ***
RaisemyNut$: folds
Uncalled bet ($2) returned to tigertimon
tigertimon collected $2 from pot
tigertimon: doesn't show hand
*** SUMMARY ***
Total pot $2 | Rake $0
Seat 2: tigertimon (big blind) collected ($2)
Seat 3: RaisemyNut$ (button) (small blind) folded before Flop


PokerStars Hand #158919881692:  Hold'em Limit ($3/$6 USD) - 2016/09/21 18:37:38 ET
Table 'Octans II' 6-max Seat #3 is the button
Seat 2: tigertimon ($216.87 in chips)
Seat 3: RaisemyNut$ ($315.07 in chips)
RaisemyNut$: posts small blind $1
tigertimon: posts big blind $3
*** HOLE CARDS ***
RaisemyNut$: raises $3 to $6
tigertimon: calls $3
*** FLOP *** [Jc Qs 4h]
tigertimon: checks
RaisemyNut$: bets $3
tigertimon: calls $3
*** TURN *** [Jc Qs 4h] [3d]
tigertimon: checks
RaisemyNut$: bets $6
tigertimon: calls $6
*** RIVER *** [Jc Qs 4h 3d] [4d]
tigertimon: checks
RaisemyNut$: checks
*** SHOW DOWN ***
tigertimon: shows [4s 5s] (three of a kind, Fours)
RaisemyNut$: mucks hand
tigertimon collected $29.50 from pot
*** SUMMARY ***
Total pot $30 | Rake $0.50
Board [Jc Qs 4h 3d 4d]
Seat 2: tigertimon (big blind) showed [4s 5s] and won ($29.50) with three of a kind, Fours
Seat 3: RaisemyNut$ (button) (small blind) mucked


PokerStars Hand #158919903342:  Hold'em Limit ($3/$6 USD) - 2016/09/21 18:38:11 ET
Table 'Octans II' 6-max Seat #2 is the button
Seat 2: tigertimon ($231.37 in chips)
Seat 3: RaisemyNut$ ($300.07 in chips)
tigertimon: posts small blind $1
RaisemyNut$: posts big blind $3
*** HOLE CARDS ***
tigertimon: raises $3 to $6
RaisemyNut$: raises $3 to $9
tigertimon: calls $3
*** FLOP *** [Jh 9d Ac]
RaisemyNut$: bets $3
tigertimon: raises $3 to $6
RaisemyNut$: calls $3
*** TURN *** [Jh 9d Ac] [6s]
RaisemyNut$: checks
tigertimon: checks
*** RIVER *** [Jh 9d Ac 6s] [Js]
RaisemyNut$: checks
tigertimon: bets $6
RaisemyNut$: calls $6
*** SHOW DOWN ***
tigertimon: shows [3c Jc] (three of a kind, Jacks)
RaisemyNut$: mucks hand
tigertimon collected $41.50 from pot
*** SUMMARY ***
Total pot $42 | Rake $0.50
Board [Jh 9d Ac 6s Js]
Seat 2: tigertimon (button) (small blind) showed [3c Jc] and won ($41.50) with three of a kind, Jacks
Seat 3: RaisemyNut$ (big blind) mucked


PokerStars Hand #158919950255:  Hold'em Limit ($3/$6 USD) - 2016/09/21 18:39:23 ET
Table 'Octans II' 6-max Seat #2 is the button
Seat 2: tigertimon ($260.51 in chips)
Seat 3: RaisemyNut$ ($270.07 in chips)
tigertimon: posts small blind $1
RaisemyNut$: posts big blind $3
*** HOLE CARDS ***
tigertimon: folds
Uncalled bet ($2) returned to RaisemyNut$
RaisemyNut$ collected $2 from pot
RaisemyNut$: doesn't show hand
*** SUMMARY ***
Total pot $2 | Rake $0
Seat 2: tigertimon (button) (small blind) folded before Flop
Seat 3: RaisemyNut$ (big blind) collected ($2)


PokerStars Hand #158919925335:  Hold'em Limit ($3/$6 USD) - 2016/09/21 18:38:45 ET
Table 'Octans II' 6-max Seat #3 is the button
Seat 2: tigertimon ($251.87 in chips)
Seat 3: RaisemyNut$ ($279.07 in chips)
RaisemyNut$: posts small blind $1
tigertimon: posts big blind $3
*** HOLE CARDS ***
RaisemyNut$: raises $3 to $6
tigertimon: calls $3
*** FLOP *** [6s 8d Qd]
tigertimon: checks
RaisemyNut$: bets $3
tigertimon: calls $3
*** TURN *** [6s 8d Qd] [Jh]
tigertimon: checks
RaisemyNut$: checks
*** RIVER *** [6s 8d Qd Jh] [4h]
tigertimon: bets $6
RaisemyNut$: folds
Uncalled bet ($6) returned to tigertimon
tigertimon collected $17.64 from pot
tigertimon: doesn't show hand
*** SUMMARY ***
Total pot $18 | Rake $0.36
Board [6s 8d Qd Jh 4h]
Seat 2: tigertimon (big blind) collected ($17.64)
Seat 3: RaisemyNut$ (button) (small blind) folded on the River


PokerStars Hand #158919958207:  Hold'em Limit ($3/$6 USD) - 2016/09/21 18:39:35 ET
Table 'Octans II' 6-max Seat #2 is the button
Seat 2: tigertimon ($256.51 in chips)
Seat 3: RaisemyNut$ ($274.07 in chips)
tigertimon: posts small blind $1
RaisemyNut$: posts big blind $3
*** HOLE CARDS ***
tigertimon: raises $3 to $6
RaisemyNut$: calls $3
*** FLOP *** [As 5h 8h]
RaisemyNut$: checks
tigertimon: bets $3
RaisemyNut$: folds
Uncalled bet ($3) returned to tigertimon
tigertimon collected $11.76 from pot
tigertimon: doesn't show hand
*** SUMMARY ***
Total pot $12 | Rake $0.24
Board [As 5h 8h]
Seat 2: tigertimon (button) (small blind) collected ($11.76)
Seat 3: RaisemyNut$ (big blind) folded on the Flop


PokerStars Hand #158919985327:  Hold'em Limit ($3/$6 USD) - 2016/09/21 18:40:17 ET
Table 'Octans II' 6-max Seat #2 is the button
Seat 2: tigertimon ($244.27 in chips)
Seat 3: RaisemyNut$ ($285.57 in chips)
tigertimon: posts small blind $1
RaisemyNut$: posts big blind $3
*** HOLE CARDS ***
tigertimon: folds
Uncalled bet ($2) returned to RaisemyNut$
RaisemyNut$ collected $2 from pot
RaisemyNut$: doesn't show hand
*** SUMMARY ***
Total pot $2 | Rake $0
Seat 2: tigertimon (button) (small blind) folded before Flop
Seat 3: RaisemyNut$ (big blind) collected ($2)


PokerStars Hand #158919970911:  Hold'em Limit ($3/$6 USD) - 2016/09/21 18:39:54 ET
Table 'Octans II' 6-max Seat #3 is the button
Seat 2: tigertimon ($262.27 in chips)
Seat 3: RaisemyNut$ ($268.07 in chips)
RaisemyNut$: posts small blind $1
tigertimon: posts big blind $3
*** HOLE CARDS ***
RaisemyNut$: raises $3 to $6
tigertimon: raises $3 to $9
RaisemyNut$: calls $3
*** FLOP *** [Kh 4h Qs]
tigertimon: bets $3
RaisemyNut$: calls $3
*** TURN *** [Kh 4h Qs] [Qc]
tigertimon: bets $6
RaisemyNut$: raises $6 to $12
tigertimon: folds
Uncalled bet ($6) returned to RaisemyNut$
RaisemyNut$ collected $35.50 from pot
RaisemyNut$: doesn't show hand
*** SUMMARY ***
Total pot $36 | Rake $0.50
Board [Kh 4h Qs Qc]
Seat 2: tigertimon (big blind) folded on the Turn
Seat 3: RaisemyNut$ (button) (small blind) collected ($35.50)


PokerStars Hand #158919953907:  Hold'em Limit ($3/$6 USD) - 2016/09/21 18:39:28 ET
Table 'Octans II' 6-max Seat #3 is the button
Seat 2: tigertimon ($259.51 in chips)
Seat 3: RaisemyNut$ ($271.07 in chips)
RaisemyNut$: posts small blind $1
tigertimon: posts big blind $3
*** HOLE CARDS ***
RaisemyNut$: raises $3 to $6
tigertimon: folds
Uncalled bet ($3) returned to RaisemyNut$
RaisemyNut$ collected $6 from pot
RaisemyNut$: doesn't show hand
*** SUMMARY ***
Total pot $6 | Rake $0
Seat 2: tigertimon (big blind) folded before Flop
Seat 3: RaisemyNut$ (button) (small blind) collected ($6)


PokerStars Hand #158919988549:  Hold'em Limit ($3/$6 USD) - 2016/09/21 18:40:21 ET
Table 'Octans II' 6-max Seat #3 is the button
Seat 2: tigertimon ($243.27 in chips)
Seat 3: RaisemyNut$ ($286.57 in chips)
RaisemyNut$: posts small blind $1
tigertimon: posts big blind $3
*** HOLE CARDS ***
RaisemyNut$: raises $3 to $6
tigertimon: calls $3
*** FLOP *** [9h 2d Kh]
tigertimon: checks
RaisemyNut$: bets $3
tigertimon: calls $3
*** TURN *** [9h 2d Kh] [9d]
tigertimon: checks
RaisemyNut$: bets $6
tigertimon: calls $6
*** RIVER *** [9h 2d Kh 9d] [Jc]
tigertimon: checks
RaisemyNut$: bets $6
tigertimon: calls $6
*** SHOW DOWN ***
RaisemyNut$: shows [Td Qd] (a straight, Nine to King)
tigertimon: mucks hand
RaisemyNut$ collected $41.50 from pot
*** SUMMARY ***
Total pot $42 | Rake $0.50
Board [9h 2d Kh 9d Jc]
Seat 2: tigertimon (big blind) mucked
Seat 3: RaisemyNut$ (button) (small blind) showed [Td Qd] and won ($41.50) with a straight, Nine to King


PokerStars Hand #158920004953:  Hold'em Limit ($3/$6 USD) - 2016/09/21 18:40:46 ET
Table 'Octans II' 6-max Seat #2 is the button
Seat 2: tigertimon ($222.27 in chips)
Seat 3: RaisemyNut$ ($307.07 in chips)
tigertimon: posts small blind $1
RaisemyNut$: posts big blind $3
*** HOLE CARDS ***
tigertimon: folds
Uncalled bet ($2) returned to RaisemyNut$
RaisemyNut$ collected $2 from pot
RaisemyNut$: doesn't show hand
*** SUMMARY ***
Total pot $2 | Rake $0
Seat 2: tigertimon (button) (small blind) folded before Flop
Seat 3: RaisemyNut$ (big blind) collected ($2)


PokerStars Hand #158920013069:  Hold'em Limit ($3/$6 USD) - 2016/09/21 18:40:59 ET
Table 'Octans II' 6-max Seat #3 is the button
Seat 2: tigertimon ($221.27 in chips)
Seat 3: RaisemyNut$ ($308.07 in chips)
RaisemyNut$: posts small blind $1
tigertimon: posts big blind $3
*** HOLE CARDS ***
RaisemyNut$: folds
Uncalled bet ($2) returned to tigertimon
tigertimon collected $2 from pot
tigertimon: doesn't show hand
*** SUMMARY ***
Total pot $2 | Rake $0
Seat 2: tigertimon (big blind) collected ($2)
Seat 3: RaisemyNut$ (button) (small blind) folded before Flop


PokerStars Hand #158920018066:  Hold'em Limit ($3/$6 USD) - 2016/09/21 18:41:06 ET
Table 'Octans II' 6-max Seat #2 is the button
Seat 2: tigertimon ($222.27 in chips)
Seat 3: RaisemyNut$ ($307.07 in chips)
tigertimon: posts small blind $1
RaisemyNut$: posts big blind $3
*** HOLE CARDS ***
tigertimon: raises $3 to $6
RaisemyNut$: calls $3
*** FLOP *** [Js Ac 8c]
RaisemyNut$: checks
tigertimon: checks
*** TURN *** [Js Ac 8c] [6s]
RaisemyNut$: bets $6
tigertimon: raises $6 to $12
RaisemyNut$: calls $6
*** RIVER *** [Js Ac 8c 6s] [2d]
RaisemyNut$: checks
tigertimon: bets $6
RaisemyNut$: calls $6
*** SHOW DOWN ***
tigertimon: shows [9d Th] (high card Ace)
RaisemyNut$: shows [3s Ad] (a pair of Aces)
RaisemyNut$ collected $47.50 from pot
*** SUMMARY ***
Total pot $48 | Rake $0.50
Board [Js Ac 8c 6s 2d]
Seat 2: tigertimon (button) (small blind) showed [9d Th] and lost with high card Ace
Seat 3: RaisemyNut$ (big blind) showed [3s Ad] and won ($47.50) with a pair of Aces


PokerStars Hand #158920050925:  Hold'em Limit ($3/$6 USD) - 2016/09/21 18:41:57 ET
Table 'Octans II' 6-max Seat #3 is the button
Seat 2: tigertimon ($198.27 in chips)
Seat 3: RaisemyNut$ ($330.57 in chips)
RaisemyNut$: posts small blind $1
tigertimon: posts big blind $3
*** HOLE CARDS ***
RaisemyNut$: raises $3 to $6
tigertimon: folds
Uncalled bet ($3) returned to RaisemyNut$
RaisemyNut$ collected $6 from pot
RaisemyNut$: doesn't show hand
*** SUMMARY ***
Total pot $6 | Rake $0
Seat 2: tigertimon (big blind) folded before Flop
Seat 3: RaisemyNut$ (button) (small blind) collected ($6)


PokerStars Hand #158920054688:  Hold'em Limit ($3/$6 USD) - 2016/09/21 18:42:03 ET
Table 'Octans II' 6-max Seat #2 is the button
Seat 2: tigertimon ($195.27 in chips)
Seat 3: RaisemyNut$ ($333.57 in chips)
tigertimon: posts small blind $1
RaisemyNut$: posts big blind $3
*** HOLE CARDS ***
tigertimon: raises $3 to $6
RaisemyNut$: calls $3
*** FLOP *** [8s Ac Js]
RaisemyNut$: checks
tigertimon: bets $3
RaisemyNut$: folds
Uncalled bet ($3) returned to tigertimon
tigertimon collected $11.76 from pot
tigertimon: doesn't show hand
*** SUMMARY ***
Total pot $12 | Rake $0.24
Board [8s Ac Js]
Seat 2: tigertimon (button) (small blind) collected ($11.76)
Seat 3: RaisemyNut$ (big blind) folded on the Flop


PokerStars Hand #158920094231:  Hold'em Limit ($3/$6 USD) - 2016/09/21 18:43:04 ET
Table 'Octans II' 6-max Seat #3 is the button
Seat 2: tigertimon ($194.67 in chips)
Seat 3: RaisemyNut$ ($333.07 in chips)
RaisemyNut$: posts small blind $1
tigertimon: posts big blind $3
*** HOLE CARDS ***
RaisemyNut$: folds
Uncalled bet ($2) returned to tigertimon
tigertimon collected $2 from pot
tigertimon: doesn't show hand
*** SUMMARY ***
Total pot $2 | Rake $0
Seat 2: tigertimon (big blind) collected ($2)
Seat 3: RaisemyNut$ (button) (small blind) folded before Flop


PokerStars Hand #158920074852:  Hold'em Limit ($3/$6 USD) - 2016/09/21 18:42:34 ET
Table 'Octans II' 6-max Seat #2 is the button
Seat 2: tigertimon ($209.67 in chips)
Seat 3: RaisemyNut$ ($318.57 in chips)
tigertimon: posts small blind $1
RaisemyNut$: posts big blind $3
*** HOLE CARDS ***
tigertimon: raises $3 to $6
RaisemyNut$: calls $3
*** FLOP *** [6s 9h 7d]
RaisemyNut$: checks
tigertimon: bets $3
RaisemyNut$: raises $3 to $6
tigertimon: raises $3 to $9
RaisemyNut$: raises $3 to $12
Betting is capped
tigertimon: folds
Uncalled bet ($3) returned to RaisemyNut$
RaisemyNut$ collected $29.50 from pot
RaisemyNut$: doesn't show hand
*** SUMMARY ***
Total pot $30 | Rake $0.50
Board [6s 9h 7d]
Seat 2: tigertimon (button) (small blind) folded on the Flop
Seat 3: RaisemyNut$ (big blind) collected ($29.50)


PokerStars Hand #158920062965:  Hold'em Limit ($3/$6 USD) - 2016/09/21 18:42:15 ET
Table 'Octans II' 6-max Seat #3 is the button
Seat 2: tigertimon ($201.03 in chips)
Seat 3: RaisemyNut$ ($327.57 in chips)
RaisemyNut$: posts small blind $1
tigertimon: posts big blind $3
*** HOLE CARDS ***
RaisemyNut$: raises $3 to $6
tigertimon: raises $3 to $9
RaisemyNut$: calls $3
*** FLOP *** [Ks 5s 8s]
tigertimon: bets $3
RaisemyNut$: folds
Uncalled bet ($3) returned to tigertimon
tigertimon collected $17.64 from pot
tigertimon: doesn't show hand
*** SUMMARY ***
Total pot $18 | Rake $0.36
Board [Ks 5s 8s]
Seat 2: tigertimon (big blind) collected ($17.64)
Seat 3: RaisemyNut$ (button) (small blind) folded on the Flop


PokerStars Hand #158920121908:  Hold'em Limit ($3/$6 USD) - 2016/09/21 18:43:47 ET
Table 'Octans II' 6-max Seat #3 is the button
Seat 2: tigertimon ($195.43 in chips)
Seat 3: RaisemyNut$ ($331.83 in chips)
RaisemyNut$: posts small blind $1
tigertimon: posts big blind $3
*** HOLE CARDS ***
RaisemyNut$: raises $3 to $6
tigertimon: folds
Uncalled bet ($3) returned to RaisemyNut$
RaisemyNut$ collected $6 from pot
RaisemyNut$: doesn't show hand
*** SUMMARY ***
Total pot $6 | Rake $0
Seat 2: tigertimon (big blind) folded before Flop
Seat 3: RaisemyNut$ (button) (small blind) collected ($6)


PokerStars Hand #158920130324:  Hold'em Limit ($3/$6 USD) - 2016/09/21 18:44:00 ET
Table 'Octans II' 6-max Seat #2 is the button
Seat 2: tigertimon ($192.43 in chips)
Seat 3: RaisemyNut$ ($334.83 in chips)
tigertimon: posts small blind $1
RaisemyNut$: posts big blind $3
*** HOLE CARDS ***
tigertimon: folds
Uncalled bet ($2) returned to RaisemyNut$
RaisemyNut$ collected $2 from pot
RaisemyNut$: doesn't show hand
*** SUMMARY ***
Total pot $2 | Rake $0
Seat 2: tigertimon (button) (small blind) folded before Flop
Seat 3: RaisemyNut$ (big blind) collected ($2)


PokerStars Hand #158920097304:  Hold'em Limit ($3/$6 USD) - 2016/09/21 18:43:09 ET
Table 'Octans II' 6-max Seat #2 is the button
Seat 2: tigertimon ($195.67 in chips)
Seat 3: RaisemyNut$ ($332.07 in chips)
tigertimon: posts small blind $1
RaisemyNut$: posts big blind $3
*** HOLE CARDS ***
tigertimon: raises $3 to $6
RaisemyNut$: calls $3
*** FLOP *** [Ts Ac Jd]
RaisemyNut$: checks
tigertimon: checks
*** TURN *** [Ts Ac Jd] [Th]
RaisemyNut$: bets $6
tigertimon: calls $6
*** RIVER *** [Ts Ac Jd Th] [6s]
RaisemyNut$: checks
tigertimon: checks
*** SHOW DOWN ***
RaisemyNut$: shows [3s Kd] (a pair of Tens)
tigertimon: shows [4c Kc] (a pair of Tens)
RaisemyNut$ collected $11.76 from pot
tigertimon collected $11.76 from pot
*** SUMMARY ***
Total pot $24 | Rake $0.48
Board [Ts Ac Jd Th 6s]
Seat 2: tigertimon (button) (small blind) showed [4c Kc] and won ($11.76) with a pair of Tens
Seat 3: RaisemyNut$ (big blind) showed [3s Kd] and won ($11.76) with a pair of Tens


PokerStars Hand #158920166931:  Hold'em Limit ($3/$6 USD) - 2016/09/21 18:44:57 ET
Table 'Octans II' 6-max Seat #2 is the button
Seat 2: tigertimon ($204.93 in chips)
Seat 3: RaisemyNut$ ($321.83 in chips)
tigertimon: posts small blind $1
RaisemyNut$: posts big blind $3
*** HOLE CARDS ***
tigertimon: raises $3 to $6
RaisemyNut$: raises $3 to $9
tigertimon: raises $3 to $12
Betting is capped
RaisemyNut$: calls $3
*** FLOP *** [4c 8c 4s]
RaisemyNut$: checks
tigertimon: bets $3
RaisemyNut$: raises $3 to $6
tigertimon: raises $3 to $9
RaisemyNut$: raises $3 to $12
Betting is capped
tigertimon: calls $3
*** TURN *** [4c 8c 4s] [6h]
RaisemyNut$: bets $6
tigertimon: calls $6
*** RIVER *** [4c 8c 4s 6h] [6c]
RaisemyNut$: bets $6
tigertimon: calls $6
*** SHOW DOWN ***
RaisemyNut$: shows [Ks Kc] (two pair, Kings and Sixes)
tigertimon: mucks hand
RaisemyNut$ collected $71.50 from pot
*** SUMMARY ***
Total pot $72 | Rake $0.50
Board [4c 8c 4s 6h 6c]
Seat 2: tigertimon (button) (small blind) mucked
Seat 3: RaisemyNut$ (big blind) showed [Ks Kc] and won ($71.50) with two pair, Kings and Sixes


PokerStars Hand #158920163164:  Hold'em Limit ($3/$6 USD) - 2016/09/21 18:44:51 ET
Table 'Octans II' 6-max Seat #3 is the button
Seat 2: tigertimon ($207.93 in chips)
Seat 3: RaisemyNut$ ($318.83 in chips)
RaisemyNut$: posts small blind $1
tigertimon: posts big blind $3
*** HOLE CARDS ***
RaisemyNut$: raises $3 to $6
tigertimon: folds
Uncalled bet ($3) returned to RaisemyNut$
RaisemyNut$ collected $6 from pot
RaisemyNut$: doesn't show hand
*** SUMMARY ***
Total pot $6 | Rake $0
Seat 2: tigertimon (big blind) folded before Flop
Seat 3: RaisemyNut$ (button) (small blind) collected ($6)


PokerStars Hand #158920158904:  Hold'em Limit ($3/$6 USD) - 2016/09/21 18:44:45 ET
Table 'Octans II' 6-max Seat #2 is the button
Seat 2: tigertimon ($208.93 in chips)
Seat 3: RaisemyNut$ ($317.83 in chips)
tigertimon: posts small blind $1
RaisemyNut$: posts big blind $3
*** HOLE CARDS ***
tigertimon: folds
Uncalled bet ($2) returned to RaisemyNut$
RaisemyNut$ collected $2 from pot
RaisemyNut$: doesn't show hand
*** SUMMARY ***
Total pot $2 | Rake $0
Seat 2: tigertimon (button) (small blind) folded before Flop
Seat 3: RaisemyNut$ (big blind) collected ($2)


PokerStars Hand #158920134768:  Hold'em Limit ($3/$6 USD) - 2016/09/21 18:44:07 ET
Table 'Octans II' 6-max Seat #3 is the button
Seat 2: tigertimon ($191.43 in chips)
Seat 3: RaisemyNut$ ($335.83 in chips)
RaisemyNut$: posts small blind $1
tigertimon: posts big blind $3
*** HOLE CARDS ***
RaisemyNut$: raises $3 to $6
tigertimon: calls $3
*** FLOP *** [Qh Js Jd]
tigertimon: checks
RaisemyNut$: bets $3
tigertimon: raises $3 to $6
RaisemyNut$: calls $3
*** TURN *** [Qh Js Jd] [Kd]
tigertimon: bets $6
RaisemyNut$: calls $6
*** RIVER *** [Qh Js Jd Kd] [5c]
tigertimon: bets $6
RaisemyNut$: folds
Uncalled bet ($6) returned to tigertimon
tigertimon collected $35.50 from pot
tigertimon: doesn't show hand
*** SUMMARY ***
Total pot $36 | Rake $0.50
Board [Qh Js Jd Kd 5c]
Seat 2: tigertimon (big blind) collected ($35.50)
Seat 3: RaisemyNut$ (button) (small blind) folded on the River


PokerStars Hand #158920198632:  Hold'em Limit ($3/$6 USD) - 2016/09/21 18:45:47 ET
Table 'Octans II' 6-max Seat #3 is the button
Seat 2: tigertimon ($156.93 in chips)
Seat 3: RaisemyNut$ ($368.97 in chips)
RaisemyNut$: posts small blind $1
tigertimon: posts big blind $3
*** HOLE CARDS ***
RaisemyNut$: raises $3 to $6
tigertimon: raises $3 to $9
RaisemyNut$: calls $3
*** FLOP *** [5s 2s 7s]
tigertimon: bets $3
RaisemyNut$: calls $3
*** TURN *** [5s 2s 7s] [7d]
tigertimon: checks
RaisemyNut$: bets $6
tigertimon: calls $6
*** RIVER *** [5s 2s 7s 7d] [Qc]
tigertimon: checks
RaisemyNut$: bets $6
tigertimon: calls $6
*** SHOW DOWN ***
RaisemyNut$: shows [Td 5d] (two pair, Sevens and Fives)
tigertimon: mucks hand
RaisemyNut$ collected $47.50 from pot
*** SUMMARY ***
Total pot $48 | Rake $0.50
Board [5s 2s 7s 7d Qc]
Seat 2: tigertimon (big blind) mucked
Seat 3: RaisemyNut$ (button) (small blind) showed [Td 5d] and won ($47.50) with two pair, Sevens and Fives


PokerStars Hand #158920189462:  Hold'em Limit ($3/$6 USD) - 2016/09/21 18:45:33 ET
Table 'Octans II' 6-max Seat #2 is the button
Seat 2: tigertimon ($165.93 in chips)
Seat 3: RaisemyNut$ ($360.33 in chips)
tigertimon: posts small blind $1
RaisemyNut$: posts big blind $3
*** HOLE CARDS ***
tigertimon: raises $3 to $6
RaisemyNut$: calls $3
*** FLOP *** [Kc 2c 2d]
RaisemyNut$: checks
tigertimon: bets $3
RaisemyNut$: raises $3 to $6
tigertimon: folds
Uncalled bet ($3) returned to RaisemyNut$
RaisemyNut$ collected $17.64 from pot
RaisemyNut$: doesn't show hand
*** SUMMARY ***
Total pot $18 | Rake $0.36
Board [Kc 2c 2d]
Seat 2: tigertimon (button) (small blind) folded on the Flop
Seat 3: RaisemyNut$ (big blind) collected ($17.64)


PokerStars Hand #158920185010:  Hold'em Limit ($3/$6 USD) - 2016/09/21 18:45:26 ET
Table 'Octans II' 6-max Seat #3 is the button
Seat 2: tigertimon ($168.93 in chips)
Seat 3: RaisemyNut$ ($357.33 in chips)
RaisemyNut$: posts small blind $1
tigertimon: posts big blind $3
*** HOLE CARDS ***
RaisemyNut$: raises $3 to $6
tigertimon: folds
Uncalled bet ($3) returned to RaisemyNut$
RaisemyNut$ collected $6 from pot
RaisemyNut$: doesn't show hand
*** SUMMARY ***
Total pot $6 | Rake $0
Seat 2: tigertimon (big blind) folded before Flop
Seat 3: RaisemyNut$ (button) (small blind) collected ($6)


PokerStars Hand #158920244198:  Hold'em Limit ($3/$6 USD) - 2016/09/21 18:47:00 ET
Table 'Octans II' 6-max Seat #2 is the button
Seat 2: tigertimon ($111.93 in chips)
Seat 3: RaisemyNut$ ($412.97 in chips)
tigertimon: posts small blind $1
RaisemyNut$: posts big blind $3
*** HOLE CARDS ***
tigertimon: raises $3 to $6
RaisemyNut$: calls $3
*** FLOP *** [7d 5s 7h]
RaisemyNut$: checks
tigertimon: bets $3
RaisemyNut$: calls $3
*** TURN *** [7d 5s 7h] [6s]
RaisemyNut$: checks
tigertimon: bets $6
RaisemyNut$: calls $6
*** RIVER *** [7d 5s 7h 6s] [9s]
RaisemyNut$: checks
tigertimon: checks
*** SHOW DOWN ***
RaisemyNut$: shows [Jd 9h] (two pair, Nines and Sevens)
tigertimon: mucks hand
RaisemyNut$ collected $29.50 from pot
*** SUMMARY ***
Total pot $30 | Rake $0.50
Board [7d 5s 7h 6s 9s]
Seat 2: tigertimon (button) (small blind) mucked
Seat 3: RaisemyNut$ (big blind) showed [Jd 9h] and won ($29.50) with two pair, Nines and Sevens


PokerStars Hand #158920241043:  Hold'em Limit ($3/$6 USD) - 2016/09/21 18:46:55 ET
Table 'Octans II' 6-max Seat #3 is the button
Seat 2: tigertimon ($110.93 in chips)
Seat 3: RaisemyNut$ ($413.97 in chips)
RaisemyNut$: posts small blind $1
tigertimon: posts big blind $3
*** HOLE CARDS ***
RaisemyNut$: folds
Uncalled bet ($2) returned to tigertimon
tigertimon collected $2 from pot
tigertimon: doesn't show hand
*** SUMMARY ***
Total pot $2 | Rake $0
Seat 2: tigertimon (big blind) collected ($2)
Seat 3: RaisemyNut$ (button) (small blind) folded before Flop


PokerStars Hand #158920237982:  Hold'em Limit ($3/$6 USD) - 2016/09/21 18:46:50 ET
Table 'Octans II' 6-max Seat #2 is the button
Seat 2: tigertimon ($111.93 in chips)
Seat 3: RaisemyNut$ ($412.97 in chips)
tigertimon: posts small blind $1
RaisemyNut$: posts big blind $3
*** HOLE CARDS ***
tigertimon: folds
Uncalled bet ($2) returned to RaisemyNut$
RaisemyNut$ collected $2 from pot
RaisemyNut$: doesn't show hand
*** SUMMARY ***
Total pot $2 | Rake $0
Seat 2: tigertimon (button) (small blind) folded before Flop
Seat 3: RaisemyNut$ (big blind) collected ($2)


PokerStars Hand #158920232752:  Hold'em Limit ($3/$6 USD) - 2016/09/21 18:46:42 ET
Table 'Octans II' 6-max Seat #3 is the button
Seat 2: tigertimon ($114.93 in chips)
Seat 3: RaisemyNut$ ($409.97 in chips)
RaisemyNut$: posts small blind $1
tigertimon: posts big blind $3
*** HOLE CARDS ***
tigertimon said, "lol"
RaisemyNut$: raises $3 to $6
tigertimon: folds
Uncalled bet ($3) returned to RaisemyNut$
RaisemyNut$ collected $6 from pot
RaisemyNut$: doesn't show hand
*** SUMMARY ***
Total pot $6 | Rake $0
Seat 2: tigertimon (big blind) folded before Flop
Seat 3: RaisemyNut$ (button) (small blind) collected ($6)


PokerStars Hand #158920220422:  Hold'em Limit ($3/$6 USD) - 2016/09/21 18:46:22 ET
Table 'Octans II' 6-max Seat #2 is the button
Seat 2: tigertimon ($132.93 in chips)
Seat 3: RaisemyNut$ ($392.47 in chips)
tigertimon: posts small blind $1
RaisemyNut$: posts big blind $3
*** HOLE CARDS ***
tigertimon: raises $3 to $6
RaisemyNut$: calls $3
*** FLOP *** [Th Qh 6d]
RaisemyNut$: checks
tigertimon: checks
*** TURN *** [Th Qh 6d] [6c]
RaisemyNut$: bets $6
tigertimon: calls $6
*** RIVER *** [Th Qh 6d 6c] [6h]
RaisemyNut$: bets $6
tigertimon: calls $6
*** SHOW DOWN ***
RaisemyNut$: shows [Qd 4s] (a full house, Sixes full of Queens)
tigertimon: mucks hand
RaisemyNut$ collected $35.50 from pot
*** SUMMARY ***
Total pot $36 | Rake $0.50
Board [Th Qh 6d 6c 6h]
Seat 2: tigertimon (button) (small blind) mucked
Seat 3: RaisemyNut$ (big blind) showed [Qd 4s] and won ($35.50) with a full house, Sixes full of Queens


PokerStars Hand #158920287366:  Hold'em Limit ($3/$6 USD) - 2016/09/21 18:48:09 ET
Table 'Octans II' 6-max Seat #3 is the button
Seat 2: tigertimon ($81.93 in chips)
Seat 3: RaisemyNut$ ($441.99 in chips)
RaisemyNut$: posts small blind $1
tigertimon: posts big blind $3
*** HOLE CARDS ***
RaisemyNut$: raises $3 to $6
tigertimon: folds
Uncalled bet ($3) returned to RaisemyNut$
RaisemyNut$ collected $6 from pot
RaisemyNut$: doesn't show hand
*** SUMMARY ***
Total pot $6 | Rake $0
Seat 2: tigertimon (big blind) folded before Flop
Seat 3: RaisemyNut$ (button) (small blind) collected ($6)


PokerStars Hand #158920274824:  Hold'em Limit ($3/$6 USD) - 2016/09/21 18:47:49 ET
Table 'Octans II' 6-max Seat #2 is the button
Seat 2: tigertimon ($93.93 in chips)
Seat 3: RaisemyNut$ ($430.47 in chips)
tigertimon: posts small blind $1
RaisemyNut$: posts big blind $3
*** HOLE CARDS ***
tigertimon: raises $3 to $6
RaisemyNut$: calls $3
*** FLOP *** [5h 4d Qs]
RaisemyNut$: checks
tigertimon: bets $3
RaisemyNut$: raises $3 to $6
tigertimon: calls $3
*** TURN *** [5h 4d Qs] [4h]
RaisemyNut$: bets $6
tigertimon: folds
Uncalled bet ($6) returned to RaisemyNut$
RaisemyNut$ collected $23.52 from pot
RaisemyNut$: doesn't show hand
*** SUMMARY ***
Total pot $24 | Rake $0.48
Board [5h 4d Qs 4h]
Seat 2: tigertimon (button) (small blind) folded on the Turn
Seat 3: RaisemyNut$ (big blind) collected ($23.52)


PokerStars Hand #158920270996:  Hold'em Limit ($3/$6 USD) - 2016/09/21 18:47:43 ET
Table 'Octans II' 6-max Seat #3 is the button
Seat 2: tigertimon ($96.93 in chips)
Seat 3: RaisemyNut$ ($427.47 in chips)
RaisemyNut$: posts small blind $1
tigertimon: posts big blind $3
*** HOLE CARDS ***
RaisemyNut$: raises $3 to $6
tigertimon: folds
Uncalled bet ($3) returned to RaisemyNut$
RaisemyNut$ collected $6 from pot
RaisemyNut$: doesn't show hand
*** SUMMARY ***
Total pot $6 | Rake $0
Seat 2: tigertimon (big blind) folded before Flop
Seat 3: RaisemyNut$ (button) (small blind) collected ($6)


PokerStars Hand #158920268173:  Hold'em Limit ($3/$6 USD) - 2016/09/21 18:47:38 ET
Table 'Octans II' 6-max Seat #2 is the button
Seat 2: tigertimon ($97.93 in chips)
Seat 3: RaisemyNut$ ($426.47 in chips)
tigertimon: posts small blind $1
RaisemyNut$: posts big blind $3
*** HOLE CARDS ***
tigertimon: folds
Uncalled bet ($2) returned to RaisemyNut$
RaisemyNut$ collected $2 from pot
RaisemyNut$: doesn't show hand
*** SUMMARY ***
Total pot $2 | Rake $0
Seat 2: tigertimon (button) (small blind) folded before Flop
Seat 3: RaisemyNut$ (big blind) collected ($2)


PokerStars Hand #158920264405:  Hold'em Limit ($3/$6 USD) - 2016/09/21 18:47:32 ET
Table 'Octans II' 6-max Seat #3 is the button
Seat 2: tigertimon ($96.93 in chips)
Seat 3: RaisemyNut$ ($427.47 in chips)
RaisemyNut$: posts small blind $1
tigertimon: posts big blind $3
*** HOLE CARDS ***
tigertimon said, "ha"
RaisemyNut$: folds
Uncalled bet ($2) returned to tigertimon
tigertimon collected $2 from pot
tigertimon: doesn't show hand
*** SUMMARY ***
Total pot $2 | Rake $0
Seat 2: tigertimon (big blind) collected ($2)
Seat 3: RaisemyNut$ (button) (small blind) folded before Flop


PokerStars Hand #158920311531:  Hold'em Limit ($3/$6 USD) - 2016/09/21 18:48:48 ET
Table 'Octans II' 6-max Seat #2 is the button
Seat 2: tigertimon ($74.93 in chips)
Seat 3: RaisemyNut$ ($448.99 in chips)
tigertimon: posts small blind $1
RaisemyNut$: posts big blind $3
*** HOLE CARDS ***
tigertimon: folds
Uncalled bet ($2) returned to RaisemyNut$
RaisemyNut$ collected $2 from pot
RaisemyNut$: doesn't show hand
*** SUMMARY ***
Total pot $2 | Rake $0
Seat 2: tigertimon (button) (small blind) folded before Flop
Seat 3: RaisemyNut$ (big blind) collected ($2)


PokerStars Hand #158920303385:  Hold'em Limit ($3/$6 USD) - 2016/09/21 18:48:34 ET
Table 'Octans II' 6-max Seat #3 is the button
Seat 2: tigertimon ($77.93 in chips)
Seat 3: RaisemyNut$ ($445.99 in chips)
RaisemyNut$: posts small blind $1
tigertimon: posts big blind $3
*** HOLE CARDS ***
RaisemyNut$: raises $3 to $6
tigertimon: folds
Uncalled bet ($3) returned to RaisemyNut$
RaisemyNut$ collected $6 from pot
RaisemyNut$: doesn't show hand
*** SUMMARY ***
Total pot $6 | Rake $0
Seat 2: tigertimon (big blind) folded before Flop
Seat 3: RaisemyNut$ (button) (small blind) collected ($6)


PokerStars Hand #158920290674:  Hold'em Limit ($3/$6 USD) - 2016/09/21 18:48:14 ET
Table 'Octans II' 6-max Seat #2 is the button
Seat 2: tigertimon ($78.93 in chips)
Seat 3: RaisemyNut$ ($444.99 in chips)
tigertimon: posts small blind $1
RaisemyNut$: posts big blind $3
*** HOLE CARDS ***
tigertimon: folds
Uncalled bet ($2) returned to RaisemyNut$
RaisemyNut$ collected $2 from pot
RaisemyNut$: doesn't show hand
*** SUMMARY ***
Total pot $2 | Rake $0
Seat 2: tigertimon (button) (small blind) folded before Flop
Seat 3: RaisemyNut$ (big blind) collected ($2)


PokerStars Hand #158920346202:  Hold'em Limit ($3/$6 USD) - 2016/09/21 18:49:43 ET
Table 'Octans II' 6-max Seat #3 is the button
Seat 2: tigertimon ($45.93 in chips)
Seat 3: RaisemyNut$ ($477.49 in chips)
RaisemyNut$: posts small blind $1
tigertimon: posts big blind $3
*** HOLE CARDS ***
RaisemyNut$: raises $3 to $6
tigertimon: raises $3 to $9
RaisemyNut$: calls $3
*** FLOP *** [5c 5d 3c]
tigertimon: bets $3
RaisemyNut$: calls $3
*** TURN *** [5c 5d 3c] [Qh]
tigertimon: bets $6
RaisemyNut$: raises $6 to $12
tigertimon: calls $6
*** RIVER *** [5c 5d 3c Qh] [6d]
tigertimon: checks
RaisemyNut$: bets $6
tigertimon: calls $6
*** SHOW DOWN ***
RaisemyNut$: shows [3s 5s] (a full house, Fives full of Threes)
tigertimon: mucks hand
RaisemyNut$ collected $59.50 from pot
*** SUMMARY ***
Total pot $60 | Rake $0.50
Board [5c 5d 3c Qh 6d]
Seat 2: tigertimon (big blind) mucked
Seat 3: RaisemyNut$ (button) (small blind) showed [3s 5s] and won ($59.50) with a full house, Fives full of Threes


PokerStars Hand #158920343311:  Hold'em Limit ($3/$6 USD) - 2016/09/21 18:49:39 ET
Table 'Octans II' 6-max Seat #2 is the button
Seat 2: tigertimon ($46.93 in chips)
Seat 3: RaisemyNut$ ($476.49 in chips)
tigertimon: posts small blind $1
RaisemyNut$: posts big blind $3
*** HOLE CARDS ***
tigertimon: folds
Uncalled bet ($2) returned to RaisemyNut$
RaisemyNut$ collected $2 from pot
RaisemyNut$: doesn't show hand
*** SUMMARY ***
Total pot $2 | Rake $0
Seat 2: tigertimon (button) (small blind) folded before Flop
Seat 3: RaisemyNut$ (big blind) collected ($2)


PokerStars Hand #158920320671:  Hold'em Limit ($3/$6 USD) - 2016/09/21 18:49:02 ET
Table 'Octans II' 6-max Seat #3 is the button
Seat 2: tigertimon ($73.93 in chips)
Seat 3: RaisemyNut$ ($449.99 in chips)
RaisemyNut$: posts small blind $1
tigertimon: posts big blind $3
*** HOLE CARDS ***
RaisemyNut$: raises $3 to $6
tigertimon: raises $3 to $9
RaisemyNut$: calls $3
*** FLOP *** [8d 7h 7c]
tigertimon: bets $3
RaisemyNut$: raises $3 to $6
tigertimon: calls $3
*** TURN *** [8d 7h 7c] [5d]
tigertimon: checks
RaisemyNut$: bets $6
tigertimon: calls $6
*** RIVER *** [8d 7h 7c 5d] [4s]
tigertimon: checks
RaisemyNut$: bets $6
tigertimon: calls $6
*** SHOW DOWN ***
RaisemyNut$: shows [8c 9s] (two pair, Eights and Sevens)
tigertimon: mucks hand
RaisemyNut$ collected $53.50 from pot
*** SUMMARY ***
Total pot $54 | Rake $0.50
Board [8d 7h 7c 5d 4s]
Seat 2: tigertimon (big blind) mucked
Seat 3: RaisemyNut$ (button) (small blind) showed [8c 9s] and won ($53.50) with two pair, Eights and Sevens


PokerStars Hand #158920374976:  Hold'em Limit ($3/$6 USD) - 2016/09/21 18:50:30 ET
Table 'Octans II' 6-max Seat #2 is the button
Seat 2: tigertimon ($15.93 in chips)
Seat 3: RaisemyNut$ ($506.99 in chips)
tigertimon: posts small blind $1
RaisemyNut$: posts big blind $3
*** HOLE CARDS ***
tigertimon: raises $3 to $6
RaisemyNut$: calls $3
*** FLOP *** [3s 8h Ks]
RaisemyNut$: checks
tigertimon: bets $3
RaisemyNut$: raises $3 to $6
tigertimon: raises $3 to $9
RaisemyNut$: raises $3 to $12
Betting is capped
tigertimon: calls $0.93 and is all-in
Uncalled bet ($2.07) returned to RaisemyNut$
*** TURN *** [3s 8h Ks] [7h]
*** RIVER *** [3s 8h Ks 7h] [6h]
*** SHOW DOWN ***
RaisemyNut$: shows [As 3h] (a pair of Threes)
tigertimon: shows [2s Js] (high card King)
RaisemyNut$ collected $31.36 from pot
*** SUMMARY ***
Total pot $31.86 | Rake $0.50
Board [3s 8h Ks 7h 6h]
Seat 2: tigertimon (button) (small blind) showed [2s Js] and lost with high card King
Seat 3: RaisemyNut$ (big blind) showed [As 3h] and won ($31.36) with a pair of Threes


