PokerStars Hand #160677409590:  Hold'em Limit ($3/$6 USD) - 2016/10/30 22:28:55 ET
Table 'Octavia' 6-max Seat #1 is the button
Seat 1: ZOGI ($38.14 in chips)
Seat 5: Great_Kang ($128.64 in chips)
ZOGI: posts small blind $1
Great_Kang: posts big blind $3
*** HOLE CARDS ***
ZOGI: folds
Uncalled bet ($2) returned to Great_Kang
Great_Kang collected $2 from pot
Great_Kang: doesn't show hand
*** SUMMARY ***
Total pot $2 | Rake $0
Seat 1: ZOGI (button) (small blind) folded before Flop
Seat 5: Great_Kang (big blind) collected ($2)


PokerStars Hand #160677400330:  Hold'em Limit ($3/$6 USD) - 2016/10/30 22:28:30 ET
Table 'Octavia' 6-max Seat #5 is the button
Seat 1: ZOGI ($47.14 in chips)
Seat 5: Great_Kang ($120 in chips)
Great_Kang: posts small blind $1
ZOGI: posts big blind $3
*** HOLE CARDS ***
Great_Kang: raises $3 to $6
ZOGI: calls $3
*** FLOP *** [Ac 2d Ks]
ZOGI: checks
Great_Kang: bets $3
ZOGI: calls $3
*** TURN *** [Ac 2d Ks] [Qs]
ZOGI: checks
Great_Kang: checks
*** RIVER *** [Ac 2d Ks Qs] [Qh]
ZOGI: checks
Great_Kang: checks
*** SHOW DOWN ***
ZOGI: shows [4d 5s] (a pair of Queens)
Great_Kang: shows [9h 8c] (a pair of Queens - Ace+King+Nine kicker)
Great_Kang collected $17.64 from pot
*** SUMMARY ***
Total pot $18 | Rake $0.36
Board [Ac 2d Ks Qs Qh]
Seat 1: ZOGI (big blind) showed [4d 5s] and lost with a pair of Queens
Seat 5: Great_Kang (button) (small blind) showed [9h 8c] and won ($17.64) with a pair of Queens


PokerStars Hand #160677397112:  Hold'em Limit ($3/$6 USD) - 2016/10/30 22:28:21 ET
Table 'Octavia' 6-max Seat #1 is the button
Seat 1: ZOGI ($44.14 in chips)
Seat 5: Great_Kang ($120 in chips)
ZOGI: posts small blind $1
Great_Kang: posts big blind $3
*** HOLE CARDS ***
ZOGI: raises $3 to $6
Great_Kang: folds
Uncalled bet ($3) returned to ZOGI
ZOGI collected $6 from pot
*** SUMMARY ***
Total pot $6 | Rake $0
Seat 1: ZOGI (button) (small blind) collected ($6)
Seat 5: Great_Kang (big blind) folded before Flop


PokerStars Hand #160677411873:  Hold'em Limit ($3/$6 USD) - 2016/10/30 22:29:01 ET
Table 'Octavia' 6-max Seat #5 is the button
Seat 1: ZOGI ($37.14 in chips)
Seat 5: Great_Kang ($129.64 in chips)
Great_Kang: posts small blind $1
ZOGI: posts big blind $3
*** HOLE CARDS ***
Great_Kang: raises $3 to $6
ZOGI: calls $3
*** FLOP *** [8d 2h 7d]
ZOGI: checks
Great_Kang: bets $3
ZOGI: calls $3
*** TURN *** [8d 2h 7d] [Kc]
ZOGI: checks
Great_Kang: checks
*** RIVER *** [8d 2h 7d Kc] [6c]
ZOGI: checks
Great_Kang: checks
*** SHOW DOWN ***
ZOGI: shows [2c Ac] (a pair of Deuces)
Great_Kang: mucks hand
ZOGI collected $17.64 from pot
*** SUMMARY ***
Total pot $18 | Rake $0.36
Board [8d 2h 7d Kc 6c]
Seat 1: ZOGI (big blind) showed [2c Ac] and won ($17.64) with a pair of Deuces
Seat 5: Great_Kang (button) (small blind) mucked


PokerStars Hand #160677446139:  Hold'em Limit ($3/$6 USD) - 2016/10/30 22:30:35 ET
Table 'Octavia' 6-max Seat #1 is the button
Seat 1: ZOGI ($51.30 in chips)
Seat 5: Great_Kang ($125.76 in chips)
ZOGI: posts small blind $1
Great_Kang: posts big blind $3
*** HOLE CARDS ***
ZOGI: folds
Uncalled bet ($2) returned to Great_Kang
Great_Kang collected $2 from pot
Great_Kang: doesn't show hand
*** SUMMARY ***
Total pot $2 | Rake $0
Seat 1: ZOGI (button) (small blind) folded before Flop
Seat 5: Great_Kang (big blind) collected ($2)


PokerStars Hand #160677440997:  Hold'em Limit ($3/$6 USD) - 2016/10/30 22:30:21 ET
Table 'Octavia' 6-max Seat #5 is the button
Seat 1: ZOGI ($57.30 in chips)
Seat 5: Great_Kang ($120 in chips)
Great_Kang: posts small blind $1
ZOGI: posts big blind $3
*** HOLE CARDS ***
Great_Kang: raises $3 to $6
ZOGI: calls $3
*** FLOP *** [4d 6h Jc]
ZOGI: checks
Great_Kang: bets $3
ZOGI: folds
Uncalled bet ($3) returned to Great_Kang
Great_Kang collected $11.76 from pot
Great_Kang: doesn't show hand
*** SUMMARY ***
Total pot $12 | Rake $0.24
Board [4d 6h Jc]
Seat 1: ZOGI (big blind) folded on the Flop
Seat 5: Great_Kang (button) (small blind) collected ($11.76)


PokerStars Hand #160677431219:  Hold'em Limit ($3/$6 USD) - 2016/10/30 22:29:54 ET
Table 'Octavia' 6-max Seat #1 is the button
Seat 1: ZOGI ($45.78 in chips)
Seat 5: Great_Kang ($120.64 in chips)
ZOGI: posts small blind $1
Great_Kang: posts big blind $3
*** HOLE CARDS ***
ZOGI: calls $2
Great_Kang: checks
*** FLOP *** [Th Ks Ad]
Great_Kang: checks
ZOGI: bets $3
Great_Kang: calls $3
*** TURN *** [Th Ks Ad] [6h]
Great_Kang: checks
ZOGI: checks
*** RIVER *** [Th Ks Ad 6h] [5s]
Great_Kang: bets $6
ZOGI: calls $6
*** SHOW DOWN ***
Great_Kang: shows [Ts 7d] (a pair of Tens)
ZOGI: shows [8d Kh] (a pair of Kings)
ZOGI collected $23.52 from pot
*** SUMMARY ***
Total pot $24 | Rake $0.48
Board [Th Ks Ad 6h 5s]
Seat 1: ZOGI (button) (small blind) showed [8d Kh] and won ($23.52) with a pair of Kings
Seat 5: Great_Kang (big blind) showed [Ts 7d] and lost with a pair of Tens


PokerStars Hand #160677452960:  Hold'em Limit ($3/$6 USD) - 2016/10/30 22:30:54 ET
Table 'Octavia' 6-max Seat #1 is the button
Seat 1: ZOGI ($47.30 in chips)
Seat 5: Great_Kang ($129.76 in chips)
ZOGI: posts small blind $1
Great_Kang: posts big blind $3
*** HOLE CARDS ***
ZOGI: folds
Uncalled bet ($2) returned to Great_Kang
Great_Kang collected $2 from pot
Great_Kang: doesn't show hand
*** SUMMARY ***
Total pot $2 | Rake $0
Seat 1: ZOGI (button) (small blind) folded before Flop
Seat 5: Great_Kang (big blind) collected ($2)


PokerStars Hand #160677448330:  Hold'em Limit ($3/$6 USD) - 2016/10/30 22:30:41 ET
Table 'Octavia' 6-max Seat #5 is the button
Seat 1: ZOGI ($50.30 in chips)
Seat 5: Great_Kang ($126.76 in chips)
Great_Kang: posts small blind $1
ZOGI: posts big blind $3
*** HOLE CARDS ***
Great_Kang: raises $3 to $6
ZOGI: folds
Uncalled bet ($3) returned to Great_Kang
Great_Kang collected $6 from pot
Great_Kang: doesn't show hand
*** SUMMARY ***
Total pot $6 | Rake $0
Seat 1: ZOGI (big blind) folded before Flop
Seat 5: Great_Kang (button) (small blind) collected ($6)


PokerStars Hand #160677474386:  Hold'em Limit ($3/$6 USD) - 2016/10/30 22:31:53 ET
Table 'Octavia' 6-max Seat #5 is the button
Seat 1: ZOGI ($48.94 in chips)
Seat 5: Great_Kang ($127.52 in chips)
Great_Kang: posts small blind $1
ZOGI: posts big blind $3
*** HOLE CARDS ***
Great_Kang: folds
Uncalled bet ($2) returned to ZOGI
ZOGI collected $2 from pot
*** SUMMARY ***
Total pot $2 | Rake $0
Seat 1: ZOGI (big blind) collected ($2)
Seat 5: Great_Kang (button) (small blind) folded before Flop


PokerStars Hand #160677466337:  Hold'em Limit ($3/$6 USD) - 2016/10/30 22:31:30 ET
Table 'Octavia' 6-max Seat #1 is the button
Seat 1: ZOGI ($54.94 in chips)
Seat 5: Great_Kang ($121.76 in chips)
ZOGI: posts small blind $1
Great_Kang: posts big blind $3
*** HOLE CARDS ***
ZOGI: calls $2
Great_Kang: raises $3 to $6
ZOGI: calls $3
*** FLOP *** [Qd 8h 3h]
Great_Kang: bets $3
ZOGI: folds
Uncalled bet ($3) returned to Great_Kang
Great_Kang collected $11.76 from pot
Great_Kang: doesn't show hand
*** SUMMARY ***
Total pot $12 | Rake $0.24
Board [Qd 8h 3h]
Seat 1: ZOGI (button) (small blind) folded on the Flop
Seat 5: Great_Kang (big blind) collected ($11.76)


PokerStars Hand #160677463105:  Hold'em Limit ($3/$6 USD) - 2016/10/30 22:31:22 ET
Table 'Octavia' 6-max Seat #5 is the button
Seat 1: ZOGI ($53.94 in chips)
Seat 5: Great_Kang ($122.76 in chips)
Great_Kang: posts small blind $1
ZOGI: posts big blind $3
*** HOLE CARDS ***
Great_Kang: folds
Uncalled bet ($2) returned to ZOGI
ZOGI collected $2 from pot
*** SUMMARY ***
Total pot $2 | Rake $0
Seat 1: ZOGI (big blind) collected ($2)
Seat 5: Great_Kang (button) (small blind) folded before Flop


PokerStars Hand #160677461054:  Hold'em Limit ($3/$6 USD) - 2016/10/30 22:31:16 ET
Table 'Octavia' 6-max Seat #1 is the button
Seat 1: ZOGI ($54.94 in chips)
Seat 5: Great_Kang ($121.76 in chips)
ZOGI: posts small blind $1
Great_Kang: posts big blind $3
*** HOLE CARDS ***
ZOGI: folds
Uncalled bet ($2) returned to Great_Kang
Great_Kang collected $2 from pot
Great_Kang: doesn't show hand
*** SUMMARY ***
Total pot $2 | Rake $0
Seat 1: ZOGI (button) (small blind) folded before Flop
Seat 5: Great_Kang (big blind) collected ($2)


PokerStars Hand #160677455089:  Hold'em Limit ($3/$6 USD) - 2016/10/30 22:31:00 ET
Table 'Octavia' 6-max Seat #5 is the button
Seat 1: ZOGI ($46.30 in chips)
Seat 5: Great_Kang ($130.76 in chips)
Great_Kang: posts small blind $1
ZOGI: posts big blind $3
*** HOLE CARDS ***
Great_Kang: raises $3 to $6
ZOGI: calls $3
*** FLOP *** [2d 4c 9d]
ZOGI: checks
Great_Kang: bets $3
ZOGI: raises $3 to $6
Great_Kang: folds
Uncalled bet ($3) returned to ZOGI
ZOGI collected $17.64 from pot
*** SUMMARY ***
Total pot $18 | Rake $0.36
Board [2d 4c 9d]
Seat 1: ZOGI (big blind) collected ($17.64)
Seat 5: Great_Kang (button) (small blind) folded on the Flop


PokerStars Hand #160677494514:  Hold'em Limit ($3/$6 USD) - 2016/10/30 22:32:49 ET
Table 'Octavia' 6-max Seat #5 is the button
Seat 1: ZOGI ($16.94 in chips)
Seat 5: Great_Kang ($158.54 in chips)
Great_Kang: posts small blind $1
ZOGI: posts big blind $3
*** HOLE CARDS ***
Great_Kang: folds
Uncalled bet ($2) returned to ZOGI
ZOGI collected $2 from pot
*** SUMMARY ***
Total pot $2 | Rake $0
Seat 1: ZOGI (big blind) collected ($2)
Seat 5: Great_Kang (button) (small blind) folded before Flop


PokerStars Hand #160677489546:  Hold'em Limit ($3/$6 USD) - 2016/10/30 22:32:36 ET
Table 'Octavia' 6-max Seat #1 is the button
Seat 1: ZOGI ($22.94 in chips)
Seat 5: Great_Kang ($152.78 in chips)
ZOGI: posts small blind $1
Great_Kang: posts big blind $3
*** HOLE CARDS ***
ZOGI: calls $2
Great_Kang: raises $3 to $6
ZOGI: calls $3
*** FLOP *** [Jh Js Kc]
Great_Kang: bets $3
ZOGI: folds
Uncalled bet ($3) returned to Great_Kang
Great_Kang collected $11.76 from pot
Great_Kang: doesn't show hand
*** SUMMARY ***
Total pot $12 | Rake $0.24
Board [Jh Js Kc]
Seat 1: ZOGI (button) (small blind) folded on the Flop
Seat 5: Great_Kang (big blind) collected ($11.76)


PokerStars Hand #160677484809:  Hold'em Limit ($3/$6 USD) - 2016/10/30 22:32:21 ET
Table 'Octavia' 6-max Seat #5 is the button
Seat 1: ZOGI ($28.94 in chips)
Seat 5: Great_Kang ($147.02 in chips)
Great_Kang: posts small blind $1
ZOGI: posts big blind $3
*** HOLE CARDS ***
Great_Kang: raises $3 to $6
ZOGI: calls $3
*** FLOP *** [As 5h 5d]
ZOGI: checks
Great_Kang: bets $3
ZOGI: folds
Uncalled bet ($3) returned to Great_Kang
Great_Kang collected $11.76 from pot
Great_Kang: doesn't show hand
*** SUMMARY ***
Total pot $12 | Rake $0.24
Board [As 5h 5d]
Seat 1: ZOGI (big blind) folded on the Flop
Seat 5: Great_Kang (button) (small blind) collected ($11.76)


PokerStars Hand #160677476159:  Hold'em Limit ($3/$6 USD) - 2016/10/30 22:31:58 ET
Table 'Octavia' 6-max Seat #1 is the button
Seat 1: ZOGI ($49.94 in chips)
Seat 5: Great_Kang ($126.52 in chips)
ZOGI: posts small blind $1
Great_Kang: posts big blind $3
*** HOLE CARDS ***
ZOGI: calls $2
Great_Kang: checks
*** FLOP *** [4d 6s 2c]
Great_Kang: bets $3
ZOGI: raises $3 to $6
Great_Kang: calls $3
*** TURN *** [4d 6s 2c] [7c]
Great_Kang: checks
ZOGI: bets $6
Great_Kang: calls $6
*** RIVER *** [4d 6s 2c 7c] [3c]
Great_Kang: bets $6
ZOGI: calls $6
*** SHOW DOWN ***
Great_Kang: shows [Jc 5h] (a straight, Three to Seven)
ZOGI: mucks hand
Great_Kang collected $41.50 from pot
*** SUMMARY ***
Total pot $42 | Rake $0.50
Board [4d 6s 2c 7c 3c]
Seat 1: ZOGI (button) (small blind) mucked
Seat 5: Great_Kang (big blind) showed [Jc 5h] and won ($41.50) with a straight, Three to Seven


PokerStars Hand #160677510218:  Hold'em Limit ($3/$6 USD) - 2016/10/30 22:33:32 ET
Table 'Octavia' 6-max Seat #5 is the button
Seat 1: ZOGI ($10.70 in chips)
Seat 5: Great_Kang ($164.06 in chips)
Great_Kang: posts small blind $1
ZOGI: posts big blind $3
*** HOLE CARDS ***
Great_Kang: raises $3 to $6
ZOGI: calls $3
*** FLOP *** [3h Qd 6h]
ZOGI: bets $3
Great_Kang: calls $3
*** TURN *** [3h Qd 6h] [Qc]
ZOGI: bets $1.70 and is all-in
Great_Kang: calls $1.70
*** RIVER *** [3h Qd 6h Qc] [3s]
*** SHOW DOWN ***
ZOGI: shows [7d 5h] (two pair, Queens and Threes)
Great_Kang: shows [Ad 9d] (two pair, Queens and Threes - Ace kicker)
Great_Kang collected $20.97 from pot
*** SUMMARY ***
Total pot $21.40 | Rake $0.43
Board [3h Qd 6h Qc 3s]
Seat 1: ZOGI (big blind) showed [7d 5h] and lost with two pair, Queens and Threes
Seat 5: Great_Kang (button) (small blind) showed [Ad 9d] and won ($20.97) with two pair, Queens and Threes


PokerStars Hand #160677508138:  Hold'em Limit ($3/$6 USD) - 2016/10/30 22:33:27 ET
Table 'Octavia' 6-max Seat #1 is the button
Seat 1: ZOGI ($11.70 in chips)
Seat 5: Great_Kang ($163.06 in chips)
ZOGI: posts small blind $1
Great_Kang: posts big blind $3
*** HOLE CARDS ***
ZOGI: folds
Uncalled bet ($2) returned to Great_Kang
Great_Kang collected $2 from pot
Great_Kang: doesn't show hand
*** SUMMARY ***
Total pot $2 | Rake $0
Seat 1: ZOGI (button) (small blind) folded before Flop
Seat 5: Great_Kang (big blind) collected ($2)


PokerStars Hand #160677501624:  Hold'em Limit ($3/$6 USD) - 2016/10/30 22:33:09 ET
Table 'Octavia' 6-max Seat #5 is the button
Seat 1: ZOGI ($11.94 in chips)
Seat 5: Great_Kang ($163.30 in chips)
Great_Kang: posts small blind $1
ZOGI: posts big blind $3
*** HOLE CARDS ***
Great_Kang: raises $3 to $6
ZOGI: raises $3 to $9
Great_Kang: calls $3
*** FLOP *** [Jh 8s 9s]
ZOGI: bets $2.94 and is all-in
Great_Kang: calls $2.94
*** TURN *** [Jh 8s 9s] [Td]
*** RIVER *** [Jh 8s 9s Td] [7h]
*** SHOW DOWN ***
ZOGI: shows [9c 7s] (a straight, Seven to Jack)
Great_Kang: shows [6d 4s] (a straight, Seven to Jack)
ZOGI collected $11.70 from pot
Great_Kang collected $11.70 from pot
*** SUMMARY ***
Total pot $23.88 | Rake $0.48
Board [Jh 8s 9s Td 7h]
Seat 1: ZOGI (big blind) showed [9c 7s] and won ($11.70) with a straight, Seven to Jack
Seat 5: Great_Kang (button) (small blind) showed [6d 4s] and won ($11.70) with a straight, Seven to Jack


PokerStars Hand #160677496239:  Hold'em Limit ($3/$6 USD) - 2016/10/30 22:32:54 ET
Table 'Octavia' 6-max Seat #1 is the button
Seat 1: ZOGI ($17.94 in chips)
Seat 5: Great_Kang ($157.54 in chips)
ZOGI: posts small blind $1
Great_Kang: posts big blind $3
*** HOLE CARDS ***
ZOGI: raises $3 to $6
Great_Kang: calls $3
*** FLOP *** [5c 4s 2s]
Great_Kang: checks
ZOGI: checks
*** TURN *** [5c 4s 2s] [Ah]
Great_Kang: bets $6
ZOGI: folds
Uncalled bet ($6) returned to Great_Kang
Great_Kang collected $11.76 from pot
Great_Kang: doesn't show hand
*** SUMMARY ***
Total pot $12 | Rake $0.24
Board [5c 4s 2s Ah]
Seat 1: ZOGI (button) (small blind) folded on the Turn
Seat 5: Great_Kang (big blind) collected ($11.76)


