PokerStars Hand #157131014895:  Hold'em Limit ($3/$6 USD) - 2016/08/11 2:52:39 ET
Table 'Octans' 6-max Seat #3 is the button
Seat 3: shushlo ($72 in chips)
Seat 4: degal76 ($108.30 in chips)
shushlo: posts small blind $1
degal76: posts big blind $3
*** HOLE CARDS ***
shushlo: raises $3 to $6
degal76: raises $3 to $9
shushlo: calls $3
*** FLOP *** [8c 7h Ks]
degal76: bets $3
shushlo: calls $3
*** TURN *** [8c 7h Ks] [2d]
degal76: bets $6
shushlo: folds
Uncalled bet ($6) returned to degal76
degal76 collected $23.52 from pot
degal76: doesn't show hand
*** SUMMARY ***
Total pot $24 | Rake $0.48
Board [8c 7h Ks 2d]
Seat 3: shushlo (button) (small blind) folded on the Turn
Seat 4: degal76 (big blind) collected ($23.52)


PokerStars Hand #157131025581:  Hold'em Limit ($3/$6 USD) - 2016/08/11 2:53:22 ET
Table 'Octans' 6-max Seat #4 is the button
Seat 3: shushlo ($72 in chips)
Seat 4: degal76 ($119.82 in chips)
degal76: posts small blind $1
shushlo: posts big blind $3
*** HOLE CARDS ***
degal76: raises $3 to $6
shushlo: calls $3
*** FLOP *** [9c 4s 4d]
shushlo: checks
degal76: bets $3
shushlo: raises $3 to $6
degal76: raises $3 to $9
shushlo: calls $3
*** TURN *** [9c 4s 4d] [Qs]
shushlo: checks
degal76: bets $6
shushlo: folds
Uncalled bet ($6) returned to degal76
degal76 collected $29.50 from pot
degal76: doesn't show hand
*** SUMMARY ***
Total pot $30 | Rake $0.50
Board [9c 4s 4d Qs]
Seat 3: shushlo (big blind) folded on the Turn
Seat 4: degal76 (button) (small blind) collected ($29.50)


PokerStars Hand #157131041066:  Hold'em Limit ($3/$6 USD) - 2016/08/11 2:54:26 ET
Table 'Octans' 6-max Seat #4 is the button
Seat 3: shushlo ($77.76 in chips)
Seat 4: degal76 ($128.32 in chips)
degal76: posts small blind $1
shushlo: posts big blind $3
*** HOLE CARDS ***
degal76: raises $3 to $6
shushlo: raises $3 to $9
degal76: calls $3
*** FLOP *** [2s 8s Kh]
shushlo: bets $3
degal76: calls $3
*** TURN *** [2s 8s Kh] [4c]
shushlo: bets $6
degal76: folds
Uncalled bet ($6) returned to shushlo
shushlo collected $23.52 from pot
shushlo: doesn't show hand
*** SUMMARY ***
Total pot $24 | Rake $0.48
Board [2s 8s Kh 4c]
Seat 3: shushlo (big blind) collected ($23.52)
Seat 4: degal76 (button) (small blind) folded on the Turn


PokerStars Hand #157131061207:  Hold'em Limit ($3/$6 USD) - 2016/08/11 2:55:54 ET
Table 'Octans' 6-max Seat #3 is the button
Seat 3: shushlo ($72 in chips)
Seat 4: degal76 ($133.60 in chips)
shushlo: posts small blind $1
degal76: posts big blind $3
*** HOLE CARDS ***
shushlo: raises $3 to $6
degal76: calls $3
*** FLOP *** [4h Qc 5s]
degal76: checks
shushlo: checks
*** TURN *** [4h Qc 5s] [4d]
degal76: bets $6
shushlo: raises $6 to $12
degal76: folds
Uncalled bet ($6) returned to shushlo
shushlo collected $23.52 from pot
shushlo: doesn't show hand
*** SUMMARY ***
Total pot $24 | Rake $0.48
Board [4h Qc 5s 4d]
Seat 3: shushlo (button) (small blind) collected ($23.52)
Seat 4: degal76 (big blind) folded on the Turn


PokerStars Hand #157131057373:  Hold'em Limit ($3/$6 USD) - 2016/08/11 2:55:36 ET
Table 'Octans' 6-max Seat #4 is the button
Seat 3: shushlo ($77.28 in chips)
Seat 4: degal76 ($127.84 in chips)
degal76: posts small blind $1
shushlo: posts big blind $3
*** HOLE CARDS ***
degal76: raises $3 to $6
shushlo: calls $3
*** FLOP *** [Td As 4c]
shushlo: checks
degal76: bets $3
shushlo: folds
Uncalled bet ($3) returned to degal76
degal76 collected $11.76 from pot
degal76: doesn't show hand
*** SUMMARY ***
Total pot $12 | Rake $0.24
Board [Td As 4c]
Seat 3: shushlo (big blind) folded on the Flop
Seat 4: degal76 (button) (small blind) collected ($11.76)


PokerStars Hand #157131052722:  Hold'em Limit ($3/$6 USD) - 2016/08/11 2:55:15 ET
Table 'Octans' 6-max Seat #3 is the button
Seat 3: shushlo ($89.28 in chips)
Seat 4: degal76 ($116.32 in chips)
shushlo: posts small blind $1
degal76: posts big blind $3
*** HOLE CARDS ***
shushlo: raises $3 to $6
degal76: raises $3 to $9
shushlo: calls $3
*** FLOP *** [Tc 6d 3s]
degal76: bets $3
shushlo: calls $3
*** TURN *** [Tc 6d 3s] [5h]
degal76: bets $6
shushlo: folds
Uncalled bet ($6) returned to degal76
degal76 collected $23.52 from pot
degal76: doesn't show hand
*** SUMMARY ***
Total pot $24 | Rake $0.48
Board [Tc 6d 3s 5h]
Seat 3: shushlo (button) (small blind) folded on the Turn
Seat 4: degal76 (big blind) collected ($23.52)


PokerStars Hand #157131074756:  Hold'em Limit ($3/$6 USD) - 2016/08/11 2:56:56 ET
Table 'Octans' 6-max Seat #6 is the button
Seat 4: degal76 ($120.36 in chips)
Seat 6: RSA53 ($121 in chips)
RSA53: posts small blind $1
shushlo: is sitting out
shushlo leaves the table
degal76: posts big blind $3
*** HOLE CARDS ***
RSA53: raises $3 to $6
degal76: raises $3 to $9
RSA53: raises $3 to $12
Betting is capped
degal76: calls $3
*** FLOP *** [Qd Th Jd]
degal76: checks
RSA53: bets $3
degal76: calls $3
*** TURN *** [Qd Th Jd] [6h]
degal76: checks
RSA53: checks
*** RIVER *** [Qd Th Jd 6h] [3c]
degal76: checks
RSA53: bets $6
degal76: calls $6
*** SHOW DOWN ***
RSA53: shows [8d 8h] (a pair of Eights)
degal76: mucks hand
RSA53 collected $41.50 from pot
*** SUMMARY ***
Total pot $42 | Rake $0.50
Board [Qd Th Jd 6h 3c]
Seat 4: degal76 (big blind) mucked
Seat 6: RSA53 (button) (small blind) showed [8d 8h] and won ($41.50) with a pair of Eights


PokerStars Hand #157131065452:  Hold'em Limit ($3/$6 USD) - 2016/08/11 2:56:14 ET
Table 'Octans' 6-max Seat #4 is the button
Seat 3: shushlo ($83.52 in chips)
Seat 4: degal76 ($121.60 in chips)
degal76: posts small blind $1
shushlo: posts big blind $3
*** HOLE CARDS ***
degal76: raises $3 to $6
RSA53 joins the table at seat #6
shushlo: calls $3
*** FLOP *** [Qh 7d Ts]
shushlo: checks
degal76: bets $3
shushlo: folds
Uncalled bet ($3) returned to degal76
degal76 collected $11.76 from pot
degal76: doesn't show hand
*** SUMMARY ***
Total pot $12 | Rake $0.24
Board [Qh 7d Ts]
Seat 3: shushlo (big blind) folded on the Flop
Seat 4: degal76 (button) (small blind) collected ($11.76)


PokerStars Hand #157131069821:  Hold'em Limit ($3/$6 USD) - 2016/08/11 2:56:33 ET
Table 'Octans' 6-max Seat #3 is the button
Seat 3: shushlo ($77.52 in chips)
Seat 4: degal76 ($127.36 in chips)
shushlo: posts small blind $1
degal76: posts big blind $3
*** HOLE CARDS ***
shushlo: raises $3 to $6
degal76: calls $3
*** FLOP *** [Ad Ts Jh]
degal76: checks
shushlo: bets $3
degal76: folds
Uncalled bet ($3) returned to shushlo
shushlo collected $11.76 from pot
shushlo: doesn't show hand
*** SUMMARY ***
Total pot $12 | Rake $0.24
Board [Ad Ts Jh]
Seat 3: shushlo (button) (small blind) collected ($11.76)
Seat 4: degal76 (big blind) folded on the Flop


PokerStars Hand #157131086039:  Hold'em Limit ($3/$6 USD) - 2016/08/11 2:57:47 ET
Table 'Octans' 6-max Seat #4 is the button
Seat 4: degal76 ($51.36 in chips)
Seat 6: RSA53 ($188.50 in chips)
degal76: posts small blind $1
RSA53: posts big blind $3
*** HOLE CARDS ***
degal76: raises $3 to $6
RSA53: folds
Uncalled bet ($3) returned to degal76
degal76 collected $6 from pot
degal76: doesn't show hand
*** SUMMARY ***
Total pot $6 | Rake $0
Seat 4: degal76 (button) (small blind) collected ($6)
Seat 6: RSA53 (big blind) folded before Flop


PokerStars Hand #157131089838:  Hold'em Limit ($3/$6 USD) - 2016/08/11 2:58:04 ET
Table 'Octans' 6-max Seat #6 is the button
Seat 4: degal76 ($50.36 in chips)
Seat 6: RSA53 ($189.50 in chips)
RSA53: posts small blind $1
degal76: posts big blind $3
*** HOLE CARDS ***
RSA53: raises $3 to $6
degal76: calls $3
*** FLOP *** [Qc 7s 2c]
degal76: checks
RSA53: checks
*** TURN *** [Qc 7s 2c] [Js]
degal76: bets $6
RSA53: calls $6
*** RIVER *** [Qc 7s 2c Js] [Ts]
degal76: bets $6
RSA53: raises $6 to $12
degal76: raises $6 to $18
RSA53: calls $6
*** SHOW DOWN ***
degal76: shows [2s 4s] (a flush, Jack high)
RSA53: mucks hand
degal76 collected $59.50 from pot
*** SUMMARY ***
Total pot $60 | Rake $0.50
Board [Qc 7s 2c Js Ts]
Seat 4: degal76 (big blind) showed [2s 4s] and won ($59.50) with a flush, Jack high
Seat 6: RSA53 (button) (small blind) mucked


PokerStars Hand #157131082527:  Hold'em Limit ($3/$6 USD) - 2016/08/11 2:57:31 ET
Table 'Octans' 6-max Seat #6 is the button
Seat 4: degal76 ($78.36 in chips)
Seat 6: RSA53 ($162 in chips)
RSA53: posts small blind $1
degal76: posts big blind $3
*** HOLE CARDS ***
RSA53: raises $3 to $6
degal76: calls $3
*** FLOP *** [6s Js 5d]
degal76: checks
RSA53: bets $3
degal76: calls $3
*** TURN *** [6s Js 5d] [4s]
degal76: checks
RSA53: bets $6
degal76: raises $6 to $12
RSA53: calls $6
*** RIVER *** [6s Js 5d 4s] [2c]
degal76: bets $6
RSA53: calls $6
*** SHOW DOWN ***
degal76: shows [8h 4h] (a pair of Fours)
RSA53: shows [9d 6h] (a pair of Sixes)
RSA53 collected $53.50 from pot
*** SUMMARY ***
Total pot $54 | Rake $0.50
Board [6s Js 5d 4s 2c]
Seat 4: degal76 (big blind) showed [8h 4h] and lost with a pair of Fours
Seat 6: RSA53 (button) (small blind) showed [9d 6h] and won ($53.50) with a pair of Sixes


PokerStars Hand #157131088717:  Hold'em Limit ($3/$6 USD) - 2016/08/11 2:57:59 ET
Table 'Octans' 6-max Seat #4 is the button
Seat 4: degal76 ($51.36 in chips)
Seat 6: RSA53 ($188.50 in chips)
degal76: posts small blind $1
RSA53: posts big blind $3
*** HOLE CARDS ***
degal76: folds
Uncalled bet ($2) returned to RSA53
RSA53 collected $2 from pot
RSA53: doesn't show hand
*** SUMMARY ***
Total pot $2 | Rake $0
Seat 4: degal76 (button) (small blind) folded before Flop
Seat 6: RSA53 (big blind) collected ($2)


PokerStars Hand #157131087481:  Hold'em Limit ($3/$6 USD) - 2016/08/11 2:57:54 ET
Table 'Octans' 6-max Seat #6 is the button
Seat 4: degal76 ($54.36 in chips)
Seat 6: RSA53 ($185.50 in chips)
RSA53: posts small blind $1
degal76: posts big blind $3
*** HOLE CARDS ***
RSA53: raises $3 to $6
degal76: folds
Uncalled bet ($3) returned to RSA53
RSA53 collected $6 from pot
RSA53: doesn't show hand
*** SUMMARY ***
Total pot $6 | Rake $0
Seat 4: degal76 (big blind) folded before Flop
Seat 6: RSA53 (button) (small blind) collected ($6)


PokerStars Hand #157131078906:  Hold'em Limit ($3/$6 USD) - 2016/08/11 2:57:14 ET
Table 'Octans' 6-max Seat #4 is the button
Seat 4: degal76 ($99.36 in chips)
Seat 6: RSA53 ($141.50 in chips)
degal76: posts small blind $1
RSA53: posts big blind $3
*** HOLE CARDS ***
degal76: raises $3 to $6
RSA53: raises $3 to $9
degal76: calls $3
*** FLOP *** [2c 9c Qs]
RSA53: bets $3
degal76: raises $3 to $6
RSA53: calls $3
*** TURN *** [2c 9c Qs] [Kh]
RSA53: checks
degal76: checks
*** RIVER *** [2c 9c Qs Kh] [6c]
RSA53: bets $6
degal76: calls $6
*** SHOW DOWN ***
RSA53: shows [Jh Kd] (a pair of Kings)
degal76: mucks hand
RSA53 collected $41.50 from pot
*** SUMMARY ***
Total pot $42 | Rake $0.50
Board [2c 9c Qs Kh 6c]
Seat 4: degal76 (button) (small blind) mucked
Seat 6: RSA53 (big blind) showed [Jh Kd] and won ($41.50) with a pair of Kings


PokerStars Hand #157131098493:  Hold'em Limit ($3/$6 USD) - 2016/08/11 2:58:43 ET
Table 'Octans' 6-max Seat #4 is the button
Seat 4: degal76 ($73.62 in chips)
Seat 6: RSA53 ($165.02 in chips)
degal76: posts small blind $1
RSA53: posts big blind $3
*** HOLE CARDS ***
degal76: folds
Uncalled bet ($2) returned to RSA53
RSA53 collected $2 from pot
RSA53: doesn't show hand
*** SUMMARY ***
Total pot $2 | Rake $0
Seat 4: degal76 (button) (small blind) folded before Flop
Seat 6: RSA53 (big blind) collected ($2)


PokerStars Hand #157131096154:  Hold'em Limit ($3/$6 USD) - 2016/08/11 2:58:33 ET
Table 'Octans' 6-max Seat #6 is the button
Seat 4: degal76 ($67.86 in chips)
Seat 6: RSA53 ($171.02 in chips)
RSA53: posts small blind $1
degal76: posts big blind $3
*** HOLE CARDS ***
RSA53: raises $3 to $6
degal76: calls $3
*** FLOP *** [4d 3c 7s]
degal76: checks
RSA53: checks
*** TURN *** [4d 3c 7s] [8h]
degal76: bets $6
RSA53: folds
Uncalled bet ($6) returned to degal76
degal76 collected $11.76 from pot
degal76: doesn't show hand
*** SUMMARY ***
Total pot $12 | Rake $0.24
Board [4d 3c 7s 8h]
Seat 4: degal76 (big blind) collected ($11.76)
Seat 6: RSA53 (button) (small blind) folded on the Turn


PokerStars Hand #157131106494:  Hold'em Limit ($3/$6 USD) - 2016/08/11 2:59:20 ET
Table 'Octans' 6-max Seat #6 is the button
Seat 4: degal76 ($54.62 in chips)
Seat 6: RSA53 ($183.30 in chips)
RSA53: posts small blind $1
degal76: posts big blind $3
*** HOLE CARDS ***
RSA53: raises $3 to $6
degal76: folds
Uncalled bet ($3) returned to RSA53
RSA53 collected $6 from pot
RSA53: doesn't show hand
*** SUMMARY ***
Total pot $6 | Rake $0
Seat 4: degal76 (big blind) folded before Flop
Seat 6: RSA53 (button) (small blind) collected ($6)


PokerStars Hand #157131102347:  Hold'em Limit ($3/$6 USD) - 2016/08/11 2:59:01 ET
Table 'Octans' 6-max Seat #4 is the button
Seat 4: degal76 ($66.62 in chips)
Seat 6: RSA53 ($171.78 in chips)
degal76: posts small blind $1
RSA53: posts big blind $3
*** HOLE CARDS ***
JoeBlack1982 joins the table at seat #5
degal76: calls $2
RSA53: checks
*** FLOP *** [Tc 7h 4c]
RSA53: checks
degal76: bets $3
RSA53: calls $3
*** TURN *** [Tc 7h 4c] [Ac]
RSA53: checks
degal76: checks
*** RIVER *** [Tc 7h 4c Ac] [Td]
RSA53: checks
degal76: bets $6
RSA53: calls $6
*** SHOW DOWN ***
degal76: shows [6h 8h] (a pair of Tens)
RSA53: shows [Jc 4s] (two pair, Tens and Fours)
RSA53 collected $23.52 from pot
*** SUMMARY ***
Total pot $24 | Rake $0.48
Board [Tc 7h 4c Ac Td]
Seat 4: degal76 (button) (small blind) showed [6h 8h] and lost with a pair of Tens
Seat 6: RSA53 (big blind) showed [Jc 4s] and won ($23.52) with two pair, Tens and Fours


PokerStars Hand #157131093216:  Hold'em Limit ($3/$6 USD) - 2016/08/11 2:58:20 ET
Table 'Octans' 6-max Seat #4 is the button
Seat 4: degal76 ($79.86 in chips)
Seat 6: RSA53 ($159.50 in chips)
degal76: posts small blind $1
RSA53: posts big blind $3
*** HOLE CARDS ***
degal76: raises $3 to $6
RSA53: raises $3 to $9
degal76: raises $3 to $12
Betting is capped
RSA53: calls $3
*** FLOP *** [5s Kd Ad]
RSA53: checks
degal76: checks
*** TURN *** [5s Kd Ad] [2d]
RSA53: bets $6
degal76: folds
Uncalled bet ($6) returned to RSA53
RSA53 collected $23.52 from pot
RSA53: doesn't show hand
*** SUMMARY ***
Total pot $24 | Rake $0.48
Board [5s Kd Ad 2d]
Seat 4: degal76 (button) (small blind) folded on the Turn
Seat 6: RSA53 (big blind) collected ($23.52)


PokerStars Hand #157131632311:  Hold'em Limit ($3/$6 USD) - 2016/08/11 3:33:38 ET
Table 'Octans' 6-max Seat #5 is the button
Seat 5: JoeBlack1982 ($118.73 in chips)
Seat 6: anetkaapro ($142.74 in chips)
JoeBlack1982: posts small blind $1
anetkaapro: posts big blind $3
*** HOLE CARDS ***
JoeBlack1982: folds
Uncalled bet ($2) returned to anetkaapro
anetkaapro collected $2 from pot
anetkaapro: doesn't show hand
*** SUMMARY ***
Total pot $2 | Rake $0
Seat 5: JoeBlack1982 (button) (small blind) folded before Flop
Seat 6: anetkaapro (big blind) collected ($2)


PokerStars Hand #157131630642:  Hold'em Limit ($3/$6 USD) - 2016/08/11 3:33:32 ET
Table 'Octans' 6-max Seat #6 is the button
Seat 5: JoeBlack1982 ($121.73 in chips)
Seat 6: anetkaapro ($139.74 in chips)
anetkaapro: posts small blind $1
krossguard: is sitting out
dada from ..: is sitting out
JoeBlack1982: posts big blind $3
*** HOLE CARDS ***
anetkaapro: raises $3 to $6
JoeBlack1982: folds
Uncalled bet ($3) returned to anetkaapro
krossguard leaves the table
anetkaapro collected $6 from pot
anetkaapro: doesn't show hand
dada from .. leaves the table
*** SUMMARY ***
Total pot $6 | Rake $0
Seat 5: JoeBlack1982 (big blind) folded before Flop
Seat 6: anetkaapro (button) (small blind) collected ($6)


PokerStars Hand #157131635370:  Hold'em Limit ($3/$6 USD) - 2016/08/11 3:33:50 ET
Table 'Octans' 6-max Seat #5 is the button
Seat 5: JoeBlack1982 ($114.73 in chips)
Seat 6: anetkaapro ($146.74 in chips)
JoeBlack1982: posts small blind $1
anetkaapro: posts big blind $3
*** HOLE CARDS ***
JoeBlack1982: folds
Uncalled bet ($2) returned to anetkaapro
anetkaapro collected $2 from pot
anetkaapro: doesn't show hand
*** SUMMARY ***
Total pot $2 | Rake $0
Seat 5: JoeBlack1982 (button) (small blind) folded before Flop
Seat 6: anetkaapro (big blind) collected ($2)


PokerStars Hand #157131633749:  Hold'em Limit ($3/$6 USD) - 2016/08/11 3:33:44 ET
Table 'Octans' 6-max Seat #6 is the button
Seat 5: JoeBlack1982 ($117.73 in chips)
Seat 6: anetkaapro ($143.74 in chips)
anetkaapro: posts small blind $1
JoeBlack1982: posts big blind $3
*** HOLE CARDS ***
anetkaapro: raises $3 to $6
JoeBlack1982: folds
Uncalled bet ($3) returned to anetkaapro
anetkaapro collected $6 from pot
anetkaapro: doesn't show hand
*** SUMMARY ***
Total pot $6 | Rake $0
Seat 5: JoeBlack1982 (big blind) folded before Flop
Seat 6: anetkaapro (button) (small blind) collected ($6)


PokerStars Hand #157131646441:  Hold'em Limit ($3/$6 USD) - 2016/08/11 3:34:31 ET
Table 'Octans' 6-max Seat #6 is the button
Seat 5: JoeBlack1982 ($139.23 in chips)
Seat 6: anetkaapro ($121.74 in chips)
anetkaapro: posts small blind $1
JoeBlack1982: posts big blind $3
*** HOLE CARDS ***
anetkaapro: folds
Uncalled bet ($2) returned to JoeBlack1982
JoeBlack1982 collected $2 from pot
JoeBlack1982: doesn't show hand
*** SUMMARY ***
Total pot $2 | Rake $0
Seat 5: JoeBlack1982 (big blind) collected ($2)
Seat 6: anetkaapro (button) (small blind) folded before Flop


PokerStars Hand #157131645101:  Hold'em Limit ($3/$6 USD) - 2016/08/11 3:34:26 ET
Table 'Octans' 6-max Seat #5 is the button
Seat 5: JoeBlack1982 ($140.23 in chips)
Seat 6: anetkaapro ($120.74 in chips)
JoeBlack1982: posts small blind $1
anetkaapro: posts big blind $3
*** HOLE CARDS ***
JoeBlack1982: folds
Uncalled bet ($2) returned to anetkaapro
anetkaapro collected $2 from pot
anetkaapro: doesn't show hand
*** SUMMARY ***
Total pot $2 | Rake $0
Seat 5: JoeBlack1982 (button) (small blind) folded before Flop
Seat 6: anetkaapro (big blind) collected ($2)


PokerStars Hand #157131636759:  Hold'em Limit ($3/$6 USD) - 2016/08/11 3:33:55 ET
Table 'Octans' 6-max Seat #6 is the button
Seat 5: JoeBlack1982 ($113.73 in chips)
Seat 6: anetkaapro ($147.74 in chips)
anetkaapro: posts small blind $1
JoeBlack1982: posts big blind $3
*** HOLE CARDS ***
anetkaapro: raises $3 to $6
JoeBlack1982: calls $3
*** FLOP *** [3c 6s Ts]
JoeBlack1982: checks
anetkaapro: bets $3
JoeBlack1982: calls $3
*** TURN *** [3c 6s Ts] [9h]
JoeBlack1982: checks
anetkaapro: bets $6
JoeBlack1982: raises $6 to $12
anetkaapro: calls $6
*** RIVER *** [3c 6s Ts 9h] [2c]
JoeBlack1982: bets $6
anetkaapro: calls $6
*** SHOW DOWN ***
JoeBlack1982: shows [7s 8d] (a straight, Six to Ten)
anetkaapro: mucks hand
JoeBlack1982 collected $53.50 from pot
*** SUMMARY ***
Total pot $54 | Rake $0.50
Board [3c 6s Ts 9h 2c]
Seat 5: JoeBlack1982 (big blind) showed [7s 8d] and won ($53.50) with a straight, Six to Ten
Seat 6: anetkaapro (button) (small blind) mucked


PokerStars Hand #157131648864:  Hold'em Limit ($3/$6 USD) - 2016/08/11 3:34:41 ET
Table 'Octans' 6-max Seat #6 is the button
Seat 5: JoeBlack1982 ($139.23 in chips)
Seat 6: anetkaapro ($121.74 in chips)
anetkaapro: posts small blind $1
JoeBlack1982: posts big blind $3
*** HOLE CARDS ***
anetkaapro: raises $3 to $6
JoeBlack1982: calls $3
*** FLOP *** [Th Ks 9h]
JoeBlack1982: checks
anetkaapro: bets $3
JoeBlack1982: folds
Uncalled bet ($3) returned to anetkaapro
anetkaapro collected $11.76 from pot
anetkaapro: doesn't show hand
*** SUMMARY ***
Total pot $12 | Rake $0.24
Board [Th Ks 9h]
Seat 5: JoeBlack1982 (big blind) folded on the Flop
Seat 6: anetkaapro (button) (small blind) collected ($11.76)


PokerStars Hand #157131647634:  Hold'em Limit ($3/$6 USD) - 2016/08/11 3:34:36 ET
Table 'Octans' 6-max Seat #5 is the button
Seat 5: JoeBlack1982 ($140.23 in chips)
Seat 6: anetkaapro ($120.74 in chips)
JoeBlack1982: posts small blind $1
anetkaapro: posts big blind $3
*** HOLE CARDS ***
JoeBlack1982: folds
Uncalled bet ($2) returned to anetkaapro
anetkaapro collected $2 from pot
anetkaapro: doesn't show hand
*** SUMMARY ***
Total pot $2 | Rake $0
Seat 5: JoeBlack1982 (button) (small blind) folded before Flop
Seat 6: anetkaapro (big blind) collected ($2)


PokerStars Hand #157131652854:  Hold'em Limit ($3/$6 USD) - 2016/08/11 3:34:56 ET
Table 'Octans' 6-max Seat #5 is the button
Seat 5: JoeBlack1982 ($133.23 in chips)
Seat 6: anetkaapro ($127.50 in chips)
JoeBlack1982: posts small blind $1
anetkaapro: posts big blind $3
*** HOLE CARDS ***
JoeBlack1982: raises $3 to $6
anetkaapro: calls $3
*** FLOP *** [Ah 3c 5c]
anetkaapro: checks
JoeBlack1982: bets $3
anetkaapro: calls $3
*** TURN *** [Ah 3c 5c] [6d]
anetkaapro: checks
JoeBlack1982: checks
*** RIVER *** [Ah 3c 5c 6d] [6h]
anetkaapro: bets $6
JoeBlack1982: folds
Uncalled bet ($6) returned to anetkaapro
anetkaapro collected $17.64 from pot
anetkaapro: doesn't show hand
*** SUMMARY ***
Total pot $18 | Rake $0.36
Board [Ah 3c 5c 6d 6h]
Seat 5: JoeBlack1982 (button) (small blind) folded on the River
Seat 6: anetkaapro (big blind) collected ($17.64)


PokerStars Hand #157131661557:  Hold'em Limit ($3/$6 USD) - 2016/08/11 3:35:29 ET
Table 'Octans' 6-max Seat #6 is the button
Seat 5: JoeBlack1982 ($124.23 in chips)
Seat 6: anetkaapro ($136.14 in chips)
anetkaapro: posts small blind $1
JoeBlack1982: posts big blind $3
*** HOLE CARDS ***
anetkaapro: raises $3 to $6
JoeBlack1982: calls $3
*** FLOP *** [5h 7d Qh]
JoeBlack1982: checks
anetkaapro: bets $3
JoeBlack1982: folds
Uncalled bet ($3) returned to anetkaapro
anetkaapro collected $11.76 from pot
anetkaapro: doesn't show hand
*** SUMMARY ***
Total pot $12 | Rake $0.24
Board [5h 7d Qh]
Seat 5: JoeBlack1982 (big blind) folded on the Flop
Seat 6: anetkaapro (button) (small blind) collected ($11.76)


PokerStars Hand #157131665429:  Hold'em Limit ($3/$6 USD) - 2016/08/11 3:35:43 ET
Table 'Octans' 6-max Seat #5 is the button
Seat 5: JoeBlack1982 ($118.23 in chips)
Seat 6: anetkaapro ($141.90 in chips)
JoeBlack1982: posts small blind $1
anetkaapro: posts big blind $3
*** HOLE CARDS ***
JoeBlack1982: raises $3 to $6
anetkaapro: calls $3
*** FLOP *** [3s 9s 5c]
anetkaapro: checks
JoeBlack1982: checks
*** TURN *** [3s 9s 5c] [4d]
anetkaapro: checks
JoeBlack1982: checks
*** RIVER *** [3s 9s 5c 4d] [6s]
anetkaapro: bets $6
JoeBlack1982: folds
Uncalled bet ($6) returned to anetkaapro
anetkaapro collected $11.76 from pot
anetkaapro: doesn't show hand
*** SUMMARY ***
Total pot $12 | Rake $0.24
Board [3s 9s 5c 4d 6s]
Seat 5: JoeBlack1982 (button) (small blind) folded on the River
Seat 6: anetkaapro (big blind) collected ($11.76)


PokerStars Hand #157131678451:  Hold'em Limit ($3/$6 USD) - 2016/08/11 3:36:32 ET
Table 'Octans' 6-max Seat #5 is the button
Seat 5: JoeBlack1982 ($106.23 in chips)
Seat 6: anetkaapro ($153.42 in chips)
JoeBlack1982: posts small blind $1
anetkaapro: posts big blind $3
*** HOLE CARDS ***
JoeBlack1982: folds
Uncalled bet ($2) returned to anetkaapro
anetkaapro collected $2 from pot
anetkaapro: doesn't show hand
*** SUMMARY ***
Total pot $2 | Rake $0
Seat 5: JoeBlack1982 (button) (small blind) folded before Flop
Seat 6: anetkaapro (big blind) collected ($2)


PokerStars Hand #157131680606:  Hold'em Limit ($3/$6 USD) - 2016/08/11 3:36:40 ET
Table 'Octans' 6-max Seat #6 is the button
Seat 5: JoeBlack1982 ($105.23 in chips)
Seat 6: anetkaapro ($154.42 in chips)
anetkaapro: posts small blind $1
JoeBlack1982: posts big blind $3
*** HOLE CARDS ***
anetkaapro: raises $3 to $6
JoeBlack1982: calls $3
*** FLOP *** [Qc 2s Ac]
JoeBlack1982: checks
anetkaapro: bets $3
gb2132 leaves the table
JoeBlack1982: folds
Uncalled bet ($3) returned to anetkaapro
anetkaapro collected $11.76 from pot
anetkaapro: doesn't show hand
*** SUMMARY ***
Total pot $12 | Rake $0.24
Board [Qc 2s Ac]
Seat 5: JoeBlack1982 (big blind) folded on the Flop
Seat 6: anetkaapro (button) (small blind) collected ($11.76)


PokerStars Hand #157131686703:  Hold'em Limit ($3/$6 USD) - 2016/08/11 3:37:04 ET
Table 'Octans' 6-max Seat #5 is the button
Seat 5: JoeBlack1982 ($99.23 in chips)
Seat 6: anetkaapro ($160.18 in chips)
JoeBlack1982: posts small blind $1
anetkaapro: posts big blind $3
*** HOLE CARDS ***
JoeBlack1982: raises $3 to $6
anetkaapro: raises $3 to $9
JoeBlack1982: calls $3
*** FLOP *** [Jd Jh Ad]
anetkaapro: bets $3
JoeBlack1982: calls $3
*** TURN *** [Jd Jh Ad] [Th]
anetkaapro: checks
JoeBlack1982: checks
*** RIVER *** [Jd Jh Ad Th] [5s]
anetkaapro: checks
JoeBlack1982: bets $6
anetkaapro: calls $6
*** SHOW DOWN ***
JoeBlack1982: shows [4s As] (two pair, Aces and Jacks)
anetkaapro: mucks hand
JoeBlack1982 collected $35.50 from pot
*** SUMMARY ***
Total pot $36 | Rake $0.50
Board [Jd Jh Ad Th 5s]
Seat 5: JoeBlack1982 (button) (small blind) showed [4s As] and won ($35.50) with two pair, Aces and Jacks
Seat 6: anetkaapro (big blind) mucked


PokerStars Hand #157131672981:  Hold'em Limit ($3/$6 USD) - 2016/08/11 3:36:12 ET
Table 'Octans' 6-max Seat #6 is the button
Seat 5: JoeBlack1982 ($112.23 in chips)
Seat 6: anetkaapro ($147.66 in chips)
anetkaapro: posts small blind $1
JoeBlack1982: posts big blind $3
*** HOLE CARDS ***
anetkaapro: raises $3 to $6
JoeBlack1982: calls $3
*** FLOP *** [8d Ac As]
JoeBlack1982: checks
anetkaapro: bets $3
JoeBlack1982: folds
Uncalled bet ($3) returned to anetkaapro
anetkaapro collected $11.76 from pot
anetkaapro: doesn't show hand
*** SUMMARY ***
Total pot $12 | Rake $0.24
Board [8d Ac As]
Seat 5: JoeBlack1982 (big blind) folded on the Flop
Seat 6: anetkaapro (button) (small blind) collected ($11.76)


PokerStars Hand #157131691963:  Hold'em Limit ($3/$6 USD) - 2016/08/11 3:37:23 ET
Table 'Octans' 6-max Seat #6 is the button
Seat 5: JoeBlack1982 ($116.73 in chips)
Seat 6: anetkaapro ($142.18 in chips)
anetkaapro: posts small blind $1
JoeBlack1982: posts big blind $3
*** HOLE CARDS ***
anetkaapro: raises $3 to $6
JoeBlack1982: calls $3
*** FLOP *** [Tc 8h 9d]
JoeBlack1982: checks
anetkaapro: checks
*** TURN *** [Tc 8h 9d] [Ah]
JoeBlack1982: checks
anetkaapro: bets $6
JoeBlack1982: calls $6
*** RIVER *** [Tc 8h 9d Ah] [7d]
JoeBlack1982: checks
anetkaapro: bets $6
JoeBlack1982: folds
Uncalled bet ($6) returned to anetkaapro
anetkaapro collected $23.52 from pot
anetkaapro: doesn't show hand
*** SUMMARY ***
Total pot $24 | Rake $0.48
Board [Tc 8h 9d Ah 7d]
Seat 5: JoeBlack1982 (big blind) folded on the River
Seat 6: anetkaapro (button) (small blind) collected ($23.52)


PokerStars Hand #157131701377:  Hold'em Limit ($3/$6 USD) - 2016/08/11 3:37:59 ET
Table 'Octans' 6-max Seat #6 is the button
Seat 5: JoeBlack1982 ($103.73 in chips)
Seat 6: anetkaapro ($154.70 in chips)
anetkaapro: posts small blind $1
JoeBlack1982: posts big blind $3
*** HOLE CARDS ***
anetkaapro: folds
Uncalled bet ($2) returned to JoeBlack1982
JoeBlack1982 collected $2 from pot
JoeBlack1982: doesn't show hand
xcgxcg2005 joins the table at seat #3
*** SUMMARY ***
Total pot $2 | Rake $0
Seat 5: JoeBlack1982 (big blind) collected ($2)
Seat 6: anetkaapro (button) (small blind) folded before Flop


PokerStars Hand #157131700022:  Hold'em Limit ($3/$6 USD) - 2016/08/11 3:37:54 ET
Table 'Octans' 6-max Seat #5 is the button
Seat 5: JoeBlack1982 ($104.73 in chips)
Seat 6: anetkaapro ($153.70 in chips)
JoeBlack1982: posts small blind $1
anetkaapro: posts big blind $3
*** HOLE CARDS ***
JoeBlack1982: folds
Uncalled bet ($2) returned to anetkaapro
anetkaapro collected $2 from pot
anetkaapro: doesn't show hand
*** SUMMARY ***
Total pot $2 | Rake $0
Seat 5: JoeBlack1982 (button) (small blind) folded before Flop
Seat 6: anetkaapro (big blind) collected ($2)


PokerStars Hand #157132386593:  Hold'em Limit ($3/$6 USD) - 2016/08/11 4:19:25 ET
Table 'Octans' 6-max Seat #2 is the button
Seat 2: oregordog ($92.69 in chips)
Seat 6: anetkaapro ($102 in chips)
oregordog: posts small blind $1
anetkaapro: posts big blind $3
*** HOLE CARDS ***
oregordog: raises $3 to $6
anetkaapro: raises $3 to $9
oregordog: calls $3
*** FLOP *** [3d 3h 4d]
anetkaapro: bets $3
oregordog: calls $3
*** TURN *** [3d 3h 4d] [Td]
anetkaapro: bets $6
oregordog: folds
Uncalled bet ($6) returned to anetkaapro
anetkaapro collected $23.52 from pot
anetkaapro: doesn't show hand
*** SUMMARY ***
Total pot $24 | Rake $0.48
Board [3d 3h 4d Td]
Seat 2: oregordog (button) (small blind) folded on the Turn
Seat 6: anetkaapro (big blind) collected ($23.52)


PokerStars Hand #157132375038:  Hold'em Limit ($3/$6 USD) - 2016/08/11 4:18:46 ET
Table 'Octans' 6-max Seat #2 is the button
Seat 2: oregordog ($87.05 in chips)
Seat 6: anetkaapro ($108 in chips)
oregordog: posts small blind $1
krossguard: is sitting out
anetkaapro: posts big blind $3
*** HOLE CARDS ***
oregordog: folds
Uncalled bet ($2) returned to anetkaapro
anetkaapro collected $2 from pot
anetkaapro: doesn't show hand
krossguard leaves the table
*** SUMMARY ***
Total pot $2 | Rake $0
Seat 2: oregordog (button) (small blind) folded before Flop
Seat 6: anetkaapro (big blind) collected ($2)


PokerStars Hand #157132385478:  Hold'em Limit ($3/$6 USD) - 2016/08/11 4:19:21 ET
Table 'Octans' 6-max Seat #6 is the button
Seat 2: oregordog ($91.69 in chips)
Seat 6: anetkaapro ($103 in chips)
anetkaapro: posts small blind $1
oregordog: posts big blind $3
*** HOLE CARDS ***
anetkaapro: folds
Uncalled bet ($2) returned to oregordog
oregordog collected $2 from pot
*** SUMMARY ***
Total pot $2 | Rake $0
Seat 2: oregordog (big blind) collected ($2)
Seat 6: anetkaapro (button) (small blind) folded before Flop


PokerStars Hand #157132379007:  Hold'em Limit ($3/$6 USD) - 2016/08/11 4:18:59 ET
Table 'Octans' 6-max Seat #2 is the button
Seat 2: oregordog ($83.05 in chips)
Seat 6: anetkaapro ($112 in chips)
oregordog: posts small blind $1
anetkaapro: posts big blind $3
*** HOLE CARDS ***
oregordog: raises $3 to $6
anetkaapro: calls $3
*** FLOP *** [5s 4c 4s]
anetkaapro: checks
oregordog: bets $3
anetkaapro: calls $3
*** TURN *** [5s 4c 4s] [Jh]
anetkaapro: checks
oregordog: checks
*** RIVER *** [5s 4c 4s Jh] [Ts]
anetkaapro: checks
oregordog: checks
*** SHOW DOWN ***
anetkaapro: shows [7h Qs] (a pair of Fours)
oregordog: shows [Kc Qd] (a pair of Fours - King kicker)
oregordog collected $17.64 from pot
*** SUMMARY ***
Total pot $18 | Rake $0.36
Board [5s 4c 4s Jh Ts]
Seat 2: oregordog (button) (small blind) showed [Kc Qd] and won ($17.64) with a pair of Fours
Seat 6: anetkaapro (big blind) showed [7h Qs] and lost with a pair of Fours


PokerStars Hand #157132400955:  Hold'em Limit ($3/$6 USD) - 2016/08/11 4:20:14 ET
Table 'Octans' 6-max Seat #2 is the button
Seat 2: oregordog ($110.19 in chips)
Seat 6: anetkaapro ($83.52 in chips)
oregordog: posts small blind $1
anetkaapro: posts big blind $3
*** HOLE CARDS ***
oregordog: folds
Uncalled bet ($2) returned to anetkaapro
anetkaapro collected $2 from pot
anetkaapro: doesn't show hand
*** SUMMARY ***
Total pot $2 | Rake $0
Seat 2: oregordog (button) (small blind) folded before Flop
Seat 6: anetkaapro (big blind) collected ($2)


PokerStars Hand #157132391435:  Hold'em Limit ($3/$6 USD) - 2016/08/11 4:19:42 ET
Table 'Octans' 6-max Seat #6 is the button
Seat 2: oregordog ($80.69 in chips)
Seat 6: anetkaapro ($113.52 in chips)
anetkaapro: posts small blind $1
oregordog: posts big blind $3
*** HOLE CARDS ***
anetkaapro: raises $3 to $6
oregordog: raises $3 to $9
anetkaapro: calls $3
*** FLOP *** [Jd 9c 5h]
oregordog: bets $3
anetkaapro: calls $3
*** TURN *** [Jd 9c 5h] [9d]
oregordog: bets $6
anetkaapro: raises $6 to $12
oregordog: calls $6
*** RIVER *** [Jd 9c 5h 9d] [Js]
oregordog: checks
anetkaapro: bets $6
oregordog: calls $6
*** SHOW DOWN ***
anetkaapro: shows [Ts 8c] (two pair, Jacks and Nines)
oregordog: shows [Kh Ks] (two pair, Kings and Jacks)
oregordog collected $59.50 from pot
*** SUMMARY ***
Total pot $60 | Rake $0.50
Board [Jd 9c 5h 9d Js]
Seat 2: oregordog (big blind) showed [Kh Ks] and won ($59.50) with two pair, Kings and Jacks
Seat 6: anetkaapro (button) (small blind) showed [Ts 8c] and lost with two pair, Jacks and Nines


PokerStars Hand #157132405584:  Hold'em Limit ($3/$6 USD) - 2016/08/11 4:20:30 ET
Table 'Octans' 6-max Seat #2 is the button
Seat 2: oregordog ($103.19 in chips)
Seat 6: anetkaapro ($90.28 in chips)
oregordog: posts small blind $1
anetkaapro: posts big blind $3
*** HOLE CARDS ***
oregordog: folds
Uncalled bet ($2) returned to anetkaapro
anetkaapro collected $2 from pot
anetkaapro: doesn't show hand
*** SUMMARY ***
Total pot $2 | Rake $0
Seat 2: oregordog (button) (small blind) folded before Flop
Seat 6: anetkaapro (big blind) collected ($2)


PokerStars Hand #157132402674:  Hold'em Limit ($3/$6 USD) - 2016/08/11 4:20:20 ET
Table 'Octans' 6-max Seat #6 is the button
Seat 2: oregordog ($109.19 in chips)
Seat 6: anetkaapro ($84.52 in chips)
anetkaapro: posts small blind $1
oregordog: posts big blind $3
*** HOLE CARDS ***
anetkaapro: raises $3 to $6
oregordog: calls $3
*** FLOP *** [Js Tc 2h]
oregordog: checks
anetkaapro: bets $3
oregordog: folds
Uncalled bet ($3) returned to anetkaapro
anetkaapro collected $11.76 from pot
anetkaapro: doesn't show hand
*** SUMMARY ***
Total pot $12 | Rake $0.24
Board [Js Tc 2h]
Seat 2: oregordog (big blind) folded on the Flop
Seat 6: anetkaapro (button) (small blind) collected ($11.76)


PokerStars Hand #157132407029:  Hold'em Limit ($3/$6 USD) - 2016/08/11 4:20:35 ET
Table 'Octans' 6-max Seat #6 is the button
Seat 2: oregordog ($102.19 in chips)
Seat 6: anetkaapro ($91.28 in chips)
anetkaapro: posts small blind $1
oregordog: posts big blind $3
*** HOLE CARDS ***
anetkaapro: raises $3 to $6
oregordog: calls $3
*** FLOP *** [Kd 6h Kc]
oregordog: checks
anetkaapro: bets $3
oregordog: raises $3 to $6
anetkaapro: calls $3
*** TURN *** [Kd 6h Kc] [8d]
oregordog: bets $6
anetkaapro: calls $6
*** RIVER *** [Kd 6h Kc 8d] [8c]
oregordog: checks
anetkaapro: bets $6
oregordog: calls $6
*** SHOW DOWN ***
anetkaapro: shows [3s 6s] (two pair, Kings and Eights)
oregordog: shows [Jh 4c] (two pair, Kings and Eights - Jack kicker)
oregordog collected $47.50 from pot
*** SUMMARY ***
Total pot $48 | Rake $0.50
Board [Kd 6h Kc 8d 8c]
Seat 2: oregordog (big blind) showed [Jh 4c] and won ($47.50) with two pair, Kings and Eights
Seat 6: anetkaapro (button) (small blind) showed [3s 6s] and lost with two pair, Kings and Eights


PokerStars Hand #157132415578:  Hold'em Limit ($3/$6 USD) - 2016/08/11 4:21:04 ET
Table 'Octans' 6-max Seat #2 is the button
Seat 2: oregordog ($125.69 in chips)
Seat 6: anetkaapro ($120 in chips)
oregordog: posts small blind $1
anetkaapro: posts big blind $3
*** HOLE CARDS ***
oregordog: raises $3 to $6
anetkaapro: calls $3
*** FLOP *** [5d 2c Td]
anetkaapro: checks
oregordog: checks
*** TURN *** [5d 2c Td] [Js]
anetkaapro: checks
oregordog: bets $6
anetkaapro: calls $6
*** RIVER *** [5d 2c Td Js] [Ks]
anetkaapro: checks
oregordog: checks
*** SHOW DOWN ***
anetkaapro: shows [2s Kc] (two pair, Kings and Deuces)
oregordog: mucks hand
anetkaapro collected $23.52 from pot
*** SUMMARY ***
Total pot $24 | Rake $0.48
Board [5d 2c Td Js Ks]
Seat 2: oregordog (button) (small blind) mucked
Seat 6: anetkaapro (big blind) showed [2s Kc] and won ($23.52) with two pair, Kings and Deuces


PokerStars Hand #157132431615:  Hold'em Limit ($3/$6 USD) - 2016/08/11 4:21:58 ET
Table 'Octans' 6-max Seat #2 is the button
Seat 2: oregordog ($101.69 in chips)
Seat 6: anetkaapro ($143.04 in chips)
oregordog: posts small blind $1
anetkaapro: posts big blind $3
*** HOLE CARDS ***
oregordog: folds
Uncalled bet ($2) returned to anetkaapro
anetkaapro collected $2 from pot
anetkaapro: doesn't show hand
*** SUMMARY ***
Total pot $2 | Rake $0
Seat 2: oregordog (button) (small blind) folded before Flop
Seat 6: anetkaapro (big blind) collected ($2)


PokerStars Hand #157132425483:  Hold'em Limit ($3/$6 USD) - 2016/08/11 4:21:37 ET
Table 'Octans' 6-max Seat #6 is the button
Seat 2: oregordog ($113.69 in chips)
Seat 6: anetkaapro ($131.52 in chips)
anetkaapro: posts small blind $1
oregordog: posts big blind $3
*** HOLE CARDS ***
anetkaapro: raises $3 to $6
oregordog: raises $3 to $9
anetkaapro: calls $3
*** FLOP *** [7d 8s 9d]
oregordog: bets $3
anetkaapro: calls $3
*** TURN *** [7d 8s 9d] [5s]
oregordog: checks
anetkaapro: bets $6
oregordog: folds
Uncalled bet ($6) returned to anetkaapro
anetkaapro collected $23.52 from pot
anetkaapro: doesn't show hand
*** SUMMARY ***
Total pot $24 | Rake $0.48
Board [7d 8s 9d 5s]
Seat 2: oregordog (big blind) folded on the Turn
Seat 6: anetkaapro (button) (small blind) collected ($23.52)


PokerStars Hand #157132432995:  Hold'em Limit ($3/$6 USD) - 2016/08/11 4:22:03 ET
Table 'Octans' 6-max Seat #6 is the button
Seat 2: oregordog ($100.69 in chips)
Seat 6: anetkaapro ($144.04 in chips)
anetkaapro: posts small blind $1
oregordog: posts big blind $3
*** HOLE CARDS ***
anetkaapro: raises $3 to $6
oregordog: calls $3
*** FLOP *** [8h Ks 4d]
oregordog: checks
anetkaapro: bets $3
oregordog: calls $3
*** TURN *** [8h Ks 4d] [3d]
oregordog: checks
anetkaapro: bets $6
oregordog: calls $6
*** RIVER *** [8h Ks 4d 3d] [2d]
oregordog: checks
anetkaapro: bets $6
oregordog: calls $6
*** SHOW DOWN ***
anetkaapro: shows [8c 3c] (two pair, Eights and Threes)
oregordog: mucks hand
anetkaapro collected $41.50 from pot
*** SUMMARY ***
Total pot $42 | Rake $0.50
Board [8h Ks 4d 3d 2d]
Seat 2: oregordog (big blind) mucked
Seat 6: anetkaapro (button) (small blind) showed [8c 3c] and won ($41.50) with two pair, Eights and Threes


PokerStars Hand #157132454623:  Hold'em Limit ($3/$6 USD) - 2016/08/11 4:23:15 ET
Table 'Octans' 6-max Seat #2 is the button
Seat 2: oregordog ($114.95 in chips)
Seat 6: anetkaapro ($128.54 in chips)
oregordog: posts small blind $1
anetkaapro: posts big blind $3
*** HOLE CARDS ***
oregordog: raises $3 to $6
anetkaapro: calls $3
*** FLOP *** [Qd 5s 6s]
anetkaapro: checks
oregordog: bets $3
anetkaapro: calls $3
*** TURN *** [Qd 5s 6s] [8h]
anetkaapro: checks
oregordog: bets $6
anetkaapro: folds
Uncalled bet ($6) returned to oregordog
oregordog collected $17.64 from pot
*** SUMMARY ***
Total pot $18 | Rake $0.36
Board [Qd 5s 6s 8h]
Seat 2: oregordog (button) (small blind) collected ($17.64)
Seat 6: anetkaapro (big blind) folded on the Turn


PokerStars Hand #157132461289:  Hold'em Limit ($3/$6 USD) - 2016/08/11 4:23:38 ET
Table 'Octans' 6-max Seat #6 is the button
Seat 2: oregordog ($123.59 in chips)
Seat 6: anetkaapro ($119.54 in chips)
anetkaapro: posts small blind $1
oregordog: posts big blind $3
*** HOLE CARDS ***
anetkaapro: folds
Uncalled bet ($2) returned to oregordog
oregordog collected $2 from pot
*** SUMMARY ***
Total pot $2 | Rake $0
Seat 2: oregordog (big blind) collected ($2)
Seat 6: anetkaapro (button) (small blind) folded before Flop


PokerStars Hand #157132441140:  Hold'em Limit ($3/$6 USD) - 2016/08/11 4:22:31 ET
Table 'Octans' 6-max Seat #2 is the button
Seat 2: oregordog ($79.69 in chips)
Seat 6: anetkaapro ($164.54 in chips)
oregordog: posts small blind $1
anetkaapro: posts big blind $3
*** HOLE CARDS ***
oregordog: raises $3 to $6
anetkaapro: calls $3
*** FLOP *** [Th 2h Kc]
anetkaapro: checks
oregordog: bets $3
anetkaapro: folds
Uncalled bet ($3) returned to oregordog
oregordog collected $11.76 from pot
*** SUMMARY ***
Total pot $12 | Rake $0.24
Board [Th 2h Kc]
Seat 2: oregordog (button) (small blind) collected ($11.76)
Seat 6: anetkaapro (big blind) folded on the Flop


PokerStars Hand #157132447250:  Hold'em Limit ($3/$6 USD) - 2016/08/11 4:22:51 ET
Table 'Octans' 6-max Seat #6 is the button
Seat 2: oregordog ($85.45 in chips)
Seat 6: anetkaapro ($158.54 in chips)
anetkaapro: posts small blind $1
oregordog: posts big blind $3
*** HOLE CARDS ***
anetkaapro: raises $3 to $6
oregordog: calls $3
*** FLOP *** [Ks 2c 7c]
oregordog: checks
anetkaapro: bets $3
oregordog: raises $3 to $6
anetkaapro: calls $3
*** TURN *** [Ks 2c 7c] [9c]
oregordog: bets $6
anetkaapro: calls $6
*** RIVER *** [Ks 2c 7c 9c] [7h]
oregordog: bets $6
anetkaapro: raises $6 to $12
oregordog: calls $6
*** SHOW DOWN ***
anetkaapro: shows [Jc Kh] (two pair, Kings and Sevens)
oregordog: shows [7d Jd] (three of a kind, Sevens)
oregordog collected $59.50 from pot
*** SUMMARY ***
Total pot $60 | Rake $0.50
Board [Ks 2c 7c 9c 7h]
Seat 2: oregordog (big blind) showed [7d Jd] and won ($59.50) with three of a kind, Sevens
Seat 6: anetkaapro (button) (small blind) showed [Jc Kh] and lost with two pair, Kings and Sevens


PokerStars Hand #157132462461:  Hold'em Limit ($3/$6 USD) - 2016/08/11 4:23:42 ET
Table 'Octans' 6-max Seat #2 is the button
Seat 2: oregordog ($124.59 in chips)
Seat 6: anetkaapro ($118.54 in chips)
oregordog: posts small blind $1
anetkaapro: posts big blind $3
*** HOLE CARDS ***
oregordog: raises $3 to $6
anetkaapro: raises $3 to $9
oregordog: calls $3
*** FLOP *** [Ks 4c 6s]
anetkaapro: bets $3
oregordog: calls $3
*** TURN *** [Ks 4c 6s] [As]
anetkaapro: bets $6
oregordog: calls $6
*** RIVER *** [Ks 4c 6s As] [6c]
anetkaapro: bets $6
oregordog: folds
Uncalled bet ($6) returned to anetkaapro
anetkaapro collected $35.50 from pot
anetkaapro: doesn't show hand
*** SUMMARY ***
Total pot $36 | Rake $0.50
Board [Ks 4c 6s As 6c]
Seat 2: oregordog (button) (small blind) folded on the River
Seat 6: anetkaapro (big blind) collected ($35.50)


PokerStars Hand #157132469859:  Hold'em Limit ($3/$6 USD) - 2016/08/11 4:24:06 ET
Table 'Octans' 6-max Seat #6 is the button
Seat 2: oregordog ($106.59 in chips)
Seat 6: anetkaapro ($136.04 in chips)
anetkaapro: posts small blind $1
oregordog: posts big blind $3
*** HOLE CARDS ***
anetkaapro: raises $3 to $6
oregordog: raises $3 to $9
anetkaapro: calls $3
*** FLOP *** [Kc As 8h]
oregordog: bets $3
anetkaapro: calls $3
*** TURN *** [Kc As 8h] [9h]
oregordog: bets $6
anetkaapro: calls $6
*** RIVER *** [Kc As 8h 9h] [4h]
oregordog: bets $6
anetkaapro: calls $6
*** SHOW DOWN ***
oregordog: shows [Qc Ts] (high card Ace)
anetkaapro: shows [Js Jc] (a pair of Jacks)
anetkaapro collected $47.50 from pot
*** SUMMARY ***
Total pot $48 | Rake $0.50
Board [Kc As 8h 9h 4h]
Seat 2: oregordog (big blind) showed [Qc Ts] and lost with high card Ace
Seat 6: anetkaapro (button) (small blind) showed [Js Jc] and won ($47.50) with a pair of Jacks


PokerStars Hand #157132475867:  Hold'em Limit ($3/$6 USD) - 2016/08/11 4:24:25 ET
Table 'Octans' 6-max Seat #2 is the button
Seat 2: oregordog ($82.59 in chips)
Seat 6: anetkaapro ($159.54 in chips)
oregordog: posts small blind $1
anetkaapro: posts big blind $3
*** HOLE CARDS ***
oregordog: raises $3 to $6
anetkaapro: calls $3
*** FLOP *** [Jc 8s As]
anetkaapro: checks
oregordog: bets $3
anetkaapro: folds
Uncalled bet ($3) returned to oregordog
oregordog collected $11.76 from pot
*** SUMMARY ***
Total pot $12 | Rake $0.24
Board [Jc 8s As]
Seat 2: oregordog (button) (small blind) collected ($11.76)
Seat 6: anetkaapro (big blind) folded on the Flop


PokerStars Hand #157132486512:  Hold'em Limit ($3/$6 USD) - 2016/08/11 4:25:01 ET
Table 'Octans' 6-max Seat #2 is the button
Seat 2: oregordog ($89.35 in chips)
Seat 6: anetkaapro ($152.54 in chips)
oregordog: posts small blind $1
anetkaapro: posts big blind $3
*** HOLE CARDS ***
oregordog: raises $3 to $6
anetkaapro: calls $3
*** FLOP *** [Jc Ah 7d]
anetkaapro: checks
oregordog: bets $3
anetkaapro: calls $3
*** TURN *** [Jc Ah 7d] [5s]
anetkaapro: checks
oregordog: checks
*** RIVER *** [Jc Ah 7d 5s] [7c]
anetkaapro: checks
oregordog: checks
*** SHOW DOWN ***
anetkaapro: shows [Qh 3c] (a pair of Sevens)
oregordog: mucks hand
anetkaapro collected $17.64 from pot
*** SUMMARY ***
Total pot $18 | Rake $0.36
Board [Jc Ah 7d 5s 7c]
Seat 2: oregordog (button) (small blind) mucked
Seat 6: anetkaapro (big blind) showed [Qh 3c] and won ($17.64) with a pair of Sevens


PokerStars Hand #157132485135:  Hold'em Limit ($3/$6 USD) - 2016/08/11 4:24:57 ET
Table 'Octans' 6-max Seat #6 is the button
Seat 2: oregordog ($88.35 in chips)
Seat 6: anetkaapro ($153.54 in chips)
anetkaapro: posts small blind $1
oregordog: posts big blind $3
*** HOLE CARDS ***
anetkaapro: folds
Uncalled bet ($2) returned to oregordog
oregordog collected $2 from pot
*** SUMMARY ***
Total pot $2 | Rake $0
Seat 2: oregordog (big blind) collected ($2)
Seat 6: anetkaapro (button) (small blind) folded before Flop


PokerStars Hand #157132494038:  Hold'em Limit ($3/$6 USD) - 2016/08/11 4:25:26 ET
Table 'Octans' 6-max Seat #6 is the button
Seat 2: oregordog ($80.35 in chips)
Seat 6: anetkaapro ($161.18 in chips)
anetkaapro: posts small blind $1
oregordog: posts big blind $3
*** HOLE CARDS ***
anetkaapro: raises $3 to $6
oregordog: calls $3
*** FLOP *** [Qs 4h 8c]
oregordog: checks
anetkaapro: bets $3
oregordog: raises $3 to $6
anetkaapro: calls $3
*** TURN *** [Qs 4h 8c] [Ah]
oregordog: checks
anetkaapro: bets $6
oregordog: calls $6
*** RIVER *** [Qs 4h 8c Ah] [Jh]
oregordog: checks
anetkaapro: bets $6
oregordog: calls $6
*** SHOW DOWN ***
anetkaapro: shows [As 7d] (a pair of Aces)
oregordog: mucks hand
anetkaapro collected $47.50 from pot
*** SUMMARY ***
Total pot $48 | Rake $0.50
Board [Qs 4h 8c Ah Jh]
Seat 2: oregordog (big blind) mucked
Seat 6: anetkaapro (button) (small blind) showed [As 7d] and won ($47.50) with a pair of Aces


PokerStars Hand #157132502053:  Hold'em Limit ($3/$6 USD) - 2016/08/11 4:25:53 ET
Table 'Octans' 6-max Seat #2 is the button
Seat 2: oregordog ($56.35 in chips)
Seat 6: anetkaapro ($184.68 in chips)
oregordog: posts small blind $1
anetkaapro: posts big blind $3
*** HOLE CARDS ***
oregordog: raises $3 to $6
anetkaapro: calls $3
*** FLOP *** [7d 5h Th]
anetkaapro: checks
oregordog: bets $3
anetkaapro: raises $3 to $6
oregordog: calls $3
*** TURN *** [7d 5h Th] [Ah]
anetkaapro: checks
oregordog: bets $6
anetkaapro: calls $6
*** RIVER *** [7d 5h Th Ah] [7c]
anetkaapro: checks
oregordog: checks
*** SHOW DOWN ***
anetkaapro: shows [Td 8s] (two pair, Tens and Sevens)
oregordog: shows [Kd Ks] (two pair, Kings and Sevens)
oregordog collected $35.50 from pot
*** SUMMARY ***
Total pot $36 | Rake $0.50
Board [7d 5h Th Ah 7c]
Seat 2: oregordog (button) (small blind) showed [Kd Ks] and won ($35.50) with two pair, Kings and Sevens
Seat 6: anetkaapro (big blind) showed [Td 8s] and lost with two pair, Tens and Sevens


PokerStars Hand #157132528112:  Hold'em Limit ($3/$6 USD) - 2016/08/11 4:27:19 ET
Table 'Octans' 6-max Seat #2 is the button
Seat 2: oregordog ($38.85 in chips)
Seat 6: anetkaapro ($201.18 in chips)
oregordog: posts small blind $1
anetkaapro: posts big blind $3
*** HOLE CARDS ***
oregordog: raises $3 to $6
anetkaapro: folds
Uncalled bet ($3) returned to oregordog
oregordog collected $6 from pot
*** SUMMARY ***
Total pot $6 | Rake $0
Seat 2: oregordog (button) (small blind) collected ($6)
Seat 6: anetkaapro (big blind) folded before Flop


PokerStars Hand #157132526294:  Hold'em Limit ($3/$6 USD) - 2016/08/11 4:27:12 ET
Table 'Octans' 6-max Seat #6 is the button
Seat 2: oregordog ($37.85 in chips)
Seat 6: anetkaapro ($202.18 in chips)
anetkaapro: posts small blind $1
oregordog: posts big blind $3
*** HOLE CARDS ***
anetkaapro: folds
Uncalled bet ($2) returned to oregordog
oregordog collected $2 from pot
*** SUMMARY ***
Total pot $2 | Rake $0
Seat 2: oregordog (big blind) collected ($2)
Seat 6: anetkaapro (button) (small blind) folded before Flop


PokerStars Hand #157132515980:  Hold'em Limit ($3/$6 USD) - 2016/08/11 4:26:39 ET
Table 'Octans' 6-max Seat #2 is the button
Seat 2: oregordog ($70.85 in chips)
Seat 6: anetkaapro ($169.68 in chips)
oregordog: posts small blind $1
anetkaapro: posts big blind $3
*** HOLE CARDS ***
oregordog: raises $3 to $6
anetkaapro: raises $3 to $9
oregordog: raises $3 to $12
Betting is capped
anetkaapro: calls $3
*** FLOP *** [7h 6d Jc]
anetkaapro: checks
oregordog: bets $3
anetkaapro: calls $3
*** TURN *** [7h 6d Jc] [5h]
anetkaapro: checks
oregordog: bets $6
anetkaapro: raises $6 to $12
oregordog: calls $6
*** RIVER *** [7h 6d Jc 5h] [6s]
anetkaapro: bets $6
oregordog: calls $6
*** SHOW DOWN ***
anetkaapro: shows [Ks Jh] (two pair, Jacks and Sixes)
oregordog: mucks hand
anetkaapro collected $65.50 from pot
*** SUMMARY ***
Total pot $66 | Rake $0.50
Board [7h 6d Jc 5h 6s]
Seat 2: oregordog (button) (small blind) mucked
Seat 6: anetkaapro (big blind) showed [Ks Jh] and won ($65.50) with two pair, Jacks and Sixes


PokerStars Hand #157132540024:  Hold'em Limit ($3/$6 USD) - 2016/08/11 4:27:57 ET
Table 'Octans' 6-max Seat #6 is the button
Seat 2: oregordog ($68.35 in chips)
Seat 6: anetkaapro ($171.18 in chips)
anetkaapro: posts small blind $1
oregordog: posts big blind $3
*** HOLE CARDS ***
anetkaapro: raises $3 to $6
oregordog: calls $3
*** FLOP *** [2h Qh As]
oregordog: checks
anetkaapro: bets $3
oregordog: folds
Uncalled bet ($3) returned to anetkaapro
anetkaapro collected $11.76 from pot
anetkaapro: doesn't show hand
*** SUMMARY ***
Total pot $12 | Rake $0.24
Board [2h Qh As]
Seat 2: oregordog (big blind) folded on the Flop
Seat 6: anetkaapro (button) (small blind) collected ($11.76)


PokerStars Hand #157132532326:  Hold'em Limit ($3/$6 USD) - 2016/08/11 4:27:32 ET
Table 'Octans' 6-max Seat #2 is the button
Seat 2: oregordog ($38.85 in chips)
Seat 6: anetkaapro ($201.18 in chips)
oregordog: posts small blind $1
anetkaapro: posts big blind $3
*** HOLE CARDS ***
oregordog: raises $3 to $6
anetkaapro: calls $3
*** FLOP *** [2s Ah 5s]
anetkaapro: checks
oregordog: bets $3
anetkaapro: raises $3 to $6
oregordog: calls $3
*** TURN *** [2s Ah 5s] [3c]
anetkaapro: bets $6
oregordog: calls $6
*** RIVER *** [2s Ah 5s 3c] [4d]
anetkaapro: bets $6
oregordog: raises $6 to $12
anetkaapro: calls $6
*** SHOW DOWN ***
oregordog: shows [3s 6h] (a straight, Deuce to Six)
anetkaapro: mucks hand
oregordog collected $59.50 from pot
*** SUMMARY ***
Total pot $60 | Rake $0.50
Board [2s Ah 5s 3c 4d]
Seat 2: oregordog (button) (small blind) showed [3s 6h] and won ($59.50) with a straight, Deuce to Six
Seat 6: anetkaapro (big blind) mucked


PokerStars Hand #157132553893:  Hold'em Limit ($3/$6 USD) - 2016/08/11 4:28:43 ET
Table 'Octans' 6-max Seat #6 is the button
Seat 2: oregordog ($89.85 in chips)
Seat 6: anetkaapro ($148.94 in chips)
anetkaapro: posts small blind $1
oregordog: posts big blind $3
*** HOLE CARDS ***
anetkaapro: raises $3 to $6
oregordog: folds
Uncalled bet ($3) returned to anetkaapro
anetkaapro collected $6 from pot
anetkaapro: doesn't show hand
*** SUMMARY ***
Total pot $6 | Rake $0
Seat 2: oregordog (big blind) folded before Flop
Seat 6: anetkaapro (button) (small blind) collected ($6)


PokerStars Hand #157132546079:  Hold'em Limit ($3/$6 USD) - 2016/08/11 4:28:17 ET
Table 'Octans' 6-max Seat #2 is the button
Seat 2: oregordog ($66.35 in chips)
Seat 6: anetkaapro ($172.94 in chips)
oregordog: posts small blind $1
anetkaapro: posts big blind $3
*** HOLE CARDS ***
oregordog: raises $3 to $6
anetkaapro: raises $3 to $9
oregordog: calls $3
*** FLOP *** [8c 7s 8h]
anetkaapro: bets $3
oregordog: calls $3
*** TURN *** [8c 7s 8h] [Kd]
anetkaapro: checks
oregordog: bets $6
anetkaapro: calls $6
*** RIVER *** [8c 7s 8h Kd] [2s]
anetkaapro: checks
oregordog: bets $6
anetkaapro: calls $6
*** SHOW DOWN ***
oregordog: shows [Ks 7d] (two pair, Kings and Eights)
anetkaapro: mucks hand
oregordog collected $47.50 from pot
*** SUMMARY ***
Total pot $48 | Rake $0.50
Board [8c 7s 8h Kd 2s]
Seat 2: oregordog (button) (small blind) showed [Ks 7d] and won ($47.50) with two pair, Kings and Eights
Seat 6: anetkaapro (big blind) mucked


PokerStars Hand #157132544879:  Hold'em Limit ($3/$6 USD) - 2016/08/11 4:28:13 ET
Table 'Octans' 6-max Seat #6 is the button
Seat 2: oregordog ($65.35 in chips)
Seat 6: anetkaapro ($173.94 in chips)
anetkaapro: posts small blind $1
oregordog: posts big blind $3
*** HOLE CARDS ***
anetkaapro: folds
Uncalled bet ($2) returned to oregordog
oregordog collected $2 from pot
*** SUMMARY ***
Total pot $2 | Rake $0
Seat 2: oregordog (big blind) collected ($2)
Seat 6: anetkaapro (button) (small blind) folded before Flop


PokerStars Hand #157132542972:  Hold'em Limit ($3/$6 USD) - 2016/08/11 4:28:07 ET
Table 'Octans' 6-max Seat #2 is the button
Seat 2: oregordog ($62.35 in chips)
Seat 6: anetkaapro ($176.94 in chips)
oregordog: posts small blind $1
anetkaapro: posts big blind $3
*** HOLE CARDS ***
oregordog: raises $3 to $6
anetkaapro: folds
Uncalled bet ($3) returned to oregordog
oregordog collected $6 from pot
*** SUMMARY ***
Total pot $6 | Rake $0
Seat 2: oregordog (button) (small blind) collected ($6)
Seat 6: anetkaapro (big blind) folded before Flop


PokerStars Hand #157132555588:  Hold'em Limit ($3/$6 USD) - 2016/08/11 4:28:48 ET
Table 'Octans' 6-max Seat #2 is the button
Seat 2: oregordog ($86.85 in chips)
Seat 6: anetkaapro ($151.94 in chips)
oregordog: posts small blind $1
anetkaapro: posts big blind $3
*** HOLE CARDS ***
oregordog: raises $3 to $6
anetkaapro: calls $3
*** FLOP *** [3c 4s Kc]
anetkaapro: checks
oregordog: bets $3
anetkaapro: raises $3 to $6
oregordog: folds
Uncalled bet ($3) returned to anetkaapro
anetkaapro collected $17.64 from pot
anetkaapro: doesn't show hand
*** SUMMARY ***
Total pot $18 | Rake $0.36
Board [3c 4s Kc]
Seat 2: oregordog (button) (small blind) folded on the Flop
Seat 6: anetkaapro (big blind) collected ($17.64)


PokerStars Hand #157132570386:  Hold'em Limit ($3/$6 USD) - 2016/08/11 4:29:31 ET
Table 'Octans' 6-max Seat #2 is the button
Seat 2: oregordog ($53.85 in chips)
Seat 6: anetkaapro ($184.08 in chips)
oregordog: posts small blind $1
anetkaapro: posts big blind $3
*** HOLE CARDS ***
oregordog: folds
Uncalled bet ($2) returned to anetkaapro
anetkaapro collected $2 from pot
anetkaapro: doesn't show hand
*** SUMMARY ***
Total pot $2 | Rake $0
Seat 2: oregordog (button) (small blind) folded before Flop
Seat 6: anetkaapro (big blind) collected ($2)


PokerStars Hand #157132560486:  Hold'em Limit ($3/$6 USD) - 2016/08/11 4:28:58 ET
Table 'Octans' 6-max Seat #6 is the button
Seat 2: oregordog ($77.85 in chips)
Seat 6: anetkaapro ($160.58 in chips)
anetkaapro: posts small blind $1
oregordog: posts big blind $3
*** HOLE CARDS ***
anetkaapro: raises $3 to $6
oregordog: calls $3
*** FLOP *** [2h Kc As]
oregordog: checks
anetkaapro: bets $3
oregordog: raises $3 to $6
anetkaapro: calls $3
*** TURN *** [2h Kc As] [8h]
oregordog: bets $6
anetkaapro: calls $6
*** RIVER *** [2h Kc As 8h] [2c]
oregordog: bets $6
anetkaapro: calls $6
*** SHOW DOWN ***
oregordog: shows [Td Jd] (a pair of Deuces)
anetkaapro: shows [Qh 3s] (a pair of Deuces - Ace+King+Queen kicker)
anetkaapro collected $47.50 from pot
*** SUMMARY ***
Total pot $48 | Rake $0.50
Board [2h Kc As 8h 2c]
Seat 2: oregordog (big blind) showed [Td Jd] and lost with a pair of Deuces
Seat 6: anetkaapro (button) (small blind) showed [Qh 3s] and won ($47.50) with a pair of Deuces


PokerStars Hand #157132585125:  Hold'em Limit ($3/$6 USD) - 2016/08/11 4:30:19 ET
Table 'Octans' 6-max Seat #2 is the button
Seat 2: oregordog ($61.49 in chips)
Seat 6: anetkaapro ($176.08 in chips)
oregordog: posts small blind $1
anetkaapro: posts big blind $3
*** HOLE CARDS ***
oregordog: raises $3 to $6
anetkaapro: raises $3 to $9
oregordog: calls $3
*** FLOP *** [2s Ks 5c]
anetkaapro: bets $3
oregordog: calls $3
*** TURN *** [2s Ks 5c] [Kh]
anetkaapro: bets $6
oregordog: calls $6
*** RIVER *** [2s Ks 5c Kh] [6h]
anetkaapro: bets $6
oregordog: calls $6
*** SHOW DOWN ***
anetkaapro: shows [9h Th] (a pair of Kings)
oregordog: shows [5s 8d] (two pair, Kings and Fives)
oregordog collected $47.50 from pot
*** SUMMARY ***
Total pot $48 | Rake $0.50
Board [2s Ks 5c Kh 6h]
Seat 2: oregordog (button) (small blind) showed [5s 8d] and won ($47.50) with two pair, Kings and Fives
Seat 6: anetkaapro (big blind) showed [9h Th] and lost with a pair of Kings


PokerStars Hand #157132572940:  Hold'em Limit ($3/$6 USD) - 2016/08/11 4:29:40 ET
Table 'Octans' 6-max Seat #6 is the button
Seat 2: oregordog ($52.85 in chips)
Seat 6: anetkaapro ($185.08 in chips)
anetkaapro: posts small blind $1
oregordog: posts big blind $3
*** HOLE CARDS ***
anetkaapro: raises $3 to $6
oregordog: calls $3
*** FLOP *** [4s 6c 8d]
oregordog: checks
anetkaapro: bets $3
oregordog: calls $3
*** TURN *** [4s 6c 8d] [9s]
oregordog: checks
anetkaapro: checks
*** RIVER *** [4s 6c 8d 9s] [4c]
oregordog: bets $6
anetkaapro: folds
Uncalled bet ($6) returned to oregordog
oregordog collected $17.64 from pot
*** SUMMARY ***
Total pot $18 | Rake $0.36
Board [4s 6c 8d 9s 4c]
Seat 2: oregordog (big blind) collected ($17.64)
Seat 6: anetkaapro (button) (small blind) folded on the River


PokerStars Hand #157132594340:  Hold'em Limit ($3/$6 USD) - 2016/08/11 4:30:49 ET
Table 'Octans' 6-max Seat #6 is the button
Seat 2: oregordog ($84.99 in chips)
Seat 6: anetkaapro ($152.08 in chips)
anetkaapro: posts small blind $1
oregordog: posts big blind $3
*** HOLE CARDS ***
anetkaapro: raises $3 to $6
oregordog: calls $3
*** FLOP *** [Kd Kc 7s]
oregordog: checks
anetkaapro: bets $3
oregordog: calls $3
*** TURN *** [Kd Kc 7s] [6d]
oregordog: checks
anetkaapro: bets $6
oregordog: folds
Uncalled bet ($6) returned to anetkaapro
anetkaapro collected $17.64 from pot
anetkaapro: doesn't show hand
*** SUMMARY ***
Total pot $18 | Rake $0.36
Board [Kd Kc 7s 6d]
Seat 2: oregordog (big blind) folded on the Turn
Seat 6: anetkaapro (button) (small blind) collected ($17.64)


PokerStars Hand #157132610437:  Hold'em Limit ($3/$6 USD) - 2016/08/11 4:31:42 ET
Table 'Octans' 6-max Seat #6 is the button
Seat 2: oregordog ($93.49 in chips)
Seat 6: anetkaapro ($142.72 in chips)
anetkaapro: posts small blind $1
oregordog: posts big blind $3
*** HOLE CARDS ***
anetkaapro: folds
Uncalled bet ($2) returned to oregordog
oregordog collected $2 from pot
*** SUMMARY ***
Total pot $2 | Rake $0
Seat 2: oregordog (big blind) collected ($2)
Seat 6: anetkaapro (button) (small blind) folded before Flop


PokerStars Hand #157132600951:  Hold'em Limit ($3/$6 USD) - 2016/08/11 4:31:11 ET
Table 'Octans' 6-max Seat #2 is the button
Seat 2: oregordog ($75.99 in chips)
Seat 6: anetkaapro ($160.72 in chips)
oregordog: posts small blind $1
anetkaapro: posts big blind $3
*** HOLE CARDS ***
oregordog: raises $3 to $6
anetkaapro: calls $3
*** FLOP *** [3d 7s 6h]
anetkaapro: checks
oregordog: bets $3
anetkaapro: raises $3 to $6
oregordog: calls $3
*** TURN *** [3d 7s 6h] [Ah]
anetkaapro: checks
oregordog: checks
*** RIVER *** [3d 7s 6h Ah] [6c]
anetkaapro: bets $6
oregordog: calls $6
*** SHOW DOWN ***
anetkaapro: shows [8d 5s] (a pair of Sixes)
oregordog: shows [4s Qc] (a pair of Sixes - Ace+Queen kicker)
oregordog collected $35.50 from pot
*** SUMMARY ***
Total pot $36 | Rake $0.50
Board [3d 7s 6h Ah 6c]
Seat 2: oregordog (button) (small blind) showed [4s Qc] and won ($35.50) with a pair of Sixes
Seat 6: anetkaapro (big blind) showed [8d 5s] and lost with a pair of Sixes


PokerStars Hand #157132620517:  Hold'em Limit ($3/$6 USD) - 2016/08/11 4:32:15 ET
Table 'Octans' 6-max Seat #6 is the button
Seat 2: oregordog ($76.49 in chips)
Seat 6: anetkaapro ($159.22 in chips)
anetkaapro: posts small blind $1
oregordog: posts big blind $3
*** HOLE CARDS ***
anetkaapro: raises $3 to $6
oregordog: calls $3
*** FLOP *** [9s 4h 4c]
oregordog: checks
anetkaapro: bets $3
oregordog: calls $3
*** TURN *** [9s 4h 4c] [9h]
oregordog: checks
anetkaapro: checks
*** RIVER *** [9s 4h 4c 9h] [Qd]
oregordog: checks
anetkaapro: bets $6
oregordog: calls $6
*** SHOW DOWN ***
anetkaapro: shows [Qh 5c] (two pair, Queens and Nines)
oregordog: shows [6h Qc] (two pair, Queens and Nines - Six kicker)
oregordog collected $29.50 from pot
*** SUMMARY ***
Total pot $30 | Rake $0.50
Board [9s 4h 4c 9h Qd]
Seat 2: oregordog (big blind) showed [6h Qc] and won ($29.50) with two pair, Queens and Nines
Seat 6: anetkaapro (button) (small blind) showed [Qh 5c] and lost with two pair, Queens and Nines


PokerStars Hand #157132612899:  Hold'em Limit ($3/$6 USD) - 2016/08/11 4:31:50 ET
Table 'Octans' 6-max Seat #2 is the button
Seat 2: oregordog ($94.49 in chips)
Seat 6: anetkaapro ($141.72 in chips)
oregordog: posts small blind $1
anetkaapro: posts big blind $3
*** HOLE CARDS ***
oregordog: raises $3 to $6
anetkaapro: calls $3
*** FLOP *** [Tc Jh 6d]
anetkaapro: checks
oregordog: bets $3
anetkaapro: raises $3 to $6
oregordog: calls $3
*** TURN *** [Tc Jh 6d] [5h]
anetkaapro: bets $6
oregordog: calls $6
*** RIVER *** [Tc Jh 6d 5h] [As]
anetkaapro: bets $6
oregordog: folds
Uncalled bet ($6) returned to anetkaapro
anetkaapro collected $35.50 from pot
anetkaapro: doesn't show hand
*** SUMMARY ***
Total pot $36 | Rake $0.50
Board [Tc Jh 6d 5h As]
Seat 2: oregordog (button) (small blind) folded on the River
Seat 6: anetkaapro (big blind) collected ($35.50)


PokerStars Hand #157132637735:  Hold'em Limit ($3/$6 USD) - 2016/08/11 4:33:10 ET
Table 'Octans' 6-max Seat #2 is the button
Seat 2: oregordog ($90.99 in chips)
Seat 6: anetkaapro ($144.22 in chips)
oregordog: posts small blind $1
anetkaapro: posts big blind $3
*** HOLE CARDS ***
oregordog: folds
Uncalled bet ($2) returned to anetkaapro
anetkaapro collected $2 from pot
anetkaapro: doesn't show hand
*** SUMMARY ***
Total pot $2 | Rake $0
Seat 2: oregordog (button) (small blind) folded before Flop
Seat 6: anetkaapro (big blind) collected ($2)


PokerStars Hand #157132630977:  Hold'em Limit ($3/$6 USD) - 2016/08/11 4:32:49 ET
Table 'Octans' 6-max Seat #2 is the button
Seat 2: oregordog ($90.99 in chips)
Seat 6: anetkaapro ($144.22 in chips)
oregordog: posts small blind $1
anetkaapro: posts big blind $3
*** HOLE CARDS ***
oregordog: folds
Uncalled bet ($2) returned to anetkaapro
anetkaapro collected $2 from pot
anetkaapro: doesn't show hand
*** SUMMARY ***
Total pot $2 | Rake $0
Seat 2: oregordog (button) (small blind) folded before Flop
Seat 6: anetkaapro (big blind) collected ($2)


PokerStars Hand #157132633370:  Hold'em Limit ($3/$6 USD) - 2016/08/11 4:32:57 ET
Table 'Octans' 6-max Seat #6 is the button
Seat 2: oregordog ($89.99 in chips)
Seat 6: anetkaapro ($145.22 in chips)
anetkaapro: posts small blind $1
oregordog: posts big blind $3
*** HOLE CARDS ***
anetkaapro: folds
Uncalled bet ($2) returned to oregordog
oregordog collected $2 from pot
*** SUMMARY ***
Total pot $2 | Rake $0
Seat 2: oregordog (big blind) collected ($2)
Seat 6: anetkaapro (button) (small blind) folded before Flop


PokerStars Hand #157132654854:  Hold'em Limit ($3/$6 USD) - 2016/08/11 4:34:06 ET
Table 'Octans' 6-max Seat #6 is the button
Seat 2: oregordog ($101.51 in chips)
Seat 6: anetkaapro ($133.22 in chips)
anetkaapro: posts small blind $1
oregordog: posts big blind $3
*** HOLE CARDS ***
anetkaapro: folds
Uncalled bet ($2) returned to oregordog
oregordog collected $2 from pot
*** SUMMARY ***
Total pot $2 | Rake $0
Seat 2: oregordog (big blind) collected ($2)
Seat 6: anetkaapro (button) (small blind) folded before Flop


PokerStars Hand #157132650474:  Hold'em Limit ($3/$6 USD) - 2016/08/11 4:33:52 ET
Table 'Octans' 6-max Seat #2 is the button
Seat 2: oregordog ($95.75 in chips)
Seat 6: anetkaapro ($139.22 in chips)
oregordog: posts small blind $1
anetkaapro: posts big blind $3
*** HOLE CARDS ***
oregordog: raises $3 to $6
anetkaapro: calls $3
*** FLOP *** [9c Qd Ah]
anetkaapro: checks
oregordog: bets $3
anetkaapro: folds
Uncalled bet ($3) returned to oregordog
oregordog collected $11.76 from pot
*** SUMMARY ***
Total pot $12 | Rake $0.24
Board [9c Qd Ah]
Seat 2: oregordog (button) (small blind) collected ($11.76)
Seat 6: anetkaapro (big blind) folded on the Flop


PokerStars Hand #157132658031:  Hold'em Limit ($3/$6 USD) - 2016/08/11 4:34:16 ET
Table 'Octans' 6-max Seat #6 is the button
Seat 2: oregordog ($105.51 in chips)
Seat 6: anetkaapro ($129.22 in chips)
anetkaapro: posts small blind $1
oregordog: posts big blind $3
*** HOLE CARDS ***
anetkaapro: raises $3 to $6
oregordog: calls $3
*** FLOP *** [6d Tc 4c]
oregordog: checks
anetkaapro: checks
*** TURN *** [6d Tc 4c] [3h]
oregordog: bets $6
anetkaapro: calls $6
*** RIVER *** [6d Tc 4c 3h] [Jc]
oregordog: checks
anetkaapro: checks
*** SHOW DOWN ***
oregordog: shows [Ad 5s] (high card Ace)
anetkaapro: shows [Ks 3s] (a pair of Threes)
anetkaapro collected $23.52 from pot
*** SUMMARY ***
Total pot $24 | Rake $0.48
Board [6d Tc 4c 3h Jc]
Seat 2: oregordog (big blind) showed [Ad 5s] and lost with high card Ace
Seat 6: anetkaapro (button) (small blind) showed [Ks 3s] and won ($23.52) with a pair of Threes


PokerStars Hand #157132639186:  Hold'em Limit ($3/$6 USD) - 2016/08/11 4:33:15 ET
Table 'Octans' 6-max Seat #6 is the button
Seat 2: oregordog ($89.99 in chips)
Seat 6: anetkaapro ($145.22 in chips)
anetkaapro: posts small blind $1
oregordog: posts big blind $3
*** HOLE CARDS ***
anetkaapro: raises $3 to $6
oregordog: calls $3
*** FLOP *** [5d 6d 7h]
oregordog: checks
anetkaapro: checks
*** TURN *** [5d 6d 7h] [Qs]
oregordog: checks
anetkaapro: checks
*** RIVER *** [5d 6d 7h Qs] [4d]
oregordog: bets $6
anetkaapro: folds
Uncalled bet ($6) returned to oregordog
oregordog collected $11.76 from pot
*** SUMMARY ***
Total pot $12 | Rake $0.24
Board [5d 6d 7h Qs 4d]
Seat 2: oregordog (big blind) collected ($11.76)
Seat 6: anetkaapro (button) (small blind) folded on the River


PokerStars Hand #157132664632:  Hold'em Limit ($3/$6 USD) - 2016/08/11 4:34:37 ET
Table 'Octans' 6-max Seat #2 is the button
Seat 2: oregordog ($93.51 in chips)
Seat 6: anetkaapro ($140.74 in chips)
oregordog: posts small blind $1
anetkaapro: posts big blind $3
*** HOLE CARDS ***
oregordog: folds
Uncalled bet ($2) returned to anetkaapro
anetkaapro collected $2 from pot
anetkaapro: doesn't show hand
*** SUMMARY ***
Total pot $2 | Rake $0
Seat 2: oregordog (button) (small blind) folded before Flop
Seat 6: anetkaapro (big blind) collected ($2)


PokerStars Hand #157132656059:  Hold'em Limit ($3/$6 USD) - 2016/08/11 4:34:10 ET
Table 'Octans' 6-max Seat #2 is the button
Seat 2: oregordog ($102.51 in chips)
Seat 6: anetkaapro ($132.22 in chips)
oregordog: posts small blind $1
anetkaapro: posts big blind $3
*** HOLE CARDS ***
oregordog: raises $3 to $6
anetkaapro: folds
Uncalled bet ($3) returned to oregordog
oregordog collected $6 from pot
*** SUMMARY ***
Total pot $6 | Rake $0
Seat 2: oregordog (button) (small blind) collected ($6)
Seat 6: anetkaapro (big blind) folded before Flop


PokerStars Hand #157132675266:  Hold'em Limit ($3/$6 USD) - 2016/08/11 4:35:12 ET
Table 'Octans' 6-max Seat #2 is the button
Seat 2: oregordog ($68.51 in chips)
Seat 6: anetkaapro ($165.24 in chips)
oregordog: posts small blind $1
anetkaapro: posts big blind $3
*** HOLE CARDS ***
oregordog: folds
Uncalled bet ($2) returned to anetkaapro
anetkaapro collected $2 from pot
anetkaapro: doesn't show hand
*** SUMMARY ***
Total pot $2 | Rake $0
Seat 2: oregordog (button) (small blind) folded before Flop
Seat 6: anetkaapro (big blind) collected ($2)


PokerStars Hand #157132666619:  Hold'em Limit ($3/$6 USD) - 2016/08/11 4:34:44 ET
Table 'Octans' 6-max Seat #6 is the button
Seat 2: oregordog ($92.51 in chips)
Seat 6: anetkaapro ($141.74 in chips)
anetkaapro: posts small blind $1
oregordog: posts big blind $3
*** HOLE CARDS ***
anetkaapro: raises $3 to $6
oregordog: calls $3
*** FLOP *** [9s 9h Qc]
oregordog: checks
anetkaapro: bets $3
oregordog: raises $3 to $6
anetkaapro: calls $3
*** TURN *** [9s 9h Qc] [Ah]
oregordog: checks
anetkaapro: bets $6
oregordog: calls $6
*** RIVER *** [9s 9h Qc Ah] [8s]
oregordog: checks
anetkaapro: bets $6
oregordog: calls $6
*** SHOW DOWN ***
anetkaapro: shows [9d 3d] (three of a kind, Nines)
oregordog: mucks hand
anetkaapro collected $47.50 from pot
*** SUMMARY ***
Total pot $48 | Rake $0.50
Board [9s 9h Qc Ah 8s]
Seat 2: oregordog (big blind) mucked
Seat 6: anetkaapro (button) (small blind) showed [9d 3d] and won ($47.50) with three of a kind, Nines


PokerStars Hand #157132678333:  Hold'em Limit ($3/$6 USD) - 2016/08/11 4:35:21 ET
Table 'Octans' 6-max Seat #6 is the button
Seat 2: oregordog ($67.51 in chips)
Seat 6: anetkaapro ($166.24 in chips)
anetkaapro: posts small blind $1
oregordog: posts big blind $3
*** HOLE CARDS ***
anetkaapro: raises $3 to $6
oregordog: raises $3 to $9
anetkaapro: calls $3
*** FLOP *** [Ts 3h Ks]
oregordog: bets $3
anetkaapro: calls $3
*** TURN *** [Ts 3h Ks] [Td]
oregordog: bets $6
anetkaapro: calls $6
*** RIVER *** [Ts 3h Ks Td] [7d]
oregordog: checks
anetkaapro: bets $6
oregordog: calls $6
*** SHOW DOWN ***
anetkaapro: shows [3s As] (two pair, Tens and Threes)
oregordog: mucks hand
anetkaapro collected $47.50 from pot
*** SUMMARY ***
Total pot $48 | Rake $0.50
Board [Ts 3h Ks Td 7d]
Seat 2: oregordog (big blind) mucked
Seat 6: anetkaapro (button) (small blind) showed [3s As] and won ($47.50) with two pair, Tens and Threes


