PokerStars Hand #167469681559:  Hold'em Limit ($3/$6 USD) - 2017/03/12 5:39:29 ET
Table 'Octans' 6-max Seat #1 is the button
Seat 1: KUZNEC111 ($92.85 in chips)
Seat 2: Ale4o ($88 in chips)
KUZNEC111: posts small blind $1
Ale4o: posts big blind $3
*** HOLE CARDS ***
KUZNEC111: calls $2
Ale4o: raises $3 to $6
KUZNEC111: calls $3
*** FLOP *** [2s Ks 4h]
Ale4o: bets $3
KUZNEC111: folds
Uncalled bet ($3) returned to Ale4o
Ale4o collected $11.76 from pot
Ale4o: doesn't show hand
*** SUMMARY ***
Total pot $12 | Rake $0.24
Board [2s Ks 4h]
Seat 1: KUZNEC111 (button) (small blind) folded on the Flop
Seat 2: Ale4o (big blind) collected ($11.76)


PokerStars Hand #167469674475:  Hold'em Limit ($3/$6 USD) - 2017/03/12 5:39:12 ET
Table 'Octans' 6-max Seat #2 is the button
Seat 1: KUZNEC111 ($60.35 in chips)
Seat 2: Ale4o ($121 in chips)
Ale4o: posts small blind $1
KUZNEC111: posts big blind $3
*** HOLE CARDS ***
Ale4o: raises $3 to $6
KUZNEC111: calls $3
*** FLOP *** [Th 9s 3s]
KUZNEC111: bets $3
Ale4o: calls $3
*** TURN *** [Th 9s 3s] [Ac]
KUZNEC111: bets $6
Ale4o: raises $6 to $12
KUZNEC111: raises $6 to $18
Ale4o: calls $6
*** RIVER *** [Th 9s 3s Ac] [4c]
KUZNEC111: bets $6
Ale4o: calls $6
*** SHOW DOWN ***
KUZNEC111: shows [3c Tc] (two pair, Tens and Threes)
Ale4o: mucks hand
KUZNEC111 collected $65.50 from pot
*** SUMMARY ***
Total pot $66 | Rake $0.50
Board [Th 9s 3s Ac 4c]
Seat 1: KUZNEC111 (big blind) showed [3c Tc] and won ($65.50) with two pair, Tens and Threes
Seat 2: Ale4o (button) (small blind) mucked


PokerStars Hand #167469672186:  Hold'em Limit ($3/$6 USD) - 2017/03/12 5:39:06 ET
Table 'Octans' 6-max Seat #1 is the button
Seat 1: KUZNEC111 ($61.35 in chips)
Seat 2: Ale4o ($120 in chips)
KUZNEC111: posts small blind $1
Ale4o: posts big blind $3
*** HOLE CARDS ***
KUZNEC111: folds
Uncalled bet ($2) returned to Ale4o
Ale4o collected $2 from pot
Ale4o: doesn't show hand
*** SUMMARY ***
Total pot $2 | Rake $0
Seat 1: KUZNEC111 (button) (small blind) folded before Flop
Seat 2: Ale4o (big blind) collected ($2)


PokerStars Hand #167469690406:  Hold'em Limit ($3/$6 USD) - 2017/03/12 5:39:51 ET
Table 'Octans' 6-max Seat #1 is the button
Seat 1: KUZNEC111 ($87.85 in chips)
Seat 2: Ale4o ($92.76 in chips)
KUZNEC111: posts small blind $1
Ale4o: posts big blind $3
*** HOLE CARDS ***
KUZNEC111: calls $2
Ale4o: checks
*** FLOP *** [8d 2s Js]
Ale4o: checks
KUZNEC111: checks
*** TURN *** [8d 2s Js] [9s]
Ale4o: bets $6
KUZNEC111: folds
Uncalled bet ($6) returned to Ale4o
Ale4o collected $5.88 from pot
Ale4o: doesn't show hand
*** SUMMARY ***
Total pot $6 | Rake $0.12
Board [8d 2s Js 9s]
Seat 1: KUZNEC111 (button) (small blind) folded on the Turn
Seat 2: Ale4o (big blind) collected ($5.88)


PokerStars Hand #167469697993:  Hold'em Limit ($3/$6 USD) - 2017/03/12 5:40:09 ET
Table 'Octans' 6-max Seat #2 is the button
Seat 1: KUZNEC111 ($84.85 in chips)
Seat 2: Ale4o ($95.64 in chips)
Ale4o: posts small blind $1
KUZNEC111: posts big blind $3
*** HOLE CARDS ***
Ale4o: raises $3 to $6
KUZNEC111: calls $3
*** FLOP *** [Kc 6c Qh]
KUZNEC111: bets $3
Ale4o: calls $3
*** TURN *** [Kc 6c Qh] [3h]
KUZNEC111: bets $6
Ale4o: calls $6
*** RIVER *** [Kc 6c Qh 3h] [4c]
KUZNEC111: checks
Ale4o: checks
*** SHOW DOWN ***
KUZNEC111: shows [8h 9h] (high card King)
Ale4o: shows [Td 6d] (a pair of Sixes)
Ale4o collected $29.50 from pot
*** SUMMARY ***
Total pot $30 | Rake $0.50
Board [Kc 6c Qh 3h 4c]
Seat 1: KUZNEC111 (big blind) showed [8h 9h] and lost with high card King
Seat 2: Ale4o (button) (small blind) showed [Td 6d] and won ($29.50) with a pair of Sixes


PokerStars Hand #167469705965:  Hold'em Limit ($3/$6 USD) - 2017/03/12 5:40:29 ET
Table 'Octans' 6-max Seat #1 is the button
Seat 1: KUZNEC111 ($69.85 in chips)
Seat 2: Ale4o ($110.14 in chips)
KUZNEC111: posts small blind $1
Ale4o: posts big blind $3
*** HOLE CARDS ***
KUZNEC111: calls $2
Ale4o: raises $3 to $6
KUZNEC111: calls $3
*** FLOP *** [8h 4s 8s]
Ale4o: bets $3
KUZNEC111: calls $3
*** TURN *** [8h 4s 8s] [6h]
Ale4o: bets $6
KUZNEC111: calls $6
*** RIVER *** [8h 4s 8s 6h] [3d]
Ale4o: bets $6
KUZNEC111: folds
Uncalled bet ($6) returned to Ale4o
Ale4o collected $29.50 from pot
Ale4o: doesn't show hand
*** SUMMARY ***
Total pot $30 | Rake $0.50
Board [8h 4s 8s 6h 3d]
Seat 1: KUZNEC111 (button) (small blind) folded on the River
Seat 2: Ale4o (big blind) collected ($29.50)


PokerStars Hand #167469688639:  Hold'em Limit ($3/$6 USD) - 2017/03/12 5:39:47 ET
Table 'Octans' 6-max Seat #2 is the button
Seat 1: KUZNEC111 ($86.85 in chips)
Seat 2: Ale4o ($93.76 in chips)
Ale4o: posts small blind $1
KUZNEC111: posts big blind $3
*** HOLE CARDS ***
Ale4o: folds
Uncalled bet ($2) returned to KUZNEC111
KUZNEC111 collected $2 from pot
KUZNEC111: doesn't show hand
*** SUMMARY ***
Total pot $2 | Rake $0
Seat 1: KUZNEC111 (big blind) collected ($2)
Seat 2: Ale4o (button) (small blind) folded before Flop


PokerStars Hand #167469724295:  Hold'em Limit ($3/$6 USD) - 2017/03/12 5:41:14 ET
Table 'Octans' 6-max Seat #2 is the button
Seat 1: KUZNEC111 ($36.85 in chips)
Seat 2: Ale4o ($142.14 in chips)
Ale4o: posts small blind $1
KUZNEC111: posts big blind $3
*** HOLE CARDS ***
Ale4o: raises $3 to $6
KUZNEC111: calls $3
*** FLOP *** [Ah 8d 9s]
KUZNEC111: checks
Ale4o: bets $3
KUZNEC111: folds
Uncalled bet ($3) returned to Ale4o
Ale4o collected $11.76 from pot
Ale4o: doesn't show hand
*** SUMMARY ***
Total pot $12 | Rake $0.24
Board [Ah 8d 9s]
Seat 1: KUZNEC111 (big blind) folded on the Flop
Seat 2: Ale4o (button) (small blind) collected ($11.76)


PokerStars Hand #167469721305:  Hold'em Limit ($3/$6 USD) - 2017/03/12 5:41:07 ET
Table 'Octans' 6-max Seat #1 is the button
Seat 1: KUZNEC111 ($33.85 in chips)
Seat 2: Ale4o ($145.14 in chips)
KUZNEC111: posts small blind $1
Ale4o: posts big blind $3
*** HOLE CARDS ***
KUZNEC111: raises $3 to $6
Ale4o: folds
Uncalled bet ($3) returned to KUZNEC111
KUZNEC111 collected $6 from pot
KUZNEC111: doesn't show hand
*** SUMMARY ***
Total pot $6 | Rake $0
Seat 1: KUZNEC111 (button) (small blind) collected ($6)
Seat 2: Ale4o (big blind) folded before Flop


PokerStars Hand #167469729102:  Hold'em Limit ($3/$6 USD) - 2017/03/12 5:41:26 ET
Table 'Octans' 6-max Seat #1 is the button
Seat 1: KUZNEC111 ($30.85 in chips)
Seat 2: Ale4o ($147.90 in chips)
KUZNEC111: posts small blind $1
Ale4o: posts big blind $3
*** HOLE CARDS ***
KUZNEC111: folds
Uncalled bet ($2) returned to Ale4o
Ale4o collected $2 from pot
Ale4o: doesn't show hand
*** SUMMARY ***
Total pot $2 | Rake $0
Seat 1: KUZNEC111 (button) (small blind) folded before Flop
Seat 2: Ale4o (big blind) collected ($2)


PokerStars Hand #167469712539:  Hold'em Limit ($3/$6 USD) - 2017/03/12 5:40:45 ET
Table 'Octans' 6-max Seat #2 is the button
Seat 1: KUZNEC111 ($54.85 in chips)
Seat 2: Ale4o ($124.64 in chips)
Ale4o: posts small blind $1
KUZNEC111: posts big blind $3
*** HOLE CARDS ***
Ale4o: raises $3 to $6
KUZNEC111: calls $3
*** FLOP *** [2h 2c 7s]
KUZNEC111: checks
Ale4o: bets $3
KUZNEC111: calls $3
*** TURN *** [2h 2c 7s] [4d]
KUZNEC111: checks
Ale4o: bets $6
KUZNEC111: calls $6
*** RIVER *** [2h 2c 7s 4d] [Qs]
KUZNEC111: checks
Ale4o: bets $6
KUZNEC111: calls $6
*** SHOW DOWN ***
Ale4o: shows [6h Qc] (two pair, Queens and Deuces)
KUZNEC111: mucks hand
Ale4o collected $41.50 from pot
*** SUMMARY ***
Total pot $42 | Rake $0.50
Board [2h 2c 7s 4d Qs]
Seat 1: KUZNEC111 (big blind) mucked
Seat 2: Ale4o (button) (small blind) showed [6h Qc] and won ($41.50) with two pair, Queens and Deuces


PokerStars Hand #167469731261:  Hold'em Limit ($3/$6 USD) - 2017/03/12 5:41:31 ET
Table 'Octans' 6-max Seat #2 is the button
Seat 1: KUZNEC111 ($29.85 in chips)
Seat 2: Ale4o ($148.90 in chips)
Ale4o: posts small blind $1
KUZNEC111: posts big blind $3
*** HOLE CARDS ***
Ale4o: raises $3 to $6
KUZNEC111: raises $3 to $9
Ale4o: calls $3
*** FLOP *** [5h 6h 2c]
KUZNEC111: bets $3
Ale4o: calls $3
*** TURN *** [5h 6h 2c] [4s]
KUZNEC111: bets $6
Ale4o: raises $6 to $12
KUZNEC111: raises $5.85 to $17.85 and is all-in
Ale4o: calls $5.85
*** RIVER *** [5h 6h 2c 4s] [2d]
*** SHOW DOWN ***
KUZNEC111: shows [8h 8c] (two pair, Eights and Deuces)
Ale4o: shows [Qc 4h] (two pair, Fours and Deuces)
KUZNEC111 collected $59.20 from pot
*** SUMMARY ***
Total pot $59.70 | Rake $0.50
Board [5h 6h 2c 4s 2d]
Seat 1: KUZNEC111 (big blind) showed [8h 8c] and won ($59.20) with two pair, Eights and Deuces
Seat 2: Ale4o (button) (small blind) showed [Qc 4h] and lost with two pair, Fours and Deuces


PokerStars Hand #167469743693:  Hold'em Limit ($3/$6 USD) - 2017/03/12 5:42:02 ET
Table 'Octans' 6-max Seat #2 is the button
Seat 1: KUZNEC111 ($64.96 in chips)
Seat 2: Ale4o ($113.05 in chips)
Ale4o: posts small blind $1
KUZNEC111: posts big blind $3
*** HOLE CARDS ***
Ale4o: raises $3 to $6
KUZNEC111: calls $3
*** FLOP *** [6s Ad 7h]
KUZNEC111: bets $3
Ale4o: calls $3
*** TURN *** [6s Ad 7h] [Qd]
KUZNEC111: checks
Ale4o: bets $6
KUZNEC111: calls $6
*** RIVER *** [6s Ad 7h Qd] [6d]
KUZNEC111: bets $6
Ale4o: calls $6
*** SHOW DOWN ***
KUZNEC111: shows [7s 7c] (a full house, Sevens full of Sixes)
Ale4o: mucks hand
KUZNEC111 collected $41.50 from pot
*** SUMMARY ***
Total pot $42 | Rake $0.50
Board [6s Ad 7h Qd 6d]
Seat 1: KUZNEC111 (big blind) showed [7s 7c] and won ($41.50) with a full house, Sevens full of Sixes
Seat 2: Ale4o (button) (small blind) mucked


PokerStars Hand #167469739774:  Hold'em Limit ($3/$6 USD) - 2017/03/12 5:41:52 ET
Table 'Octans' 6-max Seat #1 is the button
Seat 1: KUZNEC111 ($59.20 in chips)
Seat 2: Ale4o ($119.05 in chips)
KUZNEC111: posts small blind $1
Ale4o: posts big blind $3
*** HOLE CARDS ***
KUZNEC111: raises $3 to $6
Ale4o: calls $3
*** FLOP *** [8s Ad 6d]
Ale4o: checks
KUZNEC111: bets $3
Ale4o: folds
Uncalled bet ($3) returned to KUZNEC111
KUZNEC111 collected $11.76 from pot
KUZNEC111: doesn't show hand
*** SUMMARY ***
Total pot $12 | Rake $0.24
Board [8s Ad 6d]
Seat 1: KUZNEC111 (button) (small blind) collected ($11.76)
Seat 2: Ale4o (big blind) folded on the Flop


PokerStars Hand #167469752696:  Hold'em Limit ($3/$6 USD) - 2017/03/12 5:42:24 ET
Table 'Octans' 6-max Seat #1 is the button
Seat 1: KUZNEC111 ($85.46 in chips)
Seat 2: Ale4o ($92.05 in chips)
KUZNEC111: posts small blind $1
Ale4o: posts big blind $3
*** HOLE CARDS ***
KUZNEC111: raises $3 to $6
Ale4o: calls $3
*** FLOP *** [9c 4s 5d]
Ale4o: checks
KUZNEC111: bets $3
Ale4o: calls $3
*** TURN *** [9c 4s 5d] [Td]
Ale4o: checks
KUZNEC111: bets $6
Ale4o: folds
Uncalled bet ($6) returned to KUZNEC111
KUZNEC111 collected $17.64 from pot
KUZNEC111: doesn't show hand
*** SUMMARY ***
Total pot $18 | Rake $0.36
Board [9c 4s 5d Td]
Seat 1: KUZNEC111 (button) (small blind) collected ($17.64)
Seat 2: Ale4o (big blind) folded on the Turn


PokerStars Hand #167469772682:  Hold'em Limit ($3/$6 USD) - 2017/03/12 5:43:13 ET
Table 'Octans' 6-max Seat #2 is the button
Seat 1: KUZNEC111 ($60.10 in chips)
Seat 2: Ale4o ($116.55 in chips)
Ale4o: posts small blind $1
KUZNEC111: posts big blind $3
*** HOLE CARDS ***
Ale4o: raises $3 to $6
KUZNEC111: raises $3 to $9
Ale4o: calls $3
*** FLOP *** [Kd Ks 6h]
KUZNEC111: bets $3
Ale4o: calls $3
*** TURN *** [Kd Ks 6h] [Js]
KUZNEC111: bets $6
Ale4o: calls $6
*** RIVER *** [Kd Ks 6h Js] [Jd]
KUZNEC111: bets $6
Ale4o: calls $6
*** SHOW DOWN ***
KUZNEC111: shows [Ac Qh] (two pair, Kings and Jacks)
Ale4o: mucks hand
KUZNEC111 collected $47.50 from pot
*** SUMMARY ***
Total pot $48 | Rake $0.50
Board [Kd Ks 6h Js Jd]
Seat 1: KUZNEC111 (big blind) showed [Ac Qh] and won ($47.50) with two pair, Kings and Jacks
Seat 2: Ale4o (button) (small blind) mucked


PokerStars Hand #167469759424:  Hold'em Limit ($3/$6 USD) - 2017/03/12 5:42:41 ET
Table 'Octans' 6-max Seat #2 is the button
Seat 1: KUZNEC111 ($94.10 in chips)
Seat 2: Ale4o ($83.05 in chips)
Ale4o: posts small blind $1
KUZNEC111: posts big blind $3
*** HOLE CARDS ***
Ale4o: raises $3 to $6
KUZNEC111: calls $3
*** FLOP *** [8s 2s 2h]
KUZNEC111: checks
Ale4o: bets $3
KUZNEC111: calls $3
*** TURN *** [8s 2s 2h] [Qs]
KUZNEC111: checks
Ale4o: bets $6
KUZNEC111: raises $6 to $12
Ale4o: raises $6 to $18
KUZNEC111: calls $6
*** RIVER *** [8s 2s 2h Qs] [3h]
KUZNEC111: checks
Ale4o: bets $6
KUZNEC111: calls $6
*** SHOW DOWN ***
Ale4o: shows [9s Js] (a flush, Queen high)
KUZNEC111: mucks hand
Ale4o collected $65.50 from pot
*** SUMMARY ***
Total pot $66 | Rake $0.50
Board [8s 2s 2h Qs 3h]
Seat 1: KUZNEC111 (big blind) mucked
Seat 2: Ale4o (button) (small blind) showed [9s Js] and won ($65.50) with a flush, Queen high


PokerStars Hand #167469769702:  Hold'em Limit ($3/$6 USD) - 2017/03/12 5:43:06 ET
Table 'Octans' 6-max Seat #1 is the button
Seat 1: KUZNEC111 ($61.10 in chips)
Seat 2: Ale4o ($115.55 in chips)
KUZNEC111: posts small blind $1
Ale4o: posts big blind $3
*** HOLE CARDS ***
KUZNEC111: folds
Uncalled bet ($2) returned to Ale4o
Ale4o collected $2 from pot
Ale4o: doesn't show hand
*** SUMMARY ***
Total pot $2 | Rake $0
Seat 1: KUZNEC111 (button) (small blind) folded before Flop
Seat 2: Ale4o (big blind) collected ($2)


PokerStars Hand #167469782351:  Hold'em Limit ($3/$6 USD) - 2017/03/12 5:43:37 ET
Table 'Octans' 6-max Seat #1 is the button
Seat 1: KUZNEC111 ($83.60 in chips)
Seat 2: Ale4o ($92.55 in chips)
KUZNEC111: posts small blind $1
Ale4o: posts big blind $3
*** HOLE CARDS ***
KUZNEC111: calls $2
Ale4o: raises $3 to $6
KUZNEC111: calls $3
*** FLOP *** [8c 9h 9s]
Ale4o: bets $3
KUZNEC111: calls $3
*** TURN *** [8c 9h 9s] [4h]
Ale4o: bets $6
KUZNEC111: calls $6
*** RIVER *** [8c 9h 9s 4h] [7s]
Vincenzo Vs joins the table at seat #6
Ale4o: bets $6
KUZNEC111: raises $6 to $12
Ale4o: raises $6 to $18
KUZNEC111: raises $6 to $24
Betting is capped
Ale4o: calls $6
*** SHOW DOWN ***
KUZNEC111: shows [6c 5c] (a straight, Five to Nine)
Ale4o: shows [6d Td] (a straight, Six to Ten)
Ale4o collected $77.50 from pot
*** SUMMARY ***
Total pot $78 | Rake $0.50
Board [8c 9h 9s 4h 7s]
Seat 1: KUZNEC111 (button) (small blind) showed [6c 5c] and lost with a straight, Five to Nine
Seat 2: Ale4o (big blind) showed [6d Td] and won ($77.50) with a straight, Six to Ten


PokerStars Hand #167471541297:  Hold'em Limit ($3/$6 USD) - 2017/03/12 6:50:42 ET
Table 'Octans' 6-max Seat #3 is the button
Seat 1: Apanage ($114.93 in chips)
Seat 3: mixidix ($229.02 in chips)
mixidix: posts small blind $1
Fabulous108: is sitting out
Apanage: posts big blind $3
*** HOLE CARDS ***
Fabulous108 leaves the table
mixidix: folds
Uncalled bet ($2) returned to Apanage
Apanage collected $2 from pot
Ale4o joins the table at seat #4
Apanage: doesn't show hand
*** SUMMARY ***
Total pot $2 | Rake $0
Seat 1: Apanage (big blind) collected ($2)
Seat 3: mixidix (button) (small blind) folded before Flop


PokerStars Hand #167471544525:  Hold'em Limit ($3/$6 USD) - 2017/03/12 6:50:49 ET
Table 'Octans' 6-max Seat #1 is the button
Seat 1: Apanage ($115.93 in chips)
Seat 3: mixidix ($228.02 in chips)
Apanage: posts small blind $1
mixidix: posts big blind $3
*** HOLE CARDS ***
Apanage: raises $3 to $6
mixidix: calls $3
*** FLOP *** [5d 6d 6c]
Vincenzo Vs leaves the table
mixidix: checks
Apanage: bets $3
mixidix: folds
Uncalled bet ($3) returned to Apanage
Apanage collected $11.76 from pot
Apanage: doesn't show hand
*** SUMMARY ***
Total pot $12 | Rake $0.24
Board [5d 6d 6c]
Seat 1: Apanage (button) (small blind) collected ($11.76)
Seat 3: mixidix (big blind) folded on the Flop


PokerStars Hand #167472309325:  Hold'em Limit ($3/$6 USD) - 2017/03/12 7:18:06 ET
Table 'Octans' 6-max Seat #3 is the button
Seat 3: mixidix ($269.98 in chips)
Seat 4: Ale4o ($161.62 in chips)
mixidix: posts small blind $1
Ale4o: posts big blind $3
*** HOLE CARDS ***
mixidix: folds
Uncalled bet ($2) returned to Ale4o
Ale4o collected $2 from pot
Ale4o: doesn't show hand
*** SUMMARY ***
Total pot $2 | Rake $0
Seat 3: mixidix (button) (small blind) folded before Flop
Seat 4: Ale4o (big blind) collected ($2)


PokerStars Hand #167472312023:  Hold'em Limit ($3/$6 USD) - 2017/03/12 7:18:12 ET
Table 'Octans' 6-max Seat #4 is the button
Seat 3: mixidix ($268.98 in chips)
Seat 4: Ale4o ($162.62 in chips)
Ale4o: posts small blind $1
mixidix: posts big blind $3
*** HOLE CARDS ***
Ale4o: raises $3 to $6
mixidix: calls $3
*** FLOP *** [7s 3d 9d]
mixidix: checks
emiwarg leaves the table
Ale4o: checks
*** TURN *** [7s 3d 9d] [8h]
mixidix: bets $6
Ale4o: folds
Uncalled bet ($6) returned to mixidix
mixidix collected $11.76 from pot
mixidix: doesn't show hand
*** SUMMARY ***
Total pot $12 | Rake $0.24
Board [7s 3d 9d 8h]
Seat 3: mixidix (big blind) collected ($11.76)
Seat 4: Ale4o (button) (small blind) folded on the Turn


PokerStars Hand #167472303648:  Hold'em Limit ($3/$6 USD) - 2017/03/12 7:17:55 ET
Table 'Octans' 6-max Seat #4 is the button
Seat 3: mixidix ($275.98 in chips)
Seat 4: Ale4o ($155.86 in chips)
Ale4o: posts small blind $1
emiwarg: is sitting out
Apanage: is sitting out
mixidix: posts big blind $3
*** HOLE CARDS ***
Ale4o: raises $3 to $6
mixidix: calls $3
*** FLOP *** [2s Ac 2d]
mixidix: checks
Ale4o: bets $3
mixidix: folds
Uncalled bet ($3) returned to Ale4o
Ale4o collected $11.76 from pot
Ale4o: doesn't show hand
*** SUMMARY ***
Total pot $12 | Rake $0.24
Board [2s Ac 2d]
Seat 3: mixidix (big blind) folded on the Flop
Seat 4: Ale4o (button) (small blind) collected ($11.76)


PokerStars Hand #167472351866:  Hold'em Limit ($3/$6 USD) - 2017/03/12 7:19:33 ET
Table 'Octans' 6-max Seat #3 is the button
Seat 3: mixidix ($289.74 in chips)
Seat 4: Ale4o ($140.12 in chips)
mixidix: posts small blind $1
Ale4o: posts big blind $3
*** HOLE CARDS ***
mixidix: folds
Uncalled bet ($2) returned to Ale4o
Ale4o collected $2 from pot
Ale4o: doesn't show hand
*** SUMMARY ***
Total pot $2 | Rake $0
Seat 3: mixidix (button) (small blind) folded before Flop
Seat 4: Ale4o (big blind) collected ($2)


PokerStars Hand #167472349773:  Hold'em Limit ($3/$6 USD) - 2017/03/12 7:19:28 ET
Table 'Octans' 6-max Seat #4 is the button
Seat 3: mixidix ($288.74 in chips)
Seat 4: Ale4o ($141.12 in chips)
Ale4o: posts small blind $1
mixidix: posts big blind $3
*** HOLE CARDS ***
Ale4o: folds
Uncalled bet ($2) returned to mixidix
mixidix collected $2 from pot
mixidix: doesn't show hand
*** SUMMARY ***
Total pot $2 | Rake $0
Seat 3: mixidix (big blind) collected ($2)
Seat 4: Ale4o (button) (small blind) folded before Flop


PokerStars Hand #167472317974:  Hold'em Limit ($3/$6 USD) - 2017/03/12 7:18:24 ET
Table 'Octans' 6-max Seat #3 is the button
Seat 3: mixidix ($274.74 in chips)
Seat 4: Ale4o ($156.62 in chips)
mixidix: posts small blind $1
Ale4o: posts big blind $3
*** HOLE CARDS ***
mixidix: raises $3 to $6
Ale4o: calls $3
*** FLOP *** [As Js 9d]
Ale4o: checks
mixidix: bets $3
Ale4o: calls $3
*** TURN *** [As Js 9d] [6s]
Ale4o: checks
mixidix: bets $6
Ale4o: calls $6
*** RIVER *** [As Js 9d 6s] [Ad]
Ale4o: checks
mixidix: bets $6
Ale4o: folds
Uncalled bet ($6) returned to mixidix
mixidix collected $29.50 from pot
mixidix: doesn't show hand
*** SUMMARY ***
Total pot $30 | Rake $0.50
Board [As Js 9d 6s Ad]
Seat 3: mixidix (button) (small blind) collected ($29.50)
Seat 4: Ale4o (big blind) folded on the River


PokerStars Hand #167472333325:  Hold'em Limit ($3/$6 USD) - 2017/03/12 7:18:55 ET
Table 'Octans' 6-max Seat #4 is the button
Seat 3: mixidix ($289.24 in chips)
Seat 4: Ale4o ($141.62 in chips)
Ale4o: posts small blind $1
Devil1955 was removed from the table for failing to post
mixidix: posts big blind $3
*** HOLE CARDS ***
Ale4o: raises $3 to $6
mixidix: calls $3
*** FLOP *** [Ts 4h Tc]
mixidix: checks
Ale4o: bets $3
mixidix: calls $3
*** TURN *** [Ts 4h Tc] [8c]
mixidix: checks
Ale4o: checks
*** RIVER *** [Ts 4h Tc 8c] [9d]
mixidix: bets $6
Ale4o: calls $6
*** SHOW DOWN ***
mixidix: shows [Qh 4d] (two pair, Tens and Fours)
Ale4o: mucks hand
mixidix collected $29.50 from pot
*** SUMMARY ***
Total pot $30 | Rake $0.50
Board [Ts 4h Tc 8c 9d]
Seat 3: mixidix (big blind) showed [Qh 4d] and won ($29.50) with two pair, Tens and Fours
Seat 4: Ale4o (button) (small blind) mucked


PokerStars Hand #167472355291:  Hold'em Limit ($3/$6 USD) - 2017/03/12 7:19:40 ET
Table 'Octans' 6-max Seat #4 is the button
Seat 3: mixidix ($288.74 in chips)
Seat 4: Ale4o ($141.12 in chips)
Ale4o: posts small blind $1
Vincenzo Vs was removed from the table for failing to post
mixidix: posts big blind $3
*** HOLE CARDS ***
Ale4o: folds
Uncalled bet ($2) returned to mixidix
Apanage leaves the table
mixidix collected $2 from pot
mixidix: doesn't show hand
*** SUMMARY ***
Total pot $2 | Rake $0
Seat 3: mixidix (big blind) collected ($2)
Seat 4: Ale4o (button) (small blind) folded before Flop


PokerStars Hand #167472341412:  Hold'em Limit ($3/$6 USD) - 2017/03/12 7:19:12 ET
Table 'Octans' 6-max Seat #3 is the button
Seat 3: mixidix ($303.74 in chips)
Seat 4: Ale4o ($126.62 in chips)
mixidix: posts small blind $1
Ale4o: posts big blind $3
*** HOLE CARDS ***
mixidix: raises $3 to $6
Ale4o: calls $3
*** FLOP *** [Ad 8h Qd]
Ale4o: checks
mixidix: bets $3
Ale4o: calls $3
*** TURN *** [Ad 8h Qd] [6c]
Ale4o: checks
mixidix: bets $6
Ale4o: calls $6
*** RIVER *** [Ad 8h Qd 6c] [Ts]
Ale4o: checks
mixidix: checks
*** SHOW DOWN ***
Ale4o: shows [9d 8c] (a pair of Eights)
mixidix: mucks hand
Ale4o collected $29.50 from pot
*** SUMMARY ***
Total pot $30 | Rake $0.50
Board [Ad 8h Qd 6c Ts]
Seat 3: mixidix (button) (small blind) mucked
Seat 4: Ale4o (big blind) showed [9d 8c] and won ($29.50) with a pair of Eights


PokerStars Hand #167472363138:  Hold'em Limit ($3/$6 USD) - 2017/03/12 7:19:55 ET
Table 'Octans' 6-max Seat #4 is the button
Seat 3: mixidix ($280.74 in chips)
Seat 4: Ale4o ($148.76 in chips)
Ale4o: posts small blind $1
mixidix: posts big blind $3
*** HOLE CARDS ***
Ale4o: raises $3 to $6
mixidix: folds
Uncalled bet ($3) returned to Ale4o
Ale4o collected $6 from pot
Ale4o: doesn't show hand
*** SUMMARY ***
Total pot $6 | Rake $0
Seat 3: mixidix (big blind) folded before Flop
Seat 4: Ale4o (button) (small blind) collected ($6)


PokerStars Hand #167472357464:  Hold'em Limit ($3/$6 USD) - 2017/03/12 7:19:44 ET
Table 'Octans' 6-max Seat #3 is the button
Seat 3: mixidix ($289.74 in chips)
Seat 4: Ale4o ($140.12 in chips)
mixidix: posts small blind $1
Ale4o: posts big blind $3
*** HOLE CARDS ***
mixidix: raises $3 to $6
Ale4o: calls $3
*** FLOP *** [Ah Jd Jc]
Ale4o: checks
mixidix: bets $3
Ale4o: raises $3 to $6
mixidix: folds
Uncalled bet ($3) returned to Ale4o
Ale4o collected $17.64 from pot
Ale4o: doesn't show hand
*** SUMMARY ***
Total pot $18 | Rake $0.36
Board [Ah Jd Jc]
Seat 3: mixidix (button) (small blind) folded on the Flop
Seat 4: Ale4o (big blind) collected ($17.64)


PokerStars Hand #167472376983:  Hold'em Limit ($3/$6 USD) - 2017/03/12 7:20:23 ET
Table 'Octans' 6-max Seat #4 is the button
Seat 3: mixidix ($253.74 in chips)
Seat 4: Ale4o ($175.26 in chips)
Ale4o: posts small blind $1
mixidix: posts big blind $3
*** HOLE CARDS ***
Ale4o: raises $3 to $6
mixidix: calls $3
*** FLOP *** [Kd Qs 2s]
mixidix: checks
Ale4o: bets $3
mixidix: calls $3
*** TURN *** [Kd Qs 2s] [Jh]
mixidix: checks
Ale4o: checks
*** RIVER *** [Kd Qs 2s Jh] [8h]
mixidix: checks
Ale4o: checks
*** SHOW DOWN ***
mixidix: shows [7d Ad] (high card Ace)
Ale4o: shows [Jc 9s] (a pair of Jacks)
Ale4o collected $17.64 from pot
*** SUMMARY ***
Total pot $18 | Rake $0.36
Board [Kd Qs 2s Jh 8h]
Seat 3: mixidix (big blind) showed [7d Ad] and lost with high card Ace
Seat 4: Ale4o (button) (small blind) showed [Jc 9s] and won ($17.64) with a pair of Jacks


PokerStars Hand #167472366310:  Hold'em Limit ($3/$6 USD) - 2017/03/12 7:20:02 ET
Table 'Octans' 6-max Seat #3 is the button
Seat 3: mixidix ($277.74 in chips)
Seat 4: Ale4o ($151.76 in chips)
mixidix: posts small blind $1
Ale4o: posts big blind $3
*** HOLE CARDS ***
mixidix: raises $3 to $6
Ale4o: calls $3
*** FLOP *** [Tc 4c 5s]
Ale4o: checks
mixidix: bets $3
Ale4o: raises $3 to $6
mixidix: calls $3
*** TURN *** [Tc 4c 5s] [Ah]
Ale4o: checks
mixidix: bets $6
Ale4o: calls $6
*** RIVER *** [Tc 4c 5s Ah] [5c]
Ale4o: checks
mixidix: bets $6
Ale4o: calls $6
*** SHOW DOWN ***
mixidix: shows [Ks Qh] (a pair of Fives)
Ale4o: shows [3s Ad] (two pair, Aces and Fives)
Ale4o collected $47.50 from pot
*** SUMMARY ***
Total pot $48 | Rake $0.50
Board [Tc 4c 5s Ah 5c]
Seat 3: mixidix (button) (small blind) showed [Ks Qh] and lost with a pair of Fives
Seat 4: Ale4o (big blind) showed [3s Ad] and won ($47.50) with two pair, Aces and Fives


PokerStars Hand #167472386356:  Hold'em Limit ($3/$6 USD) - 2017/03/12 7:20:43 ET
Table 'Octans' 6-max Seat #3 is the button
Seat 3: mixidix ($244.74 in chips)
Seat 4: Ale4o ($183.90 in chips)
mixidix: posts small blind $1
Ale4o: posts big blind $3
*** HOLE CARDS ***
mixidix: raises $3 to $6
Ale4o: calls $3
*** FLOP *** [Kh 8d 3c]
Ale4o: checks
mixidix: bets $3
Ale4o: raises $3 to $6
mixidix: folds
Uncalled bet ($3) returned to Ale4o
Ale4o collected $17.64 from pot
Ale4o: doesn't show hand
*** SUMMARY ***
Total pot $18 | Rake $0.36
Board [Kh 8d 3c]
Seat 3: mixidix (button) (small blind) folded on the Flop
Seat 4: Ale4o (big blind) collected ($17.64)


PokerStars Hand #167472391416:  Hold'em Limit ($3/$6 USD) - 2017/03/12 7:20:53 ET
Table 'Octans' 6-max Seat #4 is the button
Seat 3: mixidix ($235.74 in chips)
Seat 4: Ale4o ($192.54 in chips)
Ale4o: posts small blind $1
mixidix: posts big blind $3
*** HOLE CARDS ***
Ale4o: raises $3 to $6
mixidix: calls $3
*** FLOP *** [Kh 4c 4s]
mixidix: checks
Ale4o: checks
*** TURN *** [Kh 4c 4s] [Jh]
mixidix: bets $6
Ale4o: calls $6
*** RIVER *** [Kh 4c 4s Jh] [6c]
mixidix: bets $6
Ale4o: calls $6
*** SHOW DOWN ***
mixidix: shows [4d 6s] (a full house, Fours full of Sixes)
Ale4o: mucks hand
mixidix collected $35.50 from pot
*** SUMMARY ***
Total pot $36 | Rake $0.50
Board [Kh 4c 4s Jh 6c]
Seat 3: mixidix (big blind) showed [4d 6s] and won ($35.50) with a full house, Fours full of Sixes
Seat 4: Ale4o (button) (small blind) mucked


PokerStars Hand #167472413058:  Hold'em Limit ($3/$6 USD) - 2017/03/12 7:21:36 ET
Table 'Octans' 6-max Seat #3 is the button
Seat 3: mixidix ($238.24 in chips)
Seat 4: Ale4o ($188.94 in chips)
mixidix: posts small blind $1
Ale4o: posts big blind $3
*** HOLE CARDS ***
mixidix: raises $3 to $6
Ale4o: calls $3
*** FLOP *** [3c Kc Jh]
Ale4o: checks
mixidix: bets $3
Ale4o: raises $3 to $6
mixidix: calls $3
*** TURN *** [3c Kc Jh] [8h]
Ale4o: bets $6
mixidix: calls $6
*** RIVER *** [3c Kc Jh 8h] [2c]
Ale4o: bets $6
mixidix: calls $6
*** SHOW DOWN ***
Ale4o: shows [Jc 8s] (two pair, Jacks and Eights)
mixidix: mucks hand
Ale4o collected $47.50 from pot
*** SUMMARY ***
Total pot $48 | Rake $0.50
Board [3c Kc Jh 8h 2c]
Seat 3: mixidix (button) (small blind) mucked
Seat 4: Ale4o (big blind) showed [Jc 8s] and won ($47.50) with two pair, Jacks and Eights


PokerStars Hand #167472407953:  Hold'em Limit ($3/$6 USD) - 2017/03/12 7:21:26 ET
Table 'Octans' 6-max Seat #4 is the button
Seat 3: mixidix ($244.24 in chips)
Seat 4: Ale4o ($183.18 in chips)
Ale4o: posts small blind $1
mixidix: posts big blind $3
*** HOLE CARDS ***
Ale4o: raises $3 to $6
mixidix: calls $3
*** FLOP *** [8c Ac Jh]
mixidix: checks
Ale4o: bets $3
mixidix: folds
Uncalled bet ($3) returned to Ale4o
Ale4o collected $11.76 from pot
Ale4o: doesn't show hand
*** SUMMARY ***
Total pot $12 | Rake $0.24
Board [8c Ac Jh]
Seat 3: mixidix (big blind) folded on the Flop
Seat 4: Ale4o (button) (small blind) collected ($11.76)


PokerStars Hand #167472398729:  Hold'em Limit ($3/$6 USD) - 2017/03/12 7:21:07 ET
Table 'Octans' 6-max Seat #3 is the button
Seat 3: mixidix ($253.24 in chips)
Seat 4: Ale4o ($174.54 in chips)
mixidix: posts small blind $1
Ale4o: posts big blind $3
*** HOLE CARDS ***
mixidix: raises $3 to $6
Ale4o: calls $3
*** FLOP *** [Tc 3h As]
Ale4o: checks
mixidix: bets $3
Ale4o: calls $3
*** TURN *** [Tc 3h As] [Qh]
Ale4o: checks
mixidix: checks
*** RIVER *** [Tc 3h As Qh] [3d]
Ale4o: bets $6
mixidix: folds
Uncalled bet ($6) returned to Ale4o
Ale4o collected $17.64 from pot
Ale4o: doesn't show hand
*** SUMMARY ***
Total pot $18 | Rake $0.36
Board [Tc 3h As Qh 3d]
Seat 3: mixidix (button) (small blind) folded on the River
Seat 4: Ale4o (big blind) collected ($17.64)


PokerStars Hand #167472430427:  Hold'em Limit ($3/$6 USD) - 2017/03/12 7:22:11 ET
Table 'Octans' 6-max Seat #3 is the button
Seat 3: mixidix ($240.74 in chips)
Seat 4: Ale4o ($185.44 in chips)
mixidix: posts small blind $1
Ale4o: posts big blind $3
*** HOLE CARDS ***
mixidix: raises $3 to $6
Ale4o: calls $3
*** FLOP *** [7s 8d 2h]
Ale4o: checks
mixidix: bets $3
Ale4o: calls $3
*** TURN *** [7s 8d 2h] [Ts]
Ale4o: checks
mixidix: bets $6
Ale4o: calls $6
*** RIVER *** [7s 8d 2h Ts] [Jc]
Ale4o: checks
mixidix: checks
*** SHOW DOWN ***
Ale4o: shows [Qd Ks] (high card King)
mixidix: shows [Ad Th] (a pair of Tens)
mixidix collected $29.50 from pot
*** SUMMARY ***
Total pot $30 | Rake $0.50
Board [7s 8d 2h Ts Jc]
Seat 3: mixidix (button) (small blind) showed [Ad Th] and won ($29.50) with a pair of Tens
Seat 4: Ale4o (big blind) showed [Qd Ks] and lost with high card King


PokerStars Hand #167472439698:  Hold'em Limit ($3/$6 USD) - 2017/03/12 7:22:30 ET
Table 'Octans' 6-max Seat #4 is the button
Seat 3: mixidix ($255.24 in chips)
Seat 4: Ale4o ($170.44 in chips)
Ale4o: posts small blind $1
mixidix: posts big blind $3
*** HOLE CARDS ***
Ale4o: folds
Uncalled bet ($2) returned to mixidix
mixidix collected $2 from pot
mixidix: doesn't show hand
*** SUMMARY ***
Total pot $2 | Rake $0
Seat 3: mixidix (big blind) collected ($2)
Seat 4: Ale4o (button) (small blind) folded before Flop


PokerStars Hand #167472420904:  Hold'em Limit ($3/$6 USD) - 2017/03/12 7:21:52 ET
Table 'Octans' 6-max Seat #4 is the button
Seat 3: mixidix ($214.24 in chips)
Seat 4: Ale4o ($212.44 in chips)
Ale4o: posts small blind $1
mixidix: posts big blind $3
*** HOLE CARDS ***
Ale4o: raises $3 to $6
mixidix: raises $3 to $9
Ale4o: calls $3
*** FLOP *** [9d Jd 8c]
mixidix: bets $3
Ale4o: raises $3 to $6
mixidix: calls $3
*** TURN *** [9d Jd 8c] [7h]
mixidix: checks
Ale4o: bets $6
mixidix: calls $6
*** RIVER *** [9d Jd 8c 7h] [Ts]
mixidix: bets $6
Ale4o: calls $6
*** SHOW DOWN ***
mixidix: shows [Ah Qd] (a straight, Eight to Queen)
Ale4o: mucks hand
mixidix collected $53.50 from pot
*** SUMMARY ***
Total pot $54 | Rake $0.50
Board [9d Jd 8c 7h Ts]
Seat 3: mixidix (big blind) showed [Ah Qd] and won ($53.50) with a straight, Eight to Queen
Seat 4: Ale4o (button) (small blind) mucked


PokerStars Hand #167472441781:  Hold'em Limit ($3/$6 USD) - 2017/03/12 7:22:34 ET
Table 'Octans' 6-max Seat #3 is the button
Seat 3: mixidix ($256.24 in chips)
Seat 4: Ale4o ($169.44 in chips)
mixidix: posts small blind $1
Ale4o: posts big blind $3
*** HOLE CARDS ***
mixidix: raises $3 to $6
Ale4o: calls $3
*** FLOP *** [6c 4h Qs]
Ale4o: checks
mixidix: bets $3
Ale4o: raises $3 to $6
mixidix: raises $3 to $9
Ale4o: calls $3
*** TURN *** [6c 4h Qs] [9d]
Ale4o: checks
mixidix: bets $6
Ale4o: calls $6
*** RIVER *** [6c 4h Qs 9d] [2h]
Ale4o: checks
mixidix: bets $6
Ale4o: raises $6 to $12
mixidix: calls $6
*** SHOW DOWN ***
Ale4o: shows [3h 5h] (a straight, Deuce to Six)
mixidix: mucks hand
Ale4o collected $65.50 from pot
*** SUMMARY ***
Total pot $66 | Rake $0.50
Board [6c 4h Qs 9d 2h]
Seat 3: mixidix (button) (small blind) mucked
Seat 4: Ale4o (big blind) showed [3h 5h] and won ($65.50) with a straight, Deuce to Six


PokerStars Hand #167472461382:  Hold'em Limit ($3/$6 USD) - 2017/03/12 7:23:13 ET
Table 'Octans' 6-max Seat #3 is the button
Seat 3: mixidix ($246.74 in chips)
Seat 4: Ale4o ($177.94 in chips)
mixidix: posts small blind $1
Ale4o: posts big blind $3
*** HOLE CARDS ***
mixidix: folds
Uncalled bet ($2) returned to Ale4o
Ale4o collected $2 from pot
Ale4o: doesn't show hand
*** SUMMARY ***
Total pot $2 | Rake $0
Seat 3: mixidix (button) (small blind) folded before Flop
Seat 4: Ale4o (big blind) collected ($2)


PokerStars Hand #167472452455:  Hold'em Limit ($3/$6 USD) - 2017/03/12 7:22:55 ET
Table 'Octans' 6-max Seat #4 is the button
Seat 3: mixidix ($223.24 in chips)
Seat 4: Ale4o ($201.94 in chips)
Ale4o: posts small blind $1
mixidix: posts big blind $3
*** HOLE CARDS ***
Ale4o: raises $3 to $6
mixidix: calls $3
*** FLOP *** [3s 2d Qh]
mixidix: checks
Ale4o: bets $3
mixidix: raises $3 to $6
Ale4o: calls $3
*** TURN *** [3s 2d Qh] [8h]
mixidix: bets $6
Ale4o: calls $6
*** RIVER *** [3s 2d Qh 8h] [5h]
mixidix: bets $6
Ale4o: calls $6
*** SHOW DOWN ***
mixidix: shows [Qs Td] (a pair of Queens)
Ale4o: mucks hand
mixidix collected $47.50 from pot
*** SUMMARY ***
Total pot $48 | Rake $0.50
Board [3s 2d Qh 8h 5h]
Seat 3: mixidix (big blind) showed [Qs Td] and won ($47.50) with a pair of Queens
Seat 4: Ale4o (button) (small blind) mucked


PokerStars Hand #167472464084:  Hold'em Limit ($3/$6 USD) - 2017/03/12 7:23:19 ET
Table 'Octans' 6-max Seat #4 is the button
Seat 3: mixidix ($245.74 in chips)
Seat 4: Ale4o ($178.94 in chips)
Ale4o: posts small blind $1
mixidix: posts big blind $3
*** HOLE CARDS ***
Ale4o: raises $3 to $6
mixidix: calls $3
*** FLOP *** [6h Ks 5s]
mixidix: checks
Ale4o: bets $3
mixidix: calls $3
*** TURN *** [6h Ks 5s] [Qs]
mixidix: checks
Ale4o: bets $6
mixidix: folds
Uncalled bet ($6) returned to Ale4o
Ale4o collected $17.64 from pot
Ale4o: doesn't show hand
*** SUMMARY ***
Total pot $18 | Rake $0.36
Board [6h Ks 5s Qs]
Seat 3: mixidix (big blind) folded on the Turn
Seat 4: Ale4o (button) (small blind) collected ($17.64)


PokerStars Hand #167472506058:  Hold'em Limit ($3/$6 USD) - 2017/03/12 7:24:43 ET
Table 'Octans' 6-max Seat #4 is the button
Seat 3: mixidix ($197.49 in chips)
Seat 4: Ale4o ($225.47 in chips)
Ale4o: posts small blind $1
mixidix: posts big blind $3
*** HOLE CARDS ***
Ale4o: folds
Uncalled bet ($2) returned to mixidix
mixidix collected $2 from pot
mixidix: doesn't show hand
*** SUMMARY ***
Total pot $2 | Rake $0
Seat 3: mixidix (big blind) collected ($2)
Seat 4: Ale4o (button) (small blind) folded before Flop


PokerStars Hand #167472472737:  Hold'em Limit ($3/$6 USD) - 2017/03/12 7:23:36 ET
Table 'Octans' 6-max Seat #3 is the button
Seat 3: mixidix ($236.74 in chips)
Seat 4: Ale4o ($187.58 in chips)
mixidix: posts small blind $1
Ale4o: posts big blind $3
*** HOLE CARDS ***
mixidix: raises $3 to $6
Ale4o: calls $3
*** FLOP *** [8d Jc 7h]
Ale4o: checks
mixidix: bets $3
Ale4o: calls $3
*** TURN *** [8d Jc 7h] [Kd]
Ale4o: checks
mixidix: checks
*** RIVER *** [8d Jc 7h Kd] [9h]
Ale4o: bets $6
mixidix: folds
Uncalled bet ($6) returned to Ale4o
Ale4o collected $17.64 from pot
Ale4o: doesn't show hand
*** SUMMARY ***
Total pot $18 | Rake $0.36
Board [8d Jc 7h Kd 9h]
Seat 3: mixidix (button) (small blind) folded on the River
Seat 4: Ale4o (big blind) collected ($17.64)


PokerStars Hand #167472482296:  Hold'em Limit ($3/$6 USD) - 2017/03/12 7:23:55 ET
Table 'Octans' 6-max Seat #4 is the button
Seat 3: mixidix ($227.74 in chips)
Seat 4: Ale4o ($196.22 in chips)
Ale4o: posts small blind $1
mixidix: posts big blind $3
*** HOLE CARDS ***
Ale4o: raises $3 to $6
mixidix: raises $3 to $9
Ale4o: calls $3
*** FLOP *** [4d 9c Jd]
mixidix: bets $3
Ale4o: calls $3
*** TURN *** [4d 9c Jd] [4h]
mixidix: bets $6
Ale4o: raises $6 to $12
mixidix: calls $6
*** RIVER *** [4d 9c Jd 4h] [3s]
mixidix: checks
Ale4o: bets $6
mixidix: calls $6
*** SHOW DOWN ***
Ale4o: shows [Ah 4s] (three of a kind, Fours)
mixidix: mucks hand
Ale4o collected $59.50 from pot
*** SUMMARY ***
Total pot $60 | Rake $0.50
Board [4d 9c Jd 4h 3s]
Seat 3: mixidix (big blind) mucked
Seat 4: Ale4o (button) (small blind) showed [Ah 4s] and won ($59.50) with three of a kind, Fours


PokerStars Hand #167472497859:  Hold'em Limit ($3/$6 USD) - 2017/03/12 7:24:26 ET
Table 'Octans' 6-max Seat #3 is the button
Seat 3: mixidix ($197.74 in chips)
Seat 4: Ale4o ($225.72 in chips)
mixidix: posts small blind $1
Ale4o: posts big blind $3
*** HOLE CARDS ***
mixidix: raises $3 to $6
Ale4o: calls $3
*** FLOP *** [2s 8c Ah]
Ale4o: checks
mixidix: bets $3
Ale4o: calls $3
*** TURN *** [2s 8c Ah] [9c]
Ale4o: checks
mixidix: bets $6
Ale4o: calls $6
*** RIVER *** [2s 8c Ah 9c] [Jc]
Ale4o: checks
mixidix: bets $6
Ale4o: calls $6
*** SHOW DOWN ***
mixidix: shows [As 5c] (a pair of Aces)
Ale4o: shows [3d Ad] (a pair of Aces)
Ale4o collected $20.75 from pot
mixidix collected $20.75 from pot
*** SUMMARY ***
Total pot $42 | Rake $0.50
Board [2s 8c Ah 9c Jc]
Seat 3: mixidix (button) (small blind) showed [As 5c] and won ($20.75) with a pair of Aces
Seat 4: Ale4o (big blind) showed [3d Ad] and won ($20.75) with a pair of Aces


PokerStars Hand #167472517224:  Hold'em Limit ($3/$6 USD) - 2017/03/12 7:25:05 ET
Table 'Octans' 6-max Seat #4 is the button
Seat 3: mixidix ($212.99 in chips)
Seat 4: Ale4o ($209.47 in chips)
Ale4o: posts small blind $1
mixidix: posts big blind $3
*** HOLE CARDS ***
Ale4o: raises $3 to $6
mixidix: calls $3
*** FLOP *** [7c 2s 3c]
mixidix: checks
Ale4o: checks
*** TURN *** [7c 2s 3c] [Td]
mixidix: bets $6
Ale4o: calls $6
*** RIVER *** [7c 2s 3c Td] [6h]
mixidix: bets $6
Ale4o: folds
Uncalled bet ($6) returned to mixidix
mixidix collected $23.52 from pot
mixidix: doesn't show hand
*** SUMMARY ***
Total pot $24 | Rake $0.48
Board [7c 2s 3c Td 6h]
Seat 3: mixidix (big blind) collected ($23.52)
Seat 4: Ale4o (button) (small blind) folded on the River


PokerStars Hand #167472533597:  Hold'em Limit ($3/$6 USD) - 2017/03/12 7:25:38 ET
Table 'Octans' 6-max Seat #3 is the button
Seat 3: mixidix ($219.51 in chips)
Seat 4: Ale4o ($202.23 in chips)
mixidix: posts small blind $1
Ale4o: posts big blind $3
*** HOLE CARDS ***
mixidix: folds
Uncalled bet ($2) returned to Ale4o
Ale4o collected $2 from pot
Ale4o: doesn't show hand
*** SUMMARY ***
Total pot $2 | Rake $0
Seat 3: mixidix (button) (small blind) folded before Flop
Seat 4: Ale4o (big blind) collected ($2)


PokerStars Hand #167472530823:  Hold'em Limit ($3/$6 USD) - 2017/03/12 7:25:32 ET
Table 'Octans' 6-max Seat #4 is the button
Seat 3: mixidix ($218.51 in chips)
Seat 4: Ale4o ($203.23 in chips)
Ale4o: posts small blind $1
mixidix: posts big blind $3
*** HOLE CARDS ***
Ale4o: folds
Uncalled bet ($2) returned to mixidix
mixidix collected $2 from pot
mixidix: doesn't show hand
*** SUMMARY ***
Total pot $2 | Rake $0
Seat 3: mixidix (big blind) collected ($2)
Seat 4: Ale4o (button) (small blind) folded before Flop


PokerStars Hand #167472525156:  Hold'em Limit ($3/$6 USD) - 2017/03/12 7:25:21 ET
Table 'Octans' 6-max Seat #3 is the button
Seat 3: mixidix ($224.51 in chips)
Seat 4: Ale4o ($197.47 in chips)
mixidix: posts small blind $1
Ale4o: posts big blind $3
*** HOLE CARDS ***
mixidix: calls $2
Ale4o: raises $3 to $6
mixidix: calls $3
*** FLOP *** [8d 2d Ks]
Ale4o: bets $3
mixidix: folds
Uncalled bet ($3) returned to Ale4o
Ale4o collected $11.76 from pot
Ale4o: doesn't show hand
*** SUMMARY ***
Total pot $12 | Rake $0.24
Board [8d 2d Ks]
Seat 3: mixidix (button) (small blind) folded on the Flop
Seat 4: Ale4o (big blind) collected ($11.76)


PokerStars Hand #167472508985:  Hold'em Limit ($3/$6 USD) - 2017/03/12 7:24:49 ET
Table 'Octans' 6-max Seat #3 is the button
Seat 3: mixidix ($198.49 in chips)
Seat 4: Ale4o ($224.47 in chips)
mixidix: posts small blind $1
Ale4o: posts big blind $3
*** HOLE CARDS ***
mixidix: calls $2
Ale4o: raises $3 to $6
mixidix: calls $3
*** FLOP *** [6s Ks 9s]
Ale4o: bets $3
mixidix: calls $3
*** TURN *** [6s Ks 9s] [2d]
Ale4o: bets $6
mixidix: calls $6
*** RIVER *** [6s Ks 9s 2d] [Ts]
Ale4o: checks
mixidix: bets $6
Ale4o: folds
Uncalled bet ($6) returned to mixidix
mixidix collected $29.50 from pot
mixidix: doesn't show hand
*** SUMMARY ***
Total pot $30 | Rake $0.50
Board [6s Ks 9s 2d Ts]
Seat 3: mixidix (button) (small blind) collected ($29.50)
Seat 4: Ale4o (big blind) folded on the River


PokerStars Hand #167472563693:  Hold'em Limit ($3/$6 USD) - 2017/03/12 7:26:38 ET
Table 'Octans' 6-max Seat #4 is the button
Seat 3: mixidix ($197.01 in chips)
Seat 4: Ale4o ($223.23 in chips)
Ale4o: posts small blind $1
mixidix: posts big blind $3
*** HOLE CARDS ***
Ale4o: raises $3 to $6
mixidix: calls $3
*** FLOP *** [Ts Qd 2d]
mixidix: checks
Ale4o: checks
*** TURN *** [Ts Qd 2d] [9d]
mixidix: checks
Ale4o: bets $6
mixidix: folds
Uncalled bet ($6) returned to Ale4o
Ale4o collected $11.76 from pot
Ale4o: doesn't show hand
*** SUMMARY ***
Total pot $12 | Rake $0.24
Board [Ts Qd 2d 9d]
Seat 3: mixidix (big blind) folded on the Turn
Seat 4: Ale4o (button) (small blind) collected ($11.76)


PokerStars Hand #167472552473:  Hold'em Limit ($3/$6 USD) - 2017/03/12 7:26:16 ET
Table 'Octans' 6-max Seat #4 is the button
Seat 3: mixidix ($176.51 in chips)
Seat 4: Ale4o ($244.23 in chips)
Ale4o: posts small blind $1
mixidix: posts big blind $3
*** HOLE CARDS ***
Ale4o: raises $3 to $6
mixidix: folds
Uncalled bet ($3) returned to Ale4o
Ale4o collected $6 from pot
Ale4o: doesn't show hand
*** SUMMARY ***
Total pot $6 | Rake $0
Seat 3: mixidix (big blind) folded before Flop
Seat 4: Ale4o (button) (small blind) collected ($6)


PokerStars Hand #167472543476:  Hold'em Limit ($3/$6 USD) - 2017/03/12 7:25:58 ET
Table 'Octans' 6-max Seat #3 is the button
Seat 3: mixidix ($200.51 in chips)
Seat 4: Ale4o ($220.73 in chips)
mixidix: posts small blind $1
Ale4o: posts big blind $3
*** HOLE CARDS ***
mixidix: raises $3 to $6
Ale4o: calls $3
*** FLOP *** [3c Qs 3d]
Ale4o: checks
mixidix: bets $3
Ale4o: raises $3 to $6
mixidix: calls $3
*** TURN *** [3c Qs 3d] [3h]
Ale4o: bets $6
mixidix: calls $6
*** RIVER *** [3c Qs 3d 3h] [2h]
Ale4o: bets $6
mixidix: calls $6
*** SHOW DOWN ***
Ale4o: shows [Qd Kc] (a full house, Threes full of Queens)
mixidix: mucks hand
Ale4o collected $47.50 from pot
*** SUMMARY ***
Total pot $48 | Rake $0.50
Board [3c Qs 3d 3h 2h]
Seat 3: mixidix (button) (small blind) mucked
Seat 4: Ale4o (big blind) showed [Qd Kc] and won ($47.50) with a full house, Threes full of Queens


PokerStars Hand #167472536148:  Hold'em Limit ($3/$6 USD) - 2017/03/12 7:25:43 ET
Table 'Octans' 6-max Seat #4 is the button
Seat 3: mixidix ($218.51 in chips)
Seat 4: Ale4o ($203.23 in chips)
Ale4o: posts small blind $1
mixidix: posts big blind $3
*** HOLE CARDS ***
Ale4o: raises $3 to $6
mixidix: calls $3
*** FLOP *** [7s 7c 6d]
mixidix: checks
Ale4o: checks
*** TURN *** [7s 7c 6d] [5d]
mixidix: bets $6
Ale4o: calls $6
*** RIVER *** [7s 7c 6d 5d] [7h]
mixidix: bets $6
Ale4o: calls $6
*** SHOW DOWN ***
mixidix: shows [8d Kh] (three of a kind, Sevens)
Ale4o: shows [9h Kd] (three of a kind, Sevens - King+Nine kicker)
Ale4o collected $35.50 from pot
*** SUMMARY ***
Total pot $36 | Rake $0.50
Board [7s 7c 6d 5d 7h]
Seat 3: mixidix (big blind) showed [8d Kh] and lost with three of a kind, Sevens
Seat 4: Ale4o (button) (small blind) showed [9h Kd] and won ($35.50) with three of a kind, Sevens


PokerStars Hand #167472555340:  Hold'em Limit ($3/$6 USD) - 2017/03/12 7:26:21 ET
Table 'Octans' 6-max Seat #3 is the button
Seat 3: mixidix ($173.51 in chips)
Seat 4: Ale4o ($247.23 in chips)
mixidix: posts small blind $1
Ale4o: posts big blind $3
*** HOLE CARDS ***
mixidix: raises $3 to $6
Ale4o: calls $3
*** FLOP *** [7d 2s Ts]
Ale4o: checks
mixidix: bets $3
Ale4o: raises $3 to $6
mixidix: calls $3
*** TURN *** [7d 2s Ts] [Jd]
Ale4o: bets $6
mixidix: calls $6
*** RIVER *** [7d 2s Ts Jd] [6d]
Ale4o: bets $6
mixidix: calls $6
*** SHOW DOWN ***
Ale4o: shows [Qd 7h] (a pair of Sevens)
mixidix: shows [Kc Js] (a pair of Jacks)
mixidix collected $47.50 from pot
*** SUMMARY ***
Total pot $48 | Rake $0.50
Board [7d 2s Ts Jd 6d]
Seat 3: mixidix (button) (small blind) showed [Kc Js] and won ($47.50) with a pair of Jacks
Seat 4: Ale4o (big blind) showed [Qd 7h] and lost with a pair of Sevens


PokerStars Hand #167472578983:  Hold'em Limit ($3/$6 USD) - 2017/03/12 7:27:09 ET
Table 'Octans' 6-max Seat #4 is the button
Seat 3: mixidix ($199.65 in chips)
Seat 4: Ale4o ($219.99 in chips)
Ale4o: posts small blind $1
mixidix: posts big blind $3
*** HOLE CARDS ***
Ale4o: raises $3 to $6
mixidix: calls $3
*** FLOP *** [5d 9s Kh]
mixidix: checks
Ale4o: checks
*** TURN *** [5d 9s Kh] [8c]
mixidix: checks
Ale4o: bets $6
mixidix: folds
Uncalled bet ($6) returned to Ale4o
Ale4o collected $11.76 from pot
Ale4o: doesn't show hand
*** SUMMARY ***
Total pot $12 | Rake $0.24
Board [5d 9s Kh 8c]
Seat 3: mixidix (big blind) folded on the Turn
Seat 4: Ale4o (button) (small blind) collected ($11.76)


PokerStars Hand #167472586512:  Hold'em Limit ($3/$6 USD) - 2017/03/12 7:27:24 ET
Table 'Octans' 6-max Seat #3 is the button
Seat 3: mixidix ($193.65 in chips)
Seat 4: Ale4o ($225.75 in chips)
mixidix: posts small blind $1
Ale4o: posts big blind $3
*** HOLE CARDS ***
mixidix: raises $3 to $6
Ale4o: calls $3
*** FLOP *** [Qd 2d Kh]
Ale4o: checks
mixidix: bets $3
Ale4o: folds
Uncalled bet ($3) returned to mixidix
mixidix collected $11.76 from pot
mixidix: doesn't show hand
*** SUMMARY ***
Total pot $12 | Rake $0.24
Board [Qd 2d Kh]
Seat 3: mixidix (button) (small blind) collected ($11.76)
Seat 4: Ale4o (big blind) folded on the Flop


PokerStars Hand #167472570706:  Hold'em Limit ($3/$6 USD) - 2017/03/12 7:26:52 ET
Table 'Octans' 6-max Seat #3 is the button
Seat 3: mixidix ($191.01 in chips)
Seat 4: Ale4o ($228.99 in chips)
mixidix: posts small blind $1
Ale4o: posts big blind $3
*** HOLE CARDS ***
mixidix: raises $3 to $6
Ale4o: calls $3
*** FLOP *** [5s 7d 4d]
Ale4o: checks
mixidix: bets $3
Ale4o: calls $3
*** TURN *** [5s 7d 4d] [As]
Ale4o: checks
mixidix: bets $6
Ale4o: folds
Uncalled bet ($6) returned to mixidix
mixidix collected $17.64 from pot
mixidix: doesn't show hand
*** SUMMARY ***
Total pot $18 | Rake $0.36
Board [5s 7d 4d As]
Seat 3: mixidix (button) (small blind) collected ($17.64)
Seat 4: Ale4o (big blind) folded on the Turn


PokerStars Hand #167472625331:  Hold'em Limit ($3/$6 USD) - 2017/03/12 7:28:42 ET
Table 'Octans' 6-max Seat #4 is the button
Seat 3: mixidix ($176.91 in chips)
Seat 4: Ale4o ($241.01 in chips)
Ale4o: posts small blind $1
mixidix: posts big blind $3
*** HOLE CARDS ***
Ale4o: raises $3 to $6
mixidix: calls $3
*** FLOP *** [8d Ks Jd]
mixidix: checks
Ale4o: checks
*** TURN *** [8d Ks Jd] [4h]
mixidix: bets $6
Ale4o: folds
Uncalled bet ($6) returned to mixidix
mixidix collected $11.76 from pot
mixidix: doesn't show hand
*** SUMMARY ***
Total pot $12 | Rake $0.24
Board [8d Ks Jd 4h]
Seat 3: mixidix (big blind) collected ($11.76)
Seat 4: Ale4o (button) (small blind) folded on the Turn


PokerStars Hand #167472591631:  Hold'em Limit ($3/$6 USD) - 2017/03/12 7:27:34 ET
Table 'Octans' 6-max Seat #4 is the button
Seat 3: mixidix ($199.41 in chips)
Seat 4: Ale4o ($219.75 in chips)
Ale4o: posts small blind $1
mixidix: posts big blind $3
*** HOLE CARDS ***
Ale4o: raises $3 to $6
mixidix: raises $3 to $9
Ale4o: calls $3
*** FLOP *** [5h Tc 2c]
mixidix: bets $3
Ale4o: calls $3
*** TURN *** [5h Tc 2c] [Ad]
mixidix: bets $6
Ale4o: raises $6 to $12
mixidix: calls $6
*** RIVER *** [5h Tc 2c Ad] [4s]
mixidix: checks
Ale4o: bets $6
mixidix: calls $6
*** SHOW DOWN ***
Ale4o: shows [4c 3s] (a straight, Ace to Five)
mixidix: mucks hand
Ale4o collected $59.50 from pot
*** SUMMARY ***
Total pot $60 | Rake $0.50
Board [5h Tc 2c Ad 4s]
Seat 3: mixidix (big blind) mucked
Seat 4: Ale4o (button) (small blind) showed [4c 3s] and won ($59.50) with a straight, Ace to Five


PokerStars Hand #167472604593:  Hold'em Limit ($3/$6 USD) - 2017/03/12 7:28:00 ET
Table 'Octans' 6-max Seat #3 is the button
Seat 3: mixidix ($169.41 in chips)
Seat 4: Ale4o ($249.25 in chips)
mixidix: posts small blind $1
Ale4o: posts big blind $3
*** HOLE CARDS ***
mixidix: calls $2
Ale4o: checks
*** FLOP *** [3d Ad 4h]
Ale4o: checks
mixidix: bets $3
Ale4o: raises $3 to $6
mixidix: calls $3
*** TURN *** [3d Ad 4h] [2s]
Ale4o: bets $6
mixidix: calls $6
*** RIVER *** [3d Ad 4h 2s] [As]
Ale4o: checks
mixidix: checks
*** SHOW DOWN ***
Ale4o: shows [3s 8d] (two pair, Aces and Threes)
mixidix: shows [Jh 4d] (two pair, Aces and Fours)
mixidix collected $29.50 from pot
*** SUMMARY ***
Total pot $30 | Rake $0.50
Board [3d Ad 4h 2s As]
Seat 3: mixidix (button) (small blind) showed [Jh 4d] and won ($29.50) with two pair, Aces and Fours
Seat 4: Ale4o (big blind) showed [3s 8d] and lost with two pair, Aces and Threes


PokerStars Hand #167472622739:  Hold'em Limit ($3/$6 USD) - 2017/03/12 7:28:36 ET
Table 'Octans' 6-max Seat #3 is the button
Seat 3: mixidix ($177.91 in chips)
Seat 4: Ale4o ($240.01 in chips)
mixidix: posts small blind $1
Ale4o: posts big blind $3
*** HOLE CARDS ***
mixidix: folds
Uncalled bet ($2) returned to Ale4o
Ale4o collected $2 from pot
Ale4o: doesn't show hand
*** SUMMARY ***
Total pot $2 | Rake $0
Seat 3: mixidix (button) (small blind) folded before Flop
Seat 4: Ale4o (big blind) collected ($2)


PokerStars Hand #167472615661:  Hold'em Limit ($3/$6 USD) - 2017/03/12 7:28:22 ET
Table 'Octans' 6-max Seat #4 is the button
Seat 3: mixidix ($183.91 in chips)
Seat 4: Ale4o ($234.25 in chips)
Ale4o: posts small blind $1
mixidix: posts big blind $3
*** HOLE CARDS ***
Ale4o: raises $3 to $6
mixidix: calls $3
*** FLOP *** [3s 7d 8c]
mixidix: checks
Ale4o: checks
*** TURN *** [3s 7d 8c] [As]
mixidix: checks
Ale4o: bets $6
mixidix: folds
Uncalled bet ($6) returned to Ale4o
Ale4o collected $11.76 from pot
Ale4o: doesn't show hand
*** SUMMARY ***
Total pot $12 | Rake $0.24
Board [3s 7d 8c As]
Seat 3: mixidix (big blind) folded on the Turn
Seat 4: Ale4o (button) (small blind) collected ($11.76)


PokerStars Hand #167472654651:  Hold'em Limit ($3/$6 USD) - 2017/03/12 7:29:41 ET
Table 'Octans' 6-max Seat #4 is the button
Seat 3: mixidix ($210.67 in chips)
Seat 4: Ale4o ($206.01 in chips)
Ale4o: posts small blind $1
mixidix: posts big blind $3
*** HOLE CARDS ***
Ale4o: raises $3 to $6
mixidix: raises $3 to $9
Ale4o: calls $3
*** FLOP *** [Kd Tc 6c]
mixidix: bets $3
Ale4o: folds
Uncalled bet ($3) returned to mixidix
mixidix collected $17.64 from pot
mixidix: doesn't show hand
*** SUMMARY ***
Total pot $18 | Rake $0.36
Board [Kd Tc 6c]
Seat 3: mixidix (big blind) collected ($17.64)
Seat 4: Ale4o (button) (small blind) folded on the Flop


PokerStars Hand #167472633549:  Hold'em Limit ($3/$6 USD) - 2017/03/12 7:28:58 ET
Table 'Octans' 6-max Seat #4 is the button
Seat 3: mixidix ($181.67 in chips)
Seat 4: Ale4o ($236.01 in chips)
Ale4o: posts small blind $1
mixidix: posts big blind $3
*** HOLE CARDS ***
Ale4o: raises $3 to $6
mixidix: calls $3
*** FLOP *** [5c Qc 2c]
mixidix: checks
Ale4o: bets $3
mixidix: calls $3
*** TURN *** [5c Qc 2c] [Jd]
mixidix: bets $6
Ale4o: calls $6
*** RIVER *** [5c Qc 2c Jd] [8h]
mixidix: checks
Ale4o: checks
*** SHOW DOWN ***
mixidix: shows [Jc 3h] (a pair of Jacks)
Ale4o: mucks hand
mixidix collected $29.50 from pot
*** SUMMARY ***
Total pot $30 | Rake $0.50
Board [5c Qc 2c Jd 8h]
Seat 3: mixidix (big blind) showed [Jc 3h] and won ($29.50) with a pair of Jacks
Seat 4: Ale4o (button) (small blind) mucked


PokerStars Hand #167472631014:  Hold'em Limit ($3/$6 USD) - 2017/03/12 7:28:53 ET
Table 'Octans' 6-max Seat #3 is the button
Seat 3: mixidix ($182.67 in chips)
Seat 4: Ale4o ($235.01 in chips)
mixidix: posts small blind $1
Ale4o: posts big blind $3
*** HOLE CARDS ***
mixidix: folds
Uncalled bet ($2) returned to Ale4o
Ale4o collected $2 from pot
Ale4o: doesn't show hand
*** SUMMARY ***
Total pot $2 | Rake $0
Seat 3: mixidix (button) (small blind) folded before Flop
Seat 4: Ale4o (big blind) collected ($2)


PokerStars Hand #167472642727:  Hold'em Limit ($3/$6 USD) - 2017/03/12 7:29:17 ET
Table 'Octans' 6-max Seat #3 is the button
Seat 3: mixidix ($196.17 in chips)
Seat 4: Ale4o ($221.01 in chips)
mixidix: posts small blind $1
Ale4o: posts big blind $3
*** HOLE CARDS ***
mixidix: raises $3 to $6
Ale4o: calls $3
*** FLOP *** [Td 6d Kd]
Ale4o: checks
mixidix: bets $3
Ale4o: calls $3
*** TURN *** [Td 6d Kd] [4d]
Ale4o: checks
mixidix: bets $6
Ale4o: calls $6
*** RIVER *** [Td 6d Kd 4d] [6c]
Ale4o: checks
mixidix: bets $6
Ale4o: folds
Uncalled bet ($6) returned to mixidix
mixidix collected $29.50 from pot
mixidix: doesn't show hand
*** SUMMARY ***
Total pot $30 | Rake $0.50
Board [Td 6d Kd 4d 6c]
Seat 3: mixidix (button) (small blind) collected ($29.50)
Seat 4: Ale4o (big blind) folded on the River


PokerStars Hand #167472676627:  Hold'em Limit ($3/$6 USD) - 2017/03/12 7:30:24 ET
Table 'Octans' 6-max Seat #4 is the button
Seat 3: mixidix ($193.31 in chips)
Seat 4: Ale4o ($222.51 in chips)
Ale4o: posts small blind $1
mixidix: posts big blind $3
*** HOLE CARDS ***
Ale4o: raises $3 to $6
mixidix: raises $3 to $9
Ale4o: calls $3
*** FLOP *** [5c 4h 2d]
mixidix: bets $3
Ale4o: calls $3
*** TURN *** [5c 4h 2d] [6d]
mixidix: bets $6
Ale4o: calls $6
*** RIVER *** [5c 4h 2d 6d] [6s]
mixidix: bets $6
Ale4o: folds
Uncalled bet ($6) returned to mixidix
mixidix collected $35.50 from pot
mixidix: doesn't show hand
*** SUMMARY ***
Total pot $36 | Rake $0.50
Board [5c 4h 2d 6d 6s]
Seat 3: mixidix (big blind) collected ($35.50)
Seat 4: Ale4o (button) (small blind) folded on the River


PokerStars Hand #167472674033:  Hold'em Limit ($3/$6 USD) - 2017/03/12 7:30:19 ET
Table 'Octans' 6-max Seat #3 is the button
Seat 3: mixidix ($194.31 in chips)
Seat 4: Ale4o ($221.51 in chips)
mixidix: posts small blind $1
Ale4o: posts big blind $3
*** HOLE CARDS ***
mixidix: folds
Uncalled bet ($2) returned to Ale4o
Ale4o collected $2 from pot
Ale4o: doesn't show hand
*** SUMMARY ***
Total pot $2 | Rake $0
Seat 3: mixidix (button) (small blind) folded before Flop
Seat 4: Ale4o (big blind) collected ($2)


PokerStars Hand #167472659426:  Hold'em Limit ($3/$6 USD) - 2017/03/12 7:29:50 ET
Table 'Octans' 6-max Seat #3 is the button
Seat 3: mixidix ($219.31 in chips)
Seat 4: Ale4o ($197.01 in chips)
mixidix: posts small blind $1
Ale4o: posts big blind $3
*** HOLE CARDS ***
mixidix: folds
Uncalled bet ($2) returned to Ale4o
Ale4o collected $2 from pot
Ale4o: doesn't show hand
*** SUMMARY ***
Total pot $2 | Rake $0
Seat 3: mixidix (button) (small blind) folded before Flop
Seat 4: Ale4o (big blind) collected ($2)


PokerStars Hand #167472662083:  Hold'em Limit ($3/$6 USD) - 2017/03/12 7:29:55 ET
Table 'Octans' 6-max Seat #4 is the button
Seat 3: mixidix ($218.31 in chips)
Seat 4: Ale4o ($198.01 in chips)
Ale4o: posts small blind $1
mixidix: posts big blind $3
*** HOLE CARDS ***
Ale4o: raises $3 to $6
mixidix: calls $3
*** FLOP *** [7d 4h Ad]
mixidix: checks
Ale4o: bets $3
mixidix: raises $3 to $6
Ale4o: calls $3
*** TURN *** [7d 4h Ad] [4c]
mixidix: bets $6
Ale4o: raises $6 to $12
mixidix: calls $6
*** RIVER *** [7d 4h Ad 4c] [4s]
mixidix: checks
Ale4o: bets $6
mixidix: folds
Uncalled bet ($6) returned to Ale4o
Ale4o collected $47.50 from pot
Ale4o: doesn't show hand
*** SUMMARY ***
Total pot $48 | Rake $0.50
Board [7d 4h Ad 4c 4s]
Seat 3: mixidix (big blind) folded on the River
Seat 4: Ale4o (button) (small blind) collected ($47.50)


PokerStars Hand #167472696396:  Hold'em Limit ($3/$6 USD) - 2017/03/12 7:31:04 ET
Table 'Octans' 6-max Seat #3 is the button
Seat 3: mixidix ($183.81 in chips)
Seat 4: Ale4o ($231.01 in chips)
mixidix: posts small blind $1
Ale4o: posts big blind $3
*** HOLE CARDS ***
mixidix: raises $3 to $6
Ale4o: calls $3
*** FLOP *** [Ks 8h Qc]
Ale4o: checks
mixidix: bets $3
Ale4o: folds
Uncalled bet ($3) returned to mixidix
mixidix collected $11.76 from pot
mixidix: doesn't show hand
*** SUMMARY ***
Total pot $12 | Rake $0.24
Board [Ks 8h Qc]
Seat 3: mixidix (button) (small blind) collected ($11.76)
Seat 4: Ale4o (big blind) folded on the Flop


PokerStars Hand #167472703452:  Hold'em Limit ($3/$6 USD) - 2017/03/12 7:31:18 ET
Table 'Octans' 6-max Seat #4 is the button
Seat 3: mixidix ($189.57 in chips)
Seat 4: Ale4o ($225.01 in chips)
Ale4o: posts small blind $1
mixidix: posts big blind $3
*** HOLE CARDS ***
Ale4o: raises $3 to $6
mixidix: calls $3
*** FLOP *** [4d Td Ts]
mixidix: checks
Ale4o: checks
*** TURN *** [4d Td Ts] [8h]
mixidix: bets $6
Ale4o: calls $6
*** RIVER *** [4d Td Ts 8h] [7s]
mixidix: bets $6
Ale4o: calls $6
*** SHOW DOWN ***
mixidix: shows [4h Tc] (a full house, Tens full of Fours)
Ale4o: mucks hand
mixidix collected $35.50 from pot
*** SUMMARY ***
Total pot $36 | Rake $0.50
Board [4d Td Ts 8h 7s]
Seat 3: mixidix (big blind) showed [4h Tc] and won ($35.50) with a full house, Tens full of Fours
Seat 4: Ale4o (button) (small blind) mucked


PokerStars Hand #167472692786:  Hold'em Limit ($3/$6 USD) - 2017/03/12 7:30:57 ET
Table 'Octans' 6-max Seat #4 is the button
Seat 3: mixidix ($186.81 in chips)
Seat 4: Ale4o ($228.01 in chips)
Ale4o: posts small blind $1
mixidix: posts big blind $3
*** HOLE CARDS ***
Ale4o: raises $3 to $6
mixidix: folds
Uncalled bet ($3) returned to Ale4o
Ale4o collected $6 from pot
*** SUMMARY ***
Total pot $6 | Rake $0
Seat 3: mixidix (big blind) folded before Flop
Seat 4: Ale4o (button) (small blind) collected ($6)


PokerStars Hand #167472684672:  Hold'em Limit ($3/$6 USD) - 2017/03/12 7:30:41 ET
Table 'Octans' 6-max Seat #3 is the button
Seat 3: mixidix ($210.81 in chips)
Seat 4: Ale4o ($204.51 in chips)
mixidix: posts small blind $1
Ale4o: posts big blind $3
*** HOLE CARDS ***
mixidix: raises $3 to $6
Ale4o: calls $3
*** FLOP *** [5s Qs 6s]
Ale4o: checks
mixidix: bets $3
Ale4o: raises $3 to $6
mixidix: calls $3
*** TURN *** [5s Qs 6s] [Kd]
Ale4o: bets $6
mixidix: calls $6
*** RIVER *** [5s Qs 6s Kd] [7h]
Ale4o: bets $6
mixidix: calls $6
*** SHOW DOWN ***
Ale4o: shows [Qc 5h] (two pair, Queens and Fives)
mixidix: mucks hand
Ale4o collected $47.50 from pot
*** SUMMARY ***
Total pot $48 | Rake $0.50
Board [5s Qs 6s Kd 7h]
Seat 3: mixidix (button) (small blind) mucked
Seat 4: Ale4o (big blind) showed [Qc 5h] and won ($47.50) with two pair, Queens and Fives


PokerStars Hand #167472711492:  Hold'em Limit ($3/$6 USD) - 2017/03/12 7:31:34 ET
Table 'Octans' 6-max Seat #3 is the button
Seat 3: mixidix ($207.07 in chips)
Seat 4: Ale4o ($207.01 in chips)
mixidix: posts small blind $1
Ale4o: posts big blind $3
*** HOLE CARDS ***
mixidix: raises $3 to $6
Ale4o: calls $3
*** FLOP *** [7s 5d Tc]
Ale4o: checks
mixidix: bets $3
Ale4o: raises $3 to $6
mixidix: calls $3
*** TURN *** [7s 5d Tc] [5c]
Ale4o: bets $6
mixidix: folds
Uncalled bet ($6) returned to Ale4o
Ale4o collected $23.52 from pot
Ale4o: doesn't show hand
*** SUMMARY ***
Total pot $24 | Rake $0.48
Board [7s 5d Tc 5c]
Seat 3: mixidix (button) (small blind) folded on the Turn
Seat 4: Ale4o (big blind) collected ($23.52)


PokerStars Hand #167472746075:  Hold'em Limit ($3/$6 USD) - 2017/03/12 7:32:43 ET
Table 'Octans' 6-max Seat #4 is the button
Seat 3: mixidix ($165.07 in chips)
Seat 4: Ale4o ($247.31 in chips)
Ale4o: posts small blind $1
mixidix: posts big blind $3
*** HOLE CARDS ***
Ale4o: folds
Uncalled bet ($2) returned to mixidix
mixidix collected $2 from pot
mixidix: doesn't show hand
*** SUMMARY ***
Total pot $2 | Rake $0
Seat 3: mixidix (big blind) collected ($2)
Seat 4: Ale4o (button) (small blind) folded before Flop


PokerStars Hand #167472718312:  Hold'em Limit ($3/$6 USD) - 2017/03/12 7:31:48 ET
Table 'Octans' 6-max Seat #4 is the button
Seat 3: mixidix ($195.07 in chips)
Seat 4: Ale4o ($218.53 in chips)
Ale4o: posts small blind $1
mixidix: posts big blind $3
*** HOLE CARDS ***
Ale4o: raises $3 to $6
mixidix: calls $3
*** FLOP *** [Ah 3c Ac]
mixidix: checks
Ale4o: checks
*** TURN *** [Ah 3c Ac] [5s]
mixidix: checks
Ale4o: bets $6
mixidix: calls $6
*** RIVER *** [Ah 3c Ac 5s] [Jc]
mixidix: checks
Ale4o: checks
*** SHOW DOWN ***
mixidix: shows [2s 6s] (a pair of Aces)
Ale4o: shows [6d 7s] (a pair of Aces - Jack+Seven kicker)
Ale4o collected $23.52 from pot
*** SUMMARY ***
Total pot $24 | Rake $0.48
Board [Ah 3c Ac 5s Jc]
Seat 3: mixidix (big blind) showed [2s 6s] and lost with a pair of Aces
Seat 4: Ale4o (button) (small blind) showed [6d 7s] and won ($23.52) with a pair of Aces


PokerStars Hand #167472727734:  Hold'em Limit ($3/$6 USD) - 2017/03/12 7:32:06 ET
Table 'Octans' 6-max Seat #3 is the button
Seat 3: mixidix ($183.07 in chips)
Seat 4: Ale4o ($230.05 in chips)
mixidix: posts small blind $1
Ale4o: posts big blind $3
*** HOLE CARDS ***
mixidix: raises $3 to $6
Ale4o: calls $3
*** FLOP *** [2c 9c 7h]
Ale4o: checks
mixidix: bets $3
Ale4o: calls $3
*** TURN *** [2c 9c 7h] [8s]
Ale4o: checks
mixidix: checks
*** RIVER *** [2c 9c 7h 8s] [4d]
Ale4o: bets $6
mixidix: calls $6
*** SHOW DOWN ***
Ale4o: shows [Js Tc] (a straight, Seven to Jack)
mixidix: mucks hand
Ale4o collected $29.50 from pot
*** SUMMARY ***
Total pot $30 | Rake $0.50
Board [2c 9c 7h 8s 4d]
Seat 3: mixidix (button) (small blind) mucked
Seat 4: Ale4o (big blind) showed [Js Tc] and won ($29.50) with a straight, Seven to Jack


PokerStars Hand #167472742642:  Hold'em Limit ($3/$6 USD) - 2017/03/12 7:32:36 ET
Table 'Octans' 6-max Seat #3 is the button
Seat 3: mixidix ($162.07 in chips)
Seat 4: Ale4o ($250.31 in chips)
mixidix: posts small blind $1
Ale4o: posts big blind $3
*** HOLE CARDS ***
mixidix: raises $3 to $6
Ale4o: folds
Uncalled bet ($3) returned to mixidix
mixidix collected $6 from pot
mixidix: doesn't show hand
*** SUMMARY ***
Total pot $6 | Rake $0
Seat 3: mixidix (button) (small blind) collected ($6)
Seat 4: Ale4o (big blind) folded before Flop


PokerStars Hand #167472735559:  Hold'em Limit ($3/$6 USD) - 2017/03/12 7:32:22 ET
Table 'Octans' 6-max Seat #4 is the button
Seat 3: mixidix ($168.07 in chips)
Seat 4: Ale4o ($244.55 in chips)
Ale4o: posts small blind $1
mixidix: posts big blind $3
*** HOLE CARDS ***
Ale4o: raises $3 to $6
mixidix: calls $3
*** FLOP *** [7d Kd 7s]
mixidix: checks
Ale4o: checks
*** TURN *** [7d Kd 7s] [4s]
mixidix: checks
Ale4o: bets $6
mixidix: folds
Uncalled bet ($6) returned to Ale4o
Ale4o collected $11.76 from pot
Ale4o: doesn't show hand
*** SUMMARY ***
Total pot $12 | Rake $0.24
Board [7d Kd 7s 4s]
Seat 3: mixidix (big blind) folded on the Turn
Seat 4: Ale4o (button) (small blind) collected ($11.76)


