PokerStars Hand #176586367473:  Hold'em Limit ($3/$6 USD) - 2017/10/06 20:38:32 ET
Table 'Octavia' 6-max Seat #2 is the button
Seat 1: jfrizz313 ($578.94 in chips)
Seat 2: Ag3r0n ($135.81 in chips)
Ag3r0n: posts small blind $1
micsveDK: is sitting out
jfrizz313: posts big blind $3
*** HOLE CARDS ***
Ag3r0n: raises $3 to $6
jfrizz313: calls $3
*** FLOP *** [9c Ac Ah]
micsveDK leaves the table
jfrizz313: checks
Ag3r0n: bets $3
jfrizz313: folds
Uncalled bet ($3) returned to Ag3r0n
Ag3r0n collected $11.76 from pot
Ag3r0n: doesn't show hand
*** SUMMARY ***
Total pot $12 | Rake $0.24
Board [9c Ac Ah]
Seat 1: jfrizz313 (big blind) folded on the Flop
Seat 2: Ag3r0n (button) (small blind) collected ($11.76)


PokerStars Hand #176586373091:  Hold'em Limit ($3/$6 USD) - 2017/10/06 20:38:44 ET
Table 'Octavia' 6-max Seat #1 is the button
Seat 1: jfrizz313 ($572.94 in chips)
Seat 2: Ag3r0n ($141.57 in chips)
jfrizz313: posts small blind $1
Ag3r0n: posts big blind $3
*** HOLE CARDS ***
jfrizz313: folds
Uncalled bet ($2) returned to Ag3r0n
Ag3r0n collected $2 from pot
Ag3r0n: doesn't show hand
*** SUMMARY ***
Total pot $2 | Rake $0
Seat 1: jfrizz313 (button) (small blind) folded before Flop
Seat 2: Ag3r0n (big blind) collected ($2)


PokerStars Hand #176586376875:  Hold'em Limit ($3/$6 USD) - 2017/10/06 20:38:53 ET
Table 'Octavia' 6-max Seat #2 is the button
Seat 1: jfrizz313 ($571.94 in chips)
Seat 2: Ag3r0n ($142.57 in chips)
Ag3r0n: posts small blind $1
KAKA1 was removed from the table for failing to post
jfrizz313: posts big blind $3
*** HOLE CARDS ***
Ag3r0n: raises $3 to $6
jfrizz313: calls $3
*** FLOP *** [4d Ah 6s]
jfrizz313: checks
Ag3r0n: bets $3
jfrizz313: calls $3
*** TURN *** [4d Ah 6s] [4c]
jfrizz313: bets $6
Ag3r0n: folds
Uncalled bet ($6) returned to jfrizz313
jfrizz313 collected $17.64 from pot
*** SUMMARY ***
Total pot $18 | Rake $0.36
Board [4d Ah 6s 4c]
Seat 1: jfrizz313 (big blind) collected ($17.64)
Seat 2: Ag3r0n (button) (small blind) folded on the Turn


