PokerStars Hand #174473891001:  Hold'em Limit ($3/$6 USD) - 2017/08/18 1:07:17 ET
Table 'Octans' 6-max Seat #4 is the button
Seat 4: B_loJkl ($168.98 in chips)
Seat 6: uglyghost101 ($118.57 in chips)
B_loJkl: posts small blind $1
harrydonkey: is sitting out
uglyghost101: posts big blind $3
*** HOLE CARDS ***
B_loJkl: raises $3 to $6
uglyghost101: calls $3
*** FLOP *** [Jd 5h Qc]
harrydonkey leaves the table
uglyghost101: bets $3
B_loJkl: calls $3
*** TURN *** [Jd 5h Qc] [7h]
Bueffel leaves the table
uglyghost101: bets $6
B_loJkl: calls $6
*** RIVER *** [Jd 5h Qc 7h] [8d]
uglyghost101: bets $6
B_loJkl: calls $6
*** SHOW DOWN ***
uglyghost101: shows [9h Td] (a straight, Eight to Queen)
B_loJkl: mucks hand
uglyghost101 collected $41.50 from pot
*** SUMMARY ***
Total pot $42 | Rake $0.50
Board [Jd 5h Qc 7h 8d]
Seat 4: B_loJkl (button) (small blind) mucked
Seat 6: uglyghost101 (big blind) showed [9h Td] and won ($41.50) with a straight, Eight to Queen


PokerStars Hand #174473899724:  Hold'em Limit ($3/$6 USD) - 2017/08/18 1:07:53 ET
Table 'Octans' 6-max Seat #4 is the button
Seat 4: B_loJkl ($148.98 in chips)
Seat 6: uglyghost101 ($138.07 in chips)
B_loJkl: posts small blind $1
uglyghost101: posts big blind $3
*** HOLE CARDS ***
B_loJkl: raises $3 to $6
uglyghost101: calls $3
*** FLOP *** [2d 5h 6h]
uglyghost101: bets $3
B_loJkl: calls $3
*** TURN *** [2d 5h 6h] [Kh]
uglyghost101: checks
B_loJkl: checks
*** RIVER *** [2d 5h 6h Kh] [7s]
uglyghost101: checks
B_loJkl: checks
*** SHOW DOWN ***
uglyghost101: shows [Ad 9c] (high card Ace)
B_loJkl: mucks hand
uglyghost101 collected $17.64 from pot
*** SUMMARY ***
Total pot $18 | Rake $0.36
Board [2d 5h 6h Kh 7s]
Seat 4: B_loJkl (button) (small blind) mucked
Seat 6: uglyghost101 (big blind) showed [Ad 9c] and won ($17.64) with high card Ace


PokerStars Hand #174473898167:  Hold'em Limit ($3/$6 USD) - 2017/08/18 1:07:47 ET
Table 'Octans' 6-max Seat #6 is the button
Seat 4: B_loJkl ($147.98 in chips)
Seat 6: uglyghost101 ($139.07 in chips)
uglyghost101: posts small blind $1
B_loJkl: posts big blind $3
*** HOLE CARDS ***
uglyghost101: folds
Uncalled bet ($2) returned to B_loJkl
B_loJkl collected $2 from pot
B_loJkl: doesn't show hand
*** SUMMARY ***
Total pot $2 | Rake $0
Seat 4: B_loJkl (big blind) collected ($2)
Seat 6: uglyghost101 (button) (small blind) folded before Flop


PokerStars Hand #174473908816:  Hold'em Limit ($3/$6 USD) - 2017/08/18 1:08:31 ET
Table 'Octans' 6-max Seat #6 is the button
Seat 4: B_loJkl ($139.98 in chips)
Seat 6: uglyghost101 ($146.71 in chips)
uglyghost101: posts small blind $1
B_loJkl: posts big blind $3
*** HOLE CARDS ***
uglyghost101: calls $2
B_loJkl: checks
*** FLOP *** [Jc 8h Tc]
B_loJkl: checks
uglyghost101: bets $3
B_loJkl: calls $3
*** TURN *** [Jc 8h Tc] [8s]
B_loJkl: checks
uglyghost101: checks
*** RIVER *** [Jc 8h Tc 8s] [3s]
B_loJkl: bets $6
uglyghost101: folds
Uncalled bet ($6) returned to B_loJkl
B_loJkl collected $11.76 from pot
B_loJkl: doesn't show hand
*** SUMMARY ***
Total pot $12 | Rake $0.24
Board [Jc 8h Tc 8s 3s]
Seat 4: B_loJkl (big blind) collected ($11.76)
Seat 6: uglyghost101 (button) (small blind) folded on the River


PokerStars Hand #174473919211:  Hold'em Limit ($3/$6 USD) - 2017/08/18 1:09:14 ET
Table 'Octans' 6-max Seat #4 is the button
Seat 4: B_loJkl ($145.74 in chips)
Seat 6: uglyghost101 ($140.71 in chips)
B_loJkl: posts small blind $1
uglyghost101: posts big blind $3
*** HOLE CARDS ***
B_loJkl: raises $3 to $6
uglyghost101: raises $3 to $9
B_loJkl: calls $3
*** FLOP *** [Qs 4d 2d]
uglyghost101: checks
B_loJkl: bets $3
uglyghost101: calls $3
*** TURN *** [Qs 4d 2d] [As]
uglyghost101: bets $6
B_loJkl: folds
Uncalled bet ($6) returned to uglyghost101
uglyghost101 collected $23.52 from pot
uglyghost101: doesn't show hand
*** SUMMARY ***
Total pot $24 | Rake $0.48
Board [Qs 4d 2d As]
Seat 4: B_loJkl (button) (small blind) folded on the Turn
Seat 6: uglyghost101 (big blind) collected ($23.52)


PokerStars Hand #174473929425:  Hold'em Limit ($3/$6 USD) - 2017/08/18 1:09:56 ET
Table 'Octans' 6-max Seat #4 is the button
Seat 4: B_loJkl ($134.74 in chips)
Seat 6: uglyghost101 ($151.23 in chips)
B_loJkl: posts small blind $1
uglyghost101: posts big blind $3
*** HOLE CARDS ***
B_loJkl: raises $3 to $6
uglyghost101: calls $3
*** FLOP *** [3d 7d Kc]
uglyghost101: checks
B_loJkl: bets $3
uglyghost101: calls $3
*** TURN *** [3d 7d Kc] [4d]
uglyghost101: bets $6
B_loJkl: calls $6
*** RIVER *** [3d 7d Kc 4d] [Ac]
uglyghost101: checks
B_loJkl: bets $6
uglyghost101: calls $6
*** SHOW DOWN ***
B_loJkl: shows [8c 5c] (high card Ace)
uglyghost101: shows [9d Kh] (a pair of Kings)
uglyghost101 collected $41.50 from pot
*** SUMMARY ***
Total pot $42 | Rake $0.50
Board [3d 7d Kc 4d Ac]
Seat 4: B_loJkl (button) (small blind) showed [8c 5c] and lost with high card Ace
Seat 6: uglyghost101 (big blind) showed [9d Kh] and won ($41.50) with a pair of Kings


PokerStars Hand #174473927875:  Hold'em Limit ($3/$6 USD) - 2017/08/18 1:09:49 ET
Table 'Octans' 6-max Seat #6 is the button
Seat 4: B_loJkl ($133.74 in chips)
Seat 6: uglyghost101 ($152.23 in chips)
uglyghost101: posts small blind $1
B_loJkl: posts big blind $3
*** HOLE CARDS ***
uglyghost101: folds
Uncalled bet ($2) returned to B_loJkl
B_loJkl collected $2 from pot
B_loJkl: doesn't show hand
*** SUMMARY ***
Total pot $2 | Rake $0
Seat 4: B_loJkl (big blind) collected ($2)
Seat 6: uglyghost101 (button) (small blind) folded before Flop


PokerStars Hand #174473937728:  Hold'em Limit ($3/$6 USD) - 2017/08/18 1:10:29 ET
Table 'Octans' 6-max Seat #6 is the button
Seat 4: B_loJkl ($113.74 in chips)
Seat 6: uglyghost101 ($171.73 in chips)
uglyghost101: posts small blind $1
B_loJkl: posts big blind $3
*** HOLE CARDS ***
uglyghost101: folds
Uncalled bet ($2) returned to B_loJkl
B_loJkl collected $2 from pot
B_loJkl: doesn't show hand
*** SUMMARY ***
Total pot $2 | Rake $0
Seat 4: B_loJkl (big blind) collected ($2)
Seat 6: uglyghost101 (button) (small blind) folded before Flop


PokerStars Hand #174473947361:  Hold'em Limit ($3/$6 USD) - 2017/08/18 1:11:09 ET
Table 'Octans' 6-max Seat #6 is the button
Seat 4: B_loJkl ($93.74 in chips)
Seat 6: uglyghost101 ($191.23 in chips)
uglyghost101: posts small blind $1
B_loJkl: posts big blind $3
*** HOLE CARDS ***
uglyghost101: calls $2
B_loJkl: checks
*** FLOP *** [4d 6c Js]
B_loJkl: bets $3
uglyghost101: calls $3
*** TURN *** [4d 6c Js] [8h]
B_loJkl: bets $6
uglyghost101: calls $6
*** RIVER *** [4d 6c Js 8h] [7s]
B_loJkl: bets $6
uglyghost101: calls $6
*** SHOW DOWN ***
B_loJkl: shows [5s Jh] (a straight, Four to Eight)
uglyghost101: mucks hand
B_loJkl collected $35.50 from pot
*** SUMMARY ***
Total pot $36 | Rake $0.50
Board [4d 6c Js 8h 7s]
Seat 4: B_loJkl (big blind) showed [5s Jh] and won ($35.50) with a straight, Four to Eight
Seat 6: uglyghost101 (button) (small blind) mucked


PokerStars Hand #174473939259:  Hold'em Limit ($3/$6 USD) - 2017/08/18 1:10:36 ET
Table 'Octans' 6-max Seat #4 is the button
Seat 4: B_loJkl ($114.74 in chips)
Seat 6: uglyghost101 ($170.73 in chips)
B_loJkl: posts small blind $1
uglyghost101: posts big blind $3
*** HOLE CARDS ***
B_loJkl: raises $3 to $6
uglyghost101: calls $3
*** FLOP *** [6d 6c 3c]
uglyghost101: checks
B_loJkl: bets $3
uglyghost101: calls $3
*** TURN *** [6d 6c 3c] [5s]
uglyghost101: bets $6
B_loJkl: calls $6
*** RIVER *** [6d 6c 3c 5s] [Qd]
uglyghost101: bets $6
B_loJkl: calls $6
*** SHOW DOWN ***
uglyghost101: shows [6h 5c] (a full house, Sixes full of Fives)
B_loJkl: mucks hand
uglyghost101 collected $41.50 from pot
*** SUMMARY ***
Total pot $42 | Rake $0.50
Board [6d 6c 3c 5s Qd]
Seat 4: B_loJkl (button) (small blind) mucked
Seat 6: uglyghost101 (big blind) showed [6h 5c] and won ($41.50) with a full house, Sixes full of Fives


PokerStars Hand #174473957739:  Hold'em Limit ($3/$6 USD) - 2017/08/18 1:11:51 ET
Table 'Octans' 6-max Seat #4 is the button
Seat 4: B_loJkl ($111.24 in chips)
Seat 6: uglyghost101 ($173.23 in chips)
B_loJkl: posts small blind $1
uglyghost101: posts big blind $3
*** HOLE CARDS ***
B_loJkl: raises $3 to $6
uglyghost101: folds
Uncalled bet ($3) returned to B_loJkl
B_loJkl collected $6 from pot
B_loJkl: doesn't show hand
*** SUMMARY ***
Total pot $6 | Rake $0
Seat 4: B_loJkl (button) (small blind) collected ($6)
Seat 6: uglyghost101 (big blind) folded before Flop


PokerStars Hand #174473959660:  Hold'em Limit ($3/$6 USD) - 2017/08/18 1:11:59 ET
Table 'Octans' 6-max Seat #6 is the button
Seat 4: B_loJkl ($114.24 in chips)
Seat 6: uglyghost101 ($170.23 in chips)
uglyghost101: posts small blind $1
B_loJkl: posts big blind $3
*** HOLE CARDS ***
uglyghost101: raises $3 to $6
B_loJkl: raises $3 to $9
uglyghost101: calls $3
*** FLOP *** [5s 6h Qc]
B_loJkl: bets $3
uglyghost101: raises $3 to $6
B_loJkl: calls $3
*** TURN *** [5s 6h Qc] [5h]
B_loJkl: bets $6
uglyghost101: calls $6
*** RIVER *** [5s 6h Qc 5h] [2c]
B_loJkl: checks
uglyghost101: checks
*** SHOW DOWN ***
B_loJkl: shows [Ac Ks] (a pair of Fives)
uglyghost101: mucks hand
B_loJkl collected $41.50 from pot
*** SUMMARY ***
Total pot $42 | Rake $0.50
Board [5s 6h Qc 5h 2c]
Seat 4: B_loJkl (big blind) showed [Ac Ks] and won ($41.50) with a pair of Fives
Seat 6: uglyghost101 (button) (small blind) mucked


PokerStars Hand #174473971120:  Hold'em Limit ($3/$6 USD) - 2017/08/18 1:12:46 ET
Table 'Octans' 6-max Seat #4 is the button
Seat 4: B_loJkl ($134.74 in chips)
Seat 6: uglyghost101 ($149.23 in chips)
B_loJkl: posts small blind $1
uglyghost101: posts big blind $3
*** HOLE CARDS ***
B_loJkl: raises $3 to $6
uglyghost101: folds
Uncalled bet ($3) returned to B_loJkl
B_loJkl collected $6 from pot
B_loJkl: doesn't show hand
*** SUMMARY ***
Total pot $6 | Rake $0
Seat 4: B_loJkl (button) (small blind) collected ($6)
Seat 6: uglyghost101 (big blind) folded before Flop


PokerStars Hand #174473972962:  Hold'em Limit ($3/$6 USD) - 2017/08/18 1:12:53 ET
Table 'Octans' 6-max Seat #6 is the button
Seat 4: B_loJkl ($137.74 in chips)
Seat 6: uglyghost101 ($146.23 in chips)
uglyghost101: posts small blind $1
B_loJkl: posts big blind $3
*** HOLE CARDS ***
uglyghost101: raises $3 to $6
B_loJkl: calls $3
*** FLOP *** [2s Jd 4c]
B_loJkl: checks
uglyghost101: bets $3
B_loJkl: folds
Uncalled bet ($3) returned to uglyghost101
uglyghost101 collected $11.76 from pot
uglyghost101: doesn't show hand
*** SUMMARY ***
Total pot $12 | Rake $0.24
Board [2s Jd 4c]
Seat 4: B_loJkl (big blind) folded on the Flop
Seat 6: uglyghost101 (button) (small blind) collected ($11.76)


PokerStars Hand #174473977862:  Hold'em Limit ($3/$6 USD) - 2017/08/18 1:13:13 ET
Table 'Octans' 6-max Seat #4 is the button
Seat 4: B_loJkl ($131.74 in chips)
Seat 6: uglyghost101 ($151.99 in chips)
B_loJkl: posts small blind $1
uglyghost101: posts big blind $3
*** HOLE CARDS ***
B_loJkl: raises $3 to $6
uglyghost101: calls $3
*** FLOP *** [2h Qd Qh]
uglyghost101 has timed out
uglyghost101: checks
B_loJkl: bets $3
uglyghost101: raises $3 to $6
B_loJkl: calls $3
*** TURN *** [2h Qd Qh] [6s]
uglyghost101: bets $6
B_loJkl: calls $6
*** RIVER *** [2h Qd Qh 6s] [As]
manly70 joins the table at seat #2
uglyghost101: checks
B_loJkl: bets $6
uglyghost101: calls $6
*** SHOW DOWN ***
B_loJkl: shows [Tc Ad] (two pair, Aces and Queens)
uglyghost101: mucks hand
B_loJkl collected $47.50 from pot
*** SUMMARY ***
Total pot $48 | Rake $0.50
Board [2h Qd Qh 6s As]
Seat 4: B_loJkl (button) (small blind) showed [Tc Ad] and won ($47.50) with two pair, Aces and Queens
Seat 6: uglyghost101 (big blind) mucked


PokerStars Hand #174478895158:  Hold'em Limit ($3/$6 USD) - 2017/08/18 6:06:28 ET
Table 'Octans' 6-max Seat #5 is the button
Seat 3: B_loJkl ($297.36 in chips)
Seat 5: jamie2000 ($116.57 in chips)
jamie2000: posts small blind $1
B_loJkl: posts big blind $3
*** HOLE CARDS ***
jamie2000: raises $3 to $6
B_loJkl: raises $3 to $9
jamie2000: calls $3
*** FLOP *** [3c As Jc]
B_loJkl: bets $3
jamie2000: calls $3
*** TURN *** [3c As Jc] [9d]
B_loJkl: bets $6
jamie2000: folds
Uncalled bet ($6) returned to B_loJkl
B_loJkl collected $23.52 from pot
B_loJkl: doesn't show hand
*** SUMMARY ***
Total pot $24 | Rake $0.48
Board [3c As Jc 9d]
Seat 3: B_loJkl (big blind) collected ($23.52)
Seat 5: jamie2000 (button) (small blind) folded on the Turn


PokerStars Hand #174478881974:  Hold'em Limit ($3/$6 USD) - 2017/08/18 6:05:52 ET
Table 'Octans' 6-max Seat #3 is the button
Seat 3: B_loJkl ($306.36 in chips)
Seat 5: jamie2000 ($107.93 in chips)
B_loJkl: posts small blind $1
jamie2000: posts big blind $3
*** HOLE CARDS ***
B_loJkl: raises $3 to $6
faxe93 leaves the table
jamie2000: calls $3
*** FLOP *** [8c 2d Ad]
jamie2000: checks
B_loJkl: bets $3
jamie2000: raises $3 to $6
B_loJkl: folds
Uncalled bet ($3) returned to jamie2000
jamie2000 collected $17.64 from pot
jamie2000: doesn't show hand
*** SUMMARY ***
Total pot $18 | Rake $0.36
Board [8c 2d Ad]
Seat 3: B_loJkl (button) (small blind) folded on the Flop
Seat 5: jamie2000 (big blind) collected ($17.64)


PokerStars Hand #174478905925:  Hold'em Limit ($3/$6 USD) - 2017/08/18 6:06:58 ET
Table 'Octans' 6-max Seat #3 is the button
Seat 3: B_loJkl ($308.88 in chips)
Seat 5: jamie2000 ($104.57 in chips)
B_loJkl: posts small blind $1
jamie2000: posts big blind $3
*** HOLE CARDS ***
B_loJkl: raises $3 to $6
jamie2000: calls $3
*** FLOP *** [7c 2d Kh]
jamie2000: checks
B_loJkl: bets $3
jamie2000: folds
Uncalled bet ($3) returned to B_loJkl
B_loJkl collected $11.76 from pot
B_loJkl: doesn't show hand
*** SUMMARY ***
Total pot $12 | Rake $0.24
Board [7c 2d Kh]
Seat 3: B_loJkl (button) (small blind) collected ($11.76)
Seat 5: jamie2000 (big blind) folded on the Flop


