PokerStars Hand #152299861303:  Hold'em Limit ($3/$6 USD) - 2016/04/22 17:45:46 ET
Table 'Octavia III' 6-max Seat #2 is the button
Seat 2: pokie75 ($108.22 in chips)
Seat 3: GoliafUa ($120 in chips)
pokie75: posts small blind $1
GoliafUa: posts big blind $3
*** HOLE CARDS ***
pokie75: raises $3 to $6
19woody58 joins the table at seat #4
GoliafUa: raises $3 to $9
pokie75: calls $3
*** FLOP *** [Ah 3h 7c]
GoliafUa: bets $3
pokie75: calls $3
*** TURN *** [Ah 3h 7c] [8s]
GoliafUa: bets $6
pokie75: calls $6
*** RIVER *** [Ah 3h 7c 8s] [Jd]
GarryMcCoy joins the table at seat #5
GoliafUa: bets $6
pokie75: folds
Uncalled bet ($6) returned to GoliafUa
GoliafUa collected $35.50 from pot
Humtum81 joins the table at seat #1
*** SUMMARY ***
Total pot $36 | Rake $0.50
Board [Ah 3h 7c 8s Jd]
Seat 2: pokie75 (button) (small blind) folded on the River
Seat 3: GoliafUa (big blind) collected ($35.50)


PokerStars Hand #152303193848:  Hold'em Limit ($3/$6 USD) - 2016/04/22 18:59:59 ET
Table 'Octavia III' 6-max Seat #1 is the button
Seat 1: bentinck113 ($110.05 in chips)
Seat 2: MissEKAmouse ($124 in chips)
bentinck113: posts small blind $1
MissEKAmouse: posts big blind $3
*** HOLE CARDS ***
Masqb leaves the table
bentinck113: folds
Uncalled bet ($2) returned to MissEKAmouse
MissEKAmouse collected $2 from pot
MissEKAmouse: doesn't show hand
*** SUMMARY ***
Total pot $2 | Rake $0
Seat 1: bentinck113 (button) (small blind) folded before Flop
Seat 2: MissEKAmouse (big blind) collected ($2)


PokerStars Hand #152303187551:  Hold'em Limit ($3/$6 USD) - 2016/04/22 18:59:48 ET
Table 'Octavia III' 6-max Seat #2 is the button
Seat 1: bentinck113 ($113.05 in chips)
Seat 2: MissEKAmouse ($121 in chips)
MissEKAmouse: posts small blind $1
GarryMcCoy: is sitting out
bentinck113: posts big blind $3
*** HOLE CARDS ***
MissEKAmouse: raises $3 to $6
bentinck113: folds
Uncalled bet ($3) returned to MissEKAmouse
MissEKAmouse collected $6 from pot
MissEKAmouse: doesn't show hand
*** SUMMARY ***
Total pot $6 | Rake $0
Seat 1: bentinck113 (big blind) folded before Flop
Seat 2: MissEKAmouse (button) (small blind) collected ($6)


PokerStars Hand #152303440213:  Hold'em Limit ($3/$6 USD) - 2016/04/22 19:06:19 ET
Table 'Octavia III' 6-max Seat #2 is the button
Seat 2: MissEKAmouse ($125 in chips)
Seat 3: murmans725 ($120 in chips)
MissEKAmouse: posts small blind $1
murmans725: posts big blind $3
*** HOLE CARDS ***
MissEKAmouse: folds
Uncalled bet ($2) returned to murmans725
murmans725 collected $2 from pot
*** SUMMARY ***
Total pot $2 | Rake $0
Seat 2: MissEKAmouse (button) (small blind) folded before Flop
Seat 3: murmans725 (big blind) collected ($2)


PokerStars Hand #152303445151:  Hold'em Limit ($3/$6 USD) - 2016/04/22 19:06:26 ET
Table 'Octavia III' 6-max Seat #3 is the button
Seat 2: MissEKAmouse ($124 in chips)
Seat 3: murmans725 ($121 in chips)
murmans725: posts small blind $1
MissEKAmouse: posts big blind $3
*** HOLE CARDS ***
murmans725: raises $3 to $6
MissEKAmouse: folds
Uncalled bet ($3) returned to murmans725
murmans725 collected $6 from pot
*** SUMMARY ***
Total pot $6 | Rake $0
Seat 2: MissEKAmouse (big blind) folded before Flop
Seat 3: murmans725 (button) (small blind) collected ($6)


PokerStars Hand #152303457404:  Hold'em Limit ($3/$6 USD) - 2016/04/22 19:06:45 ET
Table 'Octavia III' 6-max Seat #2 is the button
Seat 2: MissEKAmouse ($121 in chips)
Seat 3: murmans725 ($124 in chips)
MissEKAmouse: posts small blind $1
murmans725: posts big blind $3
*** HOLE CARDS ***
MissEKAmouse: raises $3 to $6
murmans725: raises $3 to $9
MissEKAmouse: calls $3
*** FLOP *** [Kc Qc Jd]
murmans725: bets $3
MissEKAmouse: calls $3
*** TURN *** [Kc Qc Jd] [6s]
murmans725: bets $6
MissEKAmouse: calls $6
*** RIVER *** [Kc Qc Jd 6s] [Jc]
murmans725: bets $6
MissEKAmouse: calls $6
*** SHOW DOWN ***
murmans725: shows [4h Ah] (a pair of Jacks)
MissEKAmouse: shows [Ad 9d] (a pair of Jacks)
murmans725 collected $23.75 from pot
MissEKAmouse collected $23.75 from pot
*** SUMMARY ***
Total pot $48 | Rake $0.50
Board [Kc Qc Jd 6s Jc]
Seat 2: MissEKAmouse (button) (small blind) showed [Ad 9d] and won ($23.75) with a pair of Jacks
Seat 3: murmans725 (big blind) showed [4h Ah] and won ($23.75) with a pair of Jacks


PokerStars Hand #152303471010:  Hold'em Limit ($3/$6 USD) - 2016/04/22 19:07:05 ET
Table 'Octavia III' 6-max Seat #3 is the button
Seat 2: MissEKAmouse ($120.75 in chips)
Seat 3: murmans725 ($123.75 in chips)
murmans725: posts small blind $1
MissEKAmouse: posts big blind $3
*** HOLE CARDS ***
murmans725: raises $3 to $6
MissEKAmouse: folds
Uncalled bet ($3) returned to murmans725
murmans725 collected $6 from pot
*** SUMMARY ***
Total pot $6 | Rake $0
Seat 2: MissEKAmouse (big blind) folded before Flop
Seat 3: murmans725 (button) (small blind) collected ($6)


PokerStars Hand #152303499390:  Hold'em Limit ($3/$6 USD) - 2016/04/22 19:07:48 ET
Table 'Octavia III' 6-max Seat #2 is the button
Seat 2: MissEKAmouse ($120 in chips)
Seat 6: 123ok ($120 in chips)
MissEKAmouse: posts small blind $1
123ok: posts big blind $3
*** HOLE CARDS ***
MissEKAmouse: raises $3 to $6
vestimokrec joins the table at seat #1
123ok: calls $3
*** FLOP *** [Ad 4d Kh]
123ok: checks
MissEKAmouse: bets $3
123ok: folds
Uncalled bet ($3) returned to MissEKAmouse
MissEKAmouse collected $11.76 from pot
MissEKAmouse: doesn't show hand
*** SUMMARY ***
Total pot $12 | Rake $0.24
Board [Ad 4d Kh]
Seat 2: MissEKAmouse (button) (small blind) collected ($11.76)
Seat 6: 123ok (big blind) folded on the Flop


PokerStars Hand #152303517054:  Hold'em Limit ($3/$6 USD) - 2016/04/22 19:08:15 ET
Table 'Octavia III' 6-max Seat #2 is the button
Seat 2: MissEKAmouse ($122.76 in chips)
Seat 6: 123ok ($117 in chips)
MissEKAmouse: posts small blind $1
123ok: posts big blind $3
*** HOLE CARDS ***
MissEKAmouse: folds
Uncalled bet ($2) returned to 123ok
123ok collected $2 from pot
123ok: doesn't show hand
*** SUMMARY ***
Total pot $2 | Rake $0
Seat 2: MissEKAmouse (button) (small blind) folded before Flop
Seat 6: 123ok (big blind) collected ($2)


PokerStars Hand #152303511152:  Hold'em Limit ($3/$6 USD) - 2016/04/22 19:08:06 ET
Table 'Octavia III' 6-max Seat #6 is the button
Seat 2: MissEKAmouse ($125.76 in chips)
Seat 6: 123ok ($114 in chips)
123ok: posts small blind $1
MissEKAmouse: posts big blind $3
*** HOLE CARDS ***
123ok: raises $3 to $6
MissEKAmouse: folds
Uncalled bet ($3) returned to 123ok
123ok collected $6 from pot
123ok: doesn't show hand
*** SUMMARY ***
Total pot $6 | Rake $0
Seat 2: MissEKAmouse (big blind) folded before Flop
Seat 6: 123ok (button) (small blind) collected ($6)


PokerStars Hand #152303520858:  Hold'em Limit ($3/$6 USD) - 2016/04/22 19:08:21 ET
Table 'Octavia III' 6-max Seat #6 is the button
Seat 2: MissEKAmouse ($121.76 in chips)
Seat 6: 123ok ($118 in chips)
123ok: posts small blind $1
MissEKAmouse: posts big blind $3
*** HOLE CARDS ***
123ok: calls $2
MissEKAmouse: raises $3 to $6
123ok: calls $3
*** FLOP *** [4h Js 7h]
MissEKAmouse: bets $3
123ok: raises $3 to $6
MissEKAmouse: calls $3
*** TURN *** [4h Js 7h] [Td]
MissEKAmouse: checks
123ok: bets $6
MissEKAmouse: calls $6
*** RIVER *** [4h Js 7h Td] [3d]
MissEKAmouse: checks
123ok: bets $6
MissEKAmouse: folds
Uncalled bet ($6) returned to 123ok
123ok collected $35.50 from pot
123ok: doesn't show hand
*** SUMMARY ***
Total pot $36 | Rake $0.50
Board [4h Js 7h Td 3d]
Seat 2: MissEKAmouse (big blind) folded on the River
Seat 6: 123ok (button) (small blind) collected ($35.50)


PokerStars Hand #152303541918:  Hold'em Limit ($3/$6 USD) - 2016/04/22 19:08:52 ET
Table 'Octavia III' 6-max Seat #2 is the button
Seat 2: MissEKAmouse ($120 in chips)
Seat 6: 123ok ($135.50 in chips)
MissEKAmouse: posts small blind $1
123ok: posts big blind $3
*** HOLE CARDS ***
MissEKAmouse: folds
Uncalled bet ($2) returned to 123ok
123ok collected $2 from pot
123ok: doesn't show hand
*** SUMMARY ***
Total pot $2 | Rake $0
Seat 2: MissEKAmouse (button) (small blind) folded before Flop
Seat 6: 123ok (big blind) collected ($2)


PokerStars Hand #152303545654:  Hold'em Limit ($3/$6 USD) - 2016/04/22 19:08:58 ET
Table 'Octavia III' 6-max Seat #6 is the button
Seat 2: MissEKAmouse ($120 in chips)
Seat 6: 123ok ($136.50 in chips)
123ok: posts small blind $1
MissEKAmouse: posts big blind $3
*** HOLE CARDS ***
123ok: folds
Uncalled bet ($2) returned to MissEKAmouse
MissEKAmouse collected $2 from pot
MissEKAmouse: doesn't show hand
*** SUMMARY ***
Total pot $2 | Rake $0
Seat 2: MissEKAmouse (big blind) collected ($2)
Seat 6: 123ok (button) (small blind) folded before Flop


PokerStars Hand #152303549739:  Hold'em Limit ($3/$6 USD) - 2016/04/22 19:09:04 ET
Table 'Octavia III' 6-max Seat #2 is the button
Seat 2: MissEKAmouse ($121 in chips)
Seat 6: 123ok ($135.50 in chips)
Pelurile joins the table at seat #5
MissEKAmouse: posts small blind $1
TEAM ECT was removed from the table for failing to post
123ok: posts big blind $3
*** HOLE CARDS ***
MissEKAmouse: folds
Uncalled bet ($2) returned to 123ok
123ok collected $2 from pot
123ok: doesn't show hand
*** SUMMARY ***
Total pot $2 | Rake $0
Seat 2: MissEKAmouse (button) (small blind) folded before Flop
Seat 6: 123ok (big blind) collected ($2)


PokerStars Hand #152303557641:  Hold'em Limit ($3/$6 USD) - 2016/04/22 19:09:16 ET
Table 'Octavia III' 6-max Seat #6 is the button
Seat 2: MissEKAmouse ($120 in chips)
Seat 6: 123ok ($136.50 in chips)
123ok: posts small blind $1
MissEKAmouse: posts big blind $3
*** HOLE CARDS ***
123ok: calls $2
MissEKAmouse: raises $3 to $6
123ok: calls $3
*** FLOP *** [9s 3h Qc]
MissEKAmouse: bets $3
123ok: raises $3 to $6
MissEKAmouse: calls $3
*** TURN *** [9s 3h Qc] [As]
MissEKAmouse: checks
123ok: checks
*** RIVER *** [9s 3h Qc As] [6d]
MissEKAmouse: checks
123ok: bets $6
MissEKAmouse: calls $6
*** SHOW DOWN ***
123ok: shows [5h Qs] (a pair of Queens)
MissEKAmouse: mucks hand
123ok collected $35.50 from pot
*** SUMMARY ***
Total pot $36 | Rake $0.50
Board [9s 3h Qc As 6d]
Seat 2: MissEKAmouse (big blind) mucked
Seat 6: 123ok (button) (small blind) showed [5h Qs] and won ($35.50) with a pair of Queens


