PokerStars Hand #145898522085:  Hold'em Limit ($3/$6 USD) - 2015/12/25 11:57:42 ET
Table 'Octavia' 6-max Seat #1 is the button
Seat 1: VolkovDmitri ($121 in chips)
Seat 3: CTPEMAK ($99 in chips)
VolkovDmitri: posts small blind $1
CTPEMAK: posts big blind $3
*** HOLE CARDS ***
VolkovDmitri: raises $3 to $6
CTPEMAK: calls $3
*** FLOP *** [2s Qh 4c]
CTPEMAK: checks
VolkovDmitri: bets $3
CTPEMAK: calls $3
*** TURN *** [2s Qh 4c] [7c]
CTPEMAK: checks
VolkovDmitri: bets $6
CTPEMAK: calls $6
*** RIVER *** [2s Qh 4c 7c] [5h]
CTPEMAK: checks
VolkovDmitri: bets $6
CTPEMAK: calls $6
*** SHOW DOWN ***
VolkovDmitri: shows [Qc 7h] (two pair, Queens and Sevens)
CTPEMAK: mucks hand
VolkovDmitri collected $41.50 from pot
*** SUMMARY ***
Total pot $42 | Rake $0.50
Board [2s Qh 4c 7c 5h]
Seat 1: VolkovDmitri (button) (small blind) showed [Qc 7h] and won ($41.50) with two pair, Queens and Sevens
Seat 3: CTPEMAK (big blind) mucked


PokerStars Hand #145898541107:  Hold'em Limit ($3/$6 USD) - 2015/12/25 11:58:13 ET
Table 'Octavia' 6-max Seat #3 is the button
Seat 1: VolkovDmitri ($141.50 in chips)
Seat 3: CTPEMAK ($78 in chips)
CTPEMAK: posts small blind $1
VolkovDmitri: posts big blind $3
*** HOLE CARDS ***
CTPEMAK: raises $3 to $6
VolkovDmitri: calls $3
*** FLOP *** [2c 5d 7s]
VolkovDmitri: checks
CTPEMAK: checks
*** TURN *** [2c 5d 7s] [5h]
VolkovDmitri: bets $6
CTPEMAK: folds
Uncalled bet ($6) returned to VolkovDmitri
VolkovDmitri collected $11.76 from pot
VolkovDmitri: doesn't show hand
*** SUMMARY ***
Total pot $12 | Rake $0.24
Board [2c 5d 7s 5h]
Seat 1: VolkovDmitri (big blind) collected ($11.76)
Seat 3: CTPEMAK (button) (small blind) folded on the Turn


PokerStars Hand #145898550966:  Hold'em Limit ($3/$6 USD) - 2015/12/25 11:58:29 ET
Table 'Octavia' 6-max Seat #1 is the button
Seat 1: VolkovDmitri ($147.26 in chips)
Seat 3: CTPEMAK ($72 in chips)
VolkovDmitri: posts small blind $1
CTPEMAK: posts big blind $3
*** HOLE CARDS ***
VolkovDmitri: raises $3 to $6
CTPEMAK: calls $3
*** FLOP *** [Qc 4s 9d]
AzureCaper leaves the table
CTPEMAK: checks
VolkovDmitri: bets $3
CTPEMAK: calls $3
*** TURN *** [Qc 4s 9d] [Qd]
CTPEMAK: checks
VolkovDmitri: bets $6
CTPEMAK: raises $6 to $12
VolkovDmitri: calls $6
*** RIVER *** [Qc 4s 9d Qd] [Ac]
CTPEMAK: checks
VolkovDmitri: checks
*** SHOW DOWN ***
CTPEMAK: shows [2s 2d] (two pair, Queens and Deuces)
VolkovDmitri: shows [Kc Kh] (two pair, Kings and Queens)
VolkovDmitri collected $41.50 from pot
*** SUMMARY ***
Total pot $42 | Rake $0.50
Board [Qc 4s 9d Qd Ac]
Seat 1: VolkovDmitri (button) (small blind) showed [Kc Kh] and won ($41.50) with two pair, Kings and Queens
Seat 3: CTPEMAK (big blind) showed [2s 2d] and lost with two pair, Queens and Deuces


PokerStars Hand #145898562676:  Hold'em Limit ($3/$6 USD) - 2015/12/25 11:58:48 ET
Table 'Octavia' 6-max Seat #3 is the button
Seat 1: VolkovDmitri ($167.76 in chips)
Seat 3: CTPEMAK ($51 in chips)
CTPEMAK: posts small blind $1
VolkovDmitri: posts big blind $3
*** HOLE CARDS ***
CTPEMAK: folds
Uncalled bet ($2) returned to VolkovDmitri
VolkovDmitri collected $2 from pot
VolkovDmitri: doesn't show hand
*** SUMMARY ***
Total pot $2 | Rake $0
Seat 1: VolkovDmitri (big blind) collected ($2)
Seat 3: CTPEMAK (button) (small blind) folded before Flop


PokerStars Hand #145898572108:  Hold'em Limit ($3/$6 USD) - 2015/12/25 11:59:03 ET
Table 'Octavia' 6-max Seat #3 is the button
Seat 1: VolkovDmitri ($167.76 in chips)
Seat 3: CTPEMAK ($51 in chips)
CTPEMAK: posts small blind $1
VolkovDmitri: posts big blind $3
*** HOLE CARDS ***
CTPEMAK: folds
Uncalled bet ($2) returned to VolkovDmitri
VolkovDmitri collected $2 from pot
VolkovDmitri: doesn't show hand
*** SUMMARY ***
Total pot $2 | Rake $0
Seat 1: VolkovDmitri (big blind) collected ($2)
Seat 3: CTPEMAK (button) (small blind) folded before Flop


PokerStars Hand #145898565519:  Hold'em Limit ($3/$6 USD) - 2015/12/25 11:58:52 ET
Table 'Octavia' 6-max Seat #1 is the button
Seat 1: VolkovDmitri ($168.76 in chips)
Seat 3: CTPEMAK ($50 in chips)
VolkovDmitri: posts small blind $1
CTPEMAK: posts big blind $3
*** HOLE CARDS ***
VolkovDmitri: folds
Uncalled bet ($2) returned to CTPEMAK
CTPEMAK collected $2 from pot
*** SUMMARY ***
Total pot $2 | Rake $0
Seat 1: VolkovDmitri (button) (small blind) folded before Flop
Seat 3: CTPEMAK (big blind) collected ($2)


PokerStars Hand #145898590790:  Hold'em Limit ($3/$6 USD) - 2015/12/25 11:59:32 ET
Table 'Octavia' 6-max Seat #3 is the button
Seat 1: VolkovDmitri ($147.76 in chips)
Seat 3: CTPEMAK ($70.50 in chips)
CTPEMAK: posts small blind $1
VolkovDmitri: posts big blind $3
*** HOLE CARDS ***
CTPEMAK: raises $3 to $6
VolkovDmitri: raises $3 to $9
CTPEMAK: calls $3
*** FLOP *** [Td 5c Jc]
VolkovDmitri: bets $3
CTPEMAK: calls $3
*** TURN *** [Td 5c Jc] [4c]
VolkovDmitri: checks
CTPEMAK: checks
*** RIVER *** [Td 5c Jc 4c] [Js]
VolkovDmitri: checks
CTPEMAK: checks
*** SHOW DOWN ***
VolkovDmitri: shows [Ah 6h] (a pair of Jacks)
CTPEMAK: shows [8s As] (a pair of Jacks - Ace+Ten+Eight kicker)
CTPEMAK collected $23.52 from pot
*** SUMMARY ***
Total pot $24 | Rake $0.48
Board [Td 5c Jc 4c Js]
Seat 1: VolkovDmitri (big blind) showed [Ah 6h] and lost with a pair of Jacks
Seat 3: CTPEMAK (button) (small blind) showed [8s As] and won ($23.52) with a pair of Jacks


PokerStars Hand #145898575073:  Hold'em Limit ($3/$6 USD) - 2015/12/25 11:59:07 ET
Table 'Octavia' 6-max Seat #1 is the button
Seat 1: VolkovDmitri ($168.76 in chips)
Seat 3: CTPEMAK ($50 in chips)
VolkovDmitri: posts small blind $1
CTPEMAK: posts big blind $3
*** HOLE CARDS ***
VolkovDmitri: raises $3 to $6
CTPEMAK: calls $3
*** FLOP *** [2c Qd 7d]
CTPEMAK: checks
VolkovDmitri: bets $3
CTPEMAK: calls $3
*** TURN *** [2c Qd 7d] [5h]
CTPEMAK: checks
VolkovDmitri: bets $6
CTPEMAK: calls $6
*** RIVER *** [2c Qd 7d 5h] [8s]
CTPEMAK: bets $6
VolkovDmitri: calls $6
*** SHOW DOWN ***
CTPEMAK: shows [4c 6c] (a straight, Four to Eight)
VolkovDmitri: mucks hand
CTPEMAK collected $41.50 from pot
*** SUMMARY ***
Total pot $42 | Rake $0.50
Board [2c Qd 7d 5h 8s]
Seat 1: VolkovDmitri (button) (small blind) mucked
Seat 3: CTPEMAK (big blind) showed [4c 6c] and won ($41.50) with a straight, Four to Eight


PokerStars Hand #145898625944:  Hold'em Limit ($3/$6 USD) - 2015/12/25 12:00:27 ET
Table 'Octavia' 6-max Seat #3 is the button
Seat 1: VolkovDmitri ($165.26 in chips)
Seat 3: CTPEMAK ($52.02 in chips)
CTPEMAK: posts small blind $1
VolkovDmitri: posts big blind $3
*** HOLE CARDS ***
CTPEMAK: folds
Uncalled bet ($2) returned to VolkovDmitri
VolkovDmitri collected $2 from pot
VolkovDmitri: doesn't show hand
*** SUMMARY ***
Total pot $2 | Rake $0
Seat 1: VolkovDmitri (big blind) collected ($2)
Seat 3: CTPEMAK (button) (small blind) folded before Flop


PokerStars Hand #145898629500:  Hold'em Limit ($3/$6 USD) - 2015/12/25 12:00:33 ET
Table 'Octavia' 6-max Seat #1 is the button
Seat 1: VolkovDmitri ($166.26 in chips)
Seat 3: CTPEMAK ($51.02 in chips)
VolkovDmitri: posts small blind $1
CTPEMAK: posts big blind $3
*** HOLE CARDS ***
VolkovDmitri: raises $3 to $6
CTPEMAK: calls $3
*** FLOP *** [6h 5c 6d]
CTPEMAK: checks
VolkovDmitri: bets $3
CTPEMAK: calls $3
*** TURN *** [6h 5c 6d] [Ks]
CTPEMAK: checks
VolkovDmitri: checks
*** RIVER *** [6h 5c 6d Ks] [4h]
CTPEMAK: checks
VolkovDmitri: bets $6
CTPEMAK: folds
Uncalled bet ($6) returned to VolkovDmitri
VolkovDmitri collected $17.64 from pot
VolkovDmitri: doesn't show hand
*** SUMMARY ***
Total pot $18 | Rake $0.36
Board [6h 5c 6d Ks 4h]
Seat 1: VolkovDmitri (button) (small blind) collected ($17.64)
Seat 3: CTPEMAK (big blind) folded on the River


PokerStars Hand #145898603163:  Hold'em Limit ($3/$6 USD) - 2015/12/25 11:59:52 ET
Table 'Octavia' 6-max Seat #1 is the button
Seat 1: VolkovDmitri ($135.76 in chips)
Seat 3: CTPEMAK ($82.02 in chips)
VolkovDmitri: posts small blind $1
CTPEMAK: posts big blind $3
*** HOLE CARDS ***
VolkovDmitri: raises $3 to $6
CTPEMAK: raises $3 to $9
VolkovDmitri: calls $3
*** FLOP *** [5c 8h Kd]
CTPEMAK: bets $3
VolkovDmitri: calls $3
*** TURN *** [5c 8h Kd] [3d]
CTPEMAK: bets $6
VolkovDmitri: raises $6 to $12
CTPEMAK: calls $6
*** RIVER *** [5c 8h Kd 3d] [2s]
CTPEMAK: checks
VolkovDmitri: bets $6
CTPEMAK: calls $6
*** SHOW DOWN ***
VolkovDmitri: shows [2d Kh] (two pair, Kings and Deuces)
CTPEMAK: mucks hand
VolkovDmitri collected $59.50 from pot
*** SUMMARY ***
Total pot $60 | Rake $0.50
Board [5c 8h Kd 3d 2s]
Seat 1: VolkovDmitri (button) (small blind) showed [2d Kh] and won ($59.50) with two pair, Kings and Deuces
Seat 3: CTPEMAK (big blind) mucked


PokerStars Hand #145898673339:  Hold'em Limit ($3/$6 USD) - 2015/12/25 12:01:36 ET
Table 'Octavia' 6-max Seat #3 is the button
Seat 1: VolkovDmitri ($153.90 in chips)
Seat 3: CTPEMAK ($62.28 in chips)
CTPEMAK: posts small blind $1
VolkovDmitri: posts big blind $3
*** HOLE CARDS ***
CTPEMAK: raises $3 to $6
VolkovDmitri: calls $3
*** FLOP *** [3c 9c Jh]
VolkovDmitri: checks
CTPEMAK: checks
*** TURN *** [3c 9c Jh] [5c]
VolkovDmitri: bets $6
CTPEMAK: calls $6
*** RIVER *** [3c 9c Jh 5c] [4c]
VolkovDmitri: checks
CTPEMAK: checks
*** SHOW DOWN ***
VolkovDmitri: shows [2s Ah] (a straight, Ace to Five)
CTPEMAK: shows [8h Ad] (high card Ace)
VolkovDmitri collected $23.52 from pot
*** SUMMARY ***
Total pot $24 | Rake $0.48
Board [3c 9c Jh 5c 4c]
Seat 1: VolkovDmitri (big blind) showed [2s Ah] and won ($23.52) with a straight, Ace to Five
Seat 3: CTPEMAK (button) (small blind) showed [8h Ad] and lost with high card Ace


PokerStars Hand #145898689344:  Hold'em Limit ($3/$6 USD) - 2015/12/25 12:01:58 ET
Table 'Octavia' 6-max Seat #1 is the button
Seat 1: VolkovDmitri ($165.42 in chips)
Seat 3: CTPEMAK ($50.28 in chips)
VolkovDmitri: posts small blind $1
CTPEMAK: posts big blind $3
*** HOLE CARDS ***
VolkovDmitri: raises $3 to $6
CTPEMAK: calls $3
*** FLOP *** [Jc 5h 8c]
CTPEMAK: checks
VolkovDmitri: bets $3
CTPEMAK: folds
Uncalled bet ($3) returned to VolkovDmitri
VolkovDmitri collected $11.76 from pot
VolkovDmitri: doesn't show hand
*** SUMMARY ***
Total pot $12 | Rake $0.24
Board [Jc 5h 8c]
Seat 1: VolkovDmitri (button) (small blind) collected ($11.76)
Seat 3: CTPEMAK (big blind) folded on the Flop


PokerStars Hand #145898659449:  Hold'em Limit ($3/$6 USD) - 2015/12/25 12:01:17 ET
Table 'Octavia' 6-max Seat #1 is the button
Seat 1: VolkovDmitri ($168.90 in chips)
Seat 3: CTPEMAK ($47.78 in chips)
VolkovDmitri: posts small blind $1
CTPEMAK: posts big blind $3
*** HOLE CARDS ***
VolkovDmitri: raises $3 to $6
CTPEMAK: calls $3
*** FLOP *** [7h 3s 6s]
CTPEMAK: checks
VolkovDmitri: bets $3
CTPEMAK: calls $3
*** TURN *** [7h 3s 6s] [6d]
CTPEMAK: checks
VolkovDmitri: checks
*** RIVER *** [7h 3s 6s 6d] [Qd]
CTPEMAK: bets $6
VolkovDmitri: calls $6
*** SHOW DOWN ***
CTPEMAK: shows [Jd Qs] (two pair, Queens and Sixes)
VolkovDmitri: mucks hand
CTPEMAK collected $29.50 from pot
*** SUMMARY ***
Total pot $30 | Rake $0.50
Board [7h 3s 6s 6d Qd]
Seat 1: VolkovDmitri (button) (small blind) mucked
Seat 3: CTPEMAK (big blind) showed [Jd Qs] and won ($29.50) with two pair, Queens and Sixes


PokerStars Hand #145898720232:  Hold'em Limit ($3/$6 USD) - 2015/12/25 12:02:40 ET
Table 'Octavia' 6-max Seat #1 is the button
Seat 1: VolkovDmitri ($165.18 in chips)
Seat 3: CTPEMAK ($50.04 in chips)
VolkovDmitri: posts small blind $1
CTPEMAK: posts big blind $3
*** HOLE CARDS ***
VolkovDmitri: raises $3 to $6
CTPEMAK: calls $3
*** FLOP *** [3c Jh Js]
CTPEMAK: checks
VolkovDmitri: bets $3
CTPEMAK: raises $3 to $6
VolkovDmitri: calls $3
*** TURN *** [3c Jh Js] [8h]
CTPEMAK: bets $6
VolkovDmitri: calls $6
*** RIVER *** [3c Jh Js 8h] [5c]
CTPEMAK: checks
VolkovDmitri: bets $6
CTPEMAK: calls $6
*** SHOW DOWN ***
VolkovDmitri: shows [5h Ah] (two pair, Jacks and Fives)
CTPEMAK: mucks hand
VolkovDmitri collected $47.50 from pot
*** SUMMARY ***
Total pot $48 | Rake $0.50
Board [3c Jh Js 8h 5c]
Seat 1: VolkovDmitri (button) (small blind) showed [5h Ah] and won ($47.50) with two pair, Jacks and Fives
Seat 3: CTPEMAK (big blind) mucked


PokerStars Hand #145898700547:  Hold'em Limit ($3/$6 USD) - 2015/12/25 12:02:13 ET
Table 'Octavia' 6-max Seat #3 is the button
Seat 1: VolkovDmitri ($171.18 in chips)
Seat 3: CTPEMAK ($44.28 in chips)
CTPEMAK: posts small blind $1
VolkovDmitri: posts big blind $3
*** HOLE CARDS ***
CTPEMAK: raises $3 to $6
VolkovDmitri: calls $3
*** FLOP *** [5c Ks 8h]
VolkovDmitri: checks
CTPEMAK: bets $3
VolkovDmitri: folds
Uncalled bet ($3) returned to CTPEMAK
CTPEMAK collected $11.76 from pot
*** SUMMARY ***
Total pot $12 | Rake $0.24
Board [5c Ks 8h]
Seat 1: VolkovDmitri (big blind) folded on the Flop
Seat 3: CTPEMAK (button) (small blind) collected ($11.76)


PokerStars Hand #145898762143:  Hold'em Limit ($3/$6 USD) - 2015/12/25 12:03:36 ET
Table 'Octavia' 6-max Seat #3 is the button
Seat 1: VolkovDmitri ($176.68 in chips)
Seat 3: CTPEMAK ($37.54 in chips)
CTPEMAK: posts small blind $1
VolkovDmitri: posts big blind $3
*** HOLE CARDS ***
CTPEMAK: folds
Uncalled bet ($2) returned to VolkovDmitri
VolkovDmitri collected $2 from pot
VolkovDmitri: doesn't show hand
*** SUMMARY ***
Total pot $2 | Rake $0
Seat 1: VolkovDmitri (big blind) collected ($2)
Seat 3: CTPEMAK (button) (small blind) folded before Flop


PokerStars Hand #145898756684:  Hold'em Limit ($3/$6 USD) - 2015/12/25 12:03:29 ET
Table 'Octavia' 6-max Seat #1 is the button
Seat 1: VolkovDmitri ($173.68 in chips)
Seat 3: CTPEMAK ($40.54 in chips)
VolkovDmitri: posts small blind $1
CTPEMAK: posts big blind $3
*** HOLE CARDS ***
VolkovDmitri: raises $3 to $6
CTPEMAK: folds
Uncalled bet ($3) returned to VolkovDmitri
VolkovDmitri collected $6 from pot
VolkovDmitri: doesn't show hand
*** SUMMARY ***
Total pot $6 | Rake $0
Seat 1: VolkovDmitri (button) (small blind) collected ($6)
Seat 3: CTPEMAK (big blind) folded before Flop


PokerStars Hand #145898788990:  Hold'em Limit ($3/$6 USD) - 2015/12/25 12:04:12 ET
Table 'Octavia' 6-max Seat #3 is the button
Seat 1: VolkovDmitri ($168.68 in chips)
Seat 3: CTPEMAK ($45.18 in chips)
CTPEMAK: posts small blind $1
VolkovDmitri: posts big blind $3
*** HOLE CARDS ***
CTPEMAK: folds
Uncalled bet ($2) returned to VolkovDmitri
VolkovDmitri collected $2 from pot
VolkovDmitri: doesn't show hand
*** SUMMARY ***
Total pot $2 | Rake $0
Seat 1: VolkovDmitri (big blind) collected ($2)
Seat 3: CTPEMAK (button) (small blind) folded before Flop


PokerStars Hand #145898740291:  Hold'em Limit ($3/$6 USD) - 2015/12/25 12:03:07 ET
Table 'Octavia' 6-max Seat #3 is the button
Seat 1: VolkovDmitri ($188.68 in chips)
Seat 3: CTPEMAK ($26.04 in chips)
CTPEMAK: posts small blind $1
VolkovDmitri: posts big blind $3
*** HOLE CARDS ***
CTPEMAK: raises $3 to $6
VolkovDmitri: calls $3
*** FLOP *** [9c 7c 6h]
VolkovDmitri: checks
CTPEMAK: bets $3
VolkovDmitri: calls $3
*** TURN *** [9c 7c 6h] [3h]
VolkovDmitri: checks
CTPEMAK: bets $6
VolkovDmitri: calls $6
*** RIVER *** [9c 7c 6h 3h] [Td]
VolkovDmitri: checks
CTPEMAK: checks
*** SHOW DOWN ***
VolkovDmitri: shows [5c Ts] (a pair of Tens)
CTPEMAK: shows [8d Ac] (a straight, Six to Ten)
CTPEMAK collected $29.50 from pot
*** SUMMARY ***
Total pot $30 | Rake $0.50
Board [9c 7c 6h 3h Td]
Seat 1: VolkovDmitri (big blind) showed [5c Ts] and lost with a pair of Tens
Seat 3: CTPEMAK (button) (small blind) showed [8d Ac] and won ($29.50) with a straight, Six to Ten


PokerStars Hand #145898766260:  Hold'em Limit ($3/$6 USD) - 2015/12/25 12:03:41 ET
Table 'Octavia' 6-max Seat #1 is the button
Seat 1: VolkovDmitri ($177.68 in chips)
Seat 3: CTPEMAK ($36.54 in chips)
VolkovDmitri: posts small blind $1
CTPEMAK: posts big blind $3
*** HOLE CARDS ***
VolkovDmitri: raises $3 to $6
CTPEMAK: calls $3
*** FLOP *** [Ks Qh Ad]
CTPEMAK: checks
VolkovDmitri: bets $3
CTPEMAK: calls $3
*** TURN *** [Ks Qh Ad] [Th]
CTPEMAK: checks
VolkovDmitri: checks
*** RIVER *** [Ks Qh Ad Th] [6s]
CTPEMAK: checks
VolkovDmitri: checks
*** SHOW DOWN ***
CTPEMAK: shows [4h Td] (a pair of Tens)
VolkovDmitri: mucks hand
CTPEMAK collected $17.64 from pot
*** SUMMARY ***
Total pot $18 | Rake $0.36
Board [Ks Qh Ad Th 6s]
Seat 1: VolkovDmitri (button) (small blind) mucked
Seat 3: CTPEMAK (big blind) showed [4h Td] and won ($17.64) with a pair of Tens


PokerStars Hand #145898785272:  Hold'em Limit ($3/$6 USD) - 2015/12/25 12:04:07 ET
Table 'Octavia' 6-max Seat #1 is the button
Seat 1: VolkovDmitri ($169.68 in chips)
Seat 3: CTPEMAK ($44.18 in chips)
VolkovDmitri: posts small blind $1
CTPEMAK: posts big blind $3
*** HOLE CARDS ***
VolkovDmitri: folds
Uncalled bet ($2) returned to CTPEMAK
CTPEMAK collected $2 from pot
*** SUMMARY ***
Total pot $2 | Rake $0
Seat 1: VolkovDmitri (button) (small blind) folded before Flop
Seat 3: CTPEMAK (big blind) collected ($2)


PokerStars Hand #145898781501:  Hold'em Limit ($3/$6 USD) - 2015/12/25 12:04:02 ET
Table 'Octavia' 6-max Seat #3 is the button
Seat 1: VolkovDmitri ($168.68 in chips)
Seat 3: CTPEMAK ($45.18 in chips)
CTPEMAK: posts small blind $1
VolkovDmitri: posts big blind $3
*** HOLE CARDS ***
CTPEMAK: folds
Uncalled bet ($2) returned to VolkovDmitri
VolkovDmitri collected $2 from pot
VolkovDmitri: doesn't show hand
*** SUMMARY ***
Total pot $2 | Rake $0
Seat 1: VolkovDmitri (big blind) collected ($2)
Seat 3: CTPEMAK (button) (small blind) folded before Flop


PokerStars Hand #145898792377:  Hold'em Limit ($3/$6 USD) - 2015/12/25 12:04:16 ET
Table 'Octavia' 6-max Seat #1 is the button
Seat 1: VolkovDmitri ($169.68 in chips)
Seat 3: CTPEMAK ($44.18 in chips)
VolkovDmitri: posts small blind $1
CTPEMAK: posts big blind $3
*** HOLE CARDS ***
VolkovDmitri: raises $3 to $6
CTPEMAK: calls $3
*** FLOP *** [6s Qd 2d]
CTPEMAK: checks
VolkovDmitri: bets $3
CTPEMAK: folds
Uncalled bet ($3) returned to VolkovDmitri
VolkovDmitri collected $11.76 from pot
VolkovDmitri: doesn't show hand
*** SUMMARY ***
Total pot $12 | Rake $0.24
Board [6s Qd 2d]
Seat 1: VolkovDmitri (button) (small blind) collected ($11.76)
Seat 3: CTPEMAK (big blind) folded on the Flop


PokerStars Hand #145898829319:  Hold'em Limit ($3/$6 USD) - 2015/12/25 12:05:05 ET
Table 'Octavia' 6-max Seat #1 is the button
Seat 1: VolkovDmitri ($186.96 in chips)
Seat 3: CTPEMAK ($26.18 in chips)
VolkovDmitri: posts small blind $1
CTPEMAK: posts big blind $3
*** HOLE CARDS ***
VolkovDmitri: raises $3 to $6
CTPEMAK: calls $3
*** FLOP *** [4s Js Ts]
CTPEMAK: checks
VolkovDmitri: bets $3
CTPEMAK: calls $3
*** TURN *** [4s Js Ts] [8c]
CTPEMAK: checks
VolkovDmitri: checks
*** RIVER *** [4s Js Ts 8c] [7s]
CTPEMAK: checks
VolkovDmitri: bets $6
CTPEMAK: calls $6
*** SHOW DOWN ***
VolkovDmitri: shows [6h 5s] (a flush, Jack high)
CTPEMAK: shows [Ac 6s] (a flush, Jack high - Six higher)
CTPEMAK collected $29.50 from pot
*** SUMMARY ***
Total pot $30 | Rake $0.50
Board [4s Js Ts 8c 7s]
Seat 1: VolkovDmitri (button) (small blind) showed [6h 5s] and lost with a flush, Jack high
Seat 3: CTPEMAK (big blind) showed [Ac 6s] and won ($29.50) with a flush, Jack high


PokerStars Hand #145898847023:  Hold'em Limit ($3/$6 USD) - 2015/12/25 12:05:28 ET
Table 'Octavia' 6-max Seat #1 is the button
Seat 1: VolkovDmitri ($172.96 in chips)
Seat 3: CTPEMAK ($39.68 in chips)
VolkovDmitri: posts small blind $1
CTPEMAK: posts big blind $3
*** HOLE CARDS ***
VolkovDmitri: raises $3 to $6
CTPEMAK: calls $3
*** FLOP *** [Jh 9c Kc]
CTPEMAK: checks
VolkovDmitri: bets $3
CTPEMAK: calls $3
*** TURN *** [Jh 9c Kc] [Ad]
CTPEMAK: checks
VolkovDmitri: checks
*** RIVER *** [Jh 9c Kc Ad] [2d]
CTPEMAK: checks
VolkovDmitri: checks
*** SHOW DOWN ***
CTPEMAK: shows [6s 9s] (a pair of Nines)
VolkovDmitri: mucks hand
CTPEMAK collected $17.64 from pot
*** SUMMARY ***
Total pot $18 | Rake $0.36
Board [Jh 9c Kc Ad 2d]
Seat 1: VolkovDmitri (button) (small blind) mucked
Seat 3: CTPEMAK (big blind) showed [6s 9s] and won ($17.64) with a pair of Nines


PokerStars Hand #145898843132:  Hold'em Limit ($3/$6 USD) - 2015/12/25 12:05:23 ET
Table 'Octavia' 6-max Seat #3 is the button
Seat 1: VolkovDmitri ($171.96 in chips)
Seat 3: CTPEMAK ($40.68 in chips)
CTPEMAK: posts small blind $1
VolkovDmitri: posts big blind $3
*** HOLE CARDS ***
CTPEMAK: folds
Uncalled bet ($2) returned to VolkovDmitri
VolkovDmitri collected $2 from pot
VolkovDmitri: doesn't show hand
*** SUMMARY ***
Total pot $2 | Rake $0
Seat 1: VolkovDmitri (big blind) collected ($2)
Seat 3: CTPEMAK (button) (small blind) folded before Flop


PokerStars Hand #145898890785:  Hold'em Limit ($3/$6 USD) - 2015/12/25 12:06:26 ET
Table 'Octavia' 6-max Seat #1 is the button
Seat 1: VolkovDmitri ($175.48 in chips)
Seat 3: CTPEMAK ($36.32 in chips)
VolkovDmitri: posts small blind $1
CTPEMAK: posts big blind $3
*** HOLE CARDS ***
VolkovDmitri: raises $3 to $6
CTPEMAK: calls $3
*** FLOP *** [Ah 6s Th]
CTPEMAK: checks
VolkovDmitri: bets $3
CTPEMAK: folds
Uncalled bet ($3) returned to VolkovDmitri
VolkovDmitri collected $11.76 from pot
VolkovDmitri: doesn't show hand
*** SUMMARY ***
Total pot $12 | Rake $0.24
Board [Ah 6s Th]
Seat 1: VolkovDmitri (button) (small blind) collected ($11.76)
Seat 3: CTPEMAK (big blind) folded on the Flop


PokerStars Hand #145898862855:  Hold'em Limit ($3/$6 USD) - 2015/12/25 12:05:49 ET
Table 'Octavia' 6-max Seat #3 is the button
Seat 1: VolkovDmitri ($163.96 in chips)
Seat 3: CTPEMAK ($48.32 in chips)
CTPEMAK: posts small blind $1
VolkovDmitri: posts big blind $3
*** HOLE CARDS ***
CTPEMAK: raises $3 to $6
VolkovDmitri: calls $3
*** FLOP *** [Js 5d Ah]
VolkovDmitri: checks
CTPEMAK: checks
*** TURN *** [Js 5d Ah] [3c]
VolkovDmitri: bets $6
CTPEMAK: calls $6
*** RIVER *** [Js 5d Ah 3c] [Tc]
VolkovDmitri: checks
CTPEMAK: checks
*** SHOW DOWN ***
VolkovDmitri: shows [5c Ks] (a pair of Fives)
CTPEMAK: mucks hand
VolkovDmitri collected $23.52 from pot
*** SUMMARY ***
Total pot $24 | Rake $0.48
Board [Js 5d Ah 3c Tc]
Seat 1: VolkovDmitri (big blind) showed [5c Ks] and won ($23.52) with a pair of Fives
Seat 3: CTPEMAK (button) (small blind) mucked


PokerStars Hand #145898929275:  Hold'em Limit ($3/$6 USD) - 2015/12/25 12:07:16 ET
Table 'Octavia' 6-max Seat #3 is the button
Seat 1: VolkovDmitri ($155.24 in chips)
Seat 3: CTPEMAK ($55.82 in chips)
CTPEMAK: posts small blind $1
VolkovDmitri: posts big blind $3
*** HOLE CARDS ***
CTPEMAK: folds
Uncalled bet ($2) returned to VolkovDmitri
VolkovDmitri collected $2 from pot
VolkovDmitri: doesn't show hand
*** SUMMARY ***
Total pot $2 | Rake $0
Seat 1: VolkovDmitri (big blind) collected ($2)
Seat 3: CTPEMAK (button) (small blind) folded before Flop


PokerStars Hand #145898908884:  Hold'em Limit ($3/$6 USD) - 2015/12/25 12:06:50 ET
Table 'Octavia' 6-max Seat #1 is the button
Seat 1: VolkovDmitri ($182.24 in chips)
Seat 3: CTPEMAK ($29.32 in chips)
VolkovDmitri: posts small blind $1
CTPEMAK: posts big blind $3
*** HOLE CARDS ***
VolkovDmitri: raises $3 to $6
CTPEMAK: calls $3
*** FLOP *** [5h Kh 7c]
CTPEMAK: checks
VolkovDmitri: bets $3
CTPEMAK: calls $3
*** TURN *** [5h Kh 7c] [8d]
CTPEMAK: checks
VolkovDmitri: bets $6
CTPEMAK: raises $6 to $12
VolkovDmitri: calls $6
*** RIVER *** [5h Kh 7c 8d] [6h]
CTPEMAK: bets $6
VolkovDmitri: calls $6
*** SHOW DOWN ***
CTPEMAK: shows [2c Kc] (a pair of Kings)
VolkovDmitri: mucks hand
CTPEMAK collected $53.50 from pot
*** SUMMARY ***
Total pot $54 | Rake $0.50
Board [5h Kh 7c 8d 6h]
Seat 1: VolkovDmitri (button) (small blind) mucked
Seat 3: CTPEMAK (big blind) showed [2c Kc] and won ($53.50) with a pair of Kings


PokerStars Hand #145898954601:  Hold'em Limit ($3/$6 USD) - 2015/12/25 12:07:50 ET
Table 'Octavia' 6-max Seat #3 is the button
Seat 1: VolkovDmitri ($164.88 in chips)
Seat 3: CTPEMAK ($45.82 in chips)
CTPEMAK: posts small blind $1
VolkovDmitri: posts big blind $3
*** HOLE CARDS ***
CTPEMAK: folds
Uncalled bet ($2) returned to VolkovDmitri
VolkovDmitri collected $2 from pot
VolkovDmitri: doesn't show hand
*** SUMMARY ***
Total pot $2 | Rake $0
Seat 1: VolkovDmitri (big blind) collected ($2)
Seat 3: CTPEMAK (button) (small blind) folded before Flop


PokerStars Hand #145898932921:  Hold'em Limit ($3/$6 USD) - 2015/12/25 12:07:21 ET
Table 'Octavia' 6-max Seat #1 is the button
Seat 1: VolkovDmitri ($156.24 in chips)
Seat 3: CTPEMAK ($54.82 in chips)
VolkovDmitri: posts small blind $1
CTPEMAK: posts big blind $3
*** HOLE CARDS ***
VolkovDmitri: raises $3 to $6
CTPEMAK: calls $3
*** FLOP *** [Ad 8d Jh]
CTPEMAK: checks
VolkovDmitri: bets $3
CTPEMAK: calls $3
*** TURN *** [Ad 8d Jh] [Ks]
CTPEMAK: checks
VolkovDmitri: checks
*** RIVER *** [Ad 8d Jh Ks] [5s]
CTPEMAK: checks
VolkovDmitri: bets $6
CTPEMAK: folds
Uncalled bet ($6) returned to VolkovDmitri
VolkovDmitri collected $17.64 from pot
VolkovDmitri: doesn't show hand
*** SUMMARY ***
Total pot $18 | Rake $0.36
Board [Ad 8d Jh Ks 5s]
Seat 1: VolkovDmitri (button) (small blind) collected ($17.64)
Seat 3: CTPEMAK (big blind) folded on the River


PokerStars Hand #145898993065:  Hold'em Limit ($3/$6 USD) - 2015/12/25 12:08:40 ET
Table 'Octavia' 6-max Seat #1 is the button
Seat 1: VolkovDmitri ($162.64 in chips)
Seat 3: CTPEMAK ($47.46 in chips)
VolkovDmitri: posts small blind $1
CTPEMAK: posts big blind $3
*** HOLE CARDS ***
VolkovDmitri: raises $3 to $6
CTPEMAK: calls $3
*** FLOP *** [As 7s 9s]
CTPEMAK: checks
VolkovDmitri: bets $3
CTPEMAK: calls $3
*** TURN *** [As 7s 9s] [Qh]
CTPEMAK: checks
VolkovDmitri: bets $6
CTPEMAK: folds
Uncalled bet ($6) returned to VolkovDmitri
VolkovDmitri collected $17.64 from pot
VolkovDmitri: doesn't show hand
*** SUMMARY ***
Total pot $18 | Rake $0.36
Board [As 7s 9s Qh]
Seat 1: VolkovDmitri (button) (small blind) collected ($17.64)
Seat 3: CTPEMAK (big blind) folded on the Turn


PokerStars Hand #145899039140:  Hold'em Limit ($3/$6 USD) - 2015/12/25 12:09:41 ET
Table 'Octavia' 6-max Seat #1 is the button
Seat 1: VolkovDmitri ($162.28 in chips)
Seat 3: CTPEMAK ($47.10 in chips)
VolkovDmitri: posts small blind $1
CTPEMAK: posts big blind $3
*** HOLE CARDS ***
VolkovDmitri: folds
Uncalled bet ($2) returned to CTPEMAK
CTPEMAK collected $2 from pot
*** SUMMARY ***
Total pot $2 | Rake $0
Seat 1: VolkovDmitri (button) (small blind) folded before Flop
Seat 3: CTPEMAK (big blind) collected ($2)


PokerStars Hand #145899008408:  Hold'em Limit ($3/$6 USD) - 2015/12/25 12:09:00 ET
Table 'Octavia' 6-max Seat #3 is the button
Seat 1: VolkovDmitri ($171.28 in chips)
Seat 3: CTPEMAK ($38.46 in chips)
CTPEMAK: posts small blind $1
VolkovDmitri: posts big blind $3
*** HOLE CARDS ***
CTPEMAK: raises $3 to $6
VolkovDmitri: calls $3
*** FLOP *** [6s 8d 4h]
VolkovDmitri: checks
CTPEMAK: bets $3
VolkovDmitri: calls $3
*** TURN *** [6s 8d 4h] [Kc]
VolkovDmitri: checks
CTPEMAK: bets $6
SmellyToes4u joins the table at seat #4
VolkovDmitri: folds
Uncalled bet ($6) returned to CTPEMAK
CTPEMAK collected $17.64 from pot
*** SUMMARY ***
Total pot $18 | Rake $0.36
Board [6s 8d 4h Kc]
Seat 1: VolkovDmitri (big blind) folded on the Turn
Seat 3: CTPEMAK (button) (small blind) collected ($17.64)


PokerStars Hand #145899212633:  Hold'em Limit ($3/$6 USD) - 2015/12/25 12:13:31 ET
Table 'Octavia' 6-max Seat #3 is the button
Seat 3: CTPEMAK ($57.52 in chips)
Seat 4: SmellyToes4u ($149.68 in chips)
CTPEMAK: posts small blind $1
SmellyToes4u: posts big blind $3
*** HOLE CARDS ***
CTPEMAK: raises $3 to $6
SmellyToes4u: raises $3 to $9
CTPEMAK: raises $3 to $12
Betting is capped
SmellyToes4u: calls $3
*** FLOP *** [5c 4s Td]
SmellyToes4u: checks
CTPEMAK: bets $3
SmellyToes4u: raises $3 to $6
CTPEMAK: raises $3 to $9
SmellyToes4u: calls $3
*** TURN *** [5c 4s Td] [5s]
SmellyToes4u: checks
CTPEMAK: bets $6
SmellyToes4u: calls $6
*** RIVER *** [5c 4s Td 5s] [2c]
SmellyToes4u: checks
CTPEMAK: bets $6
SmellyToes4u: calls $6
*** SHOW DOWN ***
CTPEMAK: shows [Ts As] (two pair, Tens and Fives)
SmellyToes4u: mucks hand
CTPEMAK collected $65.50 from pot
*** SUMMARY ***
Total pot $66 | Rake $0.50
Board [5c 4s Td 5s 2c]
Seat 3: CTPEMAK (button) (small blind) showed [Ts As] and won ($65.50) with two pair, Tens and Fives
Seat 4: SmellyToes4u (big blind) mucked


PokerStars Hand #145899225156:  Hold'em Limit ($3/$6 USD) - 2015/12/25 12:13:47 ET
Table 'Octavia' 6-max Seat #4 is the button
Seat 3: CTPEMAK ($90.02 in chips)
Seat 4: SmellyToes4u ($116.68 in chips)
SmellyToes4u: posts small blind $1
CTPEMAK: posts big blind $3
*** HOLE CARDS ***
SmellyToes4u: raises $3 to $6
CTPEMAK: calls $3
*** FLOP *** [6h As 9c]
CTPEMAK: checks
SmellyToes4u: bets $3
CTPEMAK: calls $3
*** TURN *** [6h As 9c] [Kc]
CTPEMAK: checks
SmellyToes4u: bets $6
CTPEMAK: folds
Uncalled bet ($6) returned to SmellyToes4u
SmellyToes4u collected $17.64 from pot
*** SUMMARY ***
Total pot $18 | Rake $0.36
Board [6h As 9c Kc]
Seat 3: CTPEMAK (big blind) folded on the Turn
Seat 4: SmellyToes4u (button) (small blind) collected ($17.64)


PokerStars Hand #145899261583:  Hold'em Limit ($3/$6 USD) - 2015/12/25 12:14:36 ET
Table 'Octavia' 6-max Seat #3 is the button
Seat 3: CTPEMAK ($107.52 in chips)
Seat 4: SmellyToes4u ($98.08 in chips)
CTPEMAK: posts small blind $1
SmellyToes4u: posts big blind $3
*** HOLE CARDS ***
CTPEMAK: folds
Uncalled bet ($2) returned to SmellyToes4u
SmellyToes4u collected $2 from pot
SmellyToes4u: doesn't show hand
*** SUMMARY ***
Total pot $2 | Rake $0
Seat 3: CTPEMAK (button) (small blind) folded before Flop
Seat 4: SmellyToes4u (big blind) collected ($2)


PokerStars Hand #145899253913:  Hold'em Limit ($3/$6 USD) - 2015/12/25 12:14:25 ET
Table 'Octavia' 6-max Seat #4 is the button
Seat 3: CTPEMAK ($113.52 in chips)
Seat 4: SmellyToes4u ($92.32 in chips)
SmellyToes4u: posts small blind $1
CTPEMAK: posts big blind $3
*** HOLE CARDS ***
SmellyToes4u: raises $3 to $6
CTPEMAK: calls $3
*** FLOP *** [8s Jh Kc]
CTPEMAK: checks
SmellyToes4u: bets $3
CTPEMAK: folds
Uncalled bet ($3) returned to SmellyToes4u
SmellyToes4u collected $11.76 from pot
SmellyToes4u: doesn't show hand
*** SUMMARY ***
Total pot $12 | Rake $0.24
Board [8s Jh Kc]
Seat 3: CTPEMAK (big blind) folded on the Flop
Seat 4: SmellyToes4u (button) (small blind) collected ($11.76)


PokerStars Hand #145899239138:  Hold'em Limit ($3/$6 USD) - 2015/12/25 12:14:06 ET
Table 'Octavia' 6-max Seat #3 is the button
Seat 3: CTPEMAK ($81.02 in chips)
Seat 4: SmellyToes4u ($125.32 in chips)
CTPEMAK: posts small blind $1
SmellyToes4u: posts big blind $3
*** HOLE CARDS ***
CTPEMAK: raises $3 to $6
SmellyToes4u: calls $3
*** FLOP *** [6s 9s 5d]
SmellyToes4u: checks
CTPEMAK: bets $3
SmellyToes4u: raises $3 to $6
CTPEMAK: raises $3 to $9
SmellyToes4u: calls $3
*** TURN *** [6s 9s 5d] [2s]
SmellyToes4u: checks
CTPEMAK: bets $6
SmellyToes4u: calls $6
*** RIVER *** [6s 9s 5d 2s] [3s]
SmellyToes4u: bets $6
CTPEMAK: raises $6 to $12
SmellyToes4u: calls $6
*** SHOW DOWN ***
CTPEMAK: shows [Ks Qs] (a flush, King high)
SmellyToes4u: mucks hand
CTPEMAK collected $65.50 from pot
*** SUMMARY ***
Total pot $66 | Rake $0.50
Board [6s 9s 5d 2s 3s]
Seat 3: CTPEMAK (button) (small blind) showed [Ks Qs] and won ($65.50) with a flush, King high
Seat 4: SmellyToes4u (big blind) mucked


PokerStars Hand #145899278554:  Hold'em Limit ($3/$6 USD) - 2015/12/25 12:14:58 ET
Table 'Octavia' 6-max Seat #3 is the button
Seat 3: CTPEMAK ($115.16 in chips)
Seat 4: SmellyToes4u ($90.08 in chips)
CTPEMAK: posts small blind $1
SmellyToes4u: posts big blind $3
*** HOLE CARDS ***
CTPEMAK: raises $3 to $6
SmellyToes4u: folds
Uncalled bet ($3) returned to CTPEMAK
CTPEMAK collected $6 from pot
CTPEMAK: shows [Js Ah] (high card Ace)
*** SUMMARY ***
Total pot $6 | Rake $0
Seat 3: CTPEMAK (button) (small blind) collected ($6)
Seat 4: SmellyToes4u (big blind) folded before Flop


PokerStars Hand #145899264873:  Hold'em Limit ($3/$6 USD) - 2015/12/25 12:14:40 ET
Table 'Octavia' 6-max Seat #4 is the button
Seat 3: CTPEMAK ($106.52 in chips)
Seat 4: SmellyToes4u ($99.08 in chips)
SmellyToes4u: posts small blind $1
CTPEMAK: posts big blind $3
*** HOLE CARDS ***
SmellyToes4u: raises $3 to $6
CTPEMAK: calls $3
*** FLOP *** [8h Ac Jc]
CTPEMAK: checks
SmellyToes4u: bets $3
CTPEMAK: calls $3
*** TURN *** [8h Ac Jc] [4s]
CTPEMAK: checks
SmellyToes4u: checks
*** RIVER *** [8h Ac Jc 4s] [8d]
CTPEMAK: bets $6
SmellyToes4u: folds
Uncalled bet ($6) returned to CTPEMAK
CTPEMAK collected $17.64 from pot
*** SUMMARY ***
Total pot $18 | Rake $0.36
Board [8h Ac Jc 4s 8d]
Seat 3: CTPEMAK (big blind) collected ($17.64)
Seat 4: SmellyToes4u (button) (small blind) folded on the River


PokerStars Hand #145899284169:  Hold'em Limit ($3/$6 USD) - 2015/12/25 12:15:06 ET
Table 'Octavia' 6-max Seat #4 is the button
Seat 3: CTPEMAK ($118.16 in chips)
Seat 4: SmellyToes4u ($87.08 in chips)
SmellyToes4u: posts small blind $1
CTPEMAK: posts big blind $3
*** HOLE CARDS ***
SmellyToes4u: raises $3 to $6
CTPEMAK: calls $3
*** FLOP *** [6d 7c Ad]
CTPEMAK: checks
SmellyToes4u: bets $3
CTPEMAK: calls $3
*** TURN *** [6d 7c Ad] [5d]
CTPEMAK: checks
SmellyToes4u: bets $6
CTPEMAK: calls $6
*** RIVER *** [6d 7c Ad 5d] [6s]
CTPEMAK: checks
SmellyToes4u: checks
*** SHOW DOWN ***
CTPEMAK: shows [2d 2s] (two pair, Sixes and Deuces)
SmellyToes4u: mucks hand
CTPEMAK collected $29.50 from pot
*** SUMMARY ***
Total pot $30 | Rake $0.50
Board [6d 7c Ad 5d 6s]
Seat 3: CTPEMAK (big blind) showed [2d 2s] and won ($29.50) with two pair, Sixes and Deuces
Seat 4: SmellyToes4u (button) (small blind) mucked


PokerStars Hand #145899302482:  Hold'em Limit ($3/$6 USD) - 2015/12/25 12:15:29 ET
Table 'Octavia' 6-max Seat #4 is the button
Seat 3: CTPEMAK ($131.66 in chips)
Seat 4: SmellyToes4u ($73.08 in chips)
SmellyToes4u: posts small blind $1
CTPEMAK: posts big blind $3
*** HOLE CARDS ***
SmellyToes4u: raises $3 to $6
CTPEMAK: folds
Uncalled bet ($3) returned to SmellyToes4u
SmellyToes4u collected $6 from pot
SmellyToes4u: doesn't show hand
*** SUMMARY ***
Total pot $6 | Rake $0
Seat 3: CTPEMAK (big blind) folded before Flop
Seat 4: SmellyToes4u (button) (small blind) collected ($6)


PokerStars Hand #145899298536:  Hold'em Limit ($3/$6 USD) - 2015/12/25 12:15:24 ET
Table 'Octavia' 6-max Seat #3 is the button
Seat 3: CTPEMAK ($132.66 in chips)
Seat 4: SmellyToes4u ($72.08 in chips)
CTPEMAK: posts small blind $1
SmellyToes4u: posts big blind $3
*** HOLE CARDS ***
CTPEMAK: folds
Uncalled bet ($2) returned to SmellyToes4u
SmellyToes4u collected $2 from pot
SmellyToes4u: doesn't show hand
*** SUMMARY ***
Total pot $2 | Rake $0
Seat 3: CTPEMAK (button) (small blind) folded before Flop
Seat 4: SmellyToes4u (big blind) collected ($2)


PokerStars Hand #145901847399:  Hold'em Limit ($3/$6 USD) - 2015/12/25 13:08:28 ET
Table 'Octavia' 6-max Seat #2 is the button
Seat 2: oj_pimpson ($97.59 in chips)
Seat 5: pokkermon ($93 in chips)
oj_pimpson: posts small blind $1
Xerxesklonk: is sitting out
pokkermon: posts big blind $3
*** HOLE CARDS ***
oj_pimpson: raises $3 to $6
pokkermon: folds
Uncalled bet ($3) returned to oj_pimpson
oj_pimpson collected $6 from pot
*** SUMMARY ***
Total pot $6 | Rake $0
Seat 2: oj_pimpson (button) (small blind) collected ($6)
Seat 5: pokkermon (big blind) folded before Flop


