PokerStars Hand #146961711277:  Hold'em Limit ($3/$6 USD) - 2016/01/13 7:15:33 ET
Table 'Octans' 2-max Seat #2 is the button
Seat 1: ct-650 ($132 in chips)
Seat 2: dodge658 ($58.36 in chips)
dodge658: posts small blind $1
ct-650: posts big blind $3
*** HOLE CARDS ***
dodge658: calls $2
ct-650: checks
*** FLOP *** [Js Jh 9c]
ct-650: bets $3
dodge658: calls $3
*** TURN *** [Js Jh 9c] [5c]
ct-650: bets $6
dodge658: raises $6 to $12
ct-650: calls $6
*** RIVER *** [Js Jh 9c 5c] [Kc]
ct-650: checks
dodge658: bets $6
ct-650: calls $6
*** SHOW DOWN ***
dodge658: shows [7s Jc] (three of a kind, Jacks)
ct-650: mucks hand
dodge658 collected $47.50 from pot
*** SUMMARY ***
Total pot $48 | Rake $0.50
Board [Js Jh 9c 5c Kc]
Seat 1: ct-650 (big blind) mucked
Seat 2: dodge658 (button) (small blind) showed [7s Jc] and won ($47.50) with three of a kind, Jacks


PokerStars Hand #146961701828:  Hold'em Limit ($3/$6 USD) - 2016/01/13 7:15:16 ET
Table 'Octans' 2-max Seat #1 is the button
Seat 1: ct-650 ($147 in chips)
Seat 2: dodge658 ($43.86 in chips)
ct-650: posts small blind $1
dodge658: posts big blind $3
*** HOLE CARDS ***
ct-650: raises $3 to $6
dodge658: calls $3
*** FLOP *** [Ts 6s 5s]
dodge658: bets $3
ct-650: calls $3
*** TURN *** [Ts 6s 5s] [Jc]
dodge658: bets $6
ct-650: calls $6
*** RIVER *** [Ts 6s 5s Jc] [6c]
dodge658: bets $6
ct-650: folds
Uncalled bet ($6) returned to dodge658
dodge658 collected $29.50 from pot
dodge658: doesn't show hand
*** SUMMARY ***
Total pot $30 | Rake $0.50
Board [Ts 6s 5s Jc 6c]
Seat 1: ct-650 (button) (small blind) folded on the River
Seat 2: dodge658 (big blind) collected ($29.50)


PokerStars Hand #146961754653:  Hold'em Limit ($3/$6 USD) - 2016/01/13 7:16:50 ET
Table 'Octans' 2-max Seat #2 is the button
Seat 1: ct-650 ($95.50 in chips)
Seat 2: dodge658 ($93 in chips)
dodge658: posts small blind $1
ct-650: posts big blind $3
*** HOLE CARDS ***
dodge658: calls $2
ct-650: checks
*** FLOP *** [Ac As Kc]
ct-650: bets $3
dodge658: folds
Uncalled bet ($3) returned to ct-650
ct-650 collected $5.88 from pot
*** SUMMARY ***
Total pot $6 | Rake $0.12
Board [Ac As Kc]
Seat 1: ct-650 (big blind) collected ($5.88)
Seat 2: dodge658 (button) (small blind) folded on the Flop


PokerStars Hand #146961744119:  Hold'em Limit ($3/$6 USD) - 2016/01/13 7:16:31 ET
Table 'Octans' 2-max Seat #1 is the button
Seat 1: ct-650 ($104.50 in chips)
Seat 2: dodge658 ($84.36 in chips)
ct-650: posts small blind $1
dodge658: posts big blind $3
*** HOLE CARDS ***
ct-650: raises $3 to $6
dodge658: calls $3
*** FLOP *** [5h 9s 2s]
dodge658: checks
ct-650: bets $3
dodge658: calls $3
*** TURN *** [5h 9s 2s] [6s]
dodge658: checks
ct-650: checks
*** RIVER *** [5h 9s 2s 6s] [3c]
dodge658: bets $6
ct-650: folds
Uncalled bet ($6) returned to dodge658
dodge658 collected $17.64 from pot
dodge658: doesn't show hand
*** SUMMARY ***
Total pot $18 | Rake $0.36
Board [5h 9s 2s 6s 3c]
Seat 1: ct-650 (button) (small blind) folded on the River
Seat 2: dodge658 (big blind) collected ($17.64)


PokerStars Hand #146961721303:  Hold'em Limit ($3/$6 USD) - 2016/01/13 7:15:51 ET
Table 'Octans' 2-max Seat #1 is the button
Seat 1: ct-650 ($108 in chips)
Seat 2: dodge658 ($81.86 in chips)
ct-650: posts small blind $1
dodge658: posts big blind $3
*** HOLE CARDS ***
ct-650: raises $3 to $6
dodge658: calls $3
*** FLOP *** [3d Ks 6h]
dodge658: bets $3
ct-650: calls $3
*** TURN *** [3d Ks 6h] [4c]
dodge658: bets $6
ct-650: calls $6
*** RIVER *** [3d Ks 6h 4c] [Qs]
dodge658: bets $6
ct-650: calls $6
*** SHOW DOWN ***
dodge658: shows [6s 3h] (two pair, Sixes and Threes)
ct-650: mucks hand
dodge658 collected $41.50 from pot
*** SUMMARY ***
Total pot $42 | Rake $0.50
Board [3d Ks 6h 4c Qs]
Seat 1: ct-650 (button) (small blind) mucked
Seat 2: dodge658 (big blind) showed [6s 3h] and won ($41.50) with two pair, Sixes and Threes


PokerStars Hand #146961735983:  Hold'em Limit ($3/$6 USD) - 2016/01/13 7:16:16 ET
Table 'Octans' 2-max Seat #2 is the button
Seat 1: ct-650 ($87 in chips)
Seat 2: dodge658 ($102.36 in chips)
dodge658: posts small blind $1
ct-650: posts big blind $3
*** HOLE CARDS ***
dodge658: calls $2
ct-650: checks
*** FLOP *** [Ts Ks 6h]
ct-650: bets $3
dodge658: calls $3
*** TURN *** [Ts Ks 6h] [7s]
ct-650: bets $6
dodge658: calls $6
*** RIVER *** [Ts Ks 6h 7s] [9h]
ct-650: bets $6
dodge658: calls $6
*** SHOW DOWN ***
ct-650: shows [8h 9c] (a straight, Six to Ten)
dodge658: mucks hand
ct-650 collected $35.50 from pot
*** SUMMARY ***
Total pot $36 | Rake $0.50
Board [Ts Ks 6h 7s 9h]
Seat 1: ct-650 (big blind) showed [8h 9c] and won ($35.50) with a straight, Six to Ten
Seat 2: dodge658 (button) (small blind) mucked


PokerStars Hand #146961759798:  Hold'em Limit ($3/$6 USD) - 2016/01/13 7:16:59 ET
Table 'Octans' 2-max Seat #1 is the button
Seat 1: ct-650 ($98.38 in chips)
Seat 2: dodge658 ($90 in chips)
ct-650: posts small blind $1
dodge658: posts big blind $3
*** HOLE CARDS ***
ct-650: raises $3 to $6
dodge658: calls $3
*** FLOP *** [9s 7s 8h]
dodge658: bets $3
ct-650: folds
Uncalled bet ($3) returned to dodge658
dodge658 collected $11.76 from pot
dodge658: doesn't show hand
*** SUMMARY ***
Total pot $12 | Rake $0.24
Board [9s 7s 8h]
Seat 1: ct-650 (button) (small blind) folded on the Flop
Seat 2: dodge658 (big blind) collected ($11.76)


PokerStars Hand #146961774240:  Hold'em Limit ($3/$6 USD) - 2016/01/13 7:17:24 ET
Table 'Octans' 2-max Seat #1 is the button
Seat 1: ct-650 ($118.88 in chips)
Seat 2: dodge658 ($68.76 in chips)
ct-650: posts small blind $1
dodge658: posts big blind $3
*** HOLE CARDS ***
ct-650: folds
Uncalled bet ($2) returned to dodge658
dodge658 collected $2 from pot
dodge658: doesn't show hand
*** SUMMARY ***
Total pot $2 | Rake $0
Seat 1: ct-650 (button) (small blind) folded before Flop
Seat 2: dodge658 (big blind) collected ($2)


PokerStars Hand #146961764765:  Hold'em Limit ($3/$6 USD) - 2016/01/13 7:17:07 ET
Table 'Octans' 2-max Seat #2 is the button
Seat 1: ct-650 ($92.38 in chips)
Seat 2: dodge658 ($95.76 in chips)
dodge658: posts small blind $1
ct-650: posts big blind $3
*** HOLE CARDS ***
dodge658: calls $2
ct-650: checks
*** FLOP *** [Jh Jc 4h]
ct-650: checks
dodge658: checks
*** TURN *** [Jh Jc 4h] [4d]
ct-650: bets $6
dodge658: calls $6
*** RIVER *** [Jh Jc 4h 4d] [5c]
ct-650: bets $6
dodge658: raises $6 to $12
ct-650: raises $6 to $18
dodge658: calls $6
*** SHOW DOWN ***
ct-650: shows [Js 8d] (a full house, Jacks full of Fours)
dodge658: mucks hand
ct-650 collected $53.50 from pot
*** SUMMARY ***
Total pot $54 | Rake $0.50
Board [Jh Jc 4h 4d 5c]
Seat 1: ct-650 (big blind) showed [Js 8d] and won ($53.50) with a full house, Jacks full of Fours
Seat 2: dodge658 (button) (small blind) mucked


PokerStars Hand #146961776690:  Hold'em Limit ($3/$6 USD) - 2016/01/13 7:17:29 ET
Table 'Octans' 2-max Seat #2 is the button
Seat 1: ct-650 ($117.88 in chips)
Seat 2: dodge658 ($69.76 in chips)
dodge658: posts small blind $1
ct-650: posts big blind $3
*** HOLE CARDS ***
dodge658: calls $2
ct-650: checks
*** FLOP *** [Tc Qd 3s]
ct-650: bets $3
dodge658: calls $3
*** TURN *** [Tc Qd 3s] [Jh]
ct-650: bets $6
dodge658: calls $6
*** RIVER *** [Tc Qd 3s Jh] [4c]
ct-650: bets $6
dodge658: calls $6
*** SHOW DOWN ***
ct-650: shows [4d Td] (two pair, Tens and Fours)
dodge658: mucks hand
ct-650 collected $35.50 from pot
*** SUMMARY ***
Total pot $36 | Rake $0.50
Board [Tc Qd 3s Jh 4c]
Seat 1: ct-650 (big blind) showed [4d Td] and won ($35.50) with two pair, Tens and Fours
Seat 2: dodge658 (button) (small blind) mucked


PokerStars Hand #146961785770:  Hold'em Limit ($3/$6 USD) - 2016/01/13 7:17:45 ET
Table 'Octans' 2-max Seat #1 is the button
Seat 1: ct-650 ($135.38 in chips)
Seat 2: dodge658 ($51.76 in chips)
ct-650: posts small blind $1
dodge658: posts big blind $3
*** HOLE CARDS ***
ct-650: raises $3 to $6
dodge658: calls $3
*** FLOP *** [Ac Th Kh]
dodge658: checks
ct-650: bets $3
dodge658: folds
Uncalled bet ($3) returned to ct-650
ct-650 collected $11.76 from pot
*** SUMMARY ***
Total pot $12 | Rake $0.24
Board [Ac Th Kh]
Seat 1: ct-650 (button) (small blind) collected ($11.76)
Seat 2: dodge658 (big blind) folded on the Flop


PokerStars Hand #146961793304:  Hold'em Limit ($3/$6 USD) - 2016/01/13 7:17:58 ET
Table 'Octans' 2-max Seat #2 is the button
Seat 1: ct-650 ($141.14 in chips)
Seat 2: dodge658 ($45.76 in chips)
dodge658: posts small blind $1
ct-650: posts big blind $3
*** HOLE CARDS ***
dodge658: calls $2
ct-650: checks
*** FLOP *** [6h Kh Qh]
ct-650: bets $3
dodge658: raises $3 to $6
ct-650: folds
Uncalled bet ($3) returned to dodge658
dodge658 collected $11.76 from pot
dodge658: doesn't show hand
*** SUMMARY ***
Total pot $12 | Rake $0.24
Board [6h Kh Qh]
Seat 1: ct-650 (big blind) folded on the Flop
Seat 2: dodge658 (button) (small blind) collected ($11.76)


PokerStars Hand #146961798846:  Hold'em Limit ($3/$6 USD) - 2016/01/13 7:18:08 ET
Table 'Octans' 2-max Seat #1 is the button
Seat 1: ct-650 ($135.14 in chips)
Seat 2: dodge658 ($51.52 in chips)
ct-650: posts small blind $1
dodge658: posts big blind $3
*** HOLE CARDS ***
ct-650: raises $3 to $6
dodge658: calls $3
*** FLOP *** [Ah 4c 4s]
dodge658: checks
ct-650: bets $3
dodge658: calls $3
*** TURN *** [Ah 4c 4s] [Kh]
dodge658: bets $6
ct-650: folds
Uncalled bet ($6) returned to dodge658
dodge658 collected $17.64 from pot
dodge658: doesn't show hand
*** SUMMARY ***
Total pot $18 | Rake $0.36
Board [Ah 4c 4s Kh]
Seat 1: ct-650 (button) (small blind) folded on the Turn
Seat 2: dodge658 (big blind) collected ($17.64)


PokerStars Hand #146961806118:  Hold'em Limit ($3/$6 USD) - 2016/01/13 7:18:21 ET
Table 'Octans' 2-max Seat #2 is the button
Seat 1: ct-650 ($126.14 in chips)
Seat 2: dodge658 ($60.16 in chips)
dodge658: posts small blind $1
ct-650: posts big blind $3
*** HOLE CARDS ***
dodge658: calls $2
ct-650: checks
*** FLOP *** [Qh 3d 3s]
ct-650: checks
dodge658: checks
*** TURN *** [Qh 3d 3s] [6c]
ct-650: checks
dodge658: bets $6
ct-650: folds
Uncalled bet ($6) returned to dodge658
dodge658 collected $5.88 from pot
dodge658: doesn't show hand
*** SUMMARY ***
Total pot $6 | Rake $0.12
Board [Qh 3d 3s 6c]
Seat 1: ct-650 (big blind) folded on the Turn
Seat 2: dodge658 (button) (small blind) collected ($5.88)


PokerStars Hand #146961812501:  Hold'em Limit ($3/$6 USD) - 2016/01/13 7:18:32 ET
Table 'Octans' 2-max Seat #1 is the button
Seat 1: ct-650 ($123.14 in chips)
Seat 2: dodge658 ($63.04 in chips)
ct-650: posts small blind $1
dodge658: posts big blind $3
*** HOLE CARDS ***
ct-650: raises $3 to $6
dodge658: calls $3
*** FLOP *** [Jd 3s As]
dodge658: checks
ct-650: bets $3
dodge658: folds
Uncalled bet ($3) returned to ct-650
ct-650 collected $11.76 from pot
*** SUMMARY ***
Total pot $12 | Rake $0.24
Board [Jd 3s As]
Seat 1: ct-650 (button) (small blind) collected ($11.76)
Seat 2: dodge658 (big blind) folded on the Flop


PokerStars Hand #146961818820:  Hold'em Limit ($3/$6 USD) - 2016/01/13 7:18:43 ET
Table 'Octans' 2-max Seat #2 is the button
Seat 1: ct-650 ($128.90 in chips)
Seat 2: dodge658 ($57.04 in chips)
dodge658: posts small blind $1
ct-650: posts big blind $3
*** HOLE CARDS ***
dodge658: calls $2
ct-650: checks
*** FLOP *** [7s 6c 7c]
ct-650: checks
dodge658: bets $3
ct-650: folds
Uncalled bet ($3) returned to dodge658
dodge658 collected $5.88 from pot
dodge658: doesn't show hand
*** SUMMARY ***
Total pot $6 | Rake $0.12
Board [7s 6c 7c]
Seat 1: ct-650 (big blind) folded on the Flop
Seat 2: dodge658 (button) (small blind) collected ($5.88)


PokerStars Hand #146961824652:  Hold'em Limit ($3/$6 USD) - 2016/01/13 7:18:54 ET
Table 'Octans' 2-max Seat #1 is the button
Seat 1: ct-650 ($125.90 in chips)
Seat 2: dodge658 ($59.92 in chips)
ct-650: posts small blind $1
dodge658: posts big blind $3
*** HOLE CARDS ***
ct-650: raises $3 to $6
dodge658: calls $3
*** FLOP *** [Kc 6d Ac]
dodge658: bets $3
ct-650: calls $3
*** TURN *** [Kc 6d Ac] [3s]
dodge658: bets $6
ct-650: folds
Uncalled bet ($6) returned to dodge658
dodge658 collected $17.64 from pot
dodge658: doesn't show hand
*** SUMMARY ***
Total pot $18 | Rake $0.36
Board [Kc 6d Ac 3s]
Seat 1: ct-650 (button) (small blind) folded on the Turn
Seat 2: dodge658 (big blind) collected ($17.64)


PokerStars Hand #146961831343:  Hold'em Limit ($3/$6 USD) - 2016/01/13 7:19:05 ET
Table 'Octans' 2-max Seat #2 is the button
Seat 1: ct-650 ($116.90 in chips)
Seat 2: dodge658 ($68.56 in chips)
dodge658: posts small blind $1
ct-650: posts big blind $3
*** HOLE CARDS ***
dodge658: calls $2
ct-650: raises $3 to $6
dodge658: calls $3
*** FLOP *** [As 5s 2h]
ct-650: bets $3
dodge658: calls $3
*** TURN *** [As 5s 2h] [8d]
ct-650: bets $6
dodge658: folds
Uncalled bet ($6) returned to ct-650
ct-650 collected $17.64 from pot
*** SUMMARY ***
Total pot $18 | Rake $0.36
Board [As 5s 2h 8d]
Seat 1: ct-650 (big blind) collected ($17.64)
Seat 2: dodge658 (button) (small blind) folded on the Turn


PokerStars Hand #146961840032:  Hold'em Limit ($3/$6 USD) - 2016/01/13 7:19:21 ET
Table 'Octans' 2-max Seat #1 is the button
Seat 1: ct-650 ($125.54 in chips)
Seat 2: dodge658 ($59.56 in chips)
ct-650: posts small blind $1
dodge658: posts big blind $3
*** HOLE CARDS ***
ct-650: raises $3 to $6
dodge658: calls $3
*** FLOP *** [6c Qd Td]
dodge658: bets $3
ct-650: calls $3
*** TURN *** [6c Qd Td] [4s]
dodge658: bets $6
ct-650: raises $6 to $12
dodge658: calls $6
*** RIVER *** [6c Qd Td 4s] [Ac]
dodge658: bets $6
ct-650: calls $6
*** SHOW DOWN ***
dodge658: shows [5d Th] (a pair of Tens)
ct-650: shows [8c Qc] (a pair of Queens)
ct-650 collected $53.50 from pot
*** SUMMARY ***
Total pot $54 | Rake $0.50
Board [6c Qd Td 4s Ac]
Seat 1: ct-650 (button) (small blind) showed [8c Qc] and won ($53.50) with a pair of Queens
Seat 2: dodge658 (big blind) showed [5d Th] and lost with a pair of Tens


PokerStars Hand #146961864706:  Hold'em Limit ($3/$6 USD) - 2016/01/13 7:20:04 ET
Table 'Octans' 2-max Seat #1 is the button
Seat 1: ct-650 ($172.54 in chips)
Seat 2: dodge658 ($11.56 in chips)
ct-650: posts small blind $1
dodge658: posts big blind $3
*** HOLE CARDS ***
ct-650: folds
Uncalled bet ($2) returned to dodge658
dodge658 collected $2 from pot
dodge658: doesn't show hand
*** SUMMARY ***
Total pot $2 | Rake $0
Seat 1: ct-650 (button) (small blind) folded before Flop
Seat 2: dodge658 (big blind) collected ($2)


PokerStars Hand #146961850038:  Hold'em Limit ($3/$6 USD) - 2016/01/13 7:19:38 ET
Table 'Octans' 2-max Seat #2 is the button
Seat 1: ct-650 ($152.04 in chips)
Seat 2: dodge658 ($32.56 in chips)
dodge658: posts small blind $1
ct-650: posts big blind $3
*** HOLE CARDS ***
dodge658: calls $2
ct-650: raises $3 to $6
dodge658: calls $3
*** FLOP *** [4d 5c 3h]
ct-650: bets $3
dodge658: calls $3
*** TURN *** [4d 5c 3h] [6d]
ct-650: bets $6
dodge658: calls $6
*** RIVER *** [4d 5c 3h 6d] [6s]
ct-650: bets $6
dodge658: calls $6
*** SHOW DOWN ***
ct-650: shows [Ah 5s] (two pair, Sixes and Fives)
dodge658: mucks hand
ct-650 collected $41.50 from pot
*** SUMMARY ***
Total pot $42 | Rake $0.50
Board [4d 5c 3h 6d 6s]
Seat 1: ct-650 (big blind) showed [Ah 5s] and won ($41.50) with two pair, Sixes and Fives
Seat 2: dodge658 (button) (small blind) mucked


PokerStars Hand #146961867197:  Hold'em Limit ($3/$6 USD) - 2016/01/13 7:20:09 ET
Table 'Octans' 2-max Seat #2 is the button
Seat 1: ct-650 ($171.54 in chips)
Seat 2: dodge658 ($12.56 in chips)
dodge658: posts small blind $1
ct-650: posts big blind $3
*** HOLE CARDS ***
dodge658: calls $2
ct-650: raises $3 to $6
dodge658: calls $3
*** FLOP *** [2h Qh Qc]
ct-650: bets $3
dodge658: calls $3
*** TURN *** [2h Qh Qc] [2c]
ct-650: bets $6
dodge658: calls $3.56 and is all-in
Uncalled bet ($2.44) returned to ct-650
*** RIVER *** [2h Qh Qc 2c] [6h]
*** SHOW DOWN ***
ct-650: shows [Ks Ac] (two pair, Queens and Deuces)
dodge658: shows [4h Kh] (a flush, King high)
dodge658 collected $24.62 from pot
*** SUMMARY ***
Total pot $25.12 | Rake $0.50
Board [2h Qh Qc 2c 6h]
Seat 1: ct-650 (big blind) showed [Ks Ac] and lost with two pair, Queens and Deuces
Seat 2: dodge658 (button) (small blind) showed [4h Kh] and won ($24.62) with a flush, King high


PokerStars Hand #146961877779:  Hold'em Limit ($3/$6 USD) - 2016/01/13 7:20:27 ET
Table 'Octans' 2-max Seat #1 is the button
Seat 1: ct-650 ($158.98 in chips)
Seat 2: dodge658 ($24.62 in chips)
ct-650: posts small blind $1
dodge658: posts big blind $3
*** HOLE CARDS ***
ct-650: raises $3 to $6
dodge658: calls $3
*** FLOP *** [7c Td 7d]
dodge658: bets $3
ct-650: folds
Uncalled bet ($3) returned to dodge658
dodge658 collected $11.76 from pot
dodge658: doesn't show hand
*** SUMMARY ***
Total pot $12 | Rake $0.24
Board [7c Td 7d]
Seat 1: ct-650 (button) (small blind) folded on the Flop
Seat 2: dodge658 (big blind) collected ($11.76)


PokerStars Hand #146961893722:  Hold'em Limit ($3/$6 USD) - 2016/01/13 7:20:56 ET
Table 'Octans' 2-max Seat #1 is the button
Seat 1: ct-650 ($161.62 in chips)
Seat 2: dodge658 ($21.38 in chips)
ct-650: posts small blind $1
dodge658: posts big blind $3
*** HOLE CARDS ***
ct-650: raises $3 to $6
dodge658: folds
Uncalled bet ($3) returned to ct-650
ct-650 collected $6 from pot
*** SUMMARY ***
Total pot $6 | Rake $0
Seat 1: ct-650 (button) (small blind) collected ($6)
Seat 2: dodge658 (big blind) folded before Flop


PokerStars Hand #146961883738:  Hold'em Limit ($3/$6 USD) - 2016/01/13 7:20:38 ET
Table 'Octans' 2-max Seat #2 is the button
Seat 1: ct-650 ($152.98 in chips)
Seat 2: dodge658 ($30.38 in chips)
dodge658: posts small blind $1
ct-650: posts big blind $3
*** HOLE CARDS ***
dodge658: calls $2
ct-650: raises $3 to $6
dodge658: calls $3
*** FLOP *** [9h 9d 8c]
ct-650: bets $3
dodge658: calls $3
*** TURN *** [9h 9d 8c] [5s]
ct-650: checks
dodge658: checks
*** RIVER *** [9h 9d 8c 5s] [Tc]
ct-650: bets $6
dodge658: folds
Uncalled bet ($6) returned to ct-650
ct-650 collected $17.64 from pot
*** SUMMARY ***
Total pot $18 | Rake $0.36
Board [9h 9d 8c 5s Tc]
Seat 1: ct-650 (big blind) collected ($17.64)
Seat 2: dodge658 (button) (small blind) folded on the River


PokerStars Hand #146961897495:  Hold'em Limit ($3/$6 USD) - 2016/01/13 7:21:02 ET
Table 'Octans' 2-max Seat #2 is the button
Seat 1: ct-650 ($164.62 in chips)
Seat 2: dodge658 ($18.38 in chips)
dodge658: posts small blind $1
ct-650: posts big blind $3
*** HOLE CARDS ***
dodge658: calls $2
ct-650: checks
*** FLOP *** [Kd 6s 9c]
ct-650: checks
dodge658: bets $3
ct-650: raises $3 to $6
dodge658: raises $3 to $9
ct-650: raises $3 to $12
Betting is capped
dodge658: calls $3
*** TURN *** [Kd 6s 9c] [Jc]
ct-650: bets $6
dodge658: calls $3.38 and is all-in
Uncalled bet ($2.62) returned to ct-650
*** RIVER *** [Kd 6s 9c Jc] [2d]
*** SHOW DOWN ***
ct-650: shows [5d Kh] (a pair of Kings)
dodge658: shows [Tc Kc] (a pair of Kings - Jack+Ten kicker)
dodge658 collected $36.26 from pot
*** SUMMARY ***
Total pot $36.76 | Rake $0.50
Board [Kd 6s 9c Jc 2d]
Seat 1: ct-650 (big blind) showed [5d Kh] and lost with a pair of Kings
Seat 2: dodge658 (button) (small blind) showed [Tc Kc] and won ($36.26) with a pair of Kings


PokerStars Hand #146961909412:  Hold'em Limit ($3/$6 USD) - 2016/01/13 7:21:23 ET
Table 'Octans' 2-max Seat #1 is the button
Seat 1: ct-650 ($146.24 in chips)
Seat 2: dodge658 ($36.26 in chips)
ct-650: posts small blind $1
dodge658: posts big blind $3
*** HOLE CARDS ***
ct-650: raises $3 to $6
dodge658: calls $3
*** FLOP *** [Jd Ts 2s]
dodge658: bets $3
ct-650: calls $3
*** TURN *** [Jd Ts 2s] [3c]
dodge658: bets $6
ct-650: calls $6
*** RIVER *** [Jd Ts 2s 3c] [Td]
dodge658: bets $6
ct-650: raises $6 to $12
dodge658: folds
Uncalled bet ($6) returned to ct-650
ct-650 collected $41.50 from pot
*** SUMMARY ***
Total pot $42 | Rake $0.50
Board [Jd Ts 2s 3c Td]
Seat 1: ct-650 (button) (small blind) collected ($41.50)
Seat 2: dodge658 (big blind) folded on the River


PokerStars Hand #146961925550:  Hold'em Limit ($3/$6 USD) - 2016/01/13 7:21:51 ET
Table 'Octans' 2-max Seat #2 is the button
Seat 1: ct-650 ($166.74 in chips)
Seat 2: dodge658 ($15.26 in chips)
dodge658: posts small blind $1
ct-650: posts big blind $3
*** HOLE CARDS ***
dodge658: folds
Uncalled bet ($2) returned to ct-650
ct-650 collected $2 from pot
*** SUMMARY ***
Total pot $2 | Rake $0
Seat 1: ct-650 (big blind) collected ($2)
Seat 2: dodge658 (button) (small blind) folded before Flop


PokerStars Hand #146961929418:  Hold'em Limit ($3/$6 USD) - 2016/01/13 7:21:58 ET
Table 'Octans' 2-max Seat #1 is the button
Seat 1: ct-650 ($167.74 in chips)
Seat 2: dodge658 ($14.26 in chips)
ct-650: posts small blind $1
dodge658: posts big blind $3
*** HOLE CARDS ***
ct-650: raises $3 to $6
dodge658: calls $3
*** FLOP *** [Ks 5s Qc]
dodge658: bets $3
ct-650: raises $3 to $6
dodge658: raises $2.26 to $8.26 and is all-in
ct-650: calls $2.26
*** TURN *** [Ks 5s Qc] [Ah]
*** RIVER *** [Ks 5s Qc Ah] [7s]
*** SHOW DOWN ***
dodge658: shows [As 2s] (a flush, Ace high)
ct-650: shows [Jh Jd] (a pair of Jacks)
dodge658 collected $28.02 from pot
*** SUMMARY ***
Total pot $28.52 | Rake $0.50
Board [Ks 5s Qc Ah 7s]
Seat 1: ct-650 (button) (small blind) showed [Jh Jd] and lost with a pair of Jacks
Seat 2: dodge658 (big blind) showed [As 2s] and won ($28.02) with a flush, Ace high


PokerStars Hand #146961940840:  Hold'em Limit ($3/$6 USD) - 2016/01/13 7:22:17 ET
Table 'Octans' 2-max Seat #2 is the button
Seat 1: ct-650 ($153.48 in chips)
Seat 2: dodge658 ($28.02 in chips)
dodge658: posts small blind $1
ct-650: posts big blind $3
*** HOLE CARDS ***
dodge658: calls $2
ct-650: checks
*** FLOP *** [4h 7d 2d]
ct-650: checks
dodge658: checks
*** TURN *** [4h 7d 2d] [5d]
ct-650: bets $6
dodge658: folds
Uncalled bet ($6) returned to ct-650
ct-650 collected $5.88 from pot
*** SUMMARY ***
Total pot $6 | Rake $0.12
Board [4h 7d 2d 5d]
Seat 1: ct-650 (big blind) collected ($5.88)
Seat 2: dodge658 (button) (small blind) folded on the Turn


PokerStars Hand #146961949084:  Hold'em Limit ($3/$6 USD) - 2016/01/13 7:22:31 ET
Table 'Octans' 2-max Seat #1 is the button
Seat 1: ct-650 ($156.36 in chips)
Seat 2: dodge658 ($25.02 in chips)
ct-650: posts small blind $1
dodge658: posts big blind $3
*** HOLE CARDS ***
ct-650: raises $3 to $6
dodge658: calls $3
*** FLOP *** [9d 6s 9c]
dodge658: bets $3
ct-650: folds
Uncalled bet ($3) returned to dodge658
dodge658 collected $11.76 from pot
dodge658: doesn't show hand
*** SUMMARY ***
Total pot $12 | Rake $0.24
Board [9d 6s 9c]
Seat 1: ct-650 (button) (small blind) folded on the Flop
Seat 2: dodge658 (big blind) collected ($11.76)


PokerStars Hand #146961956102:  Hold'em Limit ($3/$6 USD) - 2016/01/13 7:22:43 ET
Table 'Octans' 2-max Seat #2 is the button
Seat 1: ct-650 ($150.36 in chips)
Seat 2: dodge658 ($30.78 in chips)
dodge658: posts small blind $1
ct-650: posts big blind $3
*** HOLE CARDS ***
dodge658: calls $2
ct-650: checks
*** FLOP *** [Kc Jh 6c]
ct-650: bets $3
dodge658: folds
Uncalled bet ($3) returned to ct-650
ct-650 collected $5.88 from pot
*** SUMMARY ***
Total pot $6 | Rake $0.12
Board [Kc Jh 6c]
Seat 1: ct-650 (big blind) collected ($5.88)
Seat 2: dodge658 (button) (small blind) folded on the Flop


PokerStars Hand #146961974002:  Hold'em Limit ($3/$6 USD) - 2016/01/13 7:23:14 ET
Table 'Octans' 2-max Seat #2 is the button
Seat 1: ct-650 ($173.74 in chips)
Seat 2: dodge658 ($6.78 in chips)
dodge658: posts small blind $1
ct-650: posts big blind $3
*** HOLE CARDS ***
dodge658: raises $3 to $6
ct-650: folds
Uncalled bet ($3) returned to dodge658
dodge658 collected $6 from pot
dodge658: doesn't show hand
*** SUMMARY ***
Total pot $6 | Rake $0
Seat 1: ct-650 (big blind) folded before Flop
Seat 2: dodge658 (button) (small blind) collected ($6)


PokerStars Hand #146961962109:  Hold'em Limit ($3/$6 USD) - 2016/01/13 7:22:54 ET
Table 'Octans' 2-max Seat #1 is the button
Seat 1: ct-650 ($153.24 in chips)
Seat 2: dodge658 ($27.78 in chips)
ct-650: posts small blind $1
dodge658: posts big blind $3
*** HOLE CARDS ***
ct-650: raises $3 to $6
dodge658: calls $3
*** FLOP *** [6c 3h Qc]
dodge658: checks
ct-650: bets $3
dodge658: calls $3
*** TURN *** [6c 3h Qc] [5h]
dodge658: checks
ct-650: bets $6
dodge658: calls $6
*** RIVER *** [6c 3h Qc 5h] [9s]
dodge658: checks
ct-650: bets $6
dodge658: calls $6
*** SHOW DOWN ***
ct-650: shows [Qh Ad] (a pair of Queens)
dodge658: mucks hand
ct-650 collected $41.50 from pot
*** SUMMARY ***
Total pot $42 | Rake $0.50
Board [6c 3h Qc 5h 9s]
Seat 1: ct-650 (button) (small blind) showed [Qh Ad] and won ($41.50) with a pair of Queens
Seat 2: dodge658 (big blind) mucked


PokerStars Hand #146961977921:  Hold'em Limit ($3/$6 USD) - 2016/01/13 7:23:21 ET
Table 'Octans' 2-max Seat #1 is the button
Seat 1: ct-650 ($170.74 in chips)
Seat 2: dodge658 ($9.78 in chips)
ct-650: posts small blind $1
dodge658: posts big blind $3
*** HOLE CARDS ***
ct-650: raises $3 to $6
dodge658: calls $3
*** FLOP *** [4h Kd 6d]
dodge658: bets $3
ct-650: raises $3 to $6
dodge658: calls $0.78 and is all-in
Uncalled bet ($2.22) returned to ct-650
*** TURN *** [4h Kd 6d] [3d]
*** RIVER *** [4h Kd 6d 3d] [Qc]
*** SHOW DOWN ***
dodge658: shows [8d 3c] (a pair of Threes)
ct-650: shows [9h 6s] (a pair of Sixes)
ct-650 collected $19.17 from pot
*** SUMMARY ***
Total pot $19.56 | Rake $0.39
Board [4h Kd 6d 3d Qc]
Seat 1: ct-650 (button) (small blind) showed [9h 6s] and won ($19.17) with a pair of Sixes
Seat 2: dodge658 (big blind) showed [8d 3c] and lost with a pair of Threes


