PokerStars Hand #147527895961:  Hold'em Limit ($3/$6 USD) - 2016/01/23 6:57:09 ET
Table 'Odysseus II' 6-max Seat #2 is the button
Seat 2: Pokali ($84.25 in chips)
Seat 4: kolaz03 ($112.01 in chips)
Pokali: posts small blind $1
Oxm0x: is sitting out
kolaz03: posts big blind $3
*** HOLE CARDS ***
Pokali: raises $3 to $6
kolaz03: calls $3
*** FLOP *** [9c 4s 4d]
kolaz03: checks
Pokali: bets $3
kolaz03: folds
Uncalled bet ($3) returned to Pokali
Pokali collected $11.76 from pot
Pokali: doesn't show hand
*** SUMMARY ***
Total pot $12 | Rake $0.24
Board [9c 4s 4d]
Seat 2: Pokali (button) (small blind) collected ($11.76)
Seat 4: kolaz03 (big blind) folded on the Flop


PokerStars Hand #147528064552:  Hold'em Limit ($3/$6 USD) - 2016/01/23 7:01:56 ET
Table 'Odysseus II' 6-max Seat #3 is the button
Seat 3: nedo1414 ($135.19 in chips)
Seat 4: Krazy90 ($120 in chips)
nedo1414: posts small blind $1
Krazy90: posts big blind $3
*** HOLE CARDS ***
nedo1414: raises $3 to $6
Krazy90: folds
Uncalled bet ($3) returned to nedo1414
nedo1414 collected $6 from pot
nedo1414: doesn't show hand
*** SUMMARY ***
Total pot $6 | Rake $0
Seat 3: nedo1414 (button) (small blind) collected ($6)
Seat 4: Krazy90 (big blind) folded before Flop


PokerStars Hand #147528058637:  Hold'em Limit ($3/$6 USD) - 2016/01/23 7:01:45 ET
Table 'Odysseus II' 6-max Seat #4 is the button
Seat 3: nedo1414 ($134.19 in chips)
Seat 4: Krazy90 ($120 in chips)
Krazy90: posts small blind $1
Pokali: is sitting out
nedo1414: posts big blind $3
*** HOLE CARDS ***
Pokali leaves the table
Krazy90: folds
Uncalled bet ($2) returned to nedo1414
nedo1414 collected $2 from pot
nedo1414: doesn't show hand
*** SUMMARY ***
Total pot $2 | Rake $0
Seat 3: nedo1414 (big blind) collected ($2)
Seat 4: Krazy90 (button) (small blind) folded before Flop


PokerStars Hand #147528069778:  Hold'em Limit ($3/$6 USD) - 2016/01/23 7:02:04 ET
Table 'Odysseus II' 6-max Seat #4 is the button
Seat 3: nedo1414 ($138.19 in chips)
Seat 4: Krazy90 ($120 in chips)
Krazy90: posts small blind $1
nedo1414: posts big blind $3
*** HOLE CARDS ***
Krazy90: raises $3 to $6
nedo1414: calls $3
*** FLOP *** [Js 3c 6c]
EwardoHoekie joins the table at seat #5
nedo1414: checks
Krazy90: bets $3
nedo1414: calls $3
*** TURN *** [Js 3c 6c] [As]
nedo1414: checks
Krazy90: bets $6
nedo1414: calls $6
*** RIVER *** [Js 3c 6c As] [3d]
nedo1414: checks
Krazy90: checks
Pokali joins the table at seat #6
*** SHOW DOWN ***
nedo1414: shows [Jd 2d] (two pair, Jacks and Threes)
Krazy90: mucks hand
nedo1414 collected $29.50 from pot
*** SUMMARY ***
Total pot $30 | Rake $0.50
Board [Js 3c 6c As 3d]
Seat 3: nedo1414 (big blind) showed [Jd 2d] and won ($29.50) with two pair, Jacks and Threes
Seat 4: Krazy90 (button) (small blind) mucked


PokerStars Hand #147528082315:  Hold'em Limit ($3/$6 USD) - 2016/01/23 7:02:25 ET
Table 'Odysseus II' 6-max Seat #3 is the button
Seat 3: nedo1414 ($152.69 in chips)
Seat 4: Krazy90 ($120 in chips)
nedo1414: posts small blind $1
Krazy90: posts big blind $3
*** HOLE CARDS ***
nedo1414: folds
Uncalled bet ($2) returned to Krazy90
Krazy90 collected $2 from pot
Krazy90: doesn't show hand
*** SUMMARY ***
Total pot $2 | Rake $0
Seat 3: nedo1414 (button) (small blind) folded before Flop
Seat 4: Krazy90 (big blind) collected ($2)


