PokerStars Hand #146311488440:  Hold'em Limit ($3/$6 USD) - 2016/01/02 1:56:15 ET
Table 'Odyssey' 2-max Seat #1 is the button
Seat 1: permafrost07 ($75.02 in chips)
Seat 2: torsk278 ($114 in chips)
permafrost07: posts small blind $1
torsk278: posts big blind $3
*** HOLE CARDS ***
permafrost07: raises $3 to $6
torsk278: raises $3 to $9
permafrost07: calls $3
*** FLOP *** [Ks Th 5s]
torsk278: bets $3
permafrost07: raises $3 to $6
torsk278: calls $3
*** TURN *** [Ks Th 5s] [6c]
torsk278: checks
permafrost07: checks
*** RIVER *** [Ks Th 5s 6c] [Qs]
torsk278: checks
permafrost07: bets $6
torsk278: calls $6
*** SHOW DOWN ***
permafrost07: shows [7s 3s] (a flush, King high)
torsk278: mucks hand
permafrost07 collected $41.50 from pot
*** SUMMARY ***
Total pot $42 | Rake $0.50
Board [Ks Th 5s 6c Qs]
Seat 1: permafrost07 (button) (small blind) showed [7s 3s] and won ($41.50) with a flush, King high
Seat 2: torsk278 (big blind) mucked


PokerStars Hand #146311494385:  Hold'em Limit ($3/$6 USD) - 2016/01/02 1:56:38 ET
Table 'Odyssey' 2-max Seat #2 is the button
Seat 1: permafrost07 ($95.52 in chips)
Seat 2: torsk278 ($120 in chips)
torsk278: posts small blind $1
permafrost07: posts big blind $3
*** HOLE CARDS ***
torsk278: raises $3 to $6
permafrost07: raises $3 to $9
torsk278: calls $3
*** FLOP *** [7s Ts 3c]
permafrost07: bets $3
torsk278: calls $3
*** TURN *** [7s Ts 3c] [5d]
permafrost07: bets $6
torsk278: calls $6
*** RIVER *** [7s Ts 3c 5d] [Ad]
permafrost07: checks
torsk278: checks
*** SHOW DOWN ***
permafrost07: shows [5h 9c] (a pair of Fives)
torsk278: shows [Jc 7c] (a pair of Sevens)
torsk278 collected $35.50 from pot
*** SUMMARY ***
Total pot $36 | Rake $0.50
Board [7s Ts 3c 5d Ad]
Seat 1: permafrost07 (big blind) showed [5h 9c] and lost with a pair of Fives
Seat 2: torsk278 (button) (small blind) showed [Jc 7c] and won ($35.50) with a pair of Sevens


PokerStars Hand #146311484128:  Hold'em Limit ($3/$6 USD) - 2016/01/02 1:55:58 ET
Table 'Odyssey' 2-max Seat #2 is the button
Seat 1: permafrost07 ($69.26 in chips)
Seat 2: torsk278 ($120 in chips)
torsk278: posts small blind $1
permafrost07: posts big blind $3
*** HOLE CARDS ***
torsk278: raises $3 to $6
permafrost07: calls $3
*** FLOP *** [Kh 2c 7s]
permafrost07: bets $3
torsk278: folds
Uncalled bet ($3) returned to permafrost07
permafrost07 collected $11.76 from pot
permafrost07: doesn't show hand
*** SUMMARY ***
Total pot $12 | Rake $0.24
Board [Kh 2c 7s]
Seat 1: permafrost07 (big blind) collected ($11.76)
Seat 2: torsk278 (button) (small blind) folded on the Flop


PokerStars Hand #146311500330:  Hold'em Limit ($3/$6 USD) - 2016/01/02 1:57:02 ET
Table 'Odyssey' 2-max Seat #1 is the button
Seat 1: permafrost07 ($77.52 in chips)
Seat 2: torsk278 ($137.50 in chips)
permafrost07: posts small blind $1
torsk278: posts big blind $3
*** HOLE CARDS ***
permafrost07: raises $3 to $6
torsk278: calls $3
*** FLOP *** [7h 5c 2d]
torsk278: checks
permafrost07: bets $3
torsk278: raises $3 to $6
permafrost07: raises $3 to $9
torsk278: calls $3
*** TURN *** [7h 5c 2d] [Ad]
torsk278: checks
permafrost07: checks
*** RIVER *** [7h 5c 2d Ad] [9c]
torsk278: checks
permafrost07: checks
*** SHOW DOWN ***
torsk278: shows [8c 7d] (a pair of Sevens)
permafrost07: mucks hand
torsk278 collected $29.50 from pot
*** SUMMARY ***
Total pot $30 | Rake $0.50
Board [7h 5c 2d Ad 9c]
Seat 1: permafrost07 (button) (small blind) mucked
Seat 2: torsk278 (big blind) showed [8c 7d] and won ($29.50) with a pair of Sevens


PokerStars Hand #146311506314:  Hold'em Limit ($3/$6 USD) - 2016/01/02 1:57:25 ET
Table 'Odyssey' 2-max Seat #2 is the button
Seat 1: permafrost07 ($62.52 in chips)
Seat 2: torsk278 ($152 in chips)
torsk278: posts small blind $1
permafrost07: posts big blind $3
*** HOLE CARDS ***
torsk278: raises $3 to $6
permafrost07: raises $3 to $9
torsk278: calls $3
*** FLOP *** [Jc 7c 8c]
permafrost07: bets $3
torsk278: calls $3
*** TURN *** [Jc 7c 8c] [7h]
permafrost07: checks
torsk278: bets $6
permafrost07: folds
Uncalled bet ($6) returned to torsk278
torsk278 collected $23.52 from pot
torsk278: doesn't show hand
*** SUMMARY ***
Total pot $24 | Rake $0.48
Board [Jc 7c 8c 7h]
Seat 1: permafrost07 (big blind) folded on the Turn
Seat 2: torsk278 (button) (small blind) collected ($23.52)


PokerStars Hand #146311511101:  Hold'em Limit ($3/$6 USD) - 2016/01/02 1:57:44 ET
Table 'Odyssey' 2-max Seat #1 is the button
Seat 1: permafrost07 ($50.52 in chips)
Seat 2: torsk278 ($163.52 in chips)
permafrost07: posts small blind $1
torsk278: posts big blind $3
*** HOLE CARDS ***
permafrost07: raises $3 to $6
torsk278: folds
Uncalled bet ($3) returned to permafrost07
permafrost07 collected $6 from pot
*** SUMMARY ***
Total pot $6 | Rake $0
Seat 1: permafrost07 (button) (small blind) collected ($6)
Seat 2: torsk278 (big blind) folded before Flop


PokerStars Hand #146311522987:  Hold'em Limit ($3/$6 USD) - 2016/01/02 1:58:30 ET
Table 'Odyssey' 2-max Seat #2 is the button
Seat 1: permafrost07 ($50.02 in chips)
Seat 2: torsk278 ($163.02 in chips)
torsk278: posts small blind $1
permafrost07: posts big blind $3
*** HOLE CARDS ***
torsk278: raises $3 to $6
permafrost07: calls $3
*** FLOP *** [8h 6s Ad]
permafrost07: bets $3
torsk278: calls $3
*** TURN *** [8h 6s Ad] [Jc]
permafrost07: checks
torsk278: checks
*** RIVER *** [8h 6s Ad Jc] [8s]
permafrost07: bets $6
torsk278: calls $6
*** SHOW DOWN ***
permafrost07: shows [8d Kh] (three of a kind, Eights)
torsk278: mucks hand
permafrost07 collected $29.50 from pot
*** SUMMARY ***
Total pot $30 | Rake $0.50
Board [8h 6s Ad Jc 8s]
Seat 1: permafrost07 (big blind) showed [8d Kh] and won ($29.50) with three of a kind, Eights
Seat 2: torsk278 (button) (small blind) mucked


PokerStars Hand #146311512888:  Hold'em Limit ($3/$6 USD) - 2016/01/02 1:57:51 ET
Table 'Odyssey' 2-max Seat #2 is the button
Seat 1: permafrost07 ($53.52 in chips)
Seat 2: torsk278 ($160.52 in chips)
torsk278: posts small blind $1
permafrost07: posts big blind $3
*** HOLE CARDS ***
torsk278: raises $3 to $6
permafrost07: calls $3
*** FLOP *** [3c 7d 2d]
permafrost07: bets $3
torsk278: calls $3
*** TURN *** [3c 7d 2d] [8c]
permafrost07: bets $6
torsk278: calls $6
*** RIVER *** [3c 7d 2d 8c] [4c]
permafrost07: checks
torsk278: checks
*** SHOW DOWN ***
permafrost07: shows [Jd 2h] (a pair of Deuces)
torsk278: mucks hand
permafrost07 collected $29.50 from pot
*** SUMMARY ***
Total pot $30 | Rake $0.50
Board [3c 7d 2d 8c 4c]
Seat 1: permafrost07 (big blind) showed [Jd 2h] and won ($29.50) with a pair of Deuces
Seat 2: torsk278 (button) (small blind) mucked


PokerStars Hand #146311533331:  Hold'em Limit ($3/$6 USD) - 2016/01/02 1:59:10 ET
Table 'Odyssey' 2-max Seat #2 is the button
Seat 1: permafrost07 ($79.02 in chips)
Seat 2: torsk278 ($133.02 in chips)
torsk278: posts small blind $1
permafrost07: posts big blind $3
*** HOLE CARDS ***
torsk278: raises $3 to $6
permafrost07: raises $3 to $9
torsk278: calls $3
*** FLOP *** [Jc 7s Qc]
permafrost07: bets $3
torsk278: folds
Uncalled bet ($3) returned to permafrost07
permafrost07 collected $17.64 from pot
permafrost07: doesn't show hand
*** SUMMARY ***
Total pot $18 | Rake $0.36
Board [Jc 7s Qc]
Seat 1: permafrost07 (big blind) collected ($17.64)
Seat 2: torsk278 (button) (small blind) folded on the Flop


PokerStars Hand #146311535919:  Hold'em Limit ($3/$6 USD) - 2016/01/02 1:59:20 ET
Table 'Odyssey' 2-max Seat #1 is the button
Seat 1: permafrost07 ($87.66 in chips)
Seat 2: torsk278 ($124.02 in chips)
permafrost07: posts small blind $1
torsk278: posts big blind $3
*** HOLE CARDS ***
permafrost07: raises $3 to $6
torsk278: calls $3
*** FLOP *** [5d Tc 4h]
torsk278: checks
permafrost07: bets $3
torsk278: raises $3 to $6
permafrost07: raises $3 to $9
torsk278: calls $3
*** TURN *** [5d Tc 4h] [2s]
torsk278: checks
permafrost07: bets $6
torsk278: calls $6
*** RIVER *** [5d Tc 4h 2s] [7h]
torsk278: checks
permafrost07: bets $6
torsk278: calls $6
*** SHOW DOWN ***
permafrost07: shows [9h 9d] (a pair of Nines)
torsk278: mucks hand
permafrost07 collected $53.50 from pot
*** SUMMARY ***
Total pot $54 | Rake $0.50
Board [5d Tc 4h 2s 7h]
Seat 1: permafrost07 (button) (small blind) showed [9h 9d] and won ($53.50) with a pair of Nines
Seat 2: torsk278 (big blind) mucked


PokerStars Hand #146311541448:  Hold'em Limit ($3/$6 USD) - 2016/01/02 1:59:42 ET
Table 'Odyssey' 2-max Seat #2 is the button
Seat 1: permafrost07 ($114.16 in chips)
Seat 2: torsk278 ($120 in chips)
torsk278: posts small blind $1
permafrost07: posts big blind $3
*** HOLE CARDS ***
torsk278: raises $3 to $6
permafrost07: calls $3
*** FLOP *** [Jh 7d Kd]
permafrost07: bets $3
torsk278: calls $3
*** TURN *** [Jh 7d Kd] [Kc]
permafrost07: bets $6
torsk278: calls $6
*** RIVER *** [Jh 7d Kd Kc] [3h]
permafrost07: bets $6
torsk278: calls $6
*** SHOW DOWN ***
permafrost07: shows [3s Jc] (two pair, Kings and Jacks)
torsk278: mucks hand
permafrost07 collected $41.50 from pot
*** SUMMARY ***
Total pot $42 | Rake $0.50
Board [Jh 7d Kd Kc 3h]
Seat 1: permafrost07 (big blind) showed [3s Jc] and won ($41.50) with two pair, Kings and Jacks
Seat 2: torsk278 (button) (small blind) mucked


PokerStars Hand #146311528514:  Hold'em Limit ($3/$6 USD) - 2016/01/02 1:58:52 ET
Table 'Odyssey' 2-max Seat #1 is the button
Seat 1: permafrost07 ($64.52 in chips)
Seat 2: torsk278 ($148.02 in chips)
permafrost07: posts small blind $1
torsk278: posts big blind $3
*** HOLE CARDS ***
permafrost07: raises $3 to $6
torsk278: calls $3
*** FLOP *** [Jh 9c 3s]
torsk278: checks
permafrost07: bets $3
torsk278: calls $3
*** TURN *** [Jh 9c 3s] [Td]
torsk278: checks
permafrost07: bets $6
torsk278: calls $6
*** RIVER *** [Jh 9c 3s Td] [Ad]
torsk278: checks
permafrost07: checks
*** SHOW DOWN ***
torsk278: shows [Th Qh] (a pair of Tens)
permafrost07: shows [4h Jd] (a pair of Jacks)
permafrost07 collected $29.50 from pot
*** SUMMARY ***
Total pot $30 | Rake $0.50
Board [Jh 9c 3s Td Ad]
Seat 1: permafrost07 (button) (small blind) showed [4h Jd] and won ($29.50) with a pair of Jacks
Seat 2: torsk278 (big blind) showed [Th Qh] and lost with a pair of Tens


PokerStars Hand #146311552032:  Hold'em Limit ($3/$6 USD) - 2016/01/02 2:00:22 ET
Table 'Odyssey' 2-max Seat #2 is the button
Seat 1: permafrost07 ($110.66 in chips)
Seat 2: torsk278 ($143.50 in chips)
torsk278: posts small blind $1
permafrost07: posts big blind $3
*** HOLE CARDS ***
torsk278: folds
Uncalled bet ($2) returned to permafrost07
permafrost07 collected $2 from pot
permafrost07: doesn't show hand
*** SUMMARY ***
Total pot $2 | Rake $0
Seat 1: permafrost07 (big blind) collected ($2)
Seat 2: torsk278 (button) (small blind) folded before Flop


PokerStars Hand #146311546189:  Hold'em Limit ($3/$6 USD) - 2016/01/02 2:00:01 ET
Table 'Odyssey' 2-max Seat #1 is the button
Seat 1: permafrost07 ($134.66 in chips)
Seat 2: torsk278 ($120 in chips)
permafrost07: posts small blind $1
torsk278: posts big blind $3
*** HOLE CARDS ***
permafrost07: raises $3 to $6
torsk278: raises $3 to $9
permafrost07: calls $3
*** FLOP *** [8c Qc Jd]
torsk278: bets $3
permafrost07: raises $3 to $6
torsk278: raises $3 to $9
permafrost07: calls $3
*** TURN *** [8c Qc Jd] [8d]
torsk278: bets $6
permafrost07: calls $6
*** RIVER *** [8c Qc Jd 8d] [8h]
torsk278: bets $6
permafrost07: folds
Uncalled bet ($6) returned to torsk278
torsk278 collected $47.50 from pot
torsk278: doesn't show hand
*** SUMMARY ***
Total pot $48 | Rake $0.50
Board [8c Qc Jd 8d 8h]
Seat 1: permafrost07 (button) (small blind) folded on the River
Seat 2: torsk278 (big blind) collected ($47.50)


PokerStars Hand #146311559155:  Hold'em Limit ($3/$6 USD) - 2016/01/02 2:00:49 ET
Table 'Odyssey' 2-max Seat #2 is the button
Seat 1: permafrost07 ($99.66 in chips)
Seat 2: torsk278 ($154.02 in chips)
torsk278: posts small blind $1
permafrost07: posts big blind $3
*** HOLE CARDS ***
torsk278: raises $3 to $6
permafrost07: raises $3 to $9
torsk278: calls $3
*** FLOP *** [8h 2c 3s]
permafrost07: checks
torsk278: checks
*** TURN *** [8h 2c 3s] [2d]
permafrost07: checks
torsk278: checks
*** RIVER *** [8h 2c 3s 2d] [9h]
permafrost07: checks
torsk278: checks
*** SHOW DOWN ***
permafrost07: shows [Qd Ts] (a pair of Deuces)
torsk278: mucks hand
permafrost07 collected $17.64 from pot
*** SUMMARY ***
Total pot $18 | Rake $0.36
Board [8h 2c 3s 2d 9h]
Seat 1: permafrost07 (big blind) showed [Qd Ts] and won ($17.64) with a pair of Deuces
Seat 2: torsk278 (button) (small blind) mucked


PokerStars Hand #146311553243:  Hold'em Limit ($3/$6 USD) - 2016/01/02 2:00:27 ET
Table 'Odyssey' 2-max Seat #1 is the button
Seat 1: permafrost07 ($111.66 in chips)
Seat 2: torsk278 ($142.50 in chips)
permafrost07: posts small blind $1
torsk278: posts big blind $3
*** HOLE CARDS ***
permafrost07: calls $2
torsk278: raises $3 to $6
permafrost07: calls $3
*** FLOP *** [3c 3s 5d]
torsk278: bets $3
permafrost07: raises $3 to $6
torsk278: calls $3
*** TURN *** [3c 3s 5d] [Jh]
torsk278: checks
permafrost07: checks
*** RIVER *** [3c 3s 5d Jh] [6h]
torsk278: bets $6
permafrost07: folds
Uncalled bet ($6) returned to torsk278
torsk278 collected $23.52 from pot
torsk278: doesn't show hand
*** SUMMARY ***
Total pot $24 | Rake $0.48
Board [3c 3s 5d Jh 6h]
Seat 1: permafrost07 (button) (small blind) folded on the River
Seat 2: torsk278 (big blind) collected ($23.52)


PokerStars Hand #146311564699:  Hold'em Limit ($3/$6 USD) - 2016/01/02 2:01:08 ET
Table 'Odyssey' 2-max Seat #1 is the button
Seat 1: permafrost07 ($108.30 in chips)
Seat 2: torsk278 ($145.02 in chips)
permafrost07: posts small blind $1
torsk278: posts big blind $3
*** HOLE CARDS ***
permafrost07: raises $3 to $6
torsk278: folds
Uncalled bet ($3) returned to permafrost07
permafrost07 collected $6 from pot
permafrost07: doesn't show hand
*** SUMMARY ***
Total pot $6 | Rake $0
Seat 1: permafrost07 (button) (small blind) collected ($6)
Seat 2: torsk278 (big blind) folded before Flop


PokerStars Hand #146311566611:  Hold'em Limit ($3/$6 USD) - 2016/01/02 2:01:15 ET
Table 'Odyssey' 2-max Seat #2 is the button
Seat 1: permafrost07 ($111.30 in chips)
Seat 2: torsk278 ($142.02 in chips)
torsk278: posts small blind $1
permafrost07: posts big blind $3
*** HOLE CARDS ***
torsk278: raises $3 to $6
permafrost07: raises $3 to $9
torsk278: calls $3
*** FLOP *** [5c 5d Kd]
permafrost07: bets $3
torsk278: calls $3
*** TURN *** [5c 5d Kd] [4s]
permafrost07: checks
torsk278: checks
*** RIVER *** [5c 5d Kd 4s] [Jh]
permafrost07: bets $6
torsk278: folds
Uncalled bet ($6) returned to permafrost07
permafrost07 collected $23.52 from pot
permafrost07: doesn't show hand
*** SUMMARY ***
Total pot $24 | Rake $0.48
Board [5c 5d Kd 4s Jh]
Seat 1: permafrost07 (big blind) collected ($23.52)
Seat 2: torsk278 (button) (small blind) folded on the River


PokerStars Hand #146311580098:  Hold'em Limit ($3/$6 USD) - 2016/01/02 2:02:02 ET
Table 'Odyssey' 2-max Seat #2 is the button
Seat 1: permafrost07 ($110.82 in chips)
Seat 2: torsk278 ($141.54 in chips)
torsk278: posts small blind $1
permafrost07: posts big blind $3
*** HOLE CARDS ***
torsk278: folds
Uncalled bet ($2) returned to permafrost07
permafrost07 collected $2 from pot
permafrost07: doesn't show hand
*** SUMMARY ***
Total pot $2 | Rake $0
Seat 1: permafrost07 (big blind) collected ($2)
Seat 2: torsk278 (button) (small blind) folded before Flop


PokerStars Hand #146311573825:  Hold'em Limit ($3/$6 USD) - 2016/01/02 2:01:40 ET
Table 'Odyssey' 2-max Seat #1 is the button
Seat 1: permafrost07 ($122.82 in chips)
Seat 2: torsk278 ($130.02 in chips)
permafrost07: posts small blind $1
torsk278: posts big blind $3
*** HOLE CARDS ***
permafrost07: raises $3 to $6
torsk278: raises $3 to $9
permafrost07: raises $3 to $12
Betting is capped
torsk278: calls $3
*** FLOP *** [Ac 2s 6h]
torsk278: checks
permafrost07: checks
*** TURN *** [Ac 2s 6h] [3d]
torsk278: checks
permafrost07: checks
*** RIVER *** [Ac 2s 6h 3d] [Qs]
torsk278: checks
permafrost07: checks
*** SHOW DOWN ***
torsk278: shows [Th Ks] (high card Ace)
permafrost07: mucks hand
torsk278 collected $23.52 from pot
*** SUMMARY ***
Total pot $24 | Rake $0.48
Board [Ac 2s 6h 3d Qs]
Seat 1: permafrost07 (button) (small blind) mucked
Seat 2: torsk278 (big blind) showed [Th Ks] and won ($23.52) with high card Ace


PokerStars Hand #146311581690:  Hold'em Limit ($3/$6 USD) - 2016/01/02 2:02:07 ET
Table 'Odyssey' 2-max Seat #1 is the button
Seat 1: permafrost07 ($111.82 in chips)
Seat 2: torsk278 ($140.54 in chips)
permafrost07: posts small blind $1
torsk278: posts big blind $3
*** HOLE CARDS ***
permafrost07: raises $3 to $6
torsk278: calls $3
*** FLOP *** [8c Qd 5s]
torsk278: checks
permafrost07: checks
*** TURN *** [8c Qd 5s] [Tc]
torsk278: bets $6
permafrost07: calls $6
*** RIVER *** [8c Qd 5s Tc] [Th]
torsk278: bets $6
permafrost07: raises $6 to $12
torsk278: folds
Uncalled bet ($6) returned to permafrost07
permafrost07 collected $35.50 from pot
permafrost07: doesn't show hand
*** SUMMARY ***
Total pot $36 | Rake $0.50
Board [8c Qd 5s Tc Th]
Seat 1: permafrost07 (button) (small blind) collected ($35.50)
Seat 2: torsk278 (big blind) folded on the River


PokerStars Hand #146311588007:  Hold'em Limit ($3/$6 USD) - 2016/01/02 2:02:29 ET
Table 'Odyssey' 2-max Seat #2 is the button
Seat 1: permafrost07 ($129.32 in chips)
Seat 2: torsk278 ($122.54 in chips)
torsk278: posts small blind $1
permafrost07: posts big blind $3
*** HOLE CARDS ***
torsk278: raises $3 to $6
permafrost07: raises $3 to $9
torsk278: calls $3
*** FLOP *** [2d Kc Td]
permafrost07: bets $3
torsk278: folds
Uncalled bet ($3) returned to permafrost07
permafrost07 collected $17.64 from pot
permafrost07: doesn't show hand
*** SUMMARY ***
Total pot $18 | Rake $0.36
Board [2d Kc Td]
Seat 1: permafrost07 (big blind) collected ($17.64)
Seat 2: torsk278 (button) (small blind) folded on the Flop


PokerStars Hand #146311591209:  Hold'em Limit ($3/$6 USD) - 2016/01/02 2:02:39 ET
Table 'Odyssey' 2-max Seat #1 is the button
Seat 1: permafrost07 ($137.96 in chips)
Seat 2: torsk278 ($113.54 in chips)
permafrost07: posts small blind $1
torsk278: posts big blind $3
*** HOLE CARDS ***
permafrost07: raises $3 to $6
torsk278: calls $3
*** FLOP *** [3c 4c 6h]
torsk278: checks
permafrost07: bets $3
torsk278: raises $3 to $6
permafrost07: raises $3 to $9
torsk278: calls $3
*** TURN *** [3c 4c 6h] [3d]
torsk278: checks
permafrost07: bets $6
torsk278: calls $6
*** RIVER *** [3c 4c 6h 3d] [Th]
torsk278: checks
permafrost07: bets $6
torsk278: calls $6
*** SHOW DOWN ***
permafrost07: shows [4h Ts] (two pair, Tens and Fours)
torsk278: mucks hand
permafrost07 collected $53.50 from pot
*** SUMMARY ***
Total pot $54 | Rake $0.50
Board [3c 4c 6h 3d Th]
Seat 1: permafrost07 (button) (small blind) showed [4h Ts] and won ($53.50) with two pair, Tens and Fours
Seat 2: torsk278 (big blind) mucked


PokerStars Hand #146311611290:  Hold'em Limit ($3/$6 USD) - 2016/01/02 2:03:48 ET
Table 'Odyssey' 2-max Seat #2 is the button
Seat 1: permafrost07 ($146.22 in chips)
Seat 2: torsk278 ($137.50 in chips)
torsk278: posts small blind $1
permafrost07: posts big blind $3
*** HOLE CARDS ***
torsk278: raises $3 to $6
permafrost07: calls $3
*** FLOP *** [2c Kc 3d]
permafrost07: checks
torsk278: bets $3
permafrost07: folds
Uncalled bet ($3) returned to torsk278
torsk278 collected $11.76 from pot
torsk278: doesn't show hand
*** SUMMARY ***
Total pot $12 | Rake $0.24
Board [2c Kc 3d]
Seat 1: permafrost07 (big blind) folded on the Flop
Seat 2: torsk278 (button) (small blind) collected ($11.76)


PokerStars Hand #146311597913:  Hold'em Limit ($3/$6 USD) - 2016/01/02 2:03:02 ET
Table 'Odyssey' 2-max Seat #2 is the button
Seat 1: permafrost07 ($164.46 in chips)
Seat 2: torsk278 ($120 in chips)
torsk278: posts small blind $1
permafrost07: posts big blind $3
*** HOLE CARDS ***
torsk278: raises $3 to $6
permafrost07: raises $3 to $9
torsk278: calls $3
*** FLOP *** [4h 8h 8d]
permafrost07: bets $3
torsk278: calls $3
*** TURN *** [4h 8h 8d] [5c]
permafrost07: bets $6
torsk278: calls $6
*** RIVER *** [4h 8h 8d 5c] [9c]
permafrost07: bets $6
torsk278: calls $6
*** SHOW DOWN ***
permafrost07: shows [Th Qc] (a pair of Eights)
torsk278: shows [4d 6h] (two pair, Eights and Fours)
torsk278 collected $47.50 from pot
*** SUMMARY ***
Total pot $48 | Rake $0.50
Board [4h 8h 8d 5c 9c]
Seat 1: permafrost07 (big blind) showed [Th Qc] and lost with a pair of Eights
Seat 2: torsk278 (button) (small blind) showed [4d 6h] and won ($47.50) with two pair, Eights and Fours


PokerStars Hand #146311604423:  Hold'em Limit ($3/$6 USD) - 2016/01/02 2:03:24 ET
Table 'Odyssey' 2-max Seat #1 is the button
Seat 1: permafrost07 ($140.46 in chips)
Seat 2: torsk278 ($143.50 in chips)
permafrost07: posts small blind $1
torsk278: posts big blind $3
*** HOLE CARDS ***
permafrost07: raises $3 to $6
torsk278: calls $3
*** FLOP *** [Ad 8d 9d]
torsk278: checks
permafrost07: checks
*** TURN *** [Ad 8d 9d] [6s]
torsk278: checks
permafrost07: checks
*** RIVER *** [Ad 8d 9d 6s] [4s]
torsk278: checks
permafrost07: bets $6
torsk278: folds
Uncalled bet ($6) returned to permafrost07
permafrost07 collected $11.76 from pot
permafrost07: doesn't show hand
*** SUMMARY ***
Total pot $12 | Rake $0.24
Board [Ad 8d 9d 6s 4s]
Seat 1: permafrost07 (button) (small blind) collected ($11.76)
Seat 2: torsk278 (big blind) folded on the River


PokerStars Hand #146311614589:  Hold'em Limit ($3/$6 USD) - 2016/01/02 2:03:59 ET
Table 'Odyssey' 2-max Seat #1 is the button
Seat 1: permafrost07 ($140.22 in chips)
Seat 2: torsk278 ($143.26 in chips)
permafrost07: posts small blind $1
torsk278: posts big blind $3
*** HOLE CARDS ***
permafrost07: raises $3 to $6
torsk278: calls $3
*** FLOP *** [Ad 6c 8d]
torsk278: checks
permafrost07: checks
*** TURN *** [Ad 6c 8d] [Jh]
torsk278: checks
permafrost07: checks
*** RIVER *** [Ad 6c 8d Jh] [9d]
torsk278: checks
permafrost07: checks
*** SHOW DOWN ***
torsk278: shows [Qh 7c] (high card Ace)
permafrost07: shows [Kc Qs] (high card Ace - King kicker)
permafrost07 collected $11.76 from pot
*** SUMMARY ***
Total pot $12 | Rake $0.24
Board [Ad 6c 8d Jh 9d]
Seat 1: permafrost07 (button) (small blind) showed [Kc Qs] and won ($11.76) with high card Ace
Seat 2: torsk278 (big blind) showed [Qh 7c] and lost with high card Ace


PokerStars Hand #146311620261:  Hold'em Limit ($3/$6 USD) - 2016/01/02 2:04:18 ET
Table 'Odyssey' 2-max Seat #2 is the button
Seat 1: permafrost07 ($145.98 in chips)
Seat 2: torsk278 ($137.26 in chips)
torsk278: posts small blind $1
permafrost07: posts big blind $3
*** HOLE CARDS ***
torsk278: raises $3 to $6
permafrost07: raises $3 to $9
torsk278: calls $3
*** FLOP *** [7c Th Tc]
permafrost07: bets $3
torsk278: folds
Uncalled bet ($3) returned to permafrost07
permafrost07 collected $17.64 from pot
permafrost07: doesn't show hand
*** SUMMARY ***
Total pot $18 | Rake $0.36
Board [7c Th Tc]
Seat 1: permafrost07 (big blind) collected ($17.64)
Seat 2: torsk278 (button) (small blind) folded on the Flop


PokerStars Hand #146311623598:  Hold'em Limit ($3/$6 USD) - 2016/01/02 2:04:29 ET
Table 'Odyssey' 2-max Seat #1 is the button
Seat 1: permafrost07 ($154.62 in chips)
Seat 2: torsk278 ($128.26 in chips)
permafrost07: posts small blind $1
torsk278: posts big blind $3
*** HOLE CARDS ***
permafrost07: raises $3 to $6
torsk278: raises $3 to $9
permafrost07: raises $3 to $12
Betting is capped
torsk278: calls $3
*** FLOP *** [2c Qh 9d]
torsk278: checks
permafrost07: bets $3
torsk278: calls $3
*** TURN *** [2c Qh 9d] [Ts]
torsk278: checks
permafrost07: bets $6
torsk278: folds
Uncalled bet ($6) returned to permafrost07
permafrost07 collected $29.50 from pot
permafrost07: doesn't show hand
*** SUMMARY ***
Total pot $30 | Rake $0.50
Board [2c Qh 9d Ts]
Seat 1: permafrost07 (button) (small blind) collected ($29.50)
Seat 2: torsk278 (big blind) folded on the Turn


PokerStars Hand #146311629145:  Hold'em Limit ($3/$6 USD) - 2016/01/02 2:04:48 ET
Table 'Odyssey' 2-max Seat #2 is the button
Seat 1: permafrost07 ($169.12 in chips)
Seat 2: torsk278 ($113.26 in chips)
torsk278: posts small blind $1
permafrost07: posts big blind $3
*** HOLE CARDS ***
torsk278: folds
Uncalled bet ($2) returned to permafrost07
permafrost07 collected $2 from pot
permafrost07: doesn't show hand
*** SUMMARY ***
Total pot $2 | Rake $0
Seat 1: permafrost07 (big blind) collected ($2)
Seat 2: torsk278 (button) (small blind) folded before Flop


PokerStars Hand #146311645527:  Hold'em Limit ($3/$6 USD) - 2016/01/02 2:05:44 ET
Table 'Odyssey' 2-max Seat #2 is the button
Seat 1: permafrost07 ($130.12 in chips)
Seat 2: torsk278 ($151.40 in chips)
torsk278: posts small blind $1
permafrost07: posts big blind $3
*** HOLE CARDS ***
torsk278: calls $2
permafrost07: checks
*** FLOP *** [8s 6h 6d]
permafrost07: bets $3
torsk278: calls $3
*** TURN *** [8s 6h 6d] [3c]
permafrost07: checks
torsk278: bets $6
permafrost07: folds
Uncalled bet ($6) returned to torsk278
torsk278 collected $11.76 from pot
torsk278: doesn't show hand
*** SUMMARY ***
Total pot $12 | Rake $0.24
Board [8s 6h 6d 3c]
Seat 1: permafrost07 (big blind) folded on the Turn
Seat 2: torsk278 (button) (small blind) collected ($11.76)


PokerStars Hand #146311630465:  Hold'em Limit ($3/$6 USD) - 2016/01/02 2:04:52 ET
Table 'Odyssey' 2-max Seat #1 is the button
Seat 1: permafrost07 ($170.12 in chips)
Seat 2: torsk278 ($112.26 in chips)
permafrost07: posts small blind $1
torsk278: posts big blind $3
*** HOLE CARDS ***
permafrost07: raises $3 to $6
torsk278: calls $3
*** FLOP *** [Th Js 7c]
torsk278: checks
permafrost07: bets $3
torsk278: raises $3 to $6
permafrost07: raises $3 to $9
torsk278: raises $3 to $12
Betting is capped
permafrost07: calls $3
*** TURN *** [Th Js 7c] [9c]
torsk278: bets $6
permafrost07: calls $6
*** RIVER *** [Th Js 7c 9c] [3h]
torsk278: bets $6
permafrost07: calls $6
*** SHOW DOWN ***
torsk278: shows [Jd 8h] (a straight, Seven to Jack)
permafrost07: mucks hand
torsk278 collected $59.50 from pot
*** SUMMARY ***
Total pot $60 | Rake $0.50
Board [Th Js 7c 9c 3h]
Seat 1: permafrost07 (button) (small blind) mucked
Seat 2: torsk278 (big blind) showed [Jd 8h] and won ($59.50) with a straight, Seven to Jack


PokerStars Hand #146311636980:  Hold'em Limit ($3/$6 USD) - 2016/01/02 2:05:15 ET
Table 'Odyssey' 2-max Seat #2 is the button
Seat 1: permafrost07 ($140.12 in chips)
Seat 2: torsk278 ($141.76 in chips)
torsk278: posts small blind $1
permafrost07: posts big blind $3
*** HOLE CARDS ***
torsk278: calls $2
permafrost07: raises $3 to $6
torsk278: calls $3
*** FLOP *** [6d Qd 7c]
permafrost07: bets $3
torsk278: calls $3
*** TURN *** [6d Qd 7c] [Tc]
permafrost07: checks
torsk278: checks
*** RIVER *** [6d Qd 7c Tc] [4c]
permafrost07: checks
torsk278: checks
*** SHOW DOWN ***
permafrost07: shows [3s 9c] (high card Queen)
torsk278: shows [Jd 8s] (high card Queen - Jack kicker)
torsk278 collected $17.64 from pot
*** SUMMARY ***
Total pot $18 | Rake $0.36
Board [6d Qd 7c Tc 4c]
Seat 1: permafrost07 (big blind) showed [3s 9c] and lost with high card Queen
Seat 2: torsk278 (button) (small blind) showed [Jd 8s] and won ($17.64) with high card Queen


PokerStars Hand #146311643485:  Hold'em Limit ($3/$6 USD) - 2016/01/02 2:05:37 ET
Table 'Odyssey' 2-max Seat #1 is the button
Seat 1: permafrost07 ($131.12 in chips)
Seat 2: torsk278 ($150.40 in chips)
permafrost07: posts small blind $1
torsk278: posts big blind $3
*** HOLE CARDS ***
permafrost07: folds
Uncalled bet ($2) returned to torsk278
torsk278 collected $2 from pot
torsk278: doesn't show hand
*** SUMMARY ***
Total pot $2 | Rake $0
Seat 1: permafrost07 (button) (small blind) folded before Flop
Seat 2: torsk278 (big blind) collected ($2)


PokerStars Hand #146311661537:  Hold'em Limit ($3/$6 USD) - 2016/01/02 2:06:39 ET
Table 'Odyssey' 2-max Seat #1 is the button
Seat 1: permafrost07 ($82.12 in chips)
Seat 2: torsk278 ($198.42 in chips)
permafrost07: posts small blind $1
torsk278: posts big blind $3
*** HOLE CARDS ***
permafrost07: raises $3 to $6
torsk278: folds
Uncalled bet ($3) returned to permafrost07
permafrost07 collected $6 from pot
permafrost07: doesn't show hand
*** SUMMARY ***
Total pot $6 | Rake $0
Seat 1: permafrost07 (button) (small blind) collected ($6)
Seat 2: torsk278 (big blind) folded before Flop


PokerStars Hand #146311651037:  Hold'em Limit ($3/$6 USD) - 2016/01/02 2:06:03 ET
Table 'Odyssey' 2-max Seat #1 is the button
Seat 1: permafrost07 ($124.12 in chips)
Seat 2: torsk278 ($157.16 in chips)
permafrost07: posts small blind $1
torsk278: posts big blind $3
*** HOLE CARDS ***
permafrost07: calls $2
torsk278: raises $3 to $6
permafrost07: calls $3
*** FLOP *** [2s 4h 2d]
torsk278: bets $3
permafrost07: folds
Uncalled bet ($3) returned to torsk278
torsk278 collected $11.76 from pot
torsk278: doesn't show hand
*** SUMMARY ***
Total pot $12 | Rake $0.24
Board [2s 4h 2d]
Seat 1: permafrost07 (button) (small blind) folded on the Flop
Seat 2: torsk278 (big blind) collected ($11.76)


PokerStars Hand #146311655145:  Hold'em Limit ($3/$6 USD) - 2016/01/02 2:06:17 ET
Table 'Odyssey' 2-max Seat #2 is the button
Seat 1: permafrost07 ($118.12 in chips)
Seat 2: torsk278 ($162.92 in chips)
torsk278: posts small blind $1
permafrost07: posts big blind $3
*** HOLE CARDS ***
torsk278: raises $3 to $6
permafrost07: raises $3 to $9
torsk278: calls $3
*** FLOP *** [2d Qd Jh]
permafrost07: bets $3
torsk278: calls $3
*** TURN *** [2d Qd Jh] [9s]
permafrost07: bets $6
torsk278: raises $6 to $12
permafrost07: raises $6 to $18
torsk278: calls $6
*** RIVER *** [2d Qd Jh 9s] [Tc]
permafrost07: bets $6
torsk278: calls $6
*** SHOW DOWN ***
permafrost07: shows [2h 2c] (three of a kind, Deuces)
torsk278: shows [9d 9c] (three of a kind, Nines)
torsk278 collected $71.50 from pot
*** SUMMARY ***
Total pot $72 | Rake $0.50
Board [2d Qd Jh 9s Tc]
Seat 1: permafrost07 (big blind) showed [2h 2c] and lost with three of a kind, Deuces
Seat 2: torsk278 (button) (small blind) showed [9d 9c] and won ($71.50) with three of a kind, Nines


PokerStars Hand #146311663468:  Hold'em Limit ($3/$6 USD) - 2016/01/02 2:06:46 ET
Table 'Odyssey' 2-max Seat #2 is the button
Seat 1: permafrost07 ($85.12 in chips)
Seat 2: torsk278 ($195.42 in chips)
torsk278: posts small blind $1
permafrost07: posts big blind $3
*** HOLE CARDS ***
torsk278: folds
Uncalled bet ($2) returned to permafrost07
permafrost07 collected $2 from pot
permafrost07: doesn't show hand
*** SUMMARY ***
Total pot $2 | Rake $0
Seat 1: permafrost07 (big blind) collected ($2)
Seat 2: torsk278 (button) (small blind) folded before Flop


PokerStars Hand #146311664796:  Hold'em Limit ($3/$6 USD) - 2016/01/02 2:06:50 ET
Table 'Odyssey' 2-max Seat #1 is the button
Seat 1: permafrost07 ($86.12 in chips)
Seat 2: torsk278 ($194.42 in chips)
permafrost07: posts small blind $1
torsk278: posts big blind $3
*** HOLE CARDS ***
permafrost07: raises $3 to $6
torsk278: calls $3
*** FLOP *** [7d 8c 5s]
torsk278: checks
permafrost07: bets $3
torsk278: calls $3
*** TURN *** [7d 8c 5s] [8s]
torsk278: checks
permafrost07: bets $6
torsk278: calls $6
*** RIVER *** [7d 8c 5s 8s] [6c]
torsk278: checks
permafrost07: bets $6
torsk278: calls $6
*** SHOW DOWN ***
permafrost07: shows [5d 4s] (a straight, Four to Eight)
torsk278: mucks hand
permafrost07 collected $41.50 from pot
*** SUMMARY ***
Total pot $42 | Rake $0.50
Board [7d 8c 5s 8s 6c]
Seat 1: permafrost07 (button) (small blind) showed [5d 4s] and won ($41.50) with a straight, Four to Eight
Seat 2: torsk278 (big blind) mucked


PokerStars Hand #146311676465:  Hold'em Limit ($3/$6 USD) - 2016/01/02 2:07:30 ET
Table 'Odyssey' 2-max Seat #2 is the button
Seat 1: permafrost07 ($118.14 in chips)
Seat 2: torsk278 ($161.42 in chips)
torsk278: posts small blind $1
permafrost07: posts big blind $3
*** HOLE CARDS ***
torsk278: calls $2
permafrost07: raises $3 to $6
torsk278: calls $3
*** FLOP *** [3c 9d 7d]
permafrost07: bets $3
torsk278: calls $3
*** TURN *** [3c 9d 7d] [Js]
permafrost07: checks
torsk278: bets $6
permafrost07: calls $6
*** RIVER *** [3c 9d 7d Js] [Tc]
permafrost07: bets $6
torsk278: calls $6
*** SHOW DOWN ***
permafrost07: shows [6d Ts] (a pair of Tens)
torsk278: shows [8c Kh] (a straight, Seven to Jack)
torsk278 collected $41.50 from pot
*** SUMMARY ***
Total pot $42 | Rake $0.50
Board [3c 9d 7d Js Tc]
Seat 1: permafrost07 (big blind) showed [6d Ts] and lost with a pair of Tens
Seat 2: torsk278 (button) (small blind) showed [8c Kh] and won ($41.50) with a straight, Seven to Jack


PokerStars Hand #146311684054:  Hold'em Limit ($3/$6 USD) - 2016/01/02 2:07:57 ET
Table 'Odyssey' 2-max Seat #1 is the button
Seat 1: permafrost07 ($97.14 in chips)
Seat 2: torsk278 ($181.92 in chips)
permafrost07: posts small blind $1
torsk278: posts big blind $3
*** HOLE CARDS ***
permafrost07: raises $3 to $6
torsk278: calls $3
*** FLOP *** [Ac 8h Ah]
torsk278: checks
permafrost07: bets $3
torsk278: folds
Uncalled bet ($3) returned to permafrost07
permafrost07 collected $11.76 from pot
permafrost07: doesn't show hand
*** SUMMARY ***
Total pot $12 | Rake $0.24
Board [Ac 8h Ah]
Seat 1: permafrost07 (button) (small blind) collected ($11.76)
Seat 2: torsk278 (big blind) folded on the Flop


PokerStars Hand #146311670225:  Hold'em Limit ($3/$6 USD) - 2016/01/02 2:07:09 ET
Table 'Odyssey' 2-max Seat #2 is the button
Seat 1: permafrost07 ($106.62 in chips)
Seat 2: torsk278 ($173.42 in chips)
torsk278: posts small blind $1
permafrost07: posts big blind $3
*** HOLE CARDS ***
torsk278: calls $2
permafrost07: raises $3 to $6
torsk278: calls $3
*** FLOP *** [9s As 6s]
permafrost07: bets $3
torsk278: folds
Uncalled bet ($3) returned to permafrost07
permafrost07 collected $11.76 from pot
permafrost07: doesn't show hand
*** SUMMARY ***
Total pot $12 | Rake $0.24
Board [9s As 6s]
Seat 1: permafrost07 (big blind) collected ($11.76)
Seat 2: torsk278 (button) (small blind) folded on the Flop


PokerStars Hand #146311673176:  Hold'em Limit ($3/$6 USD) - 2016/01/02 2:07:19 ET
Table 'Odyssey' 2-max Seat #1 is the button
Seat 1: permafrost07 ($112.38 in chips)
Seat 2: torsk278 ($167.42 in chips)
permafrost07: posts small blind $1
torsk278: posts big blind $3
*** HOLE CARDS ***
permafrost07: raises $3 to $6
torsk278: calls $3
*** FLOP *** [3h Th 6h]
torsk278: checks
permafrost07: bets $3
torsk278: folds
Uncalled bet ($3) returned to permafrost07
permafrost07 collected $11.76 from pot
permafrost07: doesn't show hand
*** SUMMARY ***
Total pot $12 | Rake $0.24
Board [3h Th 6h]
Seat 1: permafrost07 (button) (small blind) collected ($11.76)
Seat 2: torsk278 (big blind) folded on the Flop


PokerStars Hand #146311693602:  Hold'em Limit ($3/$6 USD) - 2016/01/02 2:08:29 ET
Table 'Odyssey' 2-max Seat #1 is the button
Seat 1: permafrost07 ($129.40 in chips)
Seat 2: torsk278 ($148.92 in chips)
permafrost07: posts small blind $1
torsk278: posts big blind $3
*** HOLE CARDS ***
permafrost07: raises $3 to $6
torsk278: calls $3
*** FLOP *** [7s Qs 5s]
torsk278: checks
permafrost07: bets $3
torsk278: calls $3
*** TURN *** [7s Qs 5s] [8c]
torsk278: checks
permafrost07: checks
*** RIVER *** [7s Qs 5s 8c] [6s]
torsk278: checks
permafrost07: checks
*** SHOW DOWN ***
torsk278: shows [5c 6d] (two pair, Sixes and Fives)
permafrost07: mucks hand
torsk278 collected $17.64 from pot
*** SUMMARY ***
Total pot $18 | Rake $0.36
Board [7s Qs 5s 8c 6s]
Seat 1: permafrost07 (button) (small blind) mucked
Seat 2: torsk278 (big blind) showed [5c 6d] and won ($17.64) with two pair, Sixes and Fives


PokerStars Hand #146311699193:  Hold'em Limit ($3/$6 USD) - 2016/01/02 2:08:49 ET
Table 'Odyssey' 2-max Seat #2 is the button
Seat 1: permafrost07 ($120.40 in chips)
Seat 2: torsk278 ($157.56 in chips)
torsk278: posts small blind $1
permafrost07: posts big blind $3
*** HOLE CARDS ***
torsk278: calls $2
permafrost07: checks
*** FLOP *** [Js Ah Tc]
permafrost07: bets $3
torsk278: calls $3
*** TURN *** [Js Ah Tc] [8d]
permafrost07: checks
torsk278: bets $6
permafrost07: folds
Uncalled bet ($6) returned to torsk278
torsk278 collected $11.76 from pot
torsk278: doesn't show hand
*** SUMMARY ***
Total pot $12 | Rake $0.24
Board [Js Ah Tc 8d]
Seat 1: permafrost07 (big blind) folded on the Turn
Seat 2: torsk278 (button) (small blind) collected ($11.76)


PokerStars Hand #146311687035:  Hold'em Limit ($3/$6 USD) - 2016/01/02 2:08:07 ET
Table 'Odyssey' 2-max Seat #2 is the button
Seat 1: permafrost07 ($102.90 in chips)
Seat 2: torsk278 ($175.92 in chips)
torsk278: posts small blind $1
permafrost07: posts big blind $3
*** HOLE CARDS ***
torsk278: calls $2
permafrost07: raises $3 to $6
torsk278: calls $3
*** FLOP *** [2s Td 6s]
permafrost07: bets $3
torsk278: raises $3 to $6
permafrost07: raises $3 to $9
torsk278: calls $3
*** TURN *** [2s Td 6s] [Qd]
permafrost07: bets $6
torsk278: calls $6
*** RIVER *** [2s Td 6s Qd] [5c]
permafrost07: bets $6
torsk278: calls $6
*** SHOW DOWN ***
permafrost07: shows [6h 5d] (two pair, Sixes and Fives)
torsk278: mucks hand
permafrost07 collected $53.50 from pot
*** SUMMARY ***
Total pot $54 | Rake $0.50
Board [2s Td 6s Qd 5c]
Seat 1: permafrost07 (big blind) showed [6h 5d] and won ($53.50) with two pair, Sixes and Fives
Seat 2: torsk278 (button) (small blind) mucked


PokerStars Hand #146311708337:  Hold'em Limit ($3/$6 USD) - 2016/01/02 2:09:20 ET
Table 'Odyssey' 2-max Seat #2 is the button
Seat 1: permafrost07 ($108.40 in chips)
Seat 2: torsk278 ($169.08 in chips)
torsk278: posts small blind $1
permafrost07: posts big blind $3
*** HOLE CARDS ***
torsk278: calls $2
permafrost07: checks
*** FLOP *** [8s 8h 4c]
permafrost07: bets $3
torsk278: folds
Uncalled bet ($3) returned to permafrost07
permafrost07 collected $5.88 from pot
permafrost07: doesn't show hand
*** SUMMARY ***
Total pot $6 | Rake $0.12
Board [8s 8h 4c]
Seat 1: permafrost07 (big blind) collected ($5.88)
Seat 2: torsk278 (button) (small blind) folded on the Flop


PokerStars Hand #146311704372:  Hold'em Limit ($3/$6 USD) - 2016/01/02 2:09:06 ET
Table 'Odyssey' 2-max Seat #1 is the button
Seat 1: permafrost07 ($114.40 in chips)
Seat 2: torsk278 ($163.32 in chips)
permafrost07: posts small blind $1
torsk278: posts big blind $3
*** HOLE CARDS ***
permafrost07: raises $3 to $6
torsk278: calls $3
*** FLOP *** [Ts 6d Ac]
torsk278: checks
permafrost07: checks
*** TURN *** [Ts 6d Ac] [4d]
torsk278: bets $6
permafrost07: folds
Uncalled bet ($6) returned to torsk278
torsk278 collected $11.76 from pot
torsk278: doesn't show hand
*** SUMMARY ***
Total pot $12 | Rake $0.24
Board [Ts 6d Ac 4d]
Seat 1: permafrost07 (button) (small blind) folded on the Turn
Seat 2: torsk278 (big blind) collected ($11.76)


PokerStars Hand #146311712088:  Hold'em Limit ($3/$6 USD) - 2016/01/02 2:09:33 ET
Table 'Odyssey' 2-max Seat #1 is the button
Seat 1: permafrost07 ($111.28 in chips)
Seat 2: torsk278 ($166.08 in chips)
permafrost07: posts small blind $1
torsk278: posts big blind $3
*** HOLE CARDS ***
permafrost07: raises $3 to $6
torsk278: calls $3
*** FLOP *** [8s 6s 2s]
torsk278: checks
permafrost07: bets $3
torsk278: calls $3
*** TURN *** [8s 6s 2s] [Ts]
torsk278: checks
permafrost07: bets $6
torsk278: folds
Uncalled bet ($6) returned to permafrost07
permafrost07 collected $17.64 from pot
permafrost07: doesn't show hand
*** SUMMARY ***
Total pot $18 | Rake $0.36
Board [8s 6s 2s Ts]
Seat 1: permafrost07 (button) (small blind) collected ($17.64)
Seat 2: torsk278 (big blind) folded on the Turn


PokerStars Hand #146311724459:  Hold'em Limit ($3/$6 USD) - 2016/01/02 2:10:15 ET
Table 'Odyssey' 2-max Seat #1 is the button
Seat 1: permafrost07 ($107.92 in chips)
Seat 2: torsk278 ($168.60 in chips)
permafrost07: posts small blind $1
torsk278: posts big blind $3
*** HOLE CARDS ***
permafrost07: raises $3 to $6
torsk278: calls $3
*** FLOP *** [Ah 5c 8s]
torsk278: checks
permafrost07: bets $3
torsk278: folds
Uncalled bet ($3) returned to permafrost07
permafrost07 collected $11.76 from pot
permafrost07: doesn't show hand
*** SUMMARY ***
Total pot $12 | Rake $0.24
Board [Ah 5c 8s]
Seat 1: permafrost07 (button) (small blind) collected ($11.76)
Seat 2: torsk278 (big blind) folded on the Flop


PokerStars Hand #146311735867:  Hold'em Limit ($3/$6 USD) - 2016/01/02 2:10:53 ET
Table 'Odyssey' 2-max Seat #1 is the button
Seat 1: permafrost07 ($134.18 in chips)
Seat 2: torsk278 ($141.60 in chips)
permafrost07: posts small blind $1
torsk278: posts big blind $3
*** HOLE CARDS ***
permafrost07: raises $3 to $6
torsk278: folds
Uncalled bet ($3) returned to permafrost07
permafrost07 collected $6 from pot
permafrost07: doesn't show hand
*** SUMMARY ***
Total pot $6 | Rake $0
Seat 1: permafrost07 (button) (small blind) collected ($6)
Seat 2: torsk278 (big blind) folded before Flop


PokerStars Hand #146311727868:  Hold'em Limit ($3/$6 USD) - 2016/01/02 2:10:26 ET
Table 'Odyssey' 2-max Seat #2 is the button
Seat 1: permafrost07 ($113.68 in chips)
Seat 2: torsk278 ($162.60 in chips)
torsk278: posts small blind $1
permafrost07: posts big blind $3
*** HOLE CARDS ***
torsk278: calls $2
permafrost07: raises $3 to $6
torsk278: calls $3
*** FLOP *** [3s 8c 5c]
permafrost07: bets $3
torsk278: calls $3
*** TURN *** [3s 8c 5c] [Tc]
permafrost07: bets $6
torsk278: calls $6
*** RIVER *** [3s 8c 5c Tc] [2c]
permafrost07: bets $6
torsk278: calls $6
*** SHOW DOWN ***
permafrost07: shows [2s Kc] (a flush, King high)
torsk278: mucks hand
permafrost07 collected $41.50 from pot
*** SUMMARY ***
Total pot $42 | Rake $0.50
Board [3s 8c 5c Tc 2c]
Seat 1: permafrost07 (big blind) showed [2s Kc] and won ($41.50) with a flush, King high
Seat 2: torsk278 (button) (small blind) mucked


PokerStars Hand #146311717183:  Hold'em Limit ($3/$6 USD) - 2016/01/02 2:09:50 ET
Table 'Odyssey' 2-max Seat #2 is the button
Seat 1: permafrost07 ($119.92 in chips)
Seat 2: torsk278 ($157.08 in chips)
torsk278: posts small blind $1
permafrost07: posts big blind $3
*** HOLE CARDS ***
torsk278: raises $3 to $6
permafrost07: raises $3 to $9
torsk278: calls $3
*** FLOP *** [4d 2d 8h]
permafrost07: bets $3
torsk278: calls $3
*** TURN *** [4d 2d 8h] [4s]
permafrost07: checks
torsk278: checks
*** RIVER *** [4d 2d 8h 4s] [5c]
permafrost07: checks
torsk278: bets $6
permafrost07: folds
Uncalled bet ($6) returned to torsk278
torsk278 collected $23.52 from pot
torsk278: doesn't show hand
*** SUMMARY ***
Total pot $24 | Rake $0.48
Board [4d 2d 8h 4s 5c]
Seat 1: permafrost07 (big blind) folded on the River
Seat 2: torsk278 (button) (small blind) collected ($23.52)


PokerStars Hand #146311737552:  Hold'em Limit ($3/$6 USD) - 2016/01/02 2:10:59 ET
Table 'Odyssey' 2-max Seat #2 is the button
Seat 1: permafrost07 ($137.18 in chips)
Seat 2: torsk278 ($138.60 in chips)
torsk278: posts small blind $1
permafrost07: posts big blind $3
*** HOLE CARDS ***
torsk278: calls $2
permafrost07: checks
*** FLOP *** [8d Tc 9h]
permafrost07: bets $3
torsk278: folds
Uncalled bet ($3) returned to permafrost07
permafrost07 collected $5.88 from pot
permafrost07: doesn't show hand
*** SUMMARY ***
Total pot $6 | Rake $0.12
Board [8d Tc 9h]
Seat 1: permafrost07 (big blind) collected ($5.88)
Seat 2: torsk278 (button) (small blind) folded on the Flop


PokerStars Hand #146311743532:  Hold'em Limit ($3/$6 USD) - 2016/01/02 2:11:20 ET
Table 'Odyssey' 2-max Seat #2 is the button
Seat 1: permafrost07 ($145.82 in chips)
Seat 2: torsk278 ($129.60 in chips)
torsk278: posts small blind $1
permafrost07: posts big blind $3
*** HOLE CARDS ***
torsk278: calls $2
permafrost07: raises $3 to $6
torsk278: calls $3
*** FLOP *** [2c 3h Ks]
permafrost07: bets $3
torsk278: calls $3
*** TURN *** [2c 3h Ks] [4d]
permafrost07: bets $6
torsk278: calls $6
*** RIVER *** [2c 3h Ks 4d] [Kc]
permafrost07: bets $6
torsk278: calls $6
*** SHOW DOWN ***
permafrost07: shows [4s Tc] (two pair, Kings and Fours)
torsk278: mucks hand
permafrost07 collected $41.50 from pot
*** SUMMARY ***
Total pot $42 | Rake $0.50
Board [2c 3h Ks 4d Kc]
Seat 1: permafrost07 (big blind) showed [4s Tc] and won ($41.50) with two pair, Kings and Fours
Seat 2: torsk278 (button) (small blind) mucked


PokerStars Hand #146311740431:  Hold'em Limit ($3/$6 USD) - 2016/01/02 2:11:09 ET
Table 'Odyssey' 2-max Seat #1 is the button
Seat 1: permafrost07 ($140.06 in chips)
Seat 2: torsk278 ($135.60 in chips)
permafrost07: posts small blind $1
torsk278: posts big blind $3
*** HOLE CARDS ***
permafrost07: raises $3 to $6
torsk278: calls $3
*** FLOP *** [8s Ad Th]
torsk278: checks
permafrost07: bets $3
torsk278: folds
Uncalled bet ($3) returned to permafrost07
permafrost07 collected $11.76 from pot
permafrost07: doesn't show hand
*** SUMMARY ***
Total pot $12 | Rake $0.24
Board [8s Ad Th]
Seat 1: permafrost07 (button) (small blind) collected ($11.76)
Seat 2: torsk278 (big blind) folded on the Flop


PokerStars Hand #146311769853:  Hold'em Limit ($3/$6 USD) - 2016/01/02 2:12:49 ET
Table 'Odyssey' 2-max Seat #2 is the button
Seat 1: permafrost07 ($159.58 in chips)
Seat 2: torsk278 ($114.10 in chips)
torsk278: posts small blind $1
permafrost07: posts big blind $3
*** HOLE CARDS ***
torsk278: folds
Uncalled bet ($2) returned to permafrost07
permafrost07 collected $2 from pot
permafrost07: doesn't show hand
*** SUMMARY ***
Total pot $2 | Rake $0
Seat 1: permafrost07 (big blind) collected ($2)
Seat 2: torsk278 (button) (small blind) folded before Flop


PokerStars Hand #146311766570:  Hold'em Limit ($3/$6 USD) - 2016/01/02 2:12:38 ET
Table 'Odyssey' 2-max Seat #1 is the button
Seat 1: permafrost07 ($153.82 in chips)
Seat 2: torsk278 ($120.10 in chips)
permafrost07: posts small blind $1
torsk278: posts big blind $3
*** HOLE CARDS ***
permafrost07: raises $3 to $6
torsk278: calls $3
*** FLOP *** [Ks Td Kd]
torsk278: checks
permafrost07: bets $3
torsk278: folds
Uncalled bet ($3) returned to permafrost07
permafrost07 collected $11.76 from pot
permafrost07: doesn't show hand
*** SUMMARY ***
Total pot $12 | Rake $0.24
Board [Ks Td Kd]
Seat 1: permafrost07 (button) (small blind) collected ($11.76)
Seat 2: torsk278 (big blind) folded on the Flop


PokerStars Hand #146311753445:  Hold'em Limit ($3/$6 USD) - 2016/01/02 2:11:53 ET
Table 'Odyssey' 2-max Seat #1 is the button
Seat 1: permafrost07 ($166.32 in chips)
Seat 2: torsk278 ($108.60 in chips)
permafrost07: posts small blind $1
torsk278: posts big blind $3
*** HOLE CARDS ***
permafrost07: raises $3 to $6
torsk278: calls $3
*** FLOP *** [Qd 8d Tc]
torsk278: checks
permafrost07: bets $3
torsk278: calls $3
*** TURN *** [Qd 8d Tc] [7d]
torsk278: checks
permafrost07: bets $6
torsk278: raises $6 to $12
permafrost07: calls $6
*** RIVER *** [Qd 8d Tc 7d] [Kc]
torsk278: bets $6
permafrost07: calls $6
*** SHOW DOWN ***
torsk278: shows [9d 3d] (a flush, Queen high)
permafrost07: mucks hand
torsk278 collected $53.50 from pot
*** SUMMARY ***
Total pot $54 | Rake $0.50
Board [Qd 8d Tc 7d Kc]
Seat 1: permafrost07 (button) (small blind) mucked
Seat 2: torsk278 (big blind) showed [9d 3d] and won ($53.50) with a flush, Queen high


PokerStars Hand #146311760194:  Hold'em Limit ($3/$6 USD) - 2016/01/02 2:12:17 ET
Table 'Odyssey' 2-max Seat #2 is the button
Seat 1: permafrost07 ($139.32 in chips)
Seat 2: torsk278 ($135.10 in chips)
torsk278: posts small blind $1
permafrost07: posts big blind $3
*** HOLE CARDS ***
torsk278: calls $2
permafrost07: raises $3 to $6
torsk278: calls $3
*** FLOP *** [Kh 6c 2h]
permafrost07: bets $3
torsk278: calls $3
*** TURN *** [Kh 6c 2h] [8c]
permafrost07: checks
torsk278: bets $6
permafrost07: calls $6
*** RIVER *** [Kh 6c 2h 8c] [9c]
permafrost07: checks
torsk278: checks
*** SHOW DOWN ***
permafrost07: shows [As Jd] (high card Ace)
torsk278: mucks hand
permafrost07 collected $29.50 from pot
*** SUMMARY ***
Total pot $30 | Rake $0.50
Board [Kh 6c 2h 8c 9c]
Seat 1: permafrost07 (big blind) showed [As Jd] and won ($29.50) with high card Ace
Seat 2: torsk278 (button) (small blind) mucked


PokerStars Hand #146311788164:  Hold'em Limit ($3/$6 USD) - 2016/01/02 2:13:51 ET
Table 'Odyssey' 2-max Seat #2 is the button
Seat 1: permafrost07 ($171.83 in chips)
Seat 2: torsk278 ($128.39 in chips)
torsk278: posts small blind $1
permafrost07: posts big blind $3
*** HOLE CARDS ***
torsk278: folds
Uncalled bet ($2) returned to permafrost07
permafrost07 collected $2 from pot
permafrost07: doesn't show hand
*** SUMMARY ***
Total pot $2 | Rake $0
Seat 1: permafrost07 (big blind) collected ($2)
Seat 2: torsk278 (button) (small blind) folded before Flop


PokerStars Hand #146311784357:  Hold'em Limit ($3/$6 USD) - 2016/01/02 2:13:38 ET
Table 'Odyssey' 2-max Seat #1 is the button
Seat 1: permafrost07 ($180.83 in chips)
Seat 2: torsk278 ($119.75 in chips)
permafrost07: posts small blind $1
torsk278: posts big blind $3
*** HOLE CARDS ***
permafrost07: raises $3 to $6
torsk278: calls $3
*** FLOP *** [7c 9h 6c]
torsk278: checks
permafrost07: bets $3
torsk278: raises $3 to $6
permafrost07: folds
Uncalled bet ($3) returned to torsk278
torsk278 collected $17.64 from pot
torsk278: doesn't show hand
*** SUMMARY ***
Total pot $18 | Rake $0.36
Board [7c 9h 6c]
Seat 1: permafrost07 (button) (small blind) folded on the Flop
Seat 2: torsk278 (big blind) collected ($17.64)


PokerStars Hand #146311778404:  Hold'em Limit ($3/$6 USD) - 2016/01/02 2:13:18 ET
Table 'Odyssey' 2-max Seat #2 is the button
Seat 1: permafrost07 ($181.08 in chips)
Seat 2: torsk278 ($120 in chips)
torsk278: posts small blind $1
permafrost07: posts big blind $3
*** HOLE CARDS ***
torsk278: raises $3 to $6
permafrost07: raises $3 to $9
torsk278: calls $3
*** FLOP *** [Th 8s Ks]
permafrost07: bets $3
torsk278: calls $3
*** TURN *** [Th 8s Ks] [8d]
permafrost07: bets $6
torsk278: calls $6
*** RIVER *** [Th 8s Ks 8d] [6h]
permafrost07: checks
torsk278: bets $6
permafrost07: calls $6
*** SHOW DOWN ***
torsk278: shows [Tc Jd] (two pair, Tens and Eights)
permafrost07: shows [Td 2d] (two pair, Tens and Eights)
permafrost07 collected $23.75 from pot
torsk278 collected $23.75 from pot
*** SUMMARY ***
Total pot $48 | Rake $0.50
Board [Th 8s Ks 8d 6h]
Seat 1: permafrost07 (big blind) showed [Td 2d] and won ($23.75) with two pair, Tens and Eights
Seat 2: torsk278 (button) (small blind) showed [Tc Jd] and won ($23.75) with two pair, Tens and Eights


PokerStars Hand #146311771432:  Hold'em Limit ($3/$6 USD) - 2016/01/02 2:12:55 ET
Table 'Odyssey' 2-max Seat #1 is the button
Seat 1: permafrost07 ($160.58 in chips)
Seat 2: torsk278 ($113.10 in chips)
permafrost07: posts small blind $1
torsk278: posts big blind $3
*** HOLE CARDS ***
permafrost07: raises $3 to $6
torsk278: calls $3
*** FLOP *** [9h 6c 8c]
torsk278: checks
permafrost07: bets $3
torsk278: calls $3
*** TURN *** [9h 6c 8c] [3c]
torsk278: checks
permafrost07: bets $6
torsk278: calls $6
*** RIVER *** [9h 6c 8c 3c] [Qc]
torsk278: checks
permafrost07: bets $6
torsk278: calls $6
*** SHOW DOWN ***
permafrost07: shows [5h 7s] (a straight, Five to Nine)
torsk278: mucks hand
permafrost07 collected $41.50 from pot
*** SUMMARY ***
Total pot $42 | Rake $0.50
Board [9h 6c 8c 3c Qc]
Seat 1: permafrost07 (button) (small blind) showed [5h 7s] and won ($41.50) with a straight, Five to Nine
Seat 2: torsk278 (big blind) mucked


PokerStars Hand #146311807834:  Hold'em Limit ($3/$6 USD) - 2016/01/02 2:14:57 ET
Table 'Odyssey' 2-max Seat #1 is the button
Seat 1: permafrost07 ($157.71 in chips)
Seat 2: torsk278 ($141.67 in chips)
permafrost07: posts small blind $1
torsk278: posts big blind $3
*** HOLE CARDS ***
permafrost07: raises $3 to $6
torsk278: folds
Uncalled bet ($3) returned to permafrost07
permafrost07 collected $6 from pot
permafrost07: doesn't show hand
*** SUMMARY ***
Total pot $6 | Rake $0
Seat 1: permafrost07 (button) (small blind) collected ($6)
Seat 2: torsk278 (big blind) folded before Flop


PokerStars Hand #146311802555:  Hold'em Limit ($3/$6 USD) - 2016/01/02 2:14:39 ET
Table 'Odyssey' 2-max Seat #2 is the button
Seat 1: permafrost07 ($154.83 in chips)
Seat 2: torsk278 ($144.67 in chips)
torsk278: posts small blind $1
permafrost07: posts big blind $3
*** HOLE CARDS ***
torsk278: calls $2
permafrost07: checks
*** FLOP *** [4s 4h Jd]
permafrost07: bets $3
torsk278: folds
Uncalled bet ($3) returned to permafrost07
permafrost07 collected $5.88 from pot
permafrost07: doesn't show hand
*** SUMMARY ***
Total pot $6 | Rake $0.12
Board [4s 4h Jd]
Seat 1: permafrost07 (big blind) collected ($5.88)
Seat 2: torsk278 (button) (small blind) folded on the Flop


PokerStars Hand #146311798768:  Hold'em Limit ($3/$6 USD) - 2016/01/02 2:14:26 ET
Table 'Odyssey' 2-max Seat #1 is the button
Seat 1: permafrost07 ($160.83 in chips)
Seat 2: torsk278 ($138.91 in chips)
permafrost07: posts small blind $1
torsk278: posts big blind $3
*** HOLE CARDS ***
permafrost07: raises $3 to $6
torsk278: calls $3
*** FLOP *** [Th Kc Jd]
torsk278: checks
permafrost07: checks
*** TURN *** [Th Kc Jd] [7h]
torsk278: bets $6
permafrost07: folds
Uncalled bet ($6) returned to torsk278
torsk278 collected $11.76 from pot
torsk278: doesn't show hand
*** SUMMARY ***
Total pot $12 | Rake $0.24
Board [Th Kc Jd 7h]
Seat 1: permafrost07 (button) (small blind) folded on the Turn
Seat 2: torsk278 (big blind) collected ($11.76)


PokerStars Hand #146311795139:  Hold'em Limit ($3/$6 USD) - 2016/01/02 2:14:14 ET
Table 'Odyssey' 2-max Seat #2 is the button
Seat 1: permafrost07 ($163.83 in chips)
Seat 2: torsk278 ($136.03 in chips)
torsk278: posts small blind $1
permafrost07: posts big blind $3
*** HOLE CARDS ***
torsk278: calls $2
permafrost07: checks
*** FLOP *** [9s 8s Ks]
permafrost07: checks
torsk278: bets $3
permafrost07: folds
Uncalled bet ($3) returned to torsk278
torsk278 collected $5.88 from pot
torsk278: doesn't show hand
*** SUMMARY ***
Total pot $6 | Rake $0.12
Board [9s 8s Ks]
Seat 1: permafrost07 (big blind) folded on the Flop
Seat 2: torsk278 (button) (small blind) collected ($5.88)


PokerStars Hand #146311789616:  Hold'em Limit ($3/$6 USD) - 2016/01/02 2:13:55 ET
Table 'Odyssey' 2-max Seat #1 is the button
Seat 1: permafrost07 ($172.83 in chips)
Seat 2: torsk278 ($127.39 in chips)
permafrost07: posts small blind $1
torsk278: posts big blind $3
*** HOLE CARDS ***
permafrost07: raises $3 to $6
torsk278: calls $3
*** FLOP *** [Ts 7d 5c]
torsk278: checks
permafrost07: bets $3
torsk278: calls $3
*** TURN *** [Ts 7d 5c] [8h]
torsk278: checks
permafrost07: checks
*** RIVER *** [Ts 7d 5c 8h] [Td]
torsk278: bets $6
permafrost07: folds
Uncalled bet ($6) returned to torsk278
torsk278 collected $17.64 from pot
torsk278: doesn't show hand
*** SUMMARY ***
Total pot $18 | Rake $0.36
Board [Ts 7d 5c 8h Td]
Seat 1: permafrost07 (button) (small blind) folded on the River
Seat 2: torsk278 (big blind) collected ($17.64)


PokerStars Hand #146311823772:  Hold'em Limit ($3/$6 USD) - 2016/01/02 2:15:50 ET
Table 'Odyssey' 2-max Seat #2 is the button
Seat 1: permafrost07 ($139.71 in chips)
Seat 2: torsk278 ($158.93 in chips)
torsk278: posts small blind $1
permafrost07: posts big blind $3
*** HOLE CARDS ***
torsk278: folds
Uncalled bet ($2) returned to permafrost07
permafrost07 collected $2 from pot
permafrost07: doesn't show hand
*** SUMMARY ***
Total pot $2 | Rake $0
Seat 1: permafrost07 (big blind) collected ($2)
Seat 2: torsk278 (button) (small blind) folded before Flop


PokerStars Hand #146311817963:  Hold'em Limit ($3/$6 USD) - 2016/01/02 2:15:30 ET
Table 'Odyssey' 2-max Seat #1 is the button
Seat 1: permafrost07 ($145.71 in chips)
Seat 2: torsk278 ($153.17 in chips)
permafrost07: posts small blind $1
torsk278: posts big blind $3
*** HOLE CARDS ***
permafrost07: raises $3 to $6
torsk278: calls $3
*** FLOP *** [Qd 6s Jc]
torsk278: checks
permafrost07: checks
*** TURN *** [Qd 6s Jc] [As]
torsk278: checks
permafrost07: checks
*** RIVER *** [Qd 6s Jc As] [Qh]
torsk278: checks
permafrost07: checks
*** SHOW DOWN ***
torsk278: shows [4s Jd] (two pair, Queens and Jacks)
permafrost07: mucks hand
torsk278 collected $11.76 from pot
*** SUMMARY ***
Total pot $12 | Rake $0.24
Board [Qd 6s Jc As Qh]
Seat 1: permafrost07 (button) (small blind) mucked
Seat 2: torsk278 (big blind) showed [4s Jd] and won ($11.76) with two pair, Queens and Jacks


PokerStars Hand #146311811141:  Hold'em Limit ($3/$6 USD) - 2016/01/02 2:15:07 ET
Table 'Odyssey' 2-max Seat #2 is the button
Seat 1: permafrost07 ($160.71 in chips)
Seat 2: torsk278 ($138.67 in chips)
torsk278: posts small blind $1
permafrost07: posts big blind $3
*** HOLE CARDS ***
torsk278: calls $2
permafrost07: raises $3 to $6
torsk278: calls $3
*** FLOP *** [3h Ah 3c]
permafrost07: bets $3
torsk278: calls $3
*** TURN *** [3h Ah 3c] [Qc]
permafrost07: bets $6
torsk278: calls $6
*** RIVER *** [3h Ah 3c Qc] [7h]
permafrost07: checks
torsk278: checks
*** SHOW DOWN ***
permafrost07: shows [Jd 6d] (a pair of Threes)
torsk278: shows [8c Ks] (a pair of Threes - Ace+King kicker)
torsk278 collected $29.50 from pot
*** SUMMARY ***
Total pot $30 | Rake $0.50
Board [3h Ah 3c Qc 7h]
Seat 1: permafrost07 (big blind) showed [Jd 6d] and lost with a pair of Threes
Seat 2: torsk278 (button) (small blind) showed [8c Ks] and won ($29.50) with a pair of Threes


PokerStars Hand #146311835879:  Hold'em Limit ($3/$6 USD) - 2016/01/02 2:16:30 ET
Table 'Odyssey' 2-max Seat #1 is the button
Seat 1: permafrost07 ($134.47 in chips)
Seat 2: torsk278 ($163.45 in chips)
permafrost07: posts small blind $1
torsk278: posts big blind $3
*** HOLE CARDS ***
permafrost07: raises $3 to $6
torsk278: calls $3
*** FLOP *** [4h Td Th]
torsk278: checks
permafrost07: bets $3
torsk278: raises $3 to $6
permafrost07: raises $3 to $9
torsk278: calls $3
*** TURN *** [4h Td Th] [3c]
torsk278: bets $6
permafrost07: raises $6 to $12
torsk278: raises $6 to $18
permafrost07: calls $6
*** RIVER *** [4h Td Th 3c] [Ah]
torsk278: bets $6
permafrost07: calls $6
*** SHOW DOWN ***
torsk278: shows [Ts Qd] (three of a kind, Tens)
permafrost07: mucks hand
torsk278 collected $77.50 from pot
*** SUMMARY ***
Total pot $78 | Rake $0.50
Board [4h Td Th 3c Ah]
Seat 1: permafrost07 (button) (small blind) mucked
Seat 2: torsk278 (big blind) showed [Ts Qd] and won ($77.50) with three of a kind, Tens


PokerStars Hand #146311825170:  Hold'em Limit ($3/$6 USD) - 2016/01/02 2:15:55 ET
Table 'Odyssey' 2-max Seat #1 is the button
Seat 1: permafrost07 ($140.71 in chips)
Seat 2: torsk278 ($157.93 in chips)
permafrost07: posts small blind $1
torsk278: posts big blind $3
*** HOLE CARDS ***
permafrost07: raises $3 to $6
torsk278: calls $3
*** FLOP *** [Ah 6d 2h]
torsk278: checks
permafrost07: checks
*** TURN *** [Ah 6d 2h] [4s]
torsk278: bets $6
permafrost07: calls $6
*** RIVER *** [Ah 6d 2h 4s] [Th]
torsk278: bets $6
permafrost07: folds
Uncalled bet ($6) returned to torsk278
torsk278 collected $23.52 from pot
torsk278: doesn't show hand
*** SUMMARY ***
Total pot $24 | Rake $0.48
Board [Ah 6d 2h 4s Th]
Seat 1: permafrost07 (button) (small blind) folded on the River
Seat 2: torsk278 (big blind) collected ($23.52)


PokerStars Hand #146311830356:  Hold'em Limit ($3/$6 USD) - 2016/01/02 2:16:12 ET
Table 'Odyssey' 2-max Seat #2 is the button
Seat 1: permafrost07 ($128.71 in chips)
Seat 2: torsk278 ($169.45 in chips)
torsk278: posts small blind $1
permafrost07: posts big blind $3
*** HOLE CARDS ***
torsk278: calls $2
permafrost07: raises $3 to $6
torsk278: calls $3
*** FLOP *** [Th 8s 7h]
permafrost07: bets $3
torsk278: folds
Uncalled bet ($3) returned to permafrost07
permafrost07 collected $11.76 from pot
permafrost07: doesn't show hand
*** SUMMARY ***
Total pot $12 | Rake $0.24
Board [Th 8s 7h]
Seat 1: permafrost07 (big blind) collected ($11.76)
Seat 2: torsk278 (button) (small blind) folded on the Flop


PokerStars Hand #146311860933:  Hold'em Limit ($3/$6 USD) - 2016/01/02 2:17:53 ET
Table 'Odyssey' 2-max Seat #1 is the button
Seat 1: permafrost07 ($109.73 in chips)
Seat 2: torsk278 ($186.71 in chips)
permafrost07: posts small blind $1
torsk278: posts big blind $3
*** HOLE CARDS ***
permafrost07: raises $3 to $6
torsk278: folds
Uncalled bet ($3) returned to permafrost07
permafrost07 collected $6 from pot
permafrost07: doesn't show hand
*** SUMMARY ***
Total pot $6 | Rake $0
Seat 1: permafrost07 (button) (small blind) collected ($6)
Seat 2: torsk278 (big blind) folded before Flop


PokerStars Hand #146311853784:  Hold'em Limit ($3/$6 USD) - 2016/01/02 2:17:30 ET
Table 'Odyssey' 2-max Seat #2 is the button
Seat 1: permafrost07 ($115.73 in chips)
Seat 2: torsk278 ($180.95 in chips)
torsk278: posts small blind $1
permafrost07: posts big blind $3
*** HOLE CARDS ***
torsk278: calls $2
permafrost07: raises $3 to $6
torsk278: calls $3
*** FLOP *** [6s 2s 2d]
permafrost07: checks
torsk278: checks
*** TURN *** [6s 2s 2d] [2c]
permafrost07: checks
torsk278: bets $6
permafrost07: folds
Uncalled bet ($6) returned to torsk278
torsk278 collected $11.76 from pot
torsk278: doesn't show hand
*** SUMMARY ***
Total pot $12 | Rake $0.24
Board [6s 2s 2d 2c]
Seat 1: permafrost07 (big blind) folded on the Turn
Seat 2: torsk278 (button) (small blind) collected ($11.76)


PokerStars Hand #146311844139:  Hold'em Limit ($3/$6 USD) - 2016/01/02 2:16:58 ET
Table 'Odyssey' 2-max Seat #2 is the button
Seat 1: permafrost07 ($95.47 in chips)
Seat 2: torsk278 ($201.95 in chips)
torsk278: posts small blind $1
permafrost07: posts big blind $3
*** HOLE CARDS ***
torsk278: calls $2
permafrost07: raises $3 to $6
torsk278: calls $3
*** FLOP *** [5d 2s Tc]
permafrost07: bets $3
torsk278: calls $3
*** TURN *** [5d 2s Tc] [8s]
permafrost07: bets $6
torsk278: calls $6
*** RIVER *** [5d 2s Tc 8s] [7d]
permafrost07: bets $6
torsk278: folds
Uncalled bet ($6) returned to permafrost07
permafrost07 collected $29.50 from pot
permafrost07: doesn't show hand
*** SUMMARY ***
Total pot $30 | Rake $0.50
Board [5d 2s Tc 8s 7d]
Seat 1: permafrost07 (big blind) collected ($29.50)
Seat 2: torsk278 (button) (small blind) folded on the River


PokerStars Hand #146311850488:  Hold'em Limit ($3/$6 USD) - 2016/01/02 2:17:19 ET
Table 'Odyssey' 2-max Seat #1 is the button
Seat 1: permafrost07 ($109.97 in chips)
Seat 2: torsk278 ($186.95 in chips)
permafrost07: posts small blind $1
torsk278: posts big blind $3
*** HOLE CARDS ***
permafrost07: raises $3 to $6
torsk278: calls $3
*** FLOP *** [5s Jd 6c]
torsk278: checks
permafrost07: bets $3
torsk278: folds
Uncalled bet ($3) returned to permafrost07
permafrost07 collected $11.76 from pot
permafrost07: doesn't show hand
*** SUMMARY ***
Total pot $12 | Rake $0.24
Board [5s Jd 6c]
Seat 1: permafrost07 (button) (small blind) collected ($11.76)
Seat 2: torsk278 (big blind) folded on the Flop


PokerStars Hand #146311878986:  Hold'em Limit ($3/$6 USD) - 2016/01/02 2:18:53 ET
Table 'Odyssey' 2-max Seat #2 is the button
Seat 1: permafrost07 ($73.73 in chips)
Seat 2: torsk278 ($221.71 in chips)
torsk278: posts small blind $1
permafrost07: posts big blind $3
*** HOLE CARDS ***
torsk278: calls $2
permafrost07: raises $3 to $6
torsk278: calls $3
*** FLOP *** [2h 7d Qs]
permafrost07: bets $3
torsk278: folds
Uncalled bet ($3) returned to permafrost07
permafrost07 collected $11.76 from pot
permafrost07: doesn't show hand
*** SUMMARY ***
Total pot $12 | Rake $0.24
Board [2h 7d Qs]
Seat 1: permafrost07 (big blind) collected ($11.76)
Seat 2: torsk278 (button) (small blind) folded on the Flop


PokerStars Hand #146311872606:  Hold'em Limit ($3/$6 USD) - 2016/01/02 2:18:32 ET
Table 'Odyssey' 2-max Seat #1 is the button
Seat 1: permafrost07 ($94.73 in chips)
Seat 2: torsk278 ($201.21 in chips)
permafrost07: posts small blind $1
torsk278: posts big blind $3
*** HOLE CARDS ***
permafrost07: raises $3 to $6
torsk278: calls $3
*** FLOP *** [6s 2c Qd]
torsk278: checks
permafrost07: bets $3
torsk278: raises $3 to $6
permafrost07: raises $3 to $9
torsk278: calls $3
*** TURN *** [6s 2c Qd] [Jd]
torsk278: checks
permafrost07: checks
*** RIVER *** [6s 2c Qd Jd] [6c]
torsk278: bets $6
permafrost07: calls $6
*** SHOW DOWN ***
torsk278: shows [6h 8s] (three of a kind, Sixes)
permafrost07: mucks hand
torsk278 collected $41.50 from pot
*** SUMMARY ***
Total pot $42 | Rake $0.50
Board [6s 2c Qd Jd 6c]
Seat 1: permafrost07 (button) (small blind) mucked
Seat 2: torsk278 (big blind) showed [6h 8s] and won ($41.50) with three of a kind, Sixes


PokerStars Hand #146311895230:  Hold'em Limit ($3/$6 USD) - 2016/01/02 2:19:47 ET
Table 'Odyssey' 2-max Seat #1 is the button
Seat 1: permafrost07 ($105.51 in chips)
Seat 2: torsk278 ($188.71 in chips)
permafrost07: posts small blind $1
torsk278: posts big blind $3
*** HOLE CARDS ***
permafrost07: raises $3 to $6
torsk278: calls $3
*** FLOP *** [Jh Ah 9s]
torsk278: checks
permafrost07: checks
*** TURN *** [Jh Ah 9s] [6c]
torsk278: checks
permafrost07: checks
*** RIVER *** [Jh Ah 9s 6c] [Qh]
torsk278: checks
permafrost07: bets $6
torsk278: folds
Uncalled bet ($6) returned to permafrost07
permafrost07 collected $11.76 from pot
permafrost07: doesn't show hand
*** SUMMARY ***
Total pot $12 | Rake $0.24
Board [Jh Ah 9s 6c Qh]
Seat 1: permafrost07 (button) (small blind) collected ($11.76)
Seat 2: torsk278 (big blind) folded on the River


PokerStars Hand #146311890677:  Hold'em Limit ($3/$6 USD) - 2016/01/02 2:19:32 ET
Table 'Odyssey' 2-max Seat #2 is the button
Seat 1: permafrost07 ($93.99 in chips)
Seat 2: torsk278 ($200.71 in chips)
torsk278: posts small blind $1
permafrost07: posts big blind $3
*** HOLE CARDS ***
torsk278: raises $3 to $6
permafrost07: raises $3 to $9
torsk278: calls $3
*** FLOP *** [Ah 5d 2s]
permafrost07: checks
torsk278: bets $3
permafrost07: raises $3 to $6
torsk278: folds
Uncalled bet ($3) returned to permafrost07
permafrost07 collected $23.52 from pot
permafrost07: doesn't show hand
*** SUMMARY ***
Total pot $24 | Rake $0.48
Board [Ah 5d 2s]
Seat 1: permafrost07 (big blind) collected ($23.52)
Seat 2: torsk278 (button) (small blind) folded on the Flop


PokerStars Hand #146311882131:  Hold'em Limit ($3/$6 USD) - 2016/01/02 2:19:03 ET
Table 'Odyssey' 2-max Seat #1 is the button
Seat 1: permafrost07 ($79.49 in chips)
Seat 2: torsk278 ($215.71 in chips)
permafrost07: posts small blind $1
torsk278: posts big blind $3
*** HOLE CARDS ***
permafrost07: raises $3 to $6
torsk278: calls $3
*** FLOP *** [Jd 6s 3h]
torsk278: checks
permafrost07: bets $3
torsk278: calls $3
*** TURN *** [Jd 6s 3h] [4d]
torsk278: checks
permafrost07: checks
*** RIVER *** [Jd 6s 3h 4d] [8s]
torsk278: checks
permafrost07: bets $6
torsk278: calls $6
*** SHOW DOWN ***
permafrost07: shows [Th 8h] (a pair of Eights)
torsk278: mucks hand
permafrost07 collected $29.50 from pot
*** SUMMARY ***
Total pot $30 | Rake $0.50
Board [Jd 6s 3h 4d 8s]
Seat 1: permafrost07 (button) (small blind) showed [Th 8h] and won ($29.50) with a pair of Eights
Seat 2: torsk278 (big blind) mucked


PokerStars Hand #146311905081:  Hold'em Limit ($3/$6 USD) - 2016/01/02 2:20:20 ET
Table 'Odyssey' 2-max Seat #1 is the button
Seat 1: permafrost07 ($112.27 in chips)
Seat 2: torsk278 ($181.71 in chips)
permafrost07: posts small blind $1
torsk278: posts big blind $3
*** HOLE CARDS ***
permafrost07: raises $3 to $6
torsk278: calls $3
*** FLOP *** [Jd 2d Ks]
torsk278: checks
permafrost07: bets $3
torsk278: folds
Uncalled bet ($3) returned to permafrost07
permafrost07 collected $11.76 from pot
permafrost07: doesn't show hand
*** SUMMARY ***
Total pot $12 | Rake $0.24
Board [Jd 2d Ks]
Seat 1: permafrost07 (button) (small blind) collected ($11.76)
Seat 2: torsk278 (big blind) folded on the Flop


PokerStars Hand #146311910031:  Hold'em Limit ($3/$6 USD) - 2016/01/02 2:20:36 ET
Table 'Odyssey' 2-max Seat #2 is the button
Seat 1: permafrost07 ($118.03 in chips)
Seat 2: torsk278 ($175.71 in chips)
torsk278: posts small blind $1
permafrost07: posts big blind $3
*** HOLE CARDS ***
torsk278: calls $2
permafrost07: raises $3 to $6
torsk278: calls $3
*** FLOP *** [Ac 3c Kd]
permafrost07: bets $3
torsk278: calls $3
*** TURN *** [Ac 3c Kd] [Qs]
permafrost07: bets $6
torsk278: calls $6
*** RIVER *** [Ac 3c Kd Qs] [4d]
permafrost07: bets $6
torsk278: calls $6
*** SHOW DOWN ***
permafrost07: shows [As 9c] (a pair of Aces)
torsk278: mucks hand
permafrost07 collected $41.50 from pot
*** SUMMARY ***
Total pot $42 | Rake $0.50
Board [Ac 3c Kd Qs 4d]
Seat 1: permafrost07 (big blind) showed [As 9c] and won ($41.50) with a pair of Aces
Seat 2: torsk278 (button) (small blind) mucked


PokerStars Hand #146311902749:  Hold'em Limit ($3/$6 USD) - 2016/01/02 2:20:12 ET
Table 'Odyssey' 2-max Seat #2 is the button
Seat 1: permafrost07 ($111.27 in chips)
Seat 2: torsk278 ($182.71 in chips)
torsk278: posts small blind $1
permafrost07: posts big blind $3
*** HOLE CARDS ***
torsk278: folds
Uncalled bet ($2) returned to permafrost07
permafrost07 collected $2 from pot
permafrost07: doesn't show hand
*** SUMMARY ***
Total pot $2 | Rake $0
Seat 1: permafrost07 (big blind) collected ($2)
Seat 2: torsk278 (button) (small blind) folded before Flop


PokerStars Hand #146311925382:  Hold'em Limit ($3/$6 USD) - 2016/01/02 2:21:27 ET
Table 'Odyssey' 2-max Seat #2 is the button
Seat 1: permafrost07 ($114.53 in chips)
Seat 2: torsk278 ($178.21 in chips)
torsk278: posts small blind $1
permafrost07: posts big blind $3
*** HOLE CARDS ***
torsk278: calls $2
permafrost07: checks
*** FLOP *** [2s 5s Kh]
permafrost07: checks
torsk278: bets $3
permafrost07: folds
Uncalled bet ($3) returned to torsk278
torsk278 collected $5.88 from pot
torsk278: doesn't show hand
*** SUMMARY ***
Total pot $6 | Rake $0.12
Board [2s 5s Kh]
Seat 1: permafrost07 (big blind) folded on the Flop
Seat 2: torsk278 (button) (small blind) collected ($5.88)


PokerStars Hand #146311917735:  Hold'em Limit ($3/$6 USD) - 2016/01/02 2:21:02 ET
Table 'Odyssey' 2-max Seat #1 is the button
Seat 1: permafrost07 ($138.53 in chips)
Seat 2: torsk278 ($154.71 in chips)
permafrost07: posts small blind $1
torsk278: posts big blind $3
*** HOLE CARDS ***
permafrost07: raises $3 to $6
torsk278: calls $3
*** FLOP *** [9h 7d Ac]
torsk278: checks
permafrost07: bets $3
torsk278: raises $3 to $6
permafrost07: calls $3
*** TURN *** [9h 7d Ac] [6d]
torsk278: bets $6
permafrost07: calls $6
*** RIVER *** [9h 7d Ac 6d] [2d]
torsk278: bets $6
permafrost07: calls $6
*** SHOW DOWN ***
torsk278: shows [8s Ah] (a pair of Aces)
permafrost07: mucks hand
torsk278 collected $47.50 from pot
*** SUMMARY ***
Total pot $48 | Rake $0.50
Board [9h 7d Ac 6d 2d]
Seat 1: permafrost07 (button) (small blind) mucked
Seat 2: torsk278 (big blind) showed [8s Ah] and won ($47.50) with a pair of Aces


PokerStars Hand #146311930048:  Hold'em Limit ($3/$6 USD) - 2016/01/02 2:21:43 ET
Table 'Odyssey' 2-max Seat #1 is the button
Seat 1: permafrost07 ($111.53 in chips)
Seat 2: torsk278 ($181.09 in chips)
permafrost07: posts small blind $1
torsk278: posts big blind $3
*** HOLE CARDS ***
permafrost07: raises $3 to $6
torsk278: calls $3
*** FLOP *** [8s 2c 7c]
torsk278: checks
permafrost07: checks
*** TURN *** [8s 2c 7c] [3s]
torsk278: checks
permafrost07: checks
*** RIVER *** [8s 2c 7c 3s] [Kc]
torsk278: checks
permafrost07: bets $6
torsk278: folds
Uncalled bet ($6) returned to permafrost07
permafrost07 collected $11.76 from pot
permafrost07: doesn't show hand
*** SUMMARY ***
Total pot $12 | Rake $0.24
Board [8s 2c 7c 3s Kc]
Seat 1: permafrost07 (button) (small blind) collected ($11.76)
Seat 2: torsk278 (big blind) folded on the River


PokerStars Hand #146311945770:  Hold'em Limit ($3/$6 USD) - 2016/01/02 2:22:36 ET
Table 'Odyssey' 2-max Seat #1 is the button
Seat 1: permafrost07 ($111.29 in chips)
Seat 2: torsk278 ($180.85 in chips)
permafrost07: posts small blind $1
torsk278: posts big blind $3
*** HOLE CARDS ***
permafrost07: raises $3 to $6
torsk278: calls $3
*** FLOP *** [5d 4c Ad]
torsk278: checks
permafrost07: checks
*** TURN *** [5d 4c Ad] [9c]
torsk278: bets $6
permafrost07: calls $6
*** RIVER *** [5d 4c Ad 9c] [9s]
torsk278: checks
permafrost07: checks
*** SHOW DOWN ***
torsk278: shows [Jd 4s] (two pair, Nines and Fours)
permafrost07: mucks hand
torsk278 collected $23.52 from pot
*** SUMMARY ***
Total pot $24 | Rake $0.48
Board [5d 4c Ad 9c 9s]
Seat 1: permafrost07 (button) (small blind) mucked
Seat 2: torsk278 (big blind) showed [Jd 4s] and won ($23.52) with two pair, Nines and Fours


PokerStars Hand #146311939218:  Hold'em Limit ($3/$6 USD) - 2016/01/02 2:22:14 ET
Table 'Odyssey' 2-max Seat #2 is the button
Seat 1: permafrost07 ($117.29 in chips)
Seat 2: torsk278 ($175.09 in chips)
torsk278: posts small blind $1
permafrost07: posts big blind $3
*** HOLE CARDS ***
torsk278: calls $2
permafrost07: raises $3 to $6
torsk278: calls $3
*** FLOP *** [Ad 6c 3s]
permafrost07: checks
torsk278: checks
*** TURN *** [Ad 6c 3s] [7s]
permafrost07: checks
torsk278: bets $6
permafrost07: folds
Uncalled bet ($6) returned to torsk278
torsk278 collected $11.76 from pot
torsk278: doesn't show hand
*** SUMMARY ***
Total pot $12 | Rake $0.24
Board [Ad 6c 3s 7s]
Seat 1: permafrost07 (big blind) folded on the Turn
Seat 2: torsk278 (button) (small blind) collected ($11.76)


PokerStars Hand #146311958715:  Hold'em Limit ($3/$6 USD) - 2016/01/02 2:23:19 ET
Table 'Odyssey' 2-max Seat #1 is the button
Seat 1: permafrost07 ($90.29 in chips)
Seat 2: torsk278 ($201.01 in chips)
permafrost07: posts small blind $1
torsk278: posts big blind $3
*** HOLE CARDS ***
permafrost07: raises $3 to $6
torsk278: calls $3
*** FLOP *** [2d Ad 8h]
torsk278: checks
permafrost07: checks
*** TURN *** [2d Ad 8h] [Qs]
torsk278: checks
permafrost07: bets $6
torsk278: calls $6
*** RIVER *** [2d Ad 8h Qs] [Js]
torsk278: checks
permafrost07: bets $6
torsk278: folds
Uncalled bet ($6) returned to permafrost07
permafrost07 collected $23.52 from pot
permafrost07: doesn't show hand
*** SUMMARY ***
Total pot $24 | Rake $0.48
Board [2d Ad 8h Qs Js]
Seat 1: permafrost07 (button) (small blind) collected ($23.52)
Seat 2: torsk278 (big blind) folded on the River


PokerStars Hand #146311953640:  Hold'em Limit ($3/$6 USD) - 2016/01/02 2:23:02 ET
Table 'Odyssey' 2-max Seat #2 is the button
Seat 1: permafrost07 ($99.29 in chips)
Seat 2: torsk278 ($192.37 in chips)
torsk278: posts small blind $1
permafrost07: posts big blind $3
*** HOLE CARDS ***
torsk278: calls $2
permafrost07: raises $3 to $6
torsk278: calls $3
*** FLOP *** [5c Kc 5h]
permafrost07: bets $3
torsk278: calls $3
*** TURN *** [5c Kc 5h] [4s]
permafrost07: checks
torsk278: bets $6
permafrost07: folds
Uncalled bet ($6) returned to torsk278
torsk278 collected $17.64 from pot
torsk278: doesn't show hand
*** SUMMARY ***
Total pot $18 | Rake $0.36
Board [5c Kc 5h 4s]
Seat 1: permafrost07 (big blind) folded on the Turn
Seat 2: torsk278 (button) (small blind) collected ($17.64)


PokerStars Hand #146311965070:  Hold'em Limit ($3/$6 USD) - 2016/01/02 2:23:40 ET
Table 'Odyssey' 2-max Seat #2 is the button
Seat 1: permafrost07 ($101.81 in chips)
Seat 2: torsk278 ($189.01 in chips)
torsk278: posts small blind $1
permafrost07: posts big blind $3
*** HOLE CARDS ***
torsk278: calls $2
permafrost07: raises $3 to $6
torsk278: calls $3
*** FLOP *** [5c 7d 3s]
permafrost07: bets $3
torsk278: calls $3
*** TURN *** [5c 7d 3s] [Js]
permafrost07: bets $6
torsk278: calls $6
*** RIVER *** [5c 7d 3s Js] [8d]
permafrost07: bets $6
torsk278: calls $6
*** SHOW DOWN ***
permafrost07: shows [Jd 8s] (two pair, Jacks and Eights)
torsk278: mucks hand
permafrost07 collected $41.50 from pot
*** SUMMARY ***
Total pot $42 | Rake $0.50
Board [5c 7d 3s Js 8d]
Seat 1: permafrost07 (big blind) showed [Jd 8s] and won ($41.50) with two pair, Jacks and Eights
Seat 2: torsk278 (button) (small blind) mucked


PokerStars Hand #146311984241:  Hold'em Limit ($3/$6 USD) - 2016/01/02 2:24:44 ET
Table 'Odyssey' 2-max Seat #1 is the button
Seat 1: permafrost07 ($113.07 in chips)
Seat 2: torsk278 ($176.51 in chips)
permafrost07: posts small blind $1
torsk278: posts big blind $3
*** HOLE CARDS ***
permafrost07: raises $3 to $6
torsk278: calls $3
*** FLOP *** [4s 8c Ah]
torsk278: checks
permafrost07: checks
*** TURN *** [4s 8c Ah] [3c]
torsk278: bets $6
permafrost07: calls $6
*** RIVER *** [4s 8c Ah 3c] [6c]
torsk278: checks
permafrost07: checks
*** SHOW DOWN ***
torsk278: shows [8s 7h] (a pair of Eights)
permafrost07: mucks hand
torsk278 collected $23.52 from pot
*** SUMMARY ***
Total pot $24 | Rake $0.48
Board [4s 8c Ah 3c 6c]
Seat 1: permafrost07 (button) (small blind) mucked
Seat 2: torsk278 (big blind) showed [8s 7h] and won ($23.52) with a pair of Eights


PokerStars Hand #146311973084:  Hold'em Limit ($3/$6 USD) - 2016/01/02 2:24:07 ET
Table 'Odyssey' 2-max Seat #1 is the button
Seat 1: permafrost07 ($122.31 in chips)
Seat 2: torsk278 ($168.01 in chips)
permafrost07: posts small blind $1
torsk278: posts big blind $3
*** HOLE CARDS ***
permafrost07: raises $3 to $6
torsk278: calls $3
*** FLOP *** [9h 4d 7d]
torsk278: checks
permafrost07: bets $3
torsk278: folds
Uncalled bet ($3) returned to permafrost07
permafrost07 collected $11.76 from pot
permafrost07: doesn't show hand
*** SUMMARY ***
Total pot $12 | Rake $0.24
Board [9h 4d 7d]
Seat 1: permafrost07 (button) (small blind) collected ($11.76)
Seat 2: torsk278 (big blind) folded on the Flop


PokerStars Hand #146311990818:  Hold'em Limit ($3/$6 USD) - 2016/01/02 2:25:05 ET
Table 'Odyssey' 2-max Seat #1 is the button
Seat 1: permafrost07 ($102.07 in chips)
Seat 2: torsk278 ($187.03 in chips)
permafrost07: posts small blind $1
torsk278: posts big blind $3
*** HOLE CARDS ***
permafrost07: raises $3 to $6
torsk278: folds
Uncalled bet ($3) returned to permafrost07
permafrost07 collected $6 from pot
permafrost07: doesn't show hand
*** SUMMARY ***
Total pot $6 | Rake $0
Seat 1: permafrost07 (button) (small blind) collected ($6)
Seat 2: torsk278 (big blind) folded before Flop


PokerStars Hand #146311989440:  Hold'em Limit ($3/$6 USD) - 2016/01/02 2:25:01 ET
Table 'Odyssey' 2-max Seat #2 is the button
Seat 1: permafrost07 ($101.07 in chips)
Seat 2: torsk278 ($188.03 in chips)
torsk278: posts small blind $1
permafrost07: posts big blind $3
*** HOLE CARDS ***
torsk278: folds
Uncalled bet ($2) returned to permafrost07
permafrost07 collected $2 from pot
permafrost07: doesn't show hand
*** SUMMARY ***
Total pot $2 | Rake $0
Seat 1: permafrost07 (big blind) collected ($2)
Seat 2: torsk278 (button) (small blind) folded before Flop


PokerStars Hand #146311977194:  Hold'em Limit ($3/$6 USD) - 2016/01/02 2:24:21 ET
Table 'Odyssey' 2-max Seat #2 is the button
Seat 1: permafrost07 ($128.07 in chips)
Seat 2: torsk278 ($162.01 in chips)
torsk278: posts small blind $1
permafrost07: posts big blind $3
*** HOLE CARDS ***
torsk278: calls $2
permafrost07: raises $3 to $6
torsk278: calls $3
*** FLOP *** [3c 2s Ad]
permafrost07: bets $3
torsk278: calls $3
*** TURN *** [3c 2s Ad] [6d]
permafrost07: bets $6
torsk278: calls $6
*** RIVER *** [3c 2s Ad 6d] [4h]
permafrost07: checks
torsk278: bets $6
permafrost07: folds
Uncalled bet ($6) returned to torsk278
torsk278 collected $29.50 from pot
torsk278: doesn't show hand
*** SUMMARY ***
Total pot $30 | Rake $0.50
Board [3c 2s Ad 6d 4h]
Seat 1: permafrost07 (big blind) folded on the River
Seat 2: torsk278 (button) (small blind) collected ($29.50)


PokerStars Hand #146311992615:  Hold'em Limit ($3/$6 USD) - 2016/01/02 2:25:11 ET
Table 'Odyssey' 2-max Seat #2 is the button
Seat 1: permafrost07 ($105.07 in chips)
Seat 2: torsk278 ($184.03 in chips)
torsk278: posts small blind $1
permafrost07: posts big blind $3
*** HOLE CARDS ***
torsk278: calls $2
permafrost07: raises $3 to $6
torsk278: calls $3
*** FLOP *** [7c Tc Td]
permafrost07: bets $3
torsk278: calls $3
*** TURN *** [7c Tc Td] [5h]
permafrost07: bets $6
torsk278: calls $6
*** RIVER *** [7c Tc Td 5h] [3c]
permafrost07: checks
torsk278: checks
*** SHOW DOWN ***
permafrost07: shows [2h 2d] (two pair, Tens and Deuces)
torsk278: mucks hand
permafrost07 collected $29.50 from pot
*** SUMMARY ***
Total pot $30 | Rake $0.50
Board [7c Tc Td 5h 3c]
Seat 1: permafrost07 (big blind) showed [2h 2d] and won ($29.50) with two pair, Tens and Deuces
Seat 2: torsk278 (button) (small blind) mucked


PokerStars Hand #146312009505:  Hold'em Limit ($3/$6 USD) - 2016/01/02 2:26:07 ET
Table 'Odyssey' 2-max Seat #1 is the button
Seat 1: permafrost07 ($107.57 in chips)
Seat 2: torsk278 ($180.53 in chips)
permafrost07: posts small blind $1
torsk278: posts big blind $3
*** HOLE CARDS ***
permafrost07: raises $3 to $6
torsk278: folds
Uncalled bet ($3) returned to permafrost07
permafrost07 collected $6 from pot
permafrost07: doesn't show hand
*** SUMMARY ***
Total pot $6 | Rake $0
Seat 1: permafrost07 (button) (small blind) collected ($6)
Seat 2: torsk278 (big blind) folded before Flop


PokerStars Hand #146312000389:  Hold'em Limit ($3/$6 USD) - 2016/01/02 2:25:37 ET
Table 'Odyssey' 2-max Seat #2 is the button
Seat 1: permafrost07 ($122.57 in chips)
Seat 2: torsk278 ($166.03 in chips)
torsk278: posts small blind $1
permafrost07: posts big blind $3
*** HOLE CARDS ***
torsk278: calls $2
permafrost07: raises $3 to $6
torsk278: calls $3
*** FLOP *** [Ah Qc 9h]
permafrost07: bets $3
torsk278: calls $3
*** TURN *** [Ah Qc 9h] [5d]
permafrost07: bets $6
torsk278: calls $6
*** RIVER *** [Ah Qc 9h 5d] [3s]
permafrost07: checks
torsk278: bets $6
permafrost07: folds
Uncalled bet ($6) returned to torsk278
torsk278 collected $29.50 from pot
torsk278: doesn't show hand
*** SUMMARY ***
Total pot $30 | Rake $0.50
Board [Ah Qc 9h 5d 3s]
Seat 1: permafrost07 (big blind) folded on the River
Seat 2: torsk278 (button) (small blind) collected ($29.50)


PokerStars Hand #146311998637:  Hold'em Limit ($3/$6 USD) - 2016/01/02 2:25:31 ET
Table 'Odyssey' 2-max Seat #1 is the button
Seat 1: permafrost07 ($119.57 in chips)
Seat 2: torsk278 ($169.03 in chips)
permafrost07: posts small blind $1
torsk278: posts big blind $3
*** HOLE CARDS ***
permafrost07: raises $3 to $6
torsk278: folds
Uncalled bet ($3) returned to permafrost07
permafrost07 collected $6 from pot
permafrost07: doesn't show hand
*** SUMMARY ***
Total pot $6 | Rake $0
Seat 1: permafrost07 (button) (small blind) collected ($6)
Seat 2: torsk278 (big blind) folded before Flop


PokerStars Hand #146312011404:  Hold'em Limit ($3/$6 USD) - 2016/01/02 2:26:13 ET
Table 'Odyssey' 2-max Seat #2 is the button
Seat 1: permafrost07 ($110.57 in chips)
Seat 2: torsk278 ($177.53 in chips)
torsk278: posts small blind $1
permafrost07: posts big blind $3
*** HOLE CARDS ***
torsk278: calls $2
permafrost07: raises $3 to $6
torsk278: calls $3
*** FLOP *** [9s 7d 4h]
permafrost07: bets $3
torsk278: calls $3
*** TURN *** [9s 7d 4h] [Th]
permafrost07: bets $6
torsk278: calls $6
*** RIVER *** [9s 7d 4h Th] [5d]
permafrost07: bets $6
torsk278: calls $6
*** SHOW DOWN ***
permafrost07: shows [7h Ah] (a pair of Sevens)
torsk278: mucks hand
permafrost07 collected $41.50 from pot
*** SUMMARY ***
Total pot $42 | Rake $0.50
Board [9s 7d 4h Th 5d]
Seat 1: permafrost07 (big blind) showed [7h Ah] and won ($41.50) with a pair of Sevens
Seat 2: torsk278 (button) (small blind) mucked


PokerStars Hand #146312023430:  Hold'em Limit ($3/$6 USD) - 2016/01/02 2:26:53 ET
Table 'Odyssey' 2-max Seat #2 is the button
Seat 1: permafrost07 ($122.07 in chips)
Seat 2: torsk278 ($165.17 in chips)
torsk278: posts small blind $1
permafrost07: posts big blind $3
*** HOLE CARDS ***
torsk278: calls $2
permafrost07: raises $3 to $6
torsk278: calls $3
*** FLOP *** [3d 9d 4d]
permafrost07: bets $3
torsk278: raises $3 to $6
permafrost07: raises $3 to $9
torsk278: calls $3
*** TURN *** [3d 9d 4d] [Kc]
permafrost07: bets $6
torsk278: calls $6
*** RIVER *** [3d 9d 4d Kc] [2c]
permafrost07: checks
torsk278: bets $6
permafrost07: calls $6
*** SHOW DOWN ***
torsk278: shows [9s 6d] (a pair of Nines)
permafrost07: mucks hand
torsk278 collected $53.50 from pot
*** SUMMARY ***
Total pot $54 | Rake $0.50
Board [3d 9d 4d Kc 2c]
Seat 1: permafrost07 (big blind) mucked
Seat 2: torsk278 (button) (small blind) showed [9s 6d] and won ($53.50) with a pair of Nines


PokerStars Hand #146312018016:  Hold'em Limit ($3/$6 USD) - 2016/01/02 2:26:35 ET
Table 'Odyssey' 2-max Seat #1 is the button
Seat 1: permafrost07 ($131.07 in chips)
Seat 2: torsk278 ($156.53 in chips)
permafrost07: posts small blind $1
torsk278: posts big blind $3
*** HOLE CARDS ***
permafrost07: raises $3 to $6
torsk278: calls $3
*** FLOP *** [Td As 9d]
torsk278: checks
permafrost07: bets $3
torsk278: calls $3
*** TURN *** [Td As 9d] [Ac]
torsk278: checks
permafrost07: checks
*** RIVER *** [Td As 9d Ac] [4h]
torsk278: bets $6
permafrost07: folds
Uncalled bet ($6) returned to torsk278
torsk278 collected $17.64 from pot
torsk278: doesn't show hand
*** SUMMARY ***
Total pot $18 | Rake $0.36
Board [Td As 9d Ac 4h]
Seat 1: permafrost07 (button) (small blind) folded on the River
Seat 2: torsk278 (big blind) collected ($17.64)


PokerStars Hand #146312029576:  Hold'em Limit ($3/$6 USD) - 2016/01/02 2:27:14 ET
Table 'Odyssey' 2-max Seat #1 is the button
Seat 1: permafrost07 ($95.07 in chips)
Seat 2: torsk278 ($191.67 in chips)
permafrost07: posts small blind $1
torsk278: posts big blind $3
*** HOLE CARDS ***
permafrost07: raises $3 to $6
torsk278: calls $3
*** FLOP *** [Qd 3d 9h]
torsk278: checks
permafrost07: bets $3
torsk278: folds
Uncalled bet ($3) returned to permafrost07
permafrost07 collected $11.76 from pot
permafrost07: doesn't show hand
*** SUMMARY ***
Total pot $12 | Rake $0.24
Board [Qd 3d 9h]
Seat 1: permafrost07 (button) (small blind) collected ($11.76)
Seat 2: torsk278 (big blind) folded on the Flop


PokerStars Hand #146312032408:  Hold'em Limit ($3/$6 USD) - 2016/01/02 2:27:23 ET
Table 'Odyssey' 2-max Seat #2 is the button
Seat 1: permafrost07 ($100.83 in chips)
Seat 2: torsk278 ($185.67 in chips)
torsk278: posts small blind $1
permafrost07: posts big blind $3
*** HOLE CARDS ***
torsk278: calls $2
permafrost07: raises $3 to $6
torsk278: calls $3
*** FLOP *** [9s Js Ks]
permafrost07: bets $3
torsk278: calls $3
*** TURN *** [9s Js Ks] [Ac]
permafrost07: bets $6
torsk278: calls $6
*** RIVER *** [9s Js Ks Ac] [Kc]
permafrost07: bets $6
torsk278: calls $6
*** SHOW DOWN ***
permafrost07: shows [8c Ah] (two pair, Aces and Kings)
torsk278: shows [Kd 6d] (three of a kind, Kings)
torsk278 collected $41.50 from pot
*** SUMMARY ***
Total pot $42 | Rake $0.50
Board [9s Js Ks Ac Kc]
Seat 1: permafrost07 (big blind) showed [8c Ah] and lost with two pair, Aces and Kings
Seat 2: torsk278 (button) (small blind) showed [Kd 6d] and won ($41.50) with three of a kind, Kings


PokerStars Hand #146312040244:  Hold'em Limit ($3/$6 USD) - 2016/01/02 2:27:49 ET
Table 'Odyssey' 2-max Seat #2 is the button
Seat 1: permafrost07 ($82.83 in chips)
Seat 2: torsk278 ($203.17 in chips)
torsk278: posts small blind $1
permafrost07: posts big blind $3
*** HOLE CARDS ***
torsk278: calls $2
permafrost07: raises $3 to $6
torsk278: calls $3
*** FLOP *** [3d 5c 5d]
permafrost07: bets $3
torsk278: calls $3
*** TURN *** [3d 5c 5d] [2h]
permafrost07: bets $6
torsk278: raises $6 to $12
permafrost07: calls $6
*** RIVER *** [3d 5c 5d 2h] [3s]
permafrost07: checks
torsk278: bets $6
permafrost07: calls $6
*** SHOW DOWN ***
torsk278: shows [Qd 5h] (a full house, Fives full of Threes)
permafrost07: mucks hand
torsk278 collected $53.50 from pot
*** SUMMARY ***
Total pot $54 | Rake $0.50
Board [3d 5c 5d 2h 3s]
Seat 1: permafrost07 (big blind) mucked
Seat 2: torsk278 (button) (small blind) showed [Qd 5h] and won ($53.50) with a full house, Fives full of Threes


PokerStars Hand #146312038368:  Hold'em Limit ($3/$6 USD) - 2016/01/02 2:27:43 ET
Table 'Odyssey' 2-max Seat #1 is the button
Seat 1: permafrost07 ($79.83 in chips)
Seat 2: torsk278 ($206.17 in chips)
permafrost07: posts small blind $1
torsk278: posts big blind $3
*** HOLE CARDS ***
permafrost07: raises $3 to $6
torsk278: folds
Uncalled bet ($3) returned to permafrost07
permafrost07 collected $6 from pot
permafrost07: doesn't show hand
*** SUMMARY ***
Total pot $6 | Rake $0
Seat 1: permafrost07 (button) (small blind) collected ($6)
Seat 2: torsk278 (big blind) folded before Flop


PokerStars Hand #146312049554:  Hold'em Limit ($3/$6 USD) - 2016/01/02 2:28:20 ET
Table 'Odyssey' 2-max Seat #2 is the button
Seat 1: permafrost07 ($58.83 in chips)
Seat 2: torsk278 ($226.67 in chips)
torsk278: posts small blind $1
permafrost07: posts big blind $3
*** HOLE CARDS ***
torsk278: folds
Uncalled bet ($2) returned to permafrost07
permafrost07 collected $2 from pot
permafrost07: doesn't show hand
*** SUMMARY ***
Total pot $2 | Rake $0
Seat 1: permafrost07 (big blind) collected ($2)
Seat 2: torsk278 (button) (small blind) folded before Flop


PokerStars Hand #146312047892:  Hold'em Limit ($3/$6 USD) - 2016/01/02 2:28:14 ET
Table 'Odyssey' 2-max Seat #1 is the button
Seat 1: permafrost07 ($55.83 in chips)
Seat 2: torsk278 ($229.67 in chips)
permafrost07: posts small blind $1
torsk278: posts big blind $3
*** HOLE CARDS ***
permafrost07: raises $3 to $6
torsk278: folds
Uncalled bet ($3) returned to permafrost07
permafrost07 collected $6 from pot
permafrost07: doesn't show hand
*** SUMMARY ***
Total pot $6 | Rake $0
Seat 1: permafrost07 (button) (small blind) collected ($6)
Seat 2: torsk278 (big blind) folded before Flop


PokerStars Hand #146312055155:  Hold'em Limit ($3/$6 USD) - 2016/01/02 2:28:38 ET
Table 'Odyssey' 2-max Seat #2 is the button
Seat 1: permafrost07 ($50.83 in chips)
Seat 2: torsk278 ($234.31 in chips)
torsk278: posts small blind $1
permafrost07: posts big blind $3
*** HOLE CARDS ***
torsk278: folds
Uncalled bet ($2) returned to permafrost07
permafrost07 collected $2 from pot
permafrost07: doesn't show hand
*** SUMMARY ***
Total pot $2 | Rake $0
Seat 1: permafrost07 (big blind) collected ($2)
Seat 2: torsk278 (button) (small blind) folded before Flop


PokerStars Hand #146312050893:  Hold'em Limit ($3/$6 USD) - 2016/01/02 2:28:24 ET
Table 'Odyssey' 2-max Seat #1 is the button
Seat 1: permafrost07 ($59.83 in chips)
Seat 2: torsk278 ($225.67 in chips)
permafrost07: posts small blind $1
torsk278: posts big blind $3
*** HOLE CARDS ***
permafrost07: raises $3 to $6
torsk278: calls $3
*** FLOP *** [Kc Td Tc]
torsk278: checks
permafrost07: bets $3
torsk278: raises $3 to $6
permafrost07: folds
Uncalled bet ($3) returned to torsk278
torsk278 collected $17.64 from pot
torsk278: doesn't show hand
*** SUMMARY ***
Total pot $18 | Rake $0.36
Board [Kc Td Tc]
Seat 1: permafrost07 (button) (small blind) folded on the Flop
Seat 2: torsk278 (big blind) collected ($17.64)


PokerStars Hand #146312062750:  Hold'em Limit ($3/$6 USD) - 2016/01/02 2:29:03 ET
Table 'Odyssey' 2-max Seat #2 is the button
Seat 1: permafrost07 ($36.83 in chips)
Seat 2: torsk278 ($247.81 in chips)
torsk278: posts small blind $1
permafrost07: posts big blind $3
*** HOLE CARDS ***
torsk278: calls $2
permafrost07: raises $3 to $6
torsk278: calls $3
*** FLOP *** [7c Ts Ks]
permafrost07: bets $3
torsk278: folds
Uncalled bet ($3) returned to permafrost07
permafrost07 collected $11.76 from pot
permafrost07: doesn't show hand
*** SUMMARY ***
Total pot $12 | Rake $0.24
Board [7c Ts Ks]
Seat 1: permafrost07 (big blind) collected ($11.76)
Seat 2: torsk278 (button) (small blind) folded on the Flop


PokerStars Hand #146312056454:  Hold'em Limit ($3/$6 USD) - 2016/01/02 2:28:42 ET
Table 'Odyssey' 2-max Seat #1 is the button
Seat 1: permafrost07 ($51.83 in chips)
Seat 2: torsk278 ($233.31 in chips)
permafrost07: posts small blind $1
torsk278: posts big blind $3
*** HOLE CARDS ***
permafrost07: raises $3 to $6
torsk278: calls $3
*** FLOP *** [8h Td 4s]
torsk278: checks
permafrost07: bets $3
torsk278: calls $3
*** TURN *** [8h Td 4s] [9h]
torsk278: checks
permafrost07: bets $6
torsk278: calls $6
*** RIVER *** [8h Td 4s 9h] [6h]
torsk278: checks
permafrost07: checks
*** SHOW DOWN ***
torsk278: shows [4d 7d] (a straight, Six to Ten)
permafrost07: mucks hand
torsk278 collected $29.50 from pot
*** SUMMARY ***
Total pot $30 | Rake $0.50
Board [8h Td 4s 9h 6h]
Seat 1: permafrost07 (button) (small blind) mucked
Seat 2: torsk278 (big blind) showed [4d 7d] and won ($29.50) with a straight, Six to Ten


PokerStars Hand #146312065802:  Hold'em Limit ($3/$6 USD) - 2016/01/02 2:29:13 ET
Table 'Odyssey' 2-max Seat #1 is the button
Seat 1: permafrost07 ($42.59 in chips)
Seat 2: torsk278 ($241.81 in chips)
permafrost07: posts small blind $1
torsk278: posts big blind $3
*** HOLE CARDS ***
permafrost07: raises $3 to $6
torsk278: calls $3
*** FLOP *** [3c Ks 4h]
torsk278: checks
permafrost07: bets $3
torsk278: calls $3
*** TURN *** [3c Ks 4h] [6c]
torsk278: checks
permafrost07: bets $6
torsk278: raises $6 to $12
permafrost07: calls $6
*** RIVER *** [3c Ks 4h 6c] [5s]
torsk278: checks
permafrost07: checks
*** SHOW DOWN ***
torsk278: shows [3s Kh] (two pair, Kings and Threes)
permafrost07: mucks hand
torsk278 collected $41.50 from pot
*** SUMMARY ***
Total pot $42 | Rake $0.50
Board [3c Ks 4h 6c 5s]
Seat 1: permafrost07 (button) (small blind) mucked
Seat 2: torsk278 (big blind) showed [3s Kh] and won ($41.50) with two pair, Kings and Threes


PokerStars Hand #146312072173:  Hold'em Limit ($3/$6 USD) - 2016/01/02 2:29:34 ET
Table 'Odyssey' 2-max Seat #2 is the button
Seat 1: permafrost07 ($21.59 in chips)
Seat 2: torsk278 ($262.31 in chips)
torsk278: posts small blind $1
permafrost07: posts big blind $3
*** HOLE CARDS ***
torsk278: calls $2
permafrost07: checks
*** FLOP *** [6s Qs Js]
permafrost07: bets $3
torsk278: calls $3
*** TURN *** [6s Qs Js] [As]
permafrost07: bets $6
torsk278: folds
Uncalled bet ($6) returned to permafrost07
permafrost07 collected $11.76 from pot
permafrost07: doesn't show hand
*** SUMMARY ***
Total pot $12 | Rake $0.24
Board [6s Qs Js As]
Seat 1: permafrost07 (big blind) collected ($11.76)
Seat 2: torsk278 (button) (small blind) folded on the Turn


PokerStars Hand #146312076259:  Hold'em Limit ($3/$6 USD) - 2016/01/02 2:29:48 ET
Table 'Odyssey' 2-max Seat #1 is the button
Seat 1: permafrost07 ($27.35 in chips)
Seat 2: torsk278 ($256.31 in chips)
permafrost07: posts small blind $1
torsk278: posts big blind $3
*** HOLE CARDS ***
permafrost07: raises $3 to $6
torsk278: calls $3
*** FLOP *** [3d 3c 7c]
torsk278: checks
permafrost07: bets $3
torsk278: folds
Uncalled bet ($3) returned to permafrost07
permafrost07 collected $11.76 from pot
permafrost07: doesn't show hand
*** SUMMARY ***
Total pot $12 | Rake $0.24
Board [3d 3c 7c]
Seat 1: permafrost07 (button) (small blind) collected ($11.76)
Seat 2: torsk278 (big blind) folded on the Flop


PokerStars Hand #146312098221:  Hold'em Limit ($3/$6 USD) - 2016/01/02 2:31:00 ET
Table 'Odyssey' 2-max Seat #2 is the button
Seat 1: permafrost07 ($70.87 in chips)
Seat 2: torsk278 ($211.31 in chips)
torsk278: posts small blind $1
permafrost07: posts big blind $3
*** HOLE CARDS ***
torsk278: calls $2
permafrost07: raises $3 to $6
torsk278: calls $3
*** FLOP *** [As 9s 4h]
permafrost07: bets $3
torsk278: folds
Uncalled bet ($3) returned to permafrost07
permafrost07 collected $11.76 from pot
permafrost07: doesn't show hand
*** SUMMARY ***
Total pot $12 | Rake $0.24
Board [As 9s 4h]
Seat 1: permafrost07 (big blind) collected ($11.76)
Seat 2: torsk278 (button) (small blind) folded on the Flop


PokerStars Hand #146312079306:  Hold'em Limit ($3/$6 USD) - 2016/01/02 2:29:58 ET
Table 'Odyssey' 2-max Seat #2 is the button
Seat 1: permafrost07 ($33.11 in chips)
Seat 2: torsk278 ($250.31 in chips)
torsk278: posts small blind $1
permafrost07: posts big blind $3
*** HOLE CARDS ***
torsk278: calls $2
permafrost07: raises $3 to $6
torsk278: calls $3
*** FLOP *** [7h 2c 5c]
permafrost07: bets $3
torsk278: calls $3
*** TURN *** [7h 2c 5c] [7s]
permafrost07: bets $6
torsk278: calls $6
*** RIVER *** [7h 2c 5c 7s] [Qd]
permafrost07: bets $6
torsk278: folds
Uncalled bet ($6) returned to permafrost07
permafrost07 collected $29.50 from pot
permafrost07: doesn't show hand
*** SUMMARY ***
Total pot $30 | Rake $0.50
Board [7h 2c 5c 7s Qd]
Seat 1: permafrost07 (big blind) collected ($29.50)
Seat 2: torsk278 (button) (small blind) folded on the River


PokerStars Hand #146312085880:  Hold'em Limit ($3/$6 USD) - 2016/01/02 2:30:19 ET
Table 'Odyssey' 2-max Seat #1 is the button
Seat 1: permafrost07 ($47.61 in chips)
Seat 2: torsk278 ($235.31 in chips)
permafrost07: posts small blind $1
torsk278: posts big blind $3
*** HOLE CARDS ***
permafrost07: raises $3 to $6
torsk278: calls $3
*** FLOP *** [9c Tc Td]
torsk278: checks
permafrost07: bets $3
torsk278: calls $3
*** TURN *** [9c Tc Td] [Jc]
torsk278: checks
permafrost07: bets $6
torsk278: calls $6
*** RIVER *** [9c Tc Td Jc] [8s]
torsk278: checks
permafrost07: bets $6
torsk278: folds
Uncalled bet ($6) returned to permafrost07
permafrost07 collected $29.50 from pot
permafrost07: doesn't show hand
*** SUMMARY ***
Total pot $30 | Rake $0.50
Board [9c Tc Td Jc 8s]
Seat 1: permafrost07 (button) (small blind) collected ($29.50)
Seat 2: torsk278 (big blind) folded on the River


PokerStars Hand #146312096279:  Hold'em Limit ($3/$6 USD) - 2016/01/02 2:30:54 ET
Table 'Odyssey' 2-max Seat #1 is the button
Seat 1: permafrost07 ($67.87 in chips)
Seat 2: torsk278 ($214.31 in chips)
permafrost07: posts small blind $1
torsk278: posts big blind $3
*** HOLE CARDS ***
permafrost07: raises $3 to $6
torsk278: folds
Uncalled bet ($3) returned to permafrost07
permafrost07 collected $6 from pot
permafrost07: doesn't show hand
*** SUMMARY ***
Total pot $6 | Rake $0
Seat 1: permafrost07 (button) (small blind) collected ($6)
Seat 2: torsk278 (big blind) folded before Flop


PokerStars Hand #146312092415:  Hold'em Limit ($3/$6 USD) - 2016/01/02 2:30:41 ET
Table 'Odyssey' 2-max Seat #2 is the button
Seat 1: permafrost07 ($62.11 in chips)
Seat 2: torsk278 ($220.31 in chips)
torsk278: posts small blind $1
permafrost07: posts big blind $3
*** HOLE CARDS ***
torsk278: calls $2
permafrost07: raises $3 to $6
torsk278: calls $3
*** FLOP *** [2h Ks 3c]
permafrost07: bets $3
torsk278: folds
Uncalled bet ($3) returned to permafrost07
permafrost07 collected $11.76 from pot
permafrost07: doesn't show hand
*** SUMMARY ***
Total pot $12 | Rake $0.24
Board [2h Ks 3c]
Seat 1: permafrost07 (big blind) collected ($11.76)
Seat 2: torsk278 (button) (small blind) folded on the Flop


PokerStars Hand #146312101344:  Hold'em Limit ($3/$6 USD) - 2016/01/02 2:31:10 ET
Table 'Odyssey' 2-max Seat #1 is the button
Seat 1: permafrost07 ($76.63 in chips)
Seat 2: torsk278 ($205.31 in chips)
permafrost07: posts small blind $1
torsk278: posts big blind $3
*** HOLE CARDS ***
permafrost07: raises $3 to $6
torsk278: calls $3
*** FLOP *** [8c 8s 6c]
torsk278: checks
permafrost07: checks
*** TURN *** [8c 8s 6c] [5d]
torsk278: checks
permafrost07: checks
*** RIVER *** [8c 8s 6c 5d] [9s]
torsk278: bets $6
permafrost07: folds
Uncalled bet ($6) returned to torsk278
torsk278 collected $11.76 from pot
torsk278: doesn't show hand
*** SUMMARY ***
Total pot $12 | Rake $0.24
Board [8c 8s 6c 5d 9s]
Seat 1: permafrost07 (button) (small blind) folded on the River
Seat 2: torsk278 (big blind) collected ($11.76)


PokerStars Hand #146312106976:  Hold'em Limit ($3/$6 USD) - 2016/01/02 2:31:29 ET
Table 'Odyssey' 2-max Seat #2 is the button
Seat 1: permafrost07 ($70.63 in chips)
Seat 2: torsk278 ($211.07 in chips)
torsk278: posts small blind $1
permafrost07: posts big blind $3
*** HOLE CARDS ***
torsk278: calls $2
permafrost07: raises $3 to $6
torsk278: calls $3
*** FLOP *** [Ks 8s Tc]
permafrost07: bets $3
torsk278: calls $3
*** TURN *** [Ks 8s Tc] [Qh]
permafrost07: bets $6
torsk278: calls $6
*** RIVER *** [Ks 8s Tc Qh] [Jc]
permafrost07: bets $6
torsk278: calls $6
*** SHOW DOWN ***
permafrost07: shows [8h 9s] (a straight, Nine to King)
torsk278: mucks hand
permafrost07 collected $41.50 from pot
*** SUMMARY ***
Total pot $42 | Rake $0.50
Board [Ks 8s Tc Qh Jc]
Seat 1: permafrost07 (big blind) showed [8h 9s] and won ($41.50) with a straight, Nine to King
Seat 2: torsk278 (button) (small blind) mucked


PokerStars Hand #146312115793:  Hold'em Limit ($3/$6 USD) - 2016/01/02 2:31:58 ET
Table 'Odyssey' 2-max Seat #2 is the button
Seat 1: permafrost07 ($96.89 in chips)
Seat 2: torsk278 ($184.07 in chips)
torsk278: posts small blind $1
permafrost07: posts big blind $3
*** HOLE CARDS ***
torsk278: folds
Uncalled bet ($2) returned to permafrost07
permafrost07 collected $2 from pot
permafrost07: doesn't show hand
*** SUMMARY ***
Total pot $2 | Rake $0
Seat 1: permafrost07 (big blind) collected ($2)
Seat 2: torsk278 (button) (small blind) folded before Flop


PokerStars Hand #146312112957:  Hold'em Limit ($3/$6 USD) - 2016/01/02 2:31:49 ET
Table 'Odyssey' 2-max Seat #1 is the button
Seat 1: permafrost07 ($91.13 in chips)
Seat 2: torsk278 ($190.07 in chips)
permafrost07: posts small blind $1
torsk278: posts big blind $3
*** HOLE CARDS ***
permafrost07: raises $3 to $6
torsk278: calls $3
*** FLOP *** [Qc Th 3d]
torsk278: checks
permafrost07: bets $3
torsk278: folds
Uncalled bet ($3) returned to permafrost07
permafrost07 collected $11.76 from pot
permafrost07: doesn't show hand
*** SUMMARY ***
Total pot $12 | Rake $0.24
Board [Qc Th 3d]
Seat 1: permafrost07 (button) (small blind) collected ($11.76)
Seat 2: torsk278 (big blind) folded on the Flop


PokerStars Hand #146312117181:  Hold'em Limit ($3/$6 USD) - 2016/01/02 2:32:03 ET
Table 'Odyssey' 2-max Seat #1 is the button
Seat 1: permafrost07 ($97.89 in chips)
Seat 2: torsk278 ($183.07 in chips)
permafrost07: posts small blind $1
torsk278: posts big blind $3
*** HOLE CARDS ***
permafrost07: raises $3 to $6
torsk278: calls $3
*** FLOP *** [5h 3c 3d]
torsk278: checks
permafrost07: bets $3
torsk278: raises $3 to $6
permafrost07: raises $3 to $9
torsk278: raises $3 to $12
Betting is capped
permafrost07: calls $3
*** TURN *** [5h 3c 3d] [4h]
torsk278: bets $6
permafrost07: calls $6
*** RIVER *** [5h 3c 3d 4h] [8d]
torsk278: bets $6
permafrost07: calls $6
*** SHOW DOWN ***
torsk278: shows [6s 7c] (a straight, Four to Eight)
permafrost07: mucks hand
torsk278 collected $59.50 from pot
*** SUMMARY ***
Total pot $60 | Rake $0.50
Board [5h 3c 3d 4h 8d]
Seat 1: permafrost07 (button) (small blind) mucked
Seat 2: torsk278 (big blind) showed [6s 7c] and won ($59.50) with a straight, Four to Eight


PokerStars Hand #146312125335:  Hold'em Limit ($3/$6 USD) - 2016/01/02 2:32:30 ET
Table 'Odyssey' 2-max Seat #1 is the button
Seat 1: permafrost07 ($68.89 in chips)
Seat 2: torsk278 ($211.57 in chips)
permafrost07: posts small blind $1
torsk278: posts big blind $3
*** HOLE CARDS ***
permafrost07: raises $3 to $6
torsk278: folds
Uncalled bet ($3) returned to permafrost07
permafrost07 collected $6 from pot
permafrost07: doesn't show hand
*** SUMMARY ***
Total pot $6 | Rake $0
Seat 1: permafrost07 (button) (small blind) collected ($6)
Seat 2: torsk278 (big blind) folded before Flop


PokerStars Hand #146312123900:  Hold'em Limit ($3/$6 USD) - 2016/01/02 2:32:25 ET
Table 'Odyssey' 2-max Seat #2 is the button
Seat 1: permafrost07 ($67.89 in chips)
Seat 2: torsk278 ($212.57 in chips)
torsk278: posts small blind $1
permafrost07: posts big blind $3
*** HOLE CARDS ***
torsk278: folds
Uncalled bet ($2) returned to permafrost07
permafrost07 collected $2 from pot
*** SUMMARY ***
Total pot $2 | Rake $0
Seat 1: permafrost07 (big blind) collected ($2)
Seat 2: torsk278 (button) (small blind) folded before Flop


PokerStars Hand #146312133183:  Hold'em Limit ($3/$6 USD) - 2016/01/02 2:32:56 ET
Table 'Odyssey' 2-max Seat #1 is the button
Seat 1: permafrost07 ($92.39 in chips)
Seat 2: torsk278 ($187.57 in chips)
permafrost07: posts small blind $1
torsk278: posts big blind $3
*** HOLE CARDS ***
permafrost07: raises $3 to $6
torsk278: calls $3
*** FLOP *** [3h 3d Tc]
torsk278: checks
permafrost07: bets $3
torsk278: calls $3
*** TURN *** [3h 3d Tc] [Th]
torsk278: checks
permafrost07: checks
*** RIVER *** [3h 3d Tc Th] [4s]
torsk278: bets $6
permafrost07: folds
Uncalled bet ($6) returned to torsk278
torsk278 collected $17.64 from pot
torsk278: doesn't show hand
*** SUMMARY ***
Total pot $18 | Rake $0.36
Board [3h 3d Tc Th 4s]
Seat 1: permafrost07 (button) (small blind) folded on the River
Seat 2: torsk278 (big blind) collected ($17.64)


PokerStars Hand #146312127040:  Hold'em Limit ($3/$6 USD) - 2016/01/02 2:32:36 ET
Table 'Odyssey' 2-max Seat #2 is the button
Seat 1: permafrost07 ($71.89 in chips)
Seat 2: torsk278 ($208.57 in chips)
torsk278: posts small blind $1
permafrost07: posts big blind $3
*** HOLE CARDS ***
torsk278: calls $2
permafrost07: raises $3 to $6
torsk278: calls $3
*** FLOP *** [6d 2d 2c]
permafrost07: bets $3
torsk278: calls $3
*** TURN *** [6d 2d 2c] [3c]
permafrost07: bets $6
torsk278: calls $6
*** RIVER *** [6d 2d 2c 3c] [Ad]
permafrost07: bets $6
torsk278: calls $6
*** SHOW DOWN ***
permafrost07: shows [Kd 7d] (a flush, Ace high)
torsk278: mucks hand
permafrost07 collected $41.50 from pot
*** SUMMARY ***
Total pot $42 | Rake $0.50
Board [6d 2d 2c 3c Ad]
Seat 1: permafrost07 (big blind) showed [Kd 7d] and won ($41.50) with a flush, Ace high
Seat 2: torsk278 (button) (small blind) mucked


PokerStars Hand #146312147289:  Hold'em Limit ($3/$6 USD) - 2016/01/02 2:33:43 ET
Table 'Odyssey' 2-max Seat #2 is the button
Seat 1: permafrost07 ($61.39 in chips)
Seat 2: torsk278 ($217.71 in chips)
torsk278: posts small blind $1
permafrost07: posts big blind $3
*** HOLE CARDS ***
torsk278: calls $2
permafrost07: raises $3 to $6
torsk278: calls $3
*** FLOP *** [Ac Jc 9s]
permafrost07: bets $3
torsk278: calls $3
*** TURN *** [Ac Jc 9s] [8c]
permafrost07: bets $6
torsk278: calls $6
*** RIVER *** [Ac Jc 9s 8c] [Th]
permafrost07: bets $6
torsk278: raises $6 to $12
permafrost07: raises $6 to $18
torsk278: calls $6
*** SHOW DOWN ***
permafrost07: shows [As Kc] (a pair of Aces)
torsk278: shows [Qs 8d] (a straight, Eight to Queen)
torsk278 collected $65.50 from pot
*** SUMMARY ***
Total pot $66 | Rake $0.50
Board [Ac Jc 9s 8c Th]
Seat 1: permafrost07 (big blind) showed [As Kc] and lost with a pair of Aces
Seat 2: torsk278 (button) (small blind) showed [Qs 8d] and won ($65.50) with a straight, Eight to Queen


PokerStars Hand #146312153280:  Hold'em Limit ($3/$6 USD) - 2016/01/02 2:34:03 ET
Table 'Odyssey' 2-max Seat #1 is the button
Seat 1: permafrost07 ($28.39 in chips)
Seat 2: torsk278 ($250.21 in chips)
permafrost07: posts small blind $1
torsk278: posts big blind $3
*** HOLE CARDS ***
permafrost07: raises $3 to $6
torsk278: folds
Uncalled bet ($3) returned to permafrost07
permafrost07 collected $6 from pot
permafrost07: doesn't show hand
*** SUMMARY ***
Total pot $6 | Rake $0
Seat 1: permafrost07 (button) (small blind) collected ($6)
Seat 2: torsk278 (big blind) folded before Flop


PokerStars Hand #146312145401:  Hold'em Limit ($3/$6 USD) - 2016/01/02 2:33:37 ET
Table 'Odyssey' 2-max Seat #1 is the button
Seat 1: permafrost07 ($62.39 in chips)
Seat 2: torsk278 ($216.71 in chips)
permafrost07: posts small blind $1
torsk278: posts big blind $3
*** HOLE CARDS ***
permafrost07: folds
Uncalled bet ($2) returned to torsk278
torsk278 collected $2 from pot
torsk278: doesn't show hand
*** SUMMARY ***
Total pot $2 | Rake $0
Seat 1: permafrost07 (button) (small blind) folded before Flop
Seat 2: torsk278 (big blind) collected ($2)


PokerStars Hand #146312138325:  Hold'em Limit ($3/$6 USD) - 2016/01/02 2:33:13 ET
Table 'Odyssey' 2-max Seat #2 is the button
Seat 1: permafrost07 ($83.39 in chips)
Seat 2: torsk278 ($196.21 in chips)
torsk278: posts small blind $1
permafrost07: posts big blind $3
*** HOLE CARDS ***
torsk278: calls $2
permafrost07: raises $3 to $6
torsk278: calls $3
*** FLOP *** [Td 3c 7d]
permafrost07: bets $3
torsk278: calls $3
*** TURN *** [Td 3c 7d] [7h]
permafrost07: checks
torsk278: bets $6
permafrost07: raises $6 to $12
torsk278: calls $6
*** RIVER *** [Td 3c 7d 7h] [8h]
permafrost07: checks
torsk278: checks
*** SHOW DOWN ***
permafrost07: shows [9d 4s] (a pair of Sevens)
torsk278: shows [5d Qd] (a pair of Sevens - Queen kicker)
torsk278 collected $41.50 from pot
*** SUMMARY ***
Total pot $42 | Rake $0.50
Board [Td 3c 7d 7h 8h]
Seat 1: permafrost07 (big blind) showed [9d 4s] and lost with a pair of Sevens
Seat 2: torsk278 (button) (small blind) showed [5d Qd] and won ($41.50) with a pair of Sevens


PokerStars Hand #146312155170:  Hold'em Limit ($3/$6 USD) - 2016/01/02 2:34:10 ET
Table 'Odyssey' 2-max Seat #2 is the button
Seat 1: permafrost07 ($31.39 in chips)
Seat 2: torsk278 ($247.21 in chips)
torsk278: posts small blind $1
permafrost07: posts big blind $3
*** HOLE CARDS ***
torsk278: calls $2
permafrost07: raises $3 to $6
torsk278: calls $3
*** FLOP *** [9h 6h 4s]
permafrost07: bets $3
torsk278: calls $3
*** TURN *** [9h 6h 4s] [7s]
permafrost07: bets $6
torsk278: calls $6
*** RIVER *** [9h 6h 4s 7s] [7d]
permafrost07: bets $6
torsk278: calls $6
*** SHOW DOWN ***
permafrost07: shows [4c 7c] (a full house, Sevens full of Fours)
torsk278: mucks hand
permafrost07 collected $41.50 from pot
*** SUMMARY ***
Total pot $42 | Rake $0.50
Board [9h 6h 4s 7s 7d]
Seat 1: permafrost07 (big blind) showed [4c 7c] and won ($41.50) with a full house, Sevens full of Fours
Seat 2: torsk278 (button) (small blind) mucked


PokerStars Hand #146312167157:  Hold'em Limit ($3/$6 USD) - 2016/01/02 2:34:50 ET
Table 'Odyssey' 2-max Seat #2 is the button
Seat 1: permafrost07 ($72.39 in chips)
Seat 2: torsk278 ($205.21 in chips)
torsk278: posts small blind $1
permafrost07: posts big blind $3
*** HOLE CARDS ***
torsk278: calls $2
permafrost07: raises $3 to $6
torsk278: calls $3
*** FLOP *** [7c Th 5c]
permafrost07: bets $3
torsk278: raises $3 to $6
permafrost07: raises $3 to $9
torsk278: calls $3
*** TURN *** [7c Th 5c] [5s]
permafrost07: bets $6
torsk278: calls $6
*** RIVER *** [7c Th 5c 5s] [3c]
permafrost07: checks
torsk278: bets $6
permafrost07: calls $6
*** SHOW DOWN ***
torsk278: shows [Td 6c] (two pair, Tens and Fives)
permafrost07: mucks hand
torsk278 collected $53.50 from pot
*** SUMMARY ***
Total pot $54 | Rake $0.50
Board [7c Th 5c 5s 3c]
Seat 1: permafrost07 (big blind) mucked
Seat 2: torsk278 (button) (small blind) showed [Td 6c] and won ($53.50) with two pair, Tens and Fives


PokerStars Hand #146312183445:  Hold'em Limit ($3/$6 USD) - 2016/01/02 2:35:44 ET
Table 'Odyssey' 2-max Seat #1 is the button
Seat 1: permafrost07 ($45.15 in chips)
Seat 2: torsk278 ($231.47 in chips)
permafrost07: posts small blind $1
torsk278: posts big blind $3
*** HOLE CARDS ***
permafrost07: raises $3 to $6
torsk278: calls $3
*** FLOP *** [5c Qh 4d]
torsk278: checks
permafrost07: bets $3
torsk278: folds
Uncalled bet ($3) returned to permafrost07
permafrost07 collected $11.76 from pot
permafrost07: doesn't show hand
*** SUMMARY ***
Total pot $12 | Rake $0.24
Board [5c Qh 4d]
Seat 1: permafrost07 (button) (small blind) collected ($11.76)
Seat 2: torsk278 (big blind) folded on the Flop


PokerStars Hand #146312174536:  Hold'em Limit ($3/$6 USD) - 2016/01/02 2:35:14 ET
Table 'Odyssey' 2-max Seat #1 is the button
Seat 1: permafrost07 ($45.39 in chips)
Seat 2: torsk278 ($231.71 in chips)
permafrost07: posts small blind $1
torsk278: posts big blind $3
*** HOLE CARDS ***
permafrost07: raises $3 to $6
torsk278: calls $3
*** FLOP *** [Js 9c Jd]
torsk278: checks
permafrost07: checks
*** TURN *** [Js 9c Jd] [5c]
torsk278: bets $6
permafrost07: folds
Uncalled bet ($6) returned to torsk278
torsk278 collected $11.76 from pot
torsk278: doesn't show hand
*** SUMMARY ***
Total pot $12 | Rake $0.24
Board [Js 9c Jd 5c]
Seat 1: permafrost07 (button) (small blind) folded on the Turn
Seat 2: torsk278 (big blind) collected ($11.76)


PokerStars Hand #146312186744:  Hold'em Limit ($3/$6 USD) - 2016/01/02 2:35:54 ET
Table 'Odyssey' 2-max Seat #2 is the button
Seat 1: permafrost07 ($50.91 in chips)
Seat 2: torsk278 ($225.47 in chips)
torsk278: posts small blind $1
permafrost07: posts big blind $3
*** HOLE CARDS ***
torsk278: calls $2
permafrost07: raises $3 to $6
torsk278: calls $3
*** FLOP *** [7h Td 7d]
permafrost07: bets $3
torsk278: calls $3
*** TURN *** [7h Td 7d] [Qc]
permafrost07: checks
torsk278: checks
*** RIVER *** [7h Td 7d Qc] [Tc]
permafrost07: bets $6
torsk278: calls $6
*** SHOW DOWN ***
permafrost07: shows [As 2d] (two pair, Tens and Sevens)
torsk278: shows [9s Ac] (two pair, Tens and Sevens)
permafrost07 collected $14.75 from pot
torsk278 collected $14.75 from pot
*** SUMMARY ***
Total pot $30 | Rake $0.50
Board [7h Td 7d Qc Tc]
Seat 1: permafrost07 (big blind) showed [As 2d] and won ($14.75) with two pair, Tens and Sevens
Seat 2: torsk278 (button) (small blind) showed [9s Ac] and won ($14.75) with two pair, Tens and Sevens


PokerStars Hand #146312179008:  Hold'em Limit ($3/$6 USD) - 2016/01/02 2:35:29 ET
Table 'Odyssey' 2-max Seat #2 is the button
Seat 1: permafrost07 ($39.39 in chips)
Seat 2: torsk278 ($237.47 in chips)
torsk278: posts small blind $1
permafrost07: posts big blind $3
*** HOLE CARDS ***
torsk278: calls $2
permafrost07: raises $3 to $6
torsk278: calls $3
*** FLOP *** [2h Td Kd]
permafrost07: bets $3
torsk278: folds
Uncalled bet ($3) returned to permafrost07
permafrost07 collected $11.76 from pot
permafrost07: doesn't show hand
*** SUMMARY ***
Total pot $12 | Rake $0.24
Board [2h Td Kd]
Seat 1: permafrost07 (big blind) collected ($11.76)
Seat 2: torsk278 (button) (small blind) folded on the Flop


PokerStars Hand #146312199645:  Hold'em Limit ($3/$6 USD) - 2016/01/02 2:36:36 ET
Table 'Odyssey' 2-max Seat #2 is the button
Seat 1: permafrost07 ($35.66 in chips)
Seat 2: torsk278 ($239.72 in chips)
torsk278: posts small blind $1
permafrost07: posts big blind $3
*** HOLE CARDS ***
torsk278: folds
Uncalled bet ($2) returned to permafrost07
permafrost07 collected $2 from pot
permafrost07: doesn't show hand
*** SUMMARY ***
Total pot $2 | Rake $0
Seat 1: permafrost07 (big blind) collected ($2)
Seat 2: torsk278 (button) (small blind) folded before Flop


PokerStars Hand #146312193498:  Hold'em Limit ($3/$6 USD) - 2016/01/02 2:36:16 ET
Table 'Odyssey' 2-max Seat #1 is the button
Seat 1: permafrost07 ($50.66 in chips)
Seat 2: torsk278 ($225.22 in chips)
permafrost07: posts small blind $1
torsk278: posts big blind $3
*** HOLE CARDS ***
permafrost07: raises $3 to $6
torsk278: calls $3
*** FLOP *** [Td 4d 4s]
torsk278: checks
permafrost07: bets $3
torsk278: calls $3
*** TURN *** [Td 4d 4s] [7s]
torsk278: checks
permafrost07: checks
*** RIVER *** [Td 4d 4s 7s] [Qd]
torsk278: checks
permafrost07: bets $6
torsk278: calls $6
*** SHOW DOWN ***
permafrost07: shows [2c 5h] (a pair of Fours)
torsk278: shows [Kd 8h] (a pair of Fours - King kicker)
torsk278 collected $29.50 from pot
*** SUMMARY ***
Total pot $30 | Rake $0.50
Board [Td 4d 4s 7s Qd]
Seat 1: permafrost07 (button) (small blind) showed [2c 5h] and lost with a pair of Fours
Seat 2: torsk278 (big blind) showed [Kd 8h] and won ($29.50) with a pair of Fours


PokerStars Hand #146312200935:  Hold'em Limit ($3/$6 USD) - 2016/01/02 2:36:40 ET
Table 'Odyssey' 2-max Seat #1 is the button
Seat 1: permafrost07 ($36.66 in chips)
Seat 2: torsk278 ($238.72 in chips)
permafrost07: posts small blind $1
torsk278: posts big blind $3
*** HOLE CARDS ***
permafrost07: raises $3 to $6
torsk278: calls $3
*** FLOP *** [Ah Ad 8h]
torsk278: checks
permafrost07: checks
*** TURN *** [Ah Ad 8h] [8s]
torsk278: checks
permafrost07: checks
*** RIVER *** [Ah Ad 8h 8s] [Jh]
torsk278: bets $6
permafrost07: folds
Uncalled bet ($6) returned to torsk278
torsk278 collected $11.76 from pot
torsk278: doesn't show hand
*** SUMMARY ***
Total pot $12 | Rake $0.24
Board [Ah Ad 8h 8s Jh]
Seat 1: permafrost07 (button) (small blind) folded on the River
Seat 2: torsk278 (big blind) collected ($11.76)


PokerStars Hand #146312207018:  Hold'em Limit ($3/$6 USD) - 2016/01/02 2:37:00 ET
Table 'Odyssey' 2-max Seat #2 is the button
Seat 1: permafrost07 ($30.66 in chips)
Seat 2: torsk278 ($244.48 in chips)
torsk278: posts small blind $1
permafrost07: posts big blind $3
*** HOLE CARDS ***
torsk278: calls $2
permafrost07: raises $3 to $6
torsk278: calls $3
*** FLOP *** [Ts As 9c]
permafrost07: checks
torsk278: bets $3
permafrost07: folds
Uncalled bet ($3) returned to torsk278
torsk278 collected $11.76 from pot
torsk278: doesn't show hand
*** SUMMARY ***
Total pot $12 | Rake $0.24
Board [Ts As 9c]
Seat 1: permafrost07 (big blind) folded on the Flop
Seat 2: torsk278 (button) (small blind) collected ($11.76)


PokerStars Hand #146312218942:  Hold'em Limit ($3/$6 USD) - 2016/01/02 2:37:40 ET
Table 'Odyssey' 2-max Seat #2 is the button
Seat 1: permafrost07 ($15.66 in chips)
Seat 2: torsk278 ($258.88 in chips)
torsk278: posts small blind $1
permafrost07: posts big blind $3
*** HOLE CARDS ***
torsk278: raises $3 to $6
permafrost07: raises $3 to $9
torsk278: raises $3 to $12
Betting is capped
permafrost07: calls $3
*** FLOP *** [Kd Qd 6c]
permafrost07: bets $3
torsk278: raises $3 to $6
permafrost07: calls $0.66 and is all-in
Uncalled bet ($2.34) returned to torsk278
*** TURN *** [Kd Qd 6c] [8h]
*** RIVER *** [Kd Qd 6c 8h] [4h]
*** SHOW DOWN ***
permafrost07: shows [Ac 3d] (high card Ace)
torsk278: shows [9d 9s] (a pair of Nines)
torsk278 collected $30.82 from pot
*** SUMMARY ***
Total pot $31.32 | Rake $0.50
Board [Kd Qd 6c 8h 4h]
Seat 1: permafrost07 (big blind) showed [Ac 3d] and lost with high card Ace
Seat 2: torsk278 (button) (small blind) showed [9d 9s] and won ($30.82) with a pair of Nines


PokerStars Hand #146312213320:  Hold'em Limit ($3/$6 USD) - 2016/01/02 2:37:21 ET
Table 'Odyssey' 2-max Seat #2 is the button
Seat 1: permafrost07 ($23.66 in chips)
Seat 2: torsk278 ($251.24 in chips)
torsk278: posts small blind $1
permafrost07: posts big blind $3
*** HOLE CARDS ***
torsk278: folds
Uncalled bet ($2) returned to permafrost07
permafrost07 collected $2 from pot
permafrost07: doesn't show hand
*** SUMMARY ***
Total pot $2 | Rake $0
Seat 1: permafrost07 (big blind) collected ($2)
Seat 2: torsk278 (button) (small blind) folded before Flop


PokerStars Hand #146312211189:  Hold'em Limit ($3/$6 USD) - 2016/01/02 2:37:14 ET
Table 'Odyssey' 2-max Seat #1 is the button
Seat 1: permafrost07 ($24.66 in chips)
Seat 2: torsk278 ($250.24 in chips)
permafrost07: posts small blind $1
torsk278: posts big blind $3
*** HOLE CARDS ***
permafrost07: folds
Uncalled bet ($2) returned to torsk278
torsk278 collected $2 from pot
torsk278: doesn't show hand
*** SUMMARY ***
Total pot $2 | Rake $0
Seat 1: permafrost07 (button) (small blind) folded before Flop
Seat 2: torsk278 (big blind) collected ($2)


PokerStars Hand #146312214664:  Hold'em Limit ($3/$6 USD) - 2016/01/02 2:37:25 ET
Table 'Odyssey' 2-max Seat #1 is the button
Seat 1: permafrost07 ($24.66 in chips)
Seat 2: torsk278 ($250.24 in chips)
permafrost07: posts small blind $1
torsk278: posts big blind $3
*** HOLE CARDS ***
permafrost07: raises $3 to $6
torsk278: calls $3
*** FLOP *** [5s 5h Qh]
torsk278: checks
permafrost07: bets $3
torsk278: raises $3 to $6
permafrost07: folds
Uncalled bet ($3) returned to torsk278
torsk278 collected $17.64 from pot
torsk278: doesn't show hand
*** SUMMARY ***
Total pot $18 | Rake $0.36
Board [5s 5h Qh]
Seat 1: permafrost07 (button) (small blind) folded on the Flop
Seat 2: torsk278 (big blind) collected ($17.64)


