PokerStars Hand #174816149878:  Hold'em Limit ($3/$6 USD) - 2017/08/26 10:26:47 ET
Table 'Oenone II' 6-max Seat #4 is the button
Seat 3: Titanic001 ($115 in chips)
Seat 4: VolkovDmitri ($125 in chips)
VolkovDmitri: posts small blind $1
Titanic001: posts big blind $3
*** HOLE CARDS ***
VolkovDmitri: raises $3 to $6
Titanic001: raises $3 to $9
VolkovDmitri: calls $3
*** FLOP *** [2s 4s 3h]
Titanic001: bets $3
VolkovDmitri: calls $3
*** TURN *** [2s 4s 3h] [2c]
Titanic001: bets $6
VolkovDmitri: folds
Uncalled bet ($6) returned to Titanic001
Titanic001 collected $23.52 from pot
*** SUMMARY ***
Total pot $24 | Rake $0.48
Board [2s 4s 3h 2c]
Seat 3: Titanic001 (big blind) collected ($23.52)
Seat 4: VolkovDmitri (button) (small blind) folded on the Turn


PokerStars Hand #174816163491:  Hold'em Limit ($3/$6 USD) - 2017/08/26 10:27:10 ET
Table 'Oenone II' 6-max Seat #3 is the button
Seat 3: Titanic001 ($126.52 in chips)
Seat 4: VolkovDmitri ($120 in chips)
Titanic001: posts small blind $1
VolkovDmitri: posts big blind $3
*** HOLE CARDS ***
Titanic001: folds
Uncalled bet ($2) returned to VolkovDmitri
VolkovDmitri collected $2 from pot
VolkovDmitri: doesn't show hand
*** SUMMARY ***
Total pot $2 | Rake $0
Seat 3: Titanic001 (button) (small blind) folded before Flop
Seat 4: VolkovDmitri (big blind) collected ($2)


PokerStars Hand #174816146867:  Hold'em Limit ($3/$6 USD) - 2017/08/26 10:26:42 ET
Table 'Oenone II' 6-max Seat #3 is the button
Seat 3: Titanic001 ($116 in chips)
Seat 4: VolkovDmitri ($124 in chips)
Titanic001: posts small blind $1
VolkovDmitri: posts big blind $3
*** HOLE CARDS ***
Titanic001: folds
Uncalled bet ($2) returned to VolkovDmitri
VolkovDmitri collected $2 from pot
VolkovDmitri: doesn't show hand
*** SUMMARY ***
Total pot $2 | Rake $0
Seat 3: Titanic001 (button) (small blind) folded before Flop
Seat 4: VolkovDmitri (big blind) collected ($2)


PokerStars Hand #174816141238:  Hold'em Limit ($3/$6 USD) - 2017/08/26 10:26:33 ET
Table 'Oenone II' 6-max Seat #4 is the button
Seat 3: Titanic001 ($119 in chips)
Seat 4: VolkovDmitri ($121 in chips)
VolkovDmitri: posts small blind $1
Titanic001: posts big blind $3
*** HOLE CARDS ***
VolkovDmitri: raises $3 to $6
Titanic001: folds
Uncalled bet ($3) returned to VolkovDmitri
VolkovDmitri collected $6 from pot
VolkovDmitri: doesn't show hand
*** SUMMARY ***
Total pot $6 | Rake $0
Seat 3: Titanic001 (big blind) folded before Flop
Seat 4: VolkovDmitri (button) (small blind) collected ($6)


PokerStars Hand #174816137101:  Hold'em Limit ($3/$6 USD) - 2017/08/26 10:26:26 ET
Table 'Oenone II' 6-max Seat #3 is the button
Seat 3: Titanic001 ($120 in chips)
Seat 4: VolkovDmitri ($120 in chips)
Titanic001: posts small blind $1
VolkovDmitri: posts big blind $3
*** HOLE CARDS ***
Titanic001: folds
Uncalled bet ($2) returned to VolkovDmitri
VolkovDmitri collected $2 from pot
VolkovDmitri: doesn't show hand
*** SUMMARY ***
Total pot $2 | Rake $0
Seat 3: Titanic001 (button) (small blind) folded before Flop
Seat 4: VolkovDmitri (big blind) collected ($2)


PokerStars Hand #174816166478:  Hold'em Limit ($3/$6 USD) - 2017/08/26 10:27:15 ET
Table 'Oenone II' 6-max Seat #4 is the button
Seat 3: Titanic001 ($125.52 in chips)
Seat 4: VolkovDmitri ($121 in chips)
VolkovDmitri: posts small blind $1
Titanic001: posts big blind $3
*** HOLE CARDS ***
VolkovDmitri: raises $3 to $6
Titanic001: folds
Uncalled bet ($3) returned to VolkovDmitri
VolkovDmitri collected $6 from pot
VolkovDmitri: doesn't show hand
*** SUMMARY ***
Total pot $6 | Rake $0
Seat 3: Titanic001 (big blind) folded before Flop
Seat 4: VolkovDmitri (button) (small blind) collected ($6)


PokerStars Hand #174816188184:  Hold'em Limit ($3/$6 USD) - 2017/08/26 10:27:52 ET
Table 'Oenone II' 6-max Seat #3 is the button
Seat 3: Titanic001 ($122.52 in chips)
Seat 4: VolkovDmitri ($124 in chips)
Titanic001: posts small blind $1
VolkovDmitri: posts big blind $3
*** HOLE CARDS ***
Titanic001: raises $3 to $6
VolkovDmitri: calls $3
*** FLOP *** [9d Ac 5d]
VolkovDmitri: checks
Titanic001: bets $3
VolkovDmitri: folds
Uncalled bet ($3) returned to Titanic001
Titanic001 collected $11.76 from pot
*** SUMMARY ***
Total pot $12 | Rake $0.24
Board [9d Ac 5d]
Seat 3: Titanic001 (button) (small blind) collected ($11.76)
Seat 4: VolkovDmitri (big blind) folded on the Flop


PokerStars Hand #174816183301:  Hold'em Limit ($3/$6 USD) - 2017/08/26 10:27:44 ET
Table 'Oenone II' 6-max Seat #4 is the button
Seat 3: Titanic001 ($125.52 in chips)
Seat 4: VolkovDmitri ($121 in chips)
VolkovDmitri: posts small blind $1
Titanic001: posts big blind $3
*** HOLE CARDS ***
VolkovDmitri: raises $3 to $6
Titanic001: folds
Uncalled bet ($3) returned to VolkovDmitri
VolkovDmitri collected $6 from pot
VolkovDmitri: doesn't show hand
*** SUMMARY ***
Total pot $6 | Rake $0
Seat 3: Titanic001 (big blind) folded before Flop
Seat 4: VolkovDmitri (button) (small blind) collected ($6)


PokerStars Hand #174816175192:  Hold'em Limit ($3/$6 USD) - 2017/08/26 10:27:30 ET
Table 'Oenone II' 6-max Seat #3 is the button
Seat 3: Titanic001 ($122.52 in chips)
Seat 4: VolkovDmitri ($124 in chips)
Titanic001: posts small blind $1
VolkovDmitri: posts big blind $3
*** HOLE CARDS ***
Titanic001: raises $3 to $6
VolkovDmitri: folds
Uncalled bet ($3) returned to Titanic001
Titanic001 collected $6 from pot
*** SUMMARY ***
Total pot $6 | Rake $0
Seat 3: Titanic001 (button) (small blind) collected ($6)
Seat 4: VolkovDmitri (big blind) folded before Flop


PokerStars Hand #174816199805:  Hold'em Limit ($3/$6 USD) - 2017/08/26 10:28:12 ET
Table 'Oenone II' 6-max Seat #4 is the button
Seat 3: Titanic001 ($128.28 in chips)
Seat 4: VolkovDmitri ($120 in chips)
VolkovDmitri: posts small blind $1
Titanic001: posts big blind $3
*** HOLE CARDS ***
VolkovDmitri: raises $3 to $6
Titanic001: folds
Uncalled bet ($3) returned to VolkovDmitri
VolkovDmitri collected $6 from pot
VolkovDmitri: doesn't show hand
*** SUMMARY ***
Total pot $6 | Rake $0
Seat 3: Titanic001 (big blind) folded before Flop
Seat 4: VolkovDmitri (button) (small blind) collected ($6)


PokerStars Hand #174816204779:  Hold'em Limit ($3/$6 USD) - 2017/08/26 10:28:21 ET
Table 'Oenone II' 6-max Seat #3 is the button
Seat 3: Titanic001 ($125.28 in chips)
Seat 4: VolkovDmitri ($123 in chips)
Titanic001: posts small blind $1
VolkovDmitri: posts big blind $3
*** HOLE CARDS ***
Titanic001: folds
Uncalled bet ($2) returned to VolkovDmitri
VolkovDmitri collected $2 from pot
VolkovDmitri: doesn't show hand
*** SUMMARY ***
Total pot $2 | Rake $0
Seat 3: Titanic001 (button) (small blind) folded before Flop
Seat 4: VolkovDmitri (big blind) collected ($2)


PokerStars Hand #174816302117:  Hold'em Limit ($3/$6 USD) - 2017/08/26 10:31:07 ET
Table 'Oenone II' 6-max Seat #1 is the button
Seat 1: SLK500 ($129.40 in chips)
Seat 3: Titanic001 ($121.44 in chips)
SLK500: posts small blind $1
Titanic001: posts big blind $3
*** HOLE CARDS ***
SLK500: raises $3 to $6
Titanic001: folds
Uncalled bet ($3) returned to SLK500
SLK500 collected $6 from pot
SLK500: doesn't show hand
*** SUMMARY ***
Total pot $6 | Rake $0
Seat 1: SLK500 (button) (small blind) collected ($6)
Seat 3: Titanic001 (big blind) folded before Flop


PokerStars Hand #174816289331:  Hold'em Limit ($3/$6 USD) - 2017/08/26 10:30:45 ET
Table 'Oenone II' 6-max Seat #1 is the button
Seat 1: SLK500 ($122.64 in chips)
Seat 3: Titanic001 ($128.44 in chips)
SLK500: posts small blind $1
Titanic001: posts big blind $3
*** HOLE CARDS ***
SLK500: raises $3 to $6
Titanic001: calls $3
*** FLOP *** [8c 6d Ac]
Titanic001: checks
SLK500: checks
*** TURN *** [8c 6d Ac] [4c]
Titanic001: checks
SLK500: bets $6
Titanic001: folds
Uncalled bet ($6) returned to SLK500
SLK500 collected $11.76 from pot
SLK500: doesn't show hand
*** SUMMARY ***
Total pot $12 | Rake $0.24
Board [8c 6d Ac 4c]
Seat 1: SLK500 (button) (small blind) collected ($11.76)
Seat 3: Titanic001 (big blind) folded on the Turn


PokerStars Hand #174816280805:  Hold'em Limit ($3/$6 USD) - 2017/08/26 10:30:30 ET
Table 'Oenone II' 6-max Seat #3 is the button
Seat 1: SLK500 ($114 in chips)
Seat 3: Titanic001 ($137.44 in chips)
Titanic001: posts small blind $1
SLK500: posts big blind $3
*** HOLE CARDS ***
Titanic001: raises $3 to $6
SLK500: calls $3
*** FLOP *** [6c 5c 4h]
SLK500: bets $3
Titanic001: calls $3
*** TURN *** [6c 5c 4h] [4s]
SLK500: bets $6
Titanic001: folds
Uncalled bet ($6) returned to SLK500
SLK500 collected $17.64 from pot
SLK500: doesn't show hand
*** SUMMARY ***
Total pot $18 | Rake $0.36
Board [6c 5c 4h 4s]
Seat 1: SLK500 (big blind) collected ($17.64)
Seat 3: Titanic001 (button) (small blind) folded on the Turn


PokerStars Hand #174816299261:  Hold'em Limit ($3/$6 USD) - 2017/08/26 10:31:02 ET
Table 'Oenone II' 6-max Seat #3 is the button
Seat 1: SLK500 ($128.40 in chips)
Seat 3: Titanic001 ($122.44 in chips)
Titanic001: posts small blind $1
SLK500: posts big blind $3
*** HOLE CARDS ***
Titanic001: folds
Uncalled bet ($2) returned to SLK500
SLK500 collected $2 from pot
SLK500: doesn't show hand
*** SUMMARY ***
Total pot $2 | Rake $0
Seat 1: SLK500 (big blind) collected ($2)
Seat 3: Titanic001 (button) (small blind) folded before Flop


