PokerStars Hand #169178434516:  Hold'em Limit ($3/$6 USD) - 2017/04/17 14:23:51 ET
Table 'Oenone' 6-max Seat #1 is the button
Seat 1: Chessnok ($120 in chips)
Seat 2: bongo65 ($120 in chips)
Chessnok: posts small blind $1
bongo65: posts big blind $3
*** HOLE CARDS ***
vestimokrec joins the table at seat #3
Chessnok: raises $3 to $6
bongo65: raises $3 to $9
Chessnok: calls $3
*** FLOP *** [5d 4c As]
bongo65: checks
Chessnok: checks
*** TURN *** [5d 4c As] [7s]
bongo65: bets $6
Chessnok: calls $6
*** RIVER *** [5d 4c As 7s] [2c]
bongo65: bets $6
Chessnok: calls $6
*** SHOW DOWN ***
bongo65: shows [9h Ah] (a pair of Aces)
Chessnok: mucks hand
bongo65 collected $41.50 from pot
*** SUMMARY ***
Total pot $42 | Rake $0.50
Board [5d 4c As 7s 2c]
Seat 1: Chessnok (button) (small blind) mucked
Seat 2: bongo65 (big blind) showed [9h Ah] and won ($41.50) with a pair of Aces


PokerStars Hand #169178456516:  Hold'em Limit ($3/$6 USD) - 2017/04/17 14:24:16 ET
Table 'Oenone' 6-max Seat #2 is the button
Seat 1: Chessnok ($99 in chips)
Seat 2: bongo65 ($140.50 in chips)
bongo65: posts small blind $1
Chessnok: posts big blind $3
*** HOLE CARDS ***
bongo65: raises $3 to $6
Chessnok: calls $3
*** FLOP *** [Kd 4s 6d]
Chessnok: checks
bongo65: checks
*** TURN *** [Kd 4s 6d] [Jh]
Chessnok: checks
bongo65: checks
*** RIVER *** [Kd 4s 6d Jh] [Ac]
Chessnok: bets $6
bongo65: folds
Uncalled bet ($6) returned to Chessnok
Chessnok collected $11.76 from pot
Chessnok: doesn't show hand
*** SUMMARY ***
Total pot $12 | Rake $0.24
Board [Kd 4s 6d Jh Ac]
Seat 1: Chessnok (big blind) collected ($11.76)
Seat 2: bongo65 (button) (small blind) folded on the River


PokerStars Hand #169178478304:  Hold'em Limit ($3/$6 USD) - 2017/04/17 14:24:41 ET
Table 'Oenone' 6-max Seat #1 is the button
Seat 1: Chessnok ($104.76 in chips)
Seat 2: bongo65 ($134.50 in chips)
Chessnok: posts small blind $1
bongo65: posts big blind $3
*** HOLE CARDS ***
Chessnok: raises $3 to $6
bongo65: calls $3
*** FLOP *** [9d Tc 8h]
bongo65: checks
Chessnok: bets $3
bongo65: calls $3
*** TURN *** [9d Tc 8h] [2c]
bongo65: checks
Chessnok: bets $6
bongo65: calls $6
*** RIVER *** [9d Tc 8h 2c] [3d]
bongo65: checks
Chessnok: bets $6
bongo65: calls $6
*** SHOW DOWN ***
Chessnok: shows [Ts Ac] (a pair of Tens)
bongo65: mucks hand
Chessnok collected $41.50 from pot
*** SUMMARY ***
Total pot $42 | Rake $0.50
Board [9d Tc 8h 2c 3d]
Seat 1: Chessnok (button) (small blind) showed [Ts Ac] and won ($41.50) with a pair of Tens
Seat 2: bongo65 (big blind) mucked


PokerStars Hand #169178494155:  Hold'em Limit ($3/$6 USD) - 2017/04/17 14:25:00 ET
Table 'Oenone' 6-max Seat #2 is the button
Seat 1: Chessnok ($125.26 in chips)
Seat 2: bongo65 ($113.50 in chips)
bongo65: posts small blind $1
Chessnok: posts big blind $3
*** HOLE CARDS ***
bongo65: calls $2
Chessnok: checks
*** FLOP *** [8d 2s Kh]
Chessnok: checks
bongo65: bets $3
Chessnok: folds
Uncalled bet ($3) returned to bongo65
bongo65 collected $5.88 from pot
bongo65: doesn't show hand
*** SUMMARY ***
Total pot $6 | Rake $0.12
Board [8d 2s Kh]
Seat 1: Chessnok (big blind) folded on the Flop
Seat 2: bongo65 (button) (small blind) collected ($5.88)


PokerStars Hand #169178503690:  Hold'em Limit ($3/$6 USD) - 2017/04/17 14:25:11 ET
Table 'Oenone' 6-max Seat #1 is the button
Seat 1: Chessnok ($122.26 in chips)
Seat 2: bongo65 ($116.38 in chips)
Chessnok: posts small blind $1
bongo65: posts big blind $3
*** HOLE CARDS ***
Chessnok: raises $3 to $6
bongo65: calls $3
*** FLOP *** [3h 3s Kc]
bongo65: bets $3
Chessnok: calls $3
*** TURN *** [3h 3s Kc] [2c]
bongo65: bets $6
Chessnok: calls $6
*** RIVER *** [3h 3s Kc 2c] [3d]
bongo65: bets $6
Chessnok: calls $6
*** SHOW DOWN ***
bongo65: shows [9s Qs] (three of a kind, Threes)
Chessnok: shows [2s Ac] (a full house, Threes full of Deuces)
Chessnok collected $41.50 from pot
*** SUMMARY ***
Total pot $42 | Rake $0.50
Board [3h 3s Kc 2c 3d]
Seat 1: Chessnok (button) (small blind) showed [2s Ac] and won ($41.50) with a full house, Threes full of Deuces
Seat 2: bongo65 (big blind) showed [9s Qs] and lost with three of a kind, Threes


PokerStars Hand #169178545134:  Hold'em Limit ($3/$6 USD) - 2017/04/17 14:25:58 ET
Table 'Oenone' 6-max Seat #2 is the button
Seat 1: Chessnok ($118.64 in chips)
Seat 2: bongo65 ($118.88 in chips)
bongo65: posts small blind $1
Chessnok: posts big blind $3
*** HOLE CARDS ***
bongo65: raises $3 to $6
Chessnok: calls $3
*** FLOP *** [7d Ts 9s]
Chessnok: checks
bongo65: bets $3
Chessnok: raises $3 to $6
bongo65: calls $3
*** TURN *** [7d Ts 9s] [Qs]
Chessnok: bets $6
bongo65: calls $6
*** RIVER *** [7d Ts 9s Qs] [3c]
shurik198760 joins the table at seat #4
Chessnok: bets $6
bongo65: raises $6 to $12
Chessnok: raises $6 to $18
bongo65: calls $6
*** SHOW DOWN ***
Chessnok: shows [6s As] (a flush, Ace high)
bongo65: mucks hand
Chessnok collected $71.50 from pot
*** SUMMARY ***
Total pot $72 | Rake $0.50
Board [7d Ts 9s Qs 3c]
Seat 1: Chessnok (big blind) showed [6s As] and won ($71.50) with a flush, Ace high
Seat 2: bongo65 (button) (small blind) mucked


PokerStars Hand #169178518707:  Hold'em Limit ($3/$6 USD) - 2017/04/17 14:25:28 ET
Table 'Oenone' 6-max Seat #2 is the button
Seat 1: Chessnok ($142.76 in chips)
Seat 2: bongo65 ($95.38 in chips)
bongo65: posts small blind $1
Chessnok: posts big blind $3
*** HOLE CARDS ***
bongo65: calls $2
Chessnok: checks
*** FLOP *** [8c 5s 5d]
Chessnok: checks
bongo65: checks
*** TURN *** [8c 5s 5d] [7c]
Chessnok: bets $6
bongo65: folds
Uncalled bet ($6) returned to Chessnok
Chessnok collected $5.88 from pot
Chessnok: doesn't show hand
*** SUMMARY ***
Total pot $6 | Rake $0.12
Board [8c 5s 5d 7c]
Seat 1: Chessnok (big blind) collected ($5.88)
Seat 2: bongo65 (button) (small blind) folded on the Turn


PokerStars Hand #169178529822:  Hold'em Limit ($3/$6 USD) - 2017/04/17 14:25:41 ET
Table 'Oenone' 6-max Seat #1 is the button
Seat 1: Chessnok ($145.64 in chips)
Seat 2: bongo65 ($92.38 in chips)
Chessnok: posts small blind $1
bongo65: posts big blind $3
*** HOLE CARDS ***
Chessnok: raises $3 to $6
bongo65: calls $3
*** FLOP *** [7d Kc Jh]
bongo65: checks
Chessnok: bets $3
bongo65: calls $3
*** TURN *** [7d Kc Jh] [4s]
bongo65: checks
Chessnok: bets $6
bongo65: raises $6 to $12
Chessnok: calls $6
*** RIVER *** [7d Kc Jh 4s] [4h]
bongo65: bets $6
Chessnok: calls $6
*** SHOW DOWN ***
bongo65: shows [Kh 6s] (two pair, Kings and Fours)
Chessnok: mucks hand
bongo65 collected $53.50 from pot
*** SUMMARY ***
Total pot $54 | Rake $0.50
Board [7d Kc Jh 4s 4h]
Seat 1: Chessnok (button) (small blind) mucked
Seat 2: bongo65 (big blind) showed [Kh 6s] and won ($53.50) with two pair, Kings and Fours


PokerStars Hand #169178567781:  Hold'em Limit ($3/$6 USD) - 2017/04/17 14:26:24 ET
Table 'Oenone' 6-max Seat #1 is the button
Seat 1: Chessnok ($154.14 in chips)
Seat 2: bongo65 ($82.88 in chips)
Chessnok: posts small blind $1
bongo65: posts big blind $3
*** HOLE CARDS ***
Chessnok: folds
Uncalled bet ($2) returned to bongo65
bongo65 collected $2 from pot
bongo65: doesn't show hand
*** SUMMARY ***
Total pot $2 | Rake $0
Seat 1: Chessnok (button) (small blind) folded before Flop
Seat 2: bongo65 (big blind) collected ($2)


PokerStars Hand #169187660536:  Hold'em Limit ($3/$6 USD) - 2017/04/17 17:21:51 ET
Table 'Oenone' 6-max Seat #6 is the button
Seat 5: krytalex ($90.74 in chips)
Seat 6: Widegermany ($130.05 in chips)
Widegermany: posts small blind $1
Chessnok: is sitting out
Zubasa07: is sitting out
krytalex: posts big blind $3
*** HOLE CARDS ***
Widegermany: raises $3 to $6
Zubasa07 leaves the table
Chessnok leaves the table
krytalex: folds
Uncalled bet ($3) returned to Widegermany
Widegermany collected $6 from pot
*** SUMMARY ***
Total pot $6 | Rake $0
Seat 5: krytalex (big blind) folded before Flop
Seat 6: Widegermany (button) (small blind) collected ($6)


