PokerStars Hand #144290043074:  Hold'em Limit ($3/$6 USD) - 2015/11/23 19:00:21 ET
Table 'Ogyalla' 6-max Seat #1 is the button
Seat 1: Velbor107 ($300 in chips)
Seat 2: AndrewCan ($120 in chips)
Velbor107: posts small blind $1
AndrewCan: posts big blind $3
*** HOLE CARDS ***
GoliafUa joins the table at seat #3
Velbor107: raises $3 to $6
AndrewCan: raises $3 to $9
Velbor107: calls $3
*** FLOP *** [8h 9s 8s]
AndrewCan: bets $3
Velbor107: calls $3
*** TURN *** [8h 9s 8s] [4d]
AndrewCan: bets $6
Velbor107: raises $6 to $12
AndrewCan: calls $6
*** RIVER *** [8h 9s 8s 4d] [9h]
GoliafUa is disconnected
AndrewCan: bets $6
Velbor107: raises $6 to $12
AndrewCan: calls $6
*** SHOW DOWN ***
Velbor107: shows [Kh 9c] (a full house, Nines full of Eights)
AndrewCan: mucks hand
Velbor107 collected $71.50 from pot
*** SUMMARY ***
Total pot $72 | Rake $0.50
Board [8h 9s 8s 4d 9h]
Seat 1: Velbor107 (button) (small blind) showed [Kh 9c] and won ($71.50) with a full house, Nines full of Eights
Seat 2: AndrewCan (big blind) mucked


PokerStars Hand #144290084766:  Hold'em Limit ($3/$6 USD) - 2015/11/23 19:01:30 ET
Table 'Ogyalla' 6-max Seat #2 is the button
Seat 1: Velbor107 ($335.50 in chips)
Seat 2: AndrewCan ($84 in chips)
AndrewCan: posts small blind $1
Velbor107: posts big blind $3
*** HOLE CARDS ***
AndrewCan: raises $3 to $6
Velbor107: calls $3
*** FLOP *** [Ks Js Qs]
Velbor107: checks
AndrewCan: bets $3
Velbor107: raises $3 to $6
AndrewCan: calls $3
*** TURN *** [Ks Js Qs] [5d]
Velbor107: bets $6
TinaTurner72 joins the table at seat #4
AndrewCan: calls $6
*** RIVER *** [Ks Js Qs 5d] [Qc]
Velbor107: bets $6
AndrewCan: calls $6
*** SHOW DOWN ***
Velbor107: shows [Td 2d] (a pair of Queens)
AndrewCan: shows [Jd 9d] (two pair, Queens and Jacks)
AndrewCan collected $47.50 from pot
*** SUMMARY ***
Total pot $48 | Rake $0.50
Board [Ks Js Qs 5d Qc]
Seat 1: Velbor107 (big blind) showed [Td 2d] and lost with a pair of Queens
Seat 2: AndrewCan (button) (small blind) showed [Jd 9d] and won ($47.50) with two pair, Queens and Jacks


PokerStars Hand #144290103585:  Hold'em Limit ($3/$6 USD) - 2015/11/23 19:01:59 ET
Table 'Ogyalla' 6-max Seat #1 is the button
Seat 1: Velbor107 ($311.50 in chips)
Seat 2: AndrewCan ($107.50 in chips)
Velbor107: posts small blind $1
AndrewCan: posts big blind $3
*** HOLE CARDS ***
Velbor107: raises $3 to $6
AndrewCan: raises $3 to $9
Velbor107: calls $3
*** FLOP *** [Ts Qh 6s]
AndrewCan: bets $3
Velbor107: calls $3
*** TURN *** [Ts Qh 6s] [Td]
AndrewCan: bets $6
Velbor107: calls $6
*** RIVER *** [Ts Qh 6s Td] [5s]
AndrewCan: bets $6
Velbor107: folds
Uncalled bet ($6) returned to AndrewCan
AndrewCan collected $35.50 from pot
AndrewCan: doesn't show hand
*** SUMMARY ***
Total pot $36 | Rake $0.50
Board [Ts Qh 6s Td 5s]
Seat 1: Velbor107 (button) (small blind) folded on the River
Seat 2: AndrewCan (big blind) collected ($35.50)


