PokerStars Hand #145759892040:  Hold'em Limit ($3/$6 USD) - 2015/12/22 16:24:44 ET
Table 'Ogyalla II' 6-max Seat #1 is the button
Seat 1: Spiviren ($118.37 in chips)
Seat 2: chezlaw ($244.96 in chips)
Spiviren: posts small blind $1
chezlaw: posts big blind $3
*** HOLE CARDS ***
Spiviren: raises $3 to $6
chezlaw: calls $3
*** FLOP *** [Ah 7d 6h]
chezlaw: bets $3
Spiviren: calls $3
*** TURN *** [Ah 7d 6h] [2c]
chezlaw: bets $6
Spiviren: raises $6 to $12
chezlaw: calls $6
*** RIVER *** [Ah 7d 6h 2c] [4s]
chezlaw: checks
Spiviren: bets $6
chezlaw: raises $6 to $12
Spiviren: calls $6
*** SHOW DOWN ***
chezlaw: shows [5d 8c] (a straight, Four to Eight)
Spiviren: mucks hand
chezlaw collected $65.50 from pot
*** SUMMARY ***
Total pot $66 | Rake $0.50
Board [Ah 7d 6h 2c 4s]
Seat 1: Spiviren (button) (small blind) mucked
Seat 2: chezlaw (big blind) showed [5d 8c] and won ($65.50) with a straight, Four to Eight


PokerStars Hand #145759835778:  Hold'em Limit ($3/$6 USD) - 2015/12/22 16:23:49 ET
Table 'Ogyalla II' 6-max Seat #2 is the button
Seat 1: Spiviren ($142.37 in chips)
Seat 2: chezlaw ($221.46 in chips)
chezlaw: posts small blind $1
ValeryRon: is sitting out
Spiviren: posts big blind $3
*** HOLE CARDS ***
monstersmit joins the table at seat #3
chezlaw: raises $3 to $6
Spiviren: raises $3 to $9
ValeryRon leaves the table
chezlaw: calls $3
*** FLOP *** [Kd 2d Qh]
Spiviren: bets $3
chezlaw: calls $3
*** TURN *** [Kd 2d Qh] [Jc]
Spiviren: checks
chezlaw: bets $6
Spiviren: calls $6
*** RIVER *** [Kd 2d Qh Jc] [Qd]
Spiviren: checks
chezlaw: bets $6
Spiviren: calls $6
*** SHOW DOWN ***
chezlaw: shows [7d 9d] (a flush, King high)
Spiviren: mucks hand
chezlaw collected $47.50 from pot
*** SUMMARY ***
Total pot $48 | Rake $0.50
Board [Kd 2d Qh Jc Qd]
Seat 1: Spiviren (big blind) mucked
Seat 2: chezlaw (button) (small blind) showed [7d 9d] and won ($47.50) with a flush, King high


PokerStars Hand #145760065469:  Hold'em Limit ($3/$6 USD) - 2015/12/22 16:27:31 ET
Table 'Ogyalla II' 6-max Seat #3 is the button
Seat 3: biermann78 ($57 in chips)
Seat 4: PelonCabelao ($83.46 in chips)
biermann78: posts small blind $1
PelonCabelao: posts big blind $3
*** HOLE CARDS ***
biermann78: folds
Uncalled bet ($2) returned to PelonCabelao
PelonCabelao collected $2 from pot
PelonCabelao: doesn't show hand
*** SUMMARY ***
Total pot $2 | Rake $0
Seat 3: biermann78 (button) (small blind) folded before Flop
Seat 4: PelonCabelao (big blind) collected ($2)


PokerStars Hand #145760052872:  Hold'em Limit ($3/$6 USD) - 2015/12/22 16:27:19 ET
Table 'Ogyalla II' 6-max Seat #4 is the button
Seat 3: biermann78 ($60 in chips)
Seat 4: PelonCabelao ($80.46 in chips)
PelonCabelao: posts small blind $1
biermann78: posts big blind $3
*** HOLE CARDS ***
PelonCabelao: raises $3 to $6
biermann78: folds
Uncalled bet ($3) returned to PelonCabelao
PelonCabelao collected $6 from pot
PelonCabelao: doesn't show hand
*** SUMMARY ***
Total pot $6 | Rake $0
Seat 3: biermann78 (big blind) folded before Flop
Seat 4: PelonCabelao (button) (small blind) collected ($6)


PokerStars Hand #145760082144:  Hold'em Limit ($3/$6 USD) - 2015/12/22 16:27:48 ET
Table 'Ogyalla II' 6-max Seat #3 is the button
Seat 3: biermann78 ($53 in chips)
Seat 4: PelonCabelao ($87.46 in chips)
biermann78: posts small blind $1
PelonCabelao: posts big blind $3
*** HOLE CARDS ***
biermann78: raises $3 to $6
PelonCabelao: raises $3 to $9
biermann78: calls $3
*** FLOP *** [2h 4h 8h]
PelonCabelao: bets $3
biermann78: calls $3
*** TURN *** [2h 4h 8h] [6c]
PelonCabelao: bets $6
biermann78: raises $6 to $12
PelonCabelao: raises $6 to $18
biermann78: raises $6 to $24
Betting is capped
PelonCabelao: calls $6
*** RIVER *** [2h 4h 8h 6c] [4c]
PelonCabelao: checks
biermann78: bets $6
PelonCabelao: calls $6
*** SHOW DOWN ***
biermann78: shows [Kh 5h] (a flush, King high)
PelonCabelao: mucks hand
biermann78 collected $83.50 from pot
*** SUMMARY ***
Total pot $84 | Rake $0.50
Board [2h 4h 8h 6c 4c]
Seat 3: biermann78 (button) (small blind) showed [Kh 5h] and won ($83.50) with a flush, King high
Seat 4: PelonCabelao (big blind) mucked


PokerStars Hand #145760070721:  Hold'em Limit ($3/$6 USD) - 2015/12/22 16:27:37 ET
Table 'Ogyalla II' 6-max Seat #4 is the button
Seat 3: biermann78 ($56 in chips)
Seat 4: PelonCabelao ($84.46 in chips)
PelonCabelao: posts small blind $1
biermann78: posts big blind $3
*** HOLE CARDS ***
PelonCabelao: raises $3 to $6
biermann78: folds
Uncalled bet ($3) returned to PelonCabelao
PelonCabelao collected $6 from pot
PelonCabelao: doesn't show hand
*** SUMMARY ***
Total pot $6 | Rake $0
Seat 3: biermann78 (big blind) folded before Flop
Seat 4: PelonCabelao (button) (small blind) collected ($6)


PokerStars Hand #145760126721:  Hold'em Limit ($3/$6 USD) - 2015/12/22 16:28:31 ET
Table 'Ogyalla II' 6-max Seat #4 is the button
Seat 3: biermann78 ($94.50 in chips)
Seat 4: PelonCabelao ($72 in chips)
PelonCabelao: posts small blind $1
biermann78: posts big blind $3
*** HOLE CARDS ***
PelonCabelao: raises $3 to $6
biermann78: calls $3
*** FLOP *** [Kc Ks 8c]
biermann78 said, "cruel..."
biermann78: checks
PelonCabelao: bets $3
biermann78: calls $3
*** TURN *** [Kc Ks 8c] [3c]
biermann78: checks
chezlaw leaves the table
PelonCabelao: bets $6
biermann78: folds
Uncalled bet ($6) returned to PelonCabelao
PelonCabelao collected $17.64 from pot
PelonCabelao: doesn't show hand
*** SUMMARY ***
Total pot $18 | Rake $0.36
Board [Kc Ks 8c 3c]
Seat 3: biermann78 (big blind) folded on the Turn
Seat 4: PelonCabelao (button) (small blind) collected ($17.64)


PokerStars Hand #145760164961:  Hold'em Limit ($3/$6 USD) - 2015/12/22 16:29:08 ET
Table 'Ogyalla II' 6-max Seat #3 is the button
Seat 3: biermann78 ($85.50 in chips)
Seat 4: PelonCabelao ($80.64 in chips)
biermann78: posts small blind $1
PelonCabelao: posts big blind $3
*** HOLE CARDS ***
biermann78: raises $3 to $6
PelonCabelao: calls $3
*** FLOP *** [7d Qd 9h]
pokkermon joins the table at seat #5
PelonCabelao: checks
biermann78: bets $3
PelonCabelao: raises $3 to $6
biermann78: folds
Uncalled bet ($3) returned to PelonCabelao
PelonCabelao collected $17.64 from pot
PelonCabelao: doesn't show hand
*** SUMMARY ***
Total pot $18 | Rake $0.36
Board [7d Qd 9h]
Seat 3: biermann78 (button) (small blind) folded on the Flop
Seat 4: PelonCabelao (big blind) collected ($17.64)


PokerStars Hand #145761200809:  Hold'em Limit ($3/$6 USD) - 2015/12/22 16:46:07 ET
Table 'Ogyalla II' 6-max Seat #5 is the button
Seat 3: biermann78 ($32.80 in chips)
Seat 5: pokkermon ($203.50 in chips)
pokkermon: posts small blind $1
biermann78: posts big blind $3
*** HOLE CARDS ***
pokkermon: raises $3 to $6
biermann78: calls $3
*** FLOP *** [Qs 4h 2d]
biermann78: bets $3
pokkermon: folds
Uncalled bet ($3) returned to biermann78
biermann78 collected $11.76 from pot
biermann78: doesn't show hand
*** SUMMARY ***
Total pot $12 | Rake $0.24
Board [Qs 4h 2d]
Seat 3: biermann78 (big blind) collected ($11.76)
Seat 5: pokkermon (button) (small blind) folded on the Flop


PokerStars Hand #145761195146:  Hold'em Limit ($3/$6 USD) - 2015/12/22 16:46:02 ET
Table 'Ogyalla II' 6-max Seat #3 is the button
Seat 3: biermann78 ($33.80 in chips)
Seat 5: pokkermon ($202.50 in chips)
biermann78: posts small blind $1
PelonCabelao: is sitting out
pokkermon: posts big blind $3
*** HOLE CARDS ***
PelonCabelao leaves the table
biermann78: folds
Uncalled bet ($2) returned to pokkermon
pokkermon collected $2 from pot
pokkermon: doesn't show hand
*** SUMMARY ***
Total pot $2 | Rake $0
Seat 3: biermann78 (button) (small blind) folded before Flop
Seat 5: pokkermon (big blind) collected ($2)


PokerStars Hand #145761235450:  Hold'em Limit ($3/$6 USD) - 2015/12/22 16:46:42 ET
Table 'Ogyalla II' 6-max Seat #5 is the button
Seat 3: biermann78 ($20.56 in chips)
Seat 5: pokkermon ($215 in chips)
pokkermon: posts small blind $1
biermann78: posts big blind $3
*** HOLE CARDS ***
pokkermon: raises $3 to $6
biermann78: raises $3 to $9
pokkermon: calls $3
*** FLOP *** [8h 9d 3d]
biermann78: bets $3
pokkermon: calls $3
*** TURN *** [8h 9d 3d] [4d]
biermann78: bets $6
pokkermon: raises $6 to $12
biermann78: calls $2.56 and is all-in
Uncalled bet ($3.44) returned to pokkermon
*** RIVER *** [8h 9d 3d 4d] [Jd]
*** SHOW DOWN ***
biermann78: shows [Kh Qc] (high card King)
pokkermon: shows [9s 7h] (a pair of Nines)
pokkermon collected $40.62 from pot
*** SUMMARY ***
Total pot $41.12 | Rake $0.50
Board [8h 9d 3d 4d Jd]
Seat 3: biermann78 (big blind) showed [Kh Qc] and lost with high card King
Seat 5: pokkermon (button) (small blind) showed [9s 7h] and won ($40.62) with a pair of Nines


PokerStars Hand #145761212208:  Hold'em Limit ($3/$6 USD) - 2015/12/22 16:46:19 ET
Table 'Ogyalla II' 6-max Seat #3 is the button
Seat 3: biermann78 ($38.56 in chips)
Seat 5: pokkermon ($197.50 in chips)
biermann78: posts small blind $1
pokkermon: posts big blind $3
*** HOLE CARDS ***
biermann78: raises $3 to $6
pokkermon: raises $3 to $9
biermann78: calls $3
*** FLOP *** [Th 9h 3d]
pokkermon: bets $3
biermann78: calls $3
*** TURN *** [Th 9h 3d] [7d]
pokkermon: bets $6
biermann78: calls $6
*** RIVER *** [Th 9h 3d 7d] [9s]
pokkermon: checks
biermann78: checks
*** SHOW DOWN ***
pokkermon: shows [8c 9c] (three of a kind, Nines)
biermann78: mucks hand
pokkermon collected $35.50 from pot
*** SUMMARY ***
Total pot $36 | Rake $0.50
Board [Th 9h 3d 7d 9s]
Seat 3: biermann78 (button) (small blind) mucked
Seat 5: pokkermon (big blind) showed [8c 9c] and won ($35.50) with three of a kind, Nines


