PokerStars Hand #160817658342:  Hold'em Limit ($3/$6 USD) - 2016/11/02 20:52:05 ET
Table 'Ogyalla' 6-max Seat #2 is the button
Seat 2: TinaTurner72 ($120 in chips)
Seat 3: hairy1961 ($50 in chips)
TinaTurner72: posts small blind $1
hairy1961: posts big blind $3
*** HOLE CARDS ***
TinaTurner72: raises $3 to $6
hairy1961: raises $3 to $9
TinaTurner72: calls $3
*** FLOP *** [6d Th 6c]
hairy1961: bets $3
ToDaFelt joins the table at seat #4
TinaTurner72: calls $3
*** TURN *** [6d Th 6c] [5s]
hairy1961: bets $6
TinaTurner72: calls $6
*** RIVER *** [6d Th 6c 5s] [4h]
hairy1961: bets $6
TinaTurner72: calls $6
*** SHOW DOWN ***
hairy1961: shows [Ks Ad] (a pair of Sixes)
TinaTurner72: mucks hand
hairy1961 collected $47.50 from pot
*** SUMMARY ***
Total pot $48 | Rake $0.50
Board [6d Th 6c 5s 4h]
Seat 2: TinaTurner72 (button) (small blind) mucked
Seat 3: hairy1961 (big blind) showed [Ks Ad] and won ($47.50) with a pair of Sixes


PokerStars Hand #160818298599:  Hold'em Limit ($3/$6 USD) - 2016/11/02 21:14:05 ET
Table 'Ogyalla' 6-max Seat #4 is the button
Seat 4: ToDaFelt ($111.24 in chips)
Seat 6: Zooshark ($125.84 in chips)
ToDaFelt: posts small blind $1
Zooshark: posts big blind $3
*** HOLE CARDS ***
ToDaFelt: raises $3 to $6
Zooshark: calls $3
*** FLOP *** [9d 6c 3c]
Zooshark: checks
ToDaFelt: bets $3
Zooshark: calls $3
*** TURN *** [9d 6c 3c] [Qd]
Zooshark: checks
ToDaFelt: bets $6
Zooshark: folds
Uncalled bet ($6) returned to ToDaFelt
ToDaFelt collected $17.64 from pot
ToDaFelt: doesn't show hand
*** SUMMARY ***
Total pot $18 | Rake $0.36
Board [9d 6c 3c Qd]
Seat 4: ToDaFelt (button) (small blind) collected ($17.64)
Seat 6: Zooshark (big blind) folded on the Turn


PokerStars Hand #160818313715:  Hold'em Limit ($3/$6 USD) - 2016/11/02 21:14:36 ET
Table 'Ogyalla' 6-max Seat #6 is the button
Seat 4: ToDaFelt ($119.88 in chips)
Seat 6: Zooshark ($116.84 in chips)
Zooshark: posts small blind $1
ToDaFelt: posts big blind $3
*** HOLE CARDS ***
Zooshark: calls $2
ToDaFelt: checks
*** FLOP *** [2c Qd 3d]
ToDaFelt: bets $3
Zooshark: calls $3
*** TURN *** [2c Qd 3d] [9c]
ToDaFelt: bets $6
Zooshark: folds
Uncalled bet ($6) returned to ToDaFelt
ToDaFelt collected $11.76 from pot
ToDaFelt: doesn't show hand
*** SUMMARY ***
Total pot $12 | Rake $0.24
Board [2c Qd 3d 9c]
Seat 4: ToDaFelt (big blind) collected ($11.76)
Seat 6: Zooshark (button) (small blind) folded on the Turn


PokerStars Hand #160818327155:  Hold'em Limit ($3/$6 USD) - 2016/11/02 21:15:04 ET
Table 'Ogyalla' 6-max Seat #4 is the button
Seat 4: ToDaFelt ($125.64 in chips)
Seat 6: Zooshark ($110.84 in chips)
ToDaFelt: posts small blind $1
Zooshark: posts big blind $3
*** HOLE CARDS ***
ToDaFelt: folds
Uncalled bet ($2) returned to Zooshark
DirtyDouble2 leaves the table
Zooshark collected $2 from pot
Zooshark: doesn't show hand
*** SUMMARY ***
Total pot $2 | Rake $0
Seat 4: ToDaFelt (button) (small blind) folded before Flop
Seat 6: Zooshark (big blind) collected ($2)


PokerStars Hand #160818347018:  Hold'em Limit ($3/$6 USD) - 2016/11/02 21:15:45 ET
Table 'Ogyalla' 6-max Seat #4 is the button
Seat 4: ToDaFelt ($124.39 in chips)
Seat 6: Zooshark ($111.59 in chips)
ToDaFelt: posts small blind $1
Zooshark: posts big blind $3
*** HOLE CARDS ***
ToDaFelt: raises $3 to $6
Zooshark: calls $3
*** FLOP *** [8c 9s 3h]
Zooshark: checks
ToDaFelt: bets $3
Zooshark: raises $3 to $6
ToDaFelt: calls $3
*** TURN *** [8c 9s 3h] [9d]
Zooshark: bets $6
ToDaFelt: raises $6 to $12
Zooshark: folds
Uncalled bet ($6) returned to ToDaFelt
ToDaFelt collected $35.50 from pot
ToDaFelt: doesn't show hand
*** SUMMARY ***
Total pot $36 | Rake $0.50
Board [8c 9s 3h 9d]
Seat 4: ToDaFelt (button) (small blind) collected ($35.50)
Seat 6: Zooshark (big blind) folded on the Turn


PokerStars Hand #160818360942:  Hold'em Limit ($3/$6 USD) - 2016/11/02 21:16:14 ET
Table 'Ogyalla' 6-max Seat #6 is the button
Seat 4: ToDaFelt ($141.89 in chips)
Seat 6: Zooshark ($93.59 in chips)
Zooshark: posts small blind $1
ToDaFelt: posts big blind $3
*** HOLE CARDS ***
Zooshark: raises $3 to $6
ToDaFelt: raises $3 to $9
Zooshark: calls $3
*** FLOP *** [3c As Ac]
ToDaFelt: bets $3
Zooshark: calls $3
*** TURN *** [3c As Ac] [3h]
ToDaFelt: bets $6
Zooshark: calls $6
*** RIVER *** [3c As Ac 3h] [7c]
ToDaFelt: checks
Zooshark: bets $6
ToDaFelt: folds
Uncalled bet ($6) returned to Zooshark
Zooshark collected $35.50 from pot
Zooshark: doesn't show hand
*** SUMMARY ***
Total pot $36 | Rake $0.50
Board [3c As Ac 3h 7c]
Seat 4: ToDaFelt (big blind) folded on the River
Seat 6: Zooshark (button) (small blind) collected ($35.50)


PokerStars Hand #160818329710:  Hold'em Limit ($3/$6 USD) - 2016/11/02 21:15:09 ET
Table 'Ogyalla' 6-max Seat #6 is the button
Seat 4: ToDaFelt ($124.64 in chips)
Seat 6: Zooshark ($111.84 in chips)
Zooshark: posts small blind $1
ToDaFelt: posts big blind $3
*** HOLE CARDS ***
Zooshark: calls $2
ToDaFelt: raises $3 to $6
Zooshark: calls $3
*** FLOP *** [Ts 8c 4c]
ToDaFelt: bets $3
Zooshark: calls $3
*** TURN *** [Ts 8c 4c] [7d]
ToDaFelt: bets $6
Zooshark: raises $6 to $12
ToDaFelt: calls $6
*** RIVER *** [Ts 8c 4c 7d] [9c]
ToDaFelt: bets $6
Zooshark: calls $6
*** SHOW DOWN ***
ToDaFelt: shows [6d 8d] (a straight, Six to Ten)
Zooshark: shows [9d 6s] (a straight, Six to Ten)
ToDaFelt collected $26.75 from pot
Zooshark collected $26.75 from pot
*** SUMMARY ***
Total pot $54 | Rake $0.50
Board [Ts 8c 4c 7d 9c]
Seat 4: ToDaFelt (big blind) showed [6d 8d] and won ($26.75) with a straight, Six to Ten
Seat 6: Zooshark (button) (small blind) showed [9d 6s] and won ($26.75) with a straight, Six to Ten


PokerStars Hand #160818378726:  Hold'em Limit ($3/$6 USD) - 2016/11/02 21:16:51 ET
Table 'Ogyalla' 6-max Seat #6 is the button
Seat 4: ToDaFelt ($126.89 in chips)
Seat 6: Zooshark ($108.09 in chips)
Zooshark: posts small blind $1
ToDaFelt: posts big blind $3
*** HOLE CARDS ***
Zooshark: raises $3 to $6
ToDaFelt: calls $3
*** FLOP *** [9h Qd Ah]
ToDaFelt: checks
Zooshark: bets $3
ToDaFelt: raises $3 to $6
Zooshark: calls $3
*** TURN *** [9h Qd Ah] [5h]
ToDaFelt: bets $6
Zooshark: calls $6
*** RIVER *** [9h Qd Ah 5h] [7h]
ToDaFelt: bets $6
Zooshark: folds
Uncalled bet ($6) returned to ToDaFelt
ToDaFelt collected $35.50 from pot
ToDaFelt: doesn't show hand
*** SUMMARY ***
Total pot $36 | Rake $0.50
Board [9h Qd Ah 5h 7h]
Seat 4: ToDaFelt (big blind) collected ($35.50)
Seat 6: Zooshark (button) (small blind) folded on the River


PokerStars Hand #160818375462:  Hold'em Limit ($3/$6 USD) - 2016/11/02 21:16:44 ET
Table 'Ogyalla' 6-max Seat #4 is the button
Seat 4: ToDaFelt ($123.89 in chips)
Seat 6: Zooshark ($111.09 in chips)
ToDaFelt: posts small blind $1
Zooshark: posts big blind $3
*** HOLE CARDS ***
ToDaFelt: raises $3 to $6
Zooshark: folds
Uncalled bet ($3) returned to ToDaFelt
ToDaFelt collected $6 from pot
ToDaFelt: doesn't show hand
*** SUMMARY ***
Total pot $6 | Rake $0
Seat 4: ToDaFelt (button) (small blind) collected ($6)
Seat 6: Zooshark (big blind) folded before Flop


PokerStars Hand #160818399055:  Hold'em Limit ($3/$6 USD) - 2016/11/02 21:17:33 ET
Table 'Ogyalla' 6-max Seat #4 is the button
Seat 4: ToDaFelt ($144.39 in chips)
Seat 6: Zooshark ($90.09 in chips)
ToDaFelt: posts small blind $1
Zooshark: posts big blind $3
*** HOLE CARDS ***
ToDaFelt: raises $3 to $6
Zooshark: calls $3
*** FLOP *** [9s Td 5c]
Zooshark: bets $3
ToDaFelt: calls $3
*** TURN *** [9s Td 5c] [As]
Zooshark: checks
ToDaFelt: bets $6
Zooshark: calls $6
*** RIVER *** [9s Td 5c As] [Kd]
Zooshark: checks
ToDaFelt: checks
*** SHOW DOWN ***
Zooshark: shows [5s 7h] (a pair of Fives)
ToDaFelt: shows [6s Ts] (a pair of Tens)
ToDaFelt collected $29.50 from pot
*** SUMMARY ***
Total pot $30 | Rake $0.50
Board [9s Td 5c As Kd]
Seat 4: ToDaFelt (button) (small blind) showed [6s Ts] and won ($29.50) with a pair of Tens
Seat 6: Zooshark (big blind) showed [5s 7h] and lost with a pair of Fives


PokerStars Hand #160818417399:  Hold'em Limit ($3/$6 USD) - 2016/11/02 21:18:12 ET
Table 'Ogyalla' 6-max Seat #6 is the button
Seat 4: ToDaFelt ($158.89 in chips)
Seat 6: Zooshark ($75.09 in chips)
Zooshark: posts small blind $1
ToDaFelt: posts big blind $3
*** HOLE CARDS ***
Zooshark: folds
Uncalled bet ($2) returned to ToDaFelt
ToDaFelt collected $2 from pot
ToDaFelt: doesn't show hand
*** SUMMARY ***
Total pot $2 | Rake $0
Seat 4: ToDaFelt (big blind) collected ($2)
Seat 6: Zooshark (button) (small blind) folded before Flop


PokerStars Hand #160818420670:  Hold'em Limit ($3/$6 USD) - 2016/11/02 21:18:18 ET
Table 'Ogyalla' 6-max Seat #4 is the button
Seat 4: ToDaFelt ($159.89 in chips)
Seat 6: Zooshark ($74.09 in chips)
ToDaFelt: posts small blind $1
Zooshark: posts big blind $3
*** HOLE CARDS ***
ToDaFelt: raises $3 to $6
Zooshark: calls $3
*** FLOP *** [7h 2s 7c]
Zooshark: checks
ToDaFelt: bets $3
Zooshark: raises $3 to $6
ToDaFelt: calls $3
*** TURN *** [7h 2s 7c] [3c]
Zooshark: bets $6
ToDaFelt: calls $6
*** RIVER *** [7h 2s 7c 3c] [Qs]
Zooshark: bets $6
ToDaFelt: calls $6
*** SHOW DOWN ***
Zooshark: shows [Ac 7s] (three of a kind, Sevens)
ToDaFelt: mucks hand
Zooshark collected $47.50 from pot
*** SUMMARY ***
Total pot $48 | Rake $0.50
Board [7h 2s 7c 3c Qs]
Seat 4: ToDaFelt (button) (small blind) mucked
Seat 6: Zooshark (big blind) showed [Ac 7s] and won ($47.50) with three of a kind, Sevens


PokerStars Hand #160818437135:  Hold'em Limit ($3/$6 USD) - 2016/11/02 21:18:53 ET
Table 'Ogyalla' 6-max Seat #6 is the button
Seat 4: ToDaFelt ($135.89 in chips)
Seat 6: Zooshark ($97.59 in chips)
Zooshark: posts small blind $1
ToDaFelt: posts big blind $3
*** HOLE CARDS ***
Zooshark: raises $3 to $6
ToDaFelt: folds
Uncalled bet ($3) returned to Zooshark
Zooshark collected $6 from pot
Zooshark: doesn't show hand
*** SUMMARY ***
Total pot $6 | Rake $0
Seat 4: ToDaFelt (big blind) folded before Flop
Seat 6: Zooshark (button) (small blind) collected ($6)


PokerStars Hand #160818474995:  Hold'em Limit ($3/$6 USD) - 2016/11/02 21:20:12 ET
Table 'Ogyalla' 6-max Seat #6 is the button
Seat 4: ToDaFelt ($101.89 in chips)
Seat 6: Zooshark ($153.29 in chips)
Zooshark: posts small blind $1
ToDaFelt: posts big blind $3
*** HOLE CARDS ***
Zooshark: folds
Uncalled bet ($2) returned to ToDaFelt
ToDaFelt collected $2 from pot
ToDaFelt: doesn't show hand
*** SUMMARY ***
Total pot $2 | Rake $0
Seat 4: ToDaFelt (big blind) collected ($2)
Seat 6: Zooshark (button) (small blind) folded before Flop


PokerStars Hand #160818482764:  Hold'em Limit ($3/$6 USD) - 2016/11/02 21:20:28 ET
Table 'Ogyalla' 6-max Seat #6 is the button
Seat 4: ToDaFelt ($101.89 in chips)
Seat 6: Zooshark ($153.29 in chips)
Zooshark: posts small blind $1
ToDaFelt: posts big blind $3
*** HOLE CARDS ***
Zooshark: folds
Uncalled bet ($2) returned to ToDaFelt
ToDaFelt collected $2 from pot
ToDaFelt: doesn't show hand
*** SUMMARY ***
Total pot $2 | Rake $0
Seat 4: ToDaFelt (big blind) collected ($2)
Seat 6: Zooshark (button) (small blind) folded before Flop


PokerStars Hand #160818478647:  Hold'em Limit ($3/$6 USD) - 2016/11/02 21:20:19 ET
Table 'Ogyalla' 6-max Seat #4 is the button
Seat 4: ToDaFelt ($102.89 in chips)
Seat 6: Zooshark ($152.29 in chips)
ToDaFelt: posts small blind $1
Zooshark: posts big blind $3
*** HOLE CARDS ***
ToDaFelt: folds
Uncalled bet ($2) returned to Zooshark
Zooshark collected $2 from pot
Zooshark: doesn't show hand
*** SUMMARY ***
Total pot $2 | Rake $0
Seat 4: ToDaFelt (button) (small blind) folded before Flop
Seat 6: Zooshark (big blind) collected ($2)


