PokerStars Hand #153536226109:  Hold'em Limit ($3/$6 USD) - 2016/05/19 9:42:31 ET
Table 'Ohio II' 6-max Seat #3 is the button
Seat 2: bluebird7551 ($96 in chips)
Seat 3: B_loJkl ($173.50 in chips)
B_loJkl: posts small blind $1
bluebird7551: posts big blind $3
*** HOLE CARDS ***
B_loJkl: raises $3 to $6
bluebird7551: calls $3
*** FLOP *** [8s 5h Tc]
bluebird7551: checks
B_loJkl: bets $3
bluebird7551: calls $3
*** TURN *** [8s 5h Tc] [5d]
bluebird7551: checks
B_loJkl: checks
*** RIVER *** [8s 5h Tc 5d] [Kh]
bluebird7551: bets $6
B_loJkl: calls $6
*** SHOW DOWN ***
bluebird7551: shows [9h 9d] (two pair, Nines and Fives)
B_loJkl: mucks hand
bluebird7551 collected $29.50 from pot
*** SUMMARY ***
Total pot $30 | Rake $0.50
Board [8s 5h Tc 5d Kh]
Seat 2: bluebird7551 (big blind) showed [9h 9d] and won ($29.50) with two pair, Nines and Fives
Seat 3: B_loJkl (button) (small blind) mucked


PokerStars Hand #153536202554:  Hold'em Limit ($3/$6 USD) - 2016/05/19 9:41:50 ET
Table 'Ohio II' 6-max Seat #2 is the button
Seat 2: bluebird7551 ($120 in chips)
Seat 3: B_loJkl ($150 in chips)
bluebird7551: posts small blind $1
B_loJkl: posts big blind $3
*** HOLE CARDS ***
bluebird7551: raises $3 to $6
B_loJkl: raises $3 to $9
bluebird7551: calls $3
*** FLOP *** [9d 6c 8s]
B_loJkl: bets $3
bluebird7551: calls $3
*** TURN *** [9d 6c 8s] [9h]
B_loJkl: bets $6
bluebird7551: calls $6
*** RIVER *** [9d 6c 8s 9h] [3d]
B_loJkl: bets $6
bluebird7551: calls $6
*** SHOW DOWN ***
B_loJkl: shows [Kd Ah] (a pair of Nines)
bluebird7551: mucks hand
B_loJkl collected $47.50 from pot
*** SUMMARY ***
Total pot $48 | Rake $0.50
Board [9d 6c 8s 9h 3d]
Seat 2: bluebird7551 (button) (small blind) mucked
Seat 3: B_loJkl (big blind) showed [Kd Ah] and won ($47.50) with a pair of Nines


PokerStars Hand #153536275982:  Hold'em Limit ($3/$6 USD) - 2016/05/19 9:43:58 ET
Table 'Ohio II' 6-max Seat #2 is the button
Seat 2: bluebird7551 ($133 in chips)
Seat 5: Hadart ($97 in chips)
bluebird7551: posts small blind $1
Hadart: posts big blind $3
*** HOLE CARDS ***
bluebird7551: raises $3 to $6
Hadart: folds
Uncalled bet ($3) returned to bluebird7551
bluebird7551 collected $6 from pot
*** SUMMARY ***
Total pot $6 | Rake $0
Seat 2: bluebird7551 (button) (small blind) collected ($6)
Seat 5: Hadart (big blind) folded before Flop


PokerStars Hand #153536254830:  Hold'em Limit ($3/$6 USD) - 2016/05/19 9:43:21 ET
Table 'Ohio II' 6-max Seat #5 is the button
Seat 2: bluebird7551 ($109.50 in chips)
Seat 5: Hadart ($121 in chips)
Hadart: posts small blind $1
bluebird7551: posts big blind $3
*** HOLE CARDS ***
Hadart: raises $3 to $6
bluebird7551: raises $3 to $9
Hadart: calls $3
*** FLOP *** [6h 8c Qs]
bluebird7551: bets $3
Hadart: calls $3
*** TURN *** [6h 8c Qs] [8h]
bluebird7551: bets $6
Hadart: calls $6
*** RIVER *** [6h 8c Qs 8h] [2s]
bluebird7551: bets $6
Hadart: calls $6
*** SHOW DOWN ***
bluebird7551: shows [Jh Jc] (two pair, Jacks and Eights)
Hadart: mucks hand
bluebird7551 collected $47.50 from pot
*** SUMMARY ***
Total pot $48 | Rake $0.50
Board [6h 8c Qs 8h 2s]
Seat 2: bluebird7551 (big blind) showed [Jh Jc] and won ($47.50) with two pair, Jacks and Eights
Seat 5: Hadart (button) (small blind) mucked


PokerStars Hand #153536249631:  Hold'em Limit ($3/$6 USD) - 2016/05/19 9:43:12 ET
Table 'Ohio II' 6-max Seat #2 is the button
Seat 2: bluebird7551 ($110.50 in chips)
Seat 5: Hadart ($120 in chips)
bluebird7551: posts small blind $1
Hadart: posts big blind $3
*** HOLE CARDS ***
bluebird7551: folds
Uncalled bet ($2) returned to Hadart
Hadart collected $2 from pot
Hadart: doesn't show hand
*** SUMMARY ***
Total pot $2 | Rake $0
Seat 2: bluebird7551 (button) (small blind) folded before Flop
Seat 5: Hadart (big blind) collected ($2)


PokerStars Hand #153536310285:  Hold'em Limit ($3/$6 USD) - 2016/05/19 9:44:59 ET
Table 'Ohio II' 6-max Seat #5 is the button
Seat 2: bluebird7551 ($164.50 in chips)
Seat 5: Hadart ($65 in chips)
Hadart: posts small blind $1
bluebird7551: posts big blind $3
*** HOLE CARDS ***
Hadart: folds
Uncalled bet ($2) returned to bluebird7551
bluebird7551 collected $2 from pot
*** SUMMARY ***
Total pot $2 | Rake $0
Seat 2: bluebird7551 (big blind) collected ($2)
Seat 5: Hadart (button) (small blind) folded before Flop


PokerStars Hand #153536302766:  Hold'em Limit ($3/$6 USD) - 2016/05/19 9:44:46 ET
Table 'Ohio II' 6-max Seat #5 is the button
Seat 2: bluebird7551 ($160.50 in chips)
Seat 5: Hadart ($69 in chips)
Hadart: posts small blind $1
bluebird7551: posts big blind $3
*** HOLE CARDS ***
Hadart: folds
Uncalled bet ($2) returned to bluebird7551
bluebird7551 collected $2 from pot
*** SUMMARY ***
Total pot $2 | Rake $0
Seat 2: bluebird7551 (big blind) collected ($2)
Seat 5: Hadart (button) (small blind) folded before Flop


PokerStars Hand #153536283403:  Hold'em Limit ($3/$6 USD) - 2016/05/19 9:44:12 ET
Table 'Ohio II' 6-max Seat #2 is the button
Seat 2: bluebird7551 ($137 in chips)
Seat 5: Hadart ($93 in chips)
bluebird7551: posts small blind $1
Hadart: posts big blind $3
*** HOLE CARDS ***
bluebird7551: raises $3 to $6
Hadart: raises $3 to $9
bluebird7551: calls $3
*** FLOP *** [4h Th 3d]
Hadart: bets $3
bluebird7551: calls $3
*** TURN *** [4h Th 3d] [8c]
Hadart: bets $6
bluebird7551: raises $6 to $12
Hadart: calls $6
*** RIVER *** [4h Th 3d 8c] [Ts]
Hadart: checks
bluebird7551: bets $6
Hadart: folds
Uncalled bet ($6) returned to bluebird7551
bluebird7551 collected $47.50 from pot
*** SUMMARY ***
Total pot $48 | Rake $0.50
Board [4h Th 3d 8c Ts]
Seat 2: bluebird7551 (button) (small blind) collected ($47.50)
Seat 5: Hadart (big blind) folded on the River


PokerStars Hand #153536305837:  Hold'em Limit ($3/$6 USD) - 2016/05/19 9:44:51 ET
Table 'Ohio II' 6-max Seat #2 is the button
Seat 2: bluebird7551 ($161.50 in chips)
Seat 5: Hadart ($68 in chips)
bluebird7551: posts small blind $1
Hadart: posts big blind $3
*** HOLE CARDS ***
bluebird7551: raises $3 to $6
Hadart: folds
Uncalled bet ($3) returned to bluebird7551
bluebird7551 collected $6 from pot
*** SUMMARY ***
Total pot $6 | Rake $0
Seat 2: bluebird7551 (button) (small blind) collected ($6)
Seat 5: Hadart (big blind) folded before Flop


PokerStars Hand #153536314504:  Hold'em Limit ($3/$6 USD) - 2016/05/19 9:45:06 ET
Table 'Ohio II' 6-max Seat #2 is the button
Seat 2: bluebird7551 ($165.50 in chips)
Seat 5: Hadart ($64 in chips)
bluebird7551: posts small blind $1
Hadart: posts big blind $3
*** HOLE CARDS ***
bluebird7551: raises $3 to $6
Hadart: calls $3
*** FLOP *** [8h 7s 9s]
Hadart: checks
bluebird7551: bets $3
Hadart: calls $3
*** TURN *** [8h 7s 9s] [3s]
Hadart: checks
bluebird7551: bets $6
Hadart: calls $6
*** RIVER *** [8h 7s 9s 3s] [Qd]
Hadart: checks
bluebird7551: checks
*** SHOW DOWN ***
Hadart: shows [Ks 6h] (high card King)
bluebird7551: shows [5c 9d] (a pair of Nines)
bluebird7551 collected $29.50 from pot
*** SUMMARY ***
Total pot $30 | Rake $0.50
Board [8h 7s 9s 3s Qd]
Seat 2: bluebird7551 (button) (small blind) showed [5c 9d] and won ($29.50) with a pair of Nines
Seat 5: Hadart (big blind) showed [Ks 6h] and lost with high card King


PokerStars Hand #153536345561:  Hold'em Limit ($3/$6 USD) - 2016/05/19 9:46:01 ET
Table 'Ohio II' 6-max Seat #2 is the button
Seat 2: bluebird7551 ($206.50 in chips)
Seat 5: Hadart ($98.69 in chips)
bluebird7551: posts small blind $1
Hadart: posts big blind $3
*** HOLE CARDS ***
bluebird7551: raises $3 to $6
Hadart: folds
Uncalled bet ($3) returned to bluebird7551
bluebird7551 collected $6 from pot
*** SUMMARY ***
Total pot $6 | Rake $0
Seat 2: bluebird7551 (button) (small blind) collected ($6)
Seat 5: Hadart (big blind) folded before Flop


PokerStars Hand #153536329113:  Hold'em Limit ($3/$6 USD) - 2016/05/19 9:45:32 ET
Table 'Ohio II' 6-max Seat #5 is the button
Seat 2: bluebird7551 ($180 in chips)
Seat 5: Hadart ($49 in chips)
Hadart: posts small blind $1
bluebird7551: posts big blind $3
*** HOLE CARDS ***
Hadart: raises $3 to $6
bluebird7551: calls $3
*** FLOP *** [Tc 4h 2c]
bluebird7551: checks
Hadart: bets $3
bluebird7551: calls $3
*** TURN *** [Tc 4h 2c] [Kh]
bluebird7551: checks
Hadart: bets $6
bluebird7551: raises $6 to $12
Hadart: calls $6
*** RIVER *** [Tc 4h 2c Kh] [Qs]
bluebird7551: bets $6
Hadart: calls $6
*** SHOW DOWN ***
bluebird7551: shows [Ks 2h] (two pair, Kings and Deuces)
Hadart: mucks hand
bluebird7551 collected $53.50 from pot
*** SUMMARY ***
Total pot $54 | Rake $0.50
Board [Tc 4h 2c Kh Qs]
Seat 2: bluebird7551 (big blind) showed [Ks 2h] and won ($53.50) with two pair, Kings and Deuces
Seat 5: Hadart (button) (small blind) mucked


PokerStars Hand #153536375969:  Hold'em Limit ($3/$6 USD) - 2016/05/19 9:46:54 ET
Table 'Ohio II' 6-max Seat #2 is the button
Seat 2: bluebird7551 ($196.50 in chips)
Seat 5: Hadart ($108.21 in chips)
bluebird7551: posts small blind $1
Hadart: posts big blind $3
*** HOLE CARDS ***
bluebird7551: raises $3 to $6
Hadart: folds
Uncalled bet ($3) returned to bluebird7551
bluebird7551 collected $6 from pot
*** SUMMARY ***
Total pot $6 | Rake $0
Seat 2: bluebird7551 (button) (small blind) collected ($6)
Seat 5: Hadart (big blind) folded before Flop


PokerStars Hand #153536352099:  Hold'em Limit ($3/$6 USD) - 2016/05/19 9:46:12 ET
Table 'Ohio II' 6-max Seat #5 is the button
Seat 2: bluebird7551 ($209.50 in chips)
Seat 5: Hadart ($95.69 in chips)
Hadart: posts small blind $1
bluebird7551: posts big blind $3
*** HOLE CARDS ***
Hadart: raises $3 to $6
bluebird7551: calls $3
*** FLOP *** [Ts Th Kc]
bluebird7551: checks
Hadart: bets $3
bluebird7551: folds
Uncalled bet ($3) returned to Hadart
Hadart collected $11.76 from pot
Hadart: doesn't show hand
*** SUMMARY ***
Total pot $12 | Rake $0.24
Board [Ts Th Kc]
Seat 2: bluebird7551 (big blind) folded on the Flop
Seat 5: Hadart (button) (small blind) collected ($11.76)


PokerStars Hand #153536361533:  Hold'em Limit ($3/$6 USD) - 2016/05/19 9:46:29 ET
Table 'Ohio II' 6-max Seat #2 is the button
Seat 2: bluebird7551 ($203.50 in chips)
Seat 5: Hadart ($101.45 in chips)
bluebird7551: posts small blind $1
Hadart: posts big blind $3
*** HOLE CARDS ***
bluebird7551: folds
Uncalled bet ($2) returned to Hadart
Hadart collected $2 from pot
Hadart: doesn't show hand
*** SUMMARY ***
Total pot $2 | Rake $0
Seat 2: bluebird7551 (button) (small blind) folded before Flop
Seat 5: Hadart (big blind) collected ($2)


PokerStars Hand #153536366237:  Hold'em Limit ($3/$6 USD) - 2016/05/19 9:46:37 ET
Table 'Ohio II' 6-max Seat #5 is the button
Seat 2: bluebird7551 ($202.50 in chips)
Seat 5: Hadart ($102.45 in chips)
Hadart: posts small blind $1
bluebird7551: posts big blind $3
*** HOLE CARDS ***
Hadart: raises $3 to $6
bluebird7551: calls $3
*** FLOP *** [Td Js 8d]
bluebird7551: checks
Hadart: bets $3
bluebird7551: folds
Uncalled bet ($3) returned to Hadart
Hadart collected $11.76 from pot
Hadart: doesn't show hand
*** SUMMARY ***
Total pot $12 | Rake $0.24
Board [Td Js 8d]
Seat 2: bluebird7551 (big blind) folded on the Flop
Seat 5: Hadart (button) (small blind) collected ($11.76)


PokerStars Hand #153536380600:  Hold'em Limit ($3/$6 USD) - 2016/05/19 9:47:02 ET
Table 'Ohio II' 6-max Seat #5 is the button
Seat 2: bluebird7551 ($199.50 in chips)
Seat 5: Hadart ($105.21 in chips)
Hadart: posts small blind $1
bluebird7551: posts big blind $3
*** HOLE CARDS ***
Hadart: raises $3 to $6
bluebird7551: folds
Uncalled bet ($3) returned to Hadart
Hadart collected $6 from pot
Hadart: doesn't show hand
*** SUMMARY ***
Total pot $6 | Rake $0
Seat 2: bluebird7551 (big blind) folded before Flop
Seat 5: Hadart (button) (small blind) collected ($6)


PokerStars Hand #153536280387:  Hold'em Limit ($3/$6 USD) - 2016/05/19 9:44:06 ET
Table 'Ohio II' 6-max Seat #5 is the button
Seat 2: bluebird7551 ($136 in chips)
Seat 5: Hadart ($94 in chips)
Hadart: posts small blind $1
bluebird7551: posts big blind $3
*** HOLE CARDS ***
Hadart: folds
Uncalled bet ($2) returned to bluebird7551
bluebird7551 collected $2 from pot
*** SUMMARY ***
Total pot $2 | Rake $0
Seat 2: bluebird7551 (big blind) collected ($2)
Seat 5: Hadart (button) (small blind) folded before Flop


PokerStars Hand #153536414582:  Hold'em Limit ($3/$6 USD) - 2016/05/19 9:47:39 ET
Table 'Ohio II' 6-max Seat #2 is the button
Seat 2: bluebird7551 ($191.50 in chips)
Seat 5: Hadart ($112.97 in chips)
bluebird7551: posts small blind $1
Hadart: posts big blind $3
*** HOLE CARDS ***
bluebird7551: raises $3 to $6
Hadart: calls $3
*** FLOP *** [8d Qs 9c]
Hadart: checks
bluebird7551: bets $3
Hadart: raises $3 to $6
bluebird7551: calls $3
*** TURN *** [8d Qs 9c] [Ad]
Hadart: checks
bluebird7551: bets $6
Hadart: calls $6
*** RIVER *** [8d Qs 9c Ad] [7h]
Hadart: checks
bluebird7551: bets $6
Hadart: calls $6
*** SHOW DOWN ***
bluebird7551: shows [9d Ac] (two pair, Aces and Nines)
Hadart: mucks hand
bluebird7551 collected $47.50 from pot
*** SUMMARY ***
Total pot $48 | Rake $0.50
Board [8d Qs 9c Ad 7h]
Seat 2: bluebird7551 (button) (small blind) showed [9d Ac] and won ($47.50) with two pair, Aces and Nines
Seat 5: Hadart (big blind) mucked


PokerStars Hand #153536389722:  Hold'em Limit ($3/$6 USD) - 2016/05/19 9:47:11 ET
Table 'Ohio II' 6-max Seat #2 is the button
Seat 2: bluebird7551 ($196.50 in chips)
Seat 5: Hadart ($108.21 in chips)
bluebird7551: posts small blind $1
Hadart: posts big blind $3
*** HOLE CARDS ***
bluebird7551: raises $3 to $6
Hadart: calls $3
*** FLOP *** [8c 9s Js]
Hadart: checks
bluebird7551: checks
*** TURN *** [8c 9s Js] [4d]
Hadart: bets $6
bluebird7551: folds
Uncalled bet ($6) returned to Hadart
Hadart collected $11.76 from pot
Hadart: doesn't show hand
*** SUMMARY ***
Total pot $12 | Rake $0.24
Board [8c 9s Js 4d]
Seat 2: bluebird7551 (button) (small blind) folded on the Turn
Seat 5: Hadart (big blind) collected ($11.76)


PokerStars Hand #153536408773:  Hold'em Limit ($3/$6 USD) - 2016/05/19 9:47:32 ET
Table 'Ohio II' 6-max Seat #5 is the button
Seat 2: bluebird7551 ($190.50 in chips)
Seat 5: Hadart ($113.97 in chips)
Hadart: posts small blind $1
bluebird7551: posts big blind $3
*** HOLE CARDS ***
Hadart: folds
Uncalled bet ($2) returned to bluebird7551
bluebird7551 collected $2 from pot
*** SUMMARY ***
Total pot $2 | Rake $0
Seat 2: bluebird7551 (big blind) collected ($2)
Seat 5: Hadart (button) (small blind) folded before Flop


PokerStars Hand #153536434163:  Hold'em Limit ($3/$6 USD) - 2016/05/19 9:48:11 ET
Table 'Ohio II' 6-max Seat #5 is the button
Seat 2: bluebird7551 ($215 in chips)
Seat 5: Hadart ($88.97 in chips)
Hadart: posts small blind $1
bluebird7551: posts big blind $3
*** HOLE CARDS ***
Hadart: raises $3 to $6
bluebird7551: folds
Uncalled bet ($3) returned to Hadart
Hadart collected $6 from pot
Hadart: doesn't show hand
*** SUMMARY ***
Total pot $6 | Rake $0
Seat 2: bluebird7551 (big blind) folded before Flop
Seat 5: Hadart (button) (small blind) collected ($6)


PokerStars Hand #153536443056:  Hold'em Limit ($3/$6 USD) - 2016/05/19 9:48:26 ET
Table 'Ohio II' 6-max Seat #5 is the button
Seat 2: bluebird7551 ($215 in chips)
Seat 5: Hadart ($88.97 in chips)
Hadart: posts small blind $1
bluebird7551: posts big blind $3
*** HOLE CARDS ***
Hadart: folds
Uncalled bet ($2) returned to bluebird7551
bluebird7551 collected $2 from pot
*** SUMMARY ***
Total pot $2 | Rake $0
Seat 2: bluebird7551 (big blind) collected ($2)
Seat 5: Hadart (button) (small blind) folded before Flop


PokerStars Hand #153536438488:  Hold'em Limit ($3/$6 USD) - 2016/05/19 9:48:19 ET
Table 'Ohio II' 6-max Seat #2 is the button
Seat 2: bluebird7551 ($212 in chips)
Seat 5: Hadart ($91.97 in chips)
bluebird7551: posts small blind $1
Hadart: posts big blind $3
*** HOLE CARDS ***
bluebird7551: raises $3 to $6
Hadart: folds
Uncalled bet ($3) returned to bluebird7551
bluebird7551 collected $6 from pot
*** SUMMARY ***
Total pot $6 | Rake $0
Seat 2: bluebird7551 (button) (small blind) collected ($6)
Seat 5: Hadart (big blind) folded before Flop


PokerStars Hand #153536446516:  Hold'em Limit ($3/$6 USD) - 2016/05/19 9:48:32 ET
Table 'Ohio II' 6-max Seat #2 is the button
Seat 2: bluebird7551 ($216 in chips)
Seat 5: Hadart ($87.97 in chips)
bluebird7551: posts small blind $1
Hadart: posts big blind $3
*** HOLE CARDS ***
bluebird7551: raises $3 to $6
Hadart: folds
Uncalled bet ($3) returned to bluebird7551
bluebird7551 collected $6 from pot
*** SUMMARY ***
Total pot $6 | Rake $0
Seat 2: bluebird7551 (button) (small blind) collected ($6)
Seat 5: Hadart (big blind) folded before Flop


PokerStars Hand #153536453401:  Hold'em Limit ($3/$6 USD) - 2016/05/19 9:48:44 ET
Table 'Ohio II' 6-max Seat #5 is the button
Seat 2: bluebird7551 ($219 in chips)
Seat 5: Hadart ($84.97 in chips)
Hadart: posts small blind $1
bluebird7551: posts big blind $3
*** HOLE CARDS ***
Hadart: folds
Uncalled bet ($2) returned to bluebird7551
bluebird7551 collected $2 from pot
*** SUMMARY ***
Total pot $2 | Rake $0
Seat 2: bluebird7551 (big blind) collected ($2)
Seat 5: Hadart (button) (small blind) folded before Flop


PokerStars Hand #153536456637:  Hold'em Limit ($3/$6 USD) - 2016/05/19 9:48:50 ET
Table 'Ohio II' 6-max Seat #2 is the button
Seat 2: bluebird7551 ($220 in chips)
Seat 5: Hadart ($83.97 in chips)
bluebird7551: posts small blind $1
Hadart: posts big blind $3
*** HOLE CARDS ***
bluebird7551: raises $3 to $6
Hadart: calls $3
*** FLOP *** [8c Ks 4d]
Hadart: checks
bluebird7551: bets $3
Hadart: calls $3
*** TURN *** [8c Ks 4d] [9h]
Hadart: checks
bluebird7551: checks
*** RIVER *** [8c Ks 4d 9h] [2s]
Hadart: bets $6
bluebird7551: folds
Uncalled bet ($6) returned to Hadart
Hadart collected $17.64 from pot
Hadart: doesn't show hand
*** SUMMARY ***
Total pot $18 | Rake $0.36
Board [8c Ks 4d 9h 2s]
Seat 2: bluebird7551 (button) (small blind) folded on the River
Seat 5: Hadart (big blind) collected ($17.64)


PokerStars Hand #153536473295:  Hold'em Limit ($3/$6 USD) - 2016/05/19 9:49:18 ET
Table 'Ohio II' 6-max Seat #5 is the button
Seat 2: bluebird7551 ($211 in chips)
Seat 5: Hadart ($92.61 in chips)
Hadart: posts small blind $1
bluebird7551: posts big blind $3
*** HOLE CARDS ***
Hadart: raises $3 to $6
bluebird7551: folds
Uncalled bet ($3) returned to Hadart
Hadart collected $6 from pot
Hadart: doesn't show hand
*** SUMMARY ***
Total pot $6 | Rake $0
Seat 2: bluebird7551 (big blind) folded before Flop
Seat 5: Hadart (button) (small blind) collected ($6)


PokerStars Hand #153536480242:  Hold'em Limit ($3/$6 USD) - 2016/05/19 9:49:30 ET
Table 'Ohio II' 6-max Seat #2 is the button
Seat 2: bluebird7551 ($208 in chips)
Seat 5: Hadart ($95.61 in chips)
bluebird7551: posts small blind $1
Hadart: posts big blind $3
*** HOLE CARDS ***
bluebird7551: raises $3 to $6
Hadart: calls $3
*** FLOP *** [Qd 3d Qh]
Hadart: checks
bluebird7551: bets $3
Hadart: raises $3 to $6
bluebird7551: raises $3 to $9
Hadart: calls $3
*** TURN *** [Qd 3d Qh] [Ts]
Hadart: checks
bluebird7551: bets $6
Hadart: calls $6
*** RIVER *** [Qd 3d Qh Ts] [4c]
Hadart: checks
bluebird7551: bets $6
Hadart: raises $6 to $12
bluebird7551: folds
Uncalled bet ($6) returned to Hadart
Hadart collected $53.50 from pot
Hadart: doesn't show hand
*** SUMMARY ***
Total pot $54 | Rake $0.50
Board [Qd 3d Qh Ts 4c]
Seat 2: bluebird7551 (button) (small blind) folded on the River
Seat 5: Hadart (big blind) collected ($53.50)


PokerStars Hand #153536502667:  Hold'em Limit ($3/$6 USD) - 2016/05/19 9:50:09 ET
Table 'Ohio II' 6-max Seat #2 is the button
Seat 2: bluebird7551 ($182 in chips)
Seat 5: Hadart ($121.11 in chips)
bluebird7551: posts small blind $1
Hadart: posts big blind $3
*** HOLE CARDS ***
bluebird7551: folds
Uncalled bet ($2) returned to Hadart
Hadart collected $2 from pot
Hadart: doesn't show hand
*** SUMMARY ***
Total pot $2 | Rake $0
Seat 2: bluebird7551 (button) (small blind) folded before Flop
Seat 5: Hadart (big blind) collected ($2)


PokerStars Hand #153536499563:  Hold'em Limit ($3/$6 USD) - 2016/05/19 9:50:03 ET
Table 'Ohio II' 6-max Seat #5 is the button
Seat 2: bluebird7551 ($181 in chips)
Seat 5: Hadart ($122.11 in chips)
Hadart: posts small blind $1
bluebird7551: posts big blind $3
*** HOLE CARDS ***
Hadart: folds
Uncalled bet ($2) returned to bluebird7551
bluebird7551 collected $2 from pot
*** SUMMARY ***
Total pot $2 | Rake $0
Seat 2: bluebird7551 (big blind) collected ($2)
Seat 5: Hadart (button) (small blind) folded before Flop


PokerStars Hand #153536519087:  Hold'em Limit ($3/$6 USD) - 2016/05/19 9:50:37 ET
Table 'Ohio II' 6-max Seat #2 is the button
Seat 2: bluebird7551 ($195.50 in chips)
Seat 5: Hadart ($107.11 in chips)
bluebird7551: posts small blind $1
Hadart: posts big blind $3
*** HOLE CARDS ***
bluebird7551: raises $3 to $6
Hadart: folds
Uncalled bet ($3) returned to bluebird7551
bluebird7551 collected $6 from pot
*** SUMMARY ***
Total pot $6 | Rake $0
Seat 2: bluebird7551 (button) (small blind) collected ($6)
Seat 5: Hadart (big blind) folded before Flop


PokerStars Hand #153536506241:  Hold'em Limit ($3/$6 USD) - 2016/05/19 9:50:15 ET
Table 'Ohio II' 6-max Seat #5 is the button
Seat 2: bluebird7551 ($181 in chips)
Seat 5: Hadart ($122.11 in chips)
Hadart: posts small blind $1
bluebird7551: posts big blind $3
*** HOLE CARDS ***
Hadart: raises $3 to $6
bluebird7551: calls $3
*** FLOP *** [Js 2c 8s]
bluebird7551: bets $3
Hadart: calls $3
*** TURN *** [Js 2c 8s] [Ah]
bluebird7551: bets $6
Hadart: calls $6
*** RIVER *** [Js 2c 8s Ah] [9d]
bluebird7551: checks
Hadart: checks
*** SHOW DOWN ***
bluebird7551: shows [7c 7s] (a pair of Sevens)
Hadart: mucks hand
bluebird7551 collected $29.50 from pot
*** SUMMARY ***
Total pot $30 | Rake $0.50
Board [Js 2c 8s Ah 9d]
Seat 2: bluebird7551 (big blind) showed [7c 7s] and won ($29.50) with a pair of Sevens
Seat 5: Hadart (button) (small blind) mucked


PokerStars Hand #153536529178:  Hold'em Limit ($3/$6 USD) - 2016/05/19 9:50:54 ET
Table 'Ohio II' 6-max Seat #2 is the button
Seat 2: bluebird7551 ($195.50 in chips)
Seat 5: Hadart ($107.11 in chips)
bluebird7551: posts small blind $1
Hadart: posts big blind $3
*** HOLE CARDS ***
bluebird7551: folds
Uncalled bet ($2) returned to Hadart
Hadart collected $2 from pot
Hadart: doesn't show hand
*** SUMMARY ***
Total pot $2 | Rake $0
Seat 2: bluebird7551 (button) (small blind) folded before Flop
Seat 5: Hadart (big blind) collected ($2)


PokerStars Hand #153536523762:  Hold'em Limit ($3/$6 USD) - 2016/05/19 9:50:45 ET
Table 'Ohio II' 6-max Seat #5 is the button
Seat 2: bluebird7551 ($198.50 in chips)
Seat 5: Hadart ($104.11 in chips)
Hadart: posts small blind $1
bluebird7551: posts big blind $3
*** HOLE CARDS ***
Hadart: raises $3 to $6
bluebird7551: folds
Uncalled bet ($3) returned to Hadart
Hadart collected $6 from pot
Hadart: doesn't show hand
*** SUMMARY ***
Total pot $6 | Rake $0
Seat 2: bluebird7551 (big blind) folded before Flop
Seat 5: Hadart (button) (small blind) collected ($6)


PokerStars Hand #153536564616:  Hold'em Limit ($3/$6 USD) - 2016/05/19 9:51:56 ET
Table 'Ohio II' 6-max Seat #5 is the button
Seat 2: bluebird7551 ($218 in chips)
Seat 5: Hadart ($84.11 in chips)
Hadart: posts small blind $1
bluebird7551: posts big blind $3
*** HOLE CARDS ***
Hadart: folds
Uncalled bet ($2) returned to bluebird7551
bluebird7551 collected $2 from pot
*** SUMMARY ***
Total pot $2 | Rake $0
Seat 2: bluebird7551 (big blind) collected ($2)
Seat 5: Hadart (button) (small blind) folded before Flop


PokerStars Hand #153536557927:  Hold'em Limit ($3/$6 USD) - 2016/05/19 9:51:44 ET
Table 'Ohio II' 6-max Seat #2 is the button
Seat 2: bluebird7551 ($215 in chips)
Seat 5: Hadart ($87.11 in chips)
bluebird7551: posts small blind $1
Hadart: posts big blind $3
*** HOLE CARDS ***
bluebird7551: raises $3 to $6
Hadart: folds
Uncalled bet ($3) returned to bluebird7551
bluebird7551 collected $6 from pot
*** SUMMARY ***
Total pot $6 | Rake $0
Seat 2: bluebird7551 (button) (small blind) collected ($6)
Seat 5: Hadart (big blind) folded before Flop


PokerStars Hand #153536536151:  Hold'em Limit ($3/$6 USD) - 2016/05/19 9:51:06 ET
Table 'Ohio II' 6-max Seat #5 is the button
Seat 2: bluebird7551 ($194.50 in chips)
Seat 5: Hadart ($108.11 in chips)
Hadart: posts small blind $1
bluebird7551: posts big blind $3
*** HOLE CARDS ***
Hadart: raises $3 to $6
bluebird7551: calls $3
*** FLOP *** [5s Ah Ks]
bluebird7551: checks
Hadart: bets $3
bluebird7551: calls $3
*** TURN *** [5s Ah Ks] [2c]
bluebird7551: checks
Hadart: bets $6
bluebird7551: raises $6 to $12
Hadart: calls $6
*** RIVER *** [5s Ah Ks 2c] [5c]
bluebird7551: bets $6
Hadart: folds
Uncalled bet ($6) returned to bluebird7551
bluebird7551 collected $41.50 from pot
*** SUMMARY ***
Total pot $42 | Rake $0.50
Board [5s Ah Ks 2c 5c]
Seat 2: bluebird7551 (big blind) collected ($41.50)
Seat 5: Hadart (button) (small blind) folded on the River


PokerStars Hand #153536569188:  Hold'em Limit ($3/$6 USD) - 2016/05/19 9:52:03 ET
Table 'Ohio II' 6-max Seat #2 is the button
Seat 2: bluebird7551 ($219 in chips)
Seat 5: Hadart ($83.11 in chips)
bluebird7551: posts small blind $1
Hadart: posts big blind $3
*** HOLE CARDS ***
bluebird7551: raises $3 to $6
Hadart: folds
Uncalled bet ($3) returned to bluebird7551
bluebird7551 collected $6 from pot
*** SUMMARY ***
Total pot $6 | Rake $0
Seat 2: bluebird7551 (button) (small blind) collected ($6)
Seat 5: Hadart (big blind) folded before Flop


PokerStars Hand #153536575278:  Hold'em Limit ($3/$6 USD) - 2016/05/19 9:52:14 ET
Table 'Ohio II' 6-max Seat #5 is the button
Seat 2: bluebird7551 ($222 in chips)
Seat 5: Hadart ($80.11 in chips)
Hadart: posts small blind $1
bluebird7551: posts big blind $3
*** HOLE CARDS ***
Hadart: folds
Uncalled bet ($2) returned to bluebird7551
bluebird7551 collected $2 from pot
*** SUMMARY ***
Total pot $2 | Rake $0
Seat 2: bluebird7551 (big blind) collected ($2)
Seat 5: Hadart (button) (small blind) folded before Flop


PokerStars Hand #153536581028:  Hold'em Limit ($3/$6 USD) - 2016/05/19 9:52:24 ET
Table 'Ohio II' 6-max Seat #2 is the button
Seat 2: bluebird7551 ($223 in chips)
Seat 5: Hadart ($79.11 in chips)
bluebird7551: posts small blind $1
Hadart: posts big blind $3
*** HOLE CARDS ***
bluebird7551: raises $3 to $6
Hadart: folds
Uncalled bet ($3) returned to bluebird7551
bluebird7551 collected $6 from pot
*** SUMMARY ***
Total pot $6 | Rake $0
Seat 2: bluebird7551 (button) (small blind) collected ($6)
Seat 5: Hadart (big blind) folded before Flop


PokerStars Hand #153536586255:  Hold'em Limit ($3/$6 USD) - 2016/05/19 9:52:33 ET
Table 'Ohio II' 6-max Seat #5 is the button
Seat 2: bluebird7551 ($226 in chips)
Seat 5: Hadart ($76.11 in chips)
Hadart: posts small blind $1
bluebird7551: posts big blind $3
*** HOLE CARDS ***
Hadart: raises $3 to $6
bluebird7551: calls $3
*** FLOP *** [7s 4s 8c]
bluebird7551: checks
Hadart: bets $3
bluebird7551: raises $3 to $6
Hadart: calls $3
*** TURN *** [7s 4s 8c] [2s]
bluebird7551: bets $6
Hadart: calls $6
*** RIVER *** [7s 4s 8c 2s] [Ah]
bluebird7551: bets $6
Hadart: folds
Uncalled bet ($6) returned to bluebird7551
bluebird7551 collected $35.50 from pot
*** SUMMARY ***
Total pot $36 | Rake $0.50
Board [7s 4s 8c 2s Ah]
Seat 2: bluebird7551 (big blind) collected ($35.50)
Seat 5: Hadart (button) (small blind) folded on the River


PokerStars Hand #153536604538:  Hold'em Limit ($3/$6 USD) - 2016/05/19 9:53:05 ET
Table 'Ohio II' 6-max Seat #2 is the button
Seat 2: bluebird7551 ($243.50 in chips)
Seat 5: Hadart ($58.11 in chips)
bluebird7551: posts small blind $1
Hadart: posts big blind $3
*** HOLE CARDS ***
bluebird7551: folds
Uncalled bet ($2) returned to Hadart
Hadart collected $2 from pot
Hadart: doesn't show hand
*** SUMMARY ***
Total pot $2 | Rake $0
Seat 2: bluebird7551 (button) (small blind) folded before Flop
Seat 5: Hadart (big blind) collected ($2)


PokerStars Hand #153536622793:  Hold'em Limit ($3/$6 USD) - 2016/05/19 9:53:36 ET
Table 'Ohio II' 6-max Seat #2 is the button
Seat 2: bluebird7551 ($243.50 in chips)
Seat 5: Hadart ($58.11 in chips)
bluebird7551: posts small blind $1
Hadart: posts big blind $3
*** HOLE CARDS ***
bluebird7551: raises $3 to $6
Hadart: calls $3
*** FLOP *** [Td 9s Ts]
Hadart: checks
bluebird7551: bets $3
Hadart: calls $3
*** TURN *** [Td 9s Ts] [Kd]
Hadart: checks
bluebird7551: bets $6
Hadart: calls $6
*** RIVER *** [Td 9s Ts Kd] [As]
Hadart: checks
bluebird7551: checks
*** SHOW DOWN ***
Hadart: shows [7c Jd] (a pair of Tens)
bluebird7551: shows [Kc Qh] (two pair, Kings and Tens)
bluebird7551 collected $29.50 from pot
*** SUMMARY ***
Total pot $30 | Rake $0.50
Board [Td 9s Ts Kd As]
Seat 2: bluebird7551 (button) (small blind) showed [Kc Qh] and won ($29.50) with two pair, Kings and Tens
Seat 5: Hadart (big blind) showed [7c Jd] and lost with a pair of Tens


PokerStars Hand #153536619190:  Hold'em Limit ($3/$6 USD) - 2016/05/19 9:53:30 ET
Table 'Ohio II' 6-max Seat #5 is the button
Seat 2: bluebird7551 ($242.50 in chips)
Seat 5: Hadart ($59.11 in chips)
Hadart: posts small blind $1
bluebird7551: posts big blind $3
*** HOLE CARDS ***
Hadart: folds
Uncalled bet ($2) returned to bluebird7551
bluebird7551 collected $2 from pot
*** SUMMARY ***
Total pot $2 | Rake $0
Seat 2: bluebird7551 (big blind) collected ($2)
Seat 5: Hadart (button) (small blind) folded before Flop


PokerStars Hand #153536614198:  Hold'em Limit ($3/$6 USD) - 2016/05/19 9:53:21 ET
Table 'Ohio II' 6-max Seat #2 is the button
Seat 2: bluebird7551 ($239.50 in chips)
Seat 5: Hadart ($62.11 in chips)
bluebird7551: posts small blind $1
Hadart: posts big blind $3
*** HOLE CARDS ***
bluebird7551: raises $3 to $6
Hadart: folds
Uncalled bet ($3) returned to bluebird7551
bluebird7551 collected $6 from pot
*** SUMMARY ***
Total pot $6 | Rake $0
Seat 2: bluebird7551 (button) (small blind) collected ($6)
Seat 5: Hadart (big blind) folded before Flop


PokerStars Hand #153536608540:  Hold'em Limit ($3/$6 USD) - 2016/05/19 9:53:12 ET
Table 'Ohio II' 6-max Seat #5 is the button
Seat 2: bluebird7551 ($242.50 in chips)
Seat 5: Hadart ($59.11 in chips)
Hadart: posts small blind $1
bluebird7551: posts big blind $3
*** HOLE CARDS ***
Hadart: raises $3 to $6
bluebird7551: folds
Uncalled bet ($3) returned to Hadart
Hadart collected $6 from pot
Hadart: doesn't show hand
*** SUMMARY ***
Total pot $6 | Rake $0
Seat 2: bluebird7551 (big blind) folded before Flop
Seat 5: Hadart (button) (small blind) collected ($6)


PokerStars Hand #153536637691:  Hold'em Limit ($3/$6 USD) - 2016/05/19 9:54:02 ET
Table 'Ohio II' 6-max Seat #5 is the button
Seat 2: bluebird7551 ($258 in chips)
Seat 5: Hadart ($43.11 in chips)
Hadart: posts small blind $1
bluebird7551: posts big blind $3
*** HOLE CARDS ***
Hadart: folds
Uncalled bet ($2) returned to bluebird7551
bluebird7551 collected $2 from pot
*** SUMMARY ***
Total pot $2 | Rake $0
Seat 2: bluebird7551 (big blind) collected ($2)
Seat 5: Hadart (button) (small blind) folded before Flop


PokerStars Hand #153536642613:  Hold'em Limit ($3/$6 USD) - 2016/05/19 9:54:10 ET
Table 'Ohio II' 6-max Seat #2 is the button
Seat 2: bluebird7551 ($259 in chips)
Seat 5: Hadart ($42.11 in chips)
bluebird7551: posts small blind $1
Hadart: posts big blind $3
*** HOLE CARDS ***
bluebird7551: raises $3 to $6
Hadart: folds
Uncalled bet ($3) returned to bluebird7551
bluebird7551 collected $6 from pot
*** SUMMARY ***
Total pot $6 | Rake $0
Seat 2: bluebird7551 (button) (small blind) collected ($6)
Seat 5: Hadart (big blind) folded before Flop


