PokerStars Hand #153201376274:  Hold'em Limit ($3/$6 USD) - 2016/05/12 8:05:26 ET
Table 'Ohio' 6-max Seat #1 is the button
Seat 1: Rafontain ($169.50 in chips)
Seat 2: Krazy90 ($120 in chips)
Rafontain: posts small blind $1
Krazy90: posts big blind $3
*** HOLE CARDS ***
Rafontain: folds
Uncalled bet ($2) returned to Krazy90
Krazy90 collected $2 from pot
Krazy90: doesn't show hand
*** SUMMARY ***
Total pot $2 | Rake $0
Seat 1: Rafontain (button) (small blind) folded before Flop
Seat 2: Krazy90 (big blind) collected ($2)


PokerStars Hand #153201365472:  Hold'em Limit ($3/$6 USD) - 2016/05/12 8:05:03 ET
Table 'Ohio' 6-max Seat #2 is the button
Seat 1: Rafontain ($155 in chips)
Seat 2: Krazy90 ($120 in chips)
Krazy90: posts small blind $1
Rafontain: posts big blind $3
*** HOLE CARDS ***
Krazy90: raises $3 to $6
Rafontain: calls $3
*** FLOP *** [Qd 6c 2s]
Rafontain: checks
Krazy90: bets $3
Rafontain: calls $3
*** TURN *** [Qd 6c 2s] [6h]
Rafontain: checks
Krazy90: bets $6
Rafontain: calls $6
*** RIVER *** [Qd 6c 2s 6h] [5s]
Rafontain: bets $6
Krazy90: folds
Uncalled bet ($6) returned to Rafontain
Rafontain collected $29.50 from pot
*** SUMMARY ***
Total pot $30 | Rake $0.50
Board [Qd 6c 2s 6h 5s]
Seat 1: Rafontain (big blind) collected ($29.50)
Seat 2: Krazy90 (button) (small blind) folded on the River


PokerStars Hand #153201356355:  Hold'em Limit ($3/$6 USD) - 2016/05/12 8:04:44 ET
Table 'Ohio' 6-max Seat #1 is the button
Seat 1: Rafontain ($137.50 in chips)
Seat 2: Krazy90 ($120 in chips)
Rafontain: posts small blind $1
Krazy90: posts big blind $3
*** HOLE CARDS ***
Rafontain: raises $3 to $6
Krazy90: calls $3
*** FLOP *** [6c 4h 8d]
Krazy90: checks
Rafontain: checks
*** TURN *** [6c 4h 8d] [9d]
Krazy90: bets $6
Rafontain: calls $6
*** RIVER *** [6c 4h 8d 9d] [Ks]
Krazy90: checks
Rafontain: bets $6
Krazy90: calls $6
*** SHOW DOWN ***
Rafontain: shows [Kc Tc] (a pair of Kings)
Krazy90: mucks hand
Rafontain collected $35.50 from pot
*** SUMMARY ***
Total pot $36 | Rake $0.50
Board [6c 4h 8d 9d Ks]
Seat 1: Rafontain (button) (small blind) showed [Kc Tc] and won ($35.50) with a pair of Kings
Seat 2: Krazy90 (big blind) mucked


PokerStars Hand #153201347476:  Hold'em Limit ($3/$6 USD) - 2016/05/12 8:04:26 ET
Table 'Ohio' 6-max Seat #2 is the button
Seat 1: Rafontain ($123 in chips)
Seat 2: Krazy90 ($121 in chips)
Krazy90: posts small blind $1
Rafontain: posts big blind $3
*** HOLE CARDS ***
Krazy90: raises $3 to $6
Rafontain: calls $3
*** FLOP *** [5d 9h 2d]
Rafontain: bets $3
Krazy90: calls $3
*** TURN *** [5d 9h 2d] [Tc]
Rafontain: bets $6
Krazy90: calls $6
*** RIVER *** [5d 9h 2d Tc] [Jd]
Rafontain: checks
Krazy90: checks
*** SHOW DOWN ***
Rafontain: shows [8s 9d] (a pair of Nines)
Krazy90: mucks hand
Rafontain collected $29.50 from pot
*** SUMMARY ***
Total pot $30 | Rake $0.50
Board [5d 9h 2d Tc Jd]
Seat 1: Rafontain (big blind) showed [8s 9d] and won ($29.50) with a pair of Nines
Seat 2: Krazy90 (button) (small blind) mucked


PokerStars Hand #153201387178:  Hold'em Limit ($3/$6 USD) - 2016/05/12 8:05:48 ET
Table 'Ohio' 6-max Seat #1 is the button
Seat 1: Rafontain ($177.14 in chips)
Seat 2: Krazy90 ($120 in chips)
Rafontain: posts small blind $1
Krazy90: posts big blind $3
*** HOLE CARDS ***
Rafontain: raises $3 to $6
Krazy90: calls $3
*** FLOP *** [Th Kh 5h]
Krazy90: checks
Rafontain: bets $3
Krazy90: calls $3
*** TURN *** [Th Kh 5h] [5d]
$polu4atel*$ joins the table at seat #3
Krazy90: checks
Rafontain: checks
*** RIVER *** [Th Kh 5h 5d] [3s]
Krazy90: bets $6
Rafontain: folds
Uncalled bet ($6) returned to Krazy90
Krazy90 collected $17.64 from pot
Krazy90: doesn't show hand
*** SUMMARY ***
Total pot $18 | Rake $0.36
Board [Th Kh 5h 5d 3s]
Seat 1: Rafontain (button) (small blind) folded on the River
Seat 2: Krazy90 (big blind) collected ($17.64)


PokerStars Hand #153201378677:  Hold'em Limit ($3/$6 USD) - 2016/05/12 8:05:31 ET
Table 'Ohio' 6-max Seat #2 is the button
Seat 1: Rafontain ($168.50 in chips)
Seat 2: Krazy90 ($121 in chips)
Krazy90: posts small blind $1
Rafontain: posts big blind $3
*** HOLE CARDS ***
Krazy90: raises $3 to $6
Rafontain: calls $3
*** FLOP *** [Kh 5s 5d]
Rafontain: checks
Krazy90: bets $3
Rafontain: calls $3
*** TURN *** [Kh 5s 5d] [As]
Rafontain: checks
Krazy90: checks
*** RIVER *** [Kh 5s 5d As] [Js]
Rafontain: bets $6
Krazy90: folds
Uncalled bet ($6) returned to Rafontain
Rafontain collected $17.64 from pot
*** SUMMARY ***
Total pot $18 | Rake $0.36
Board [Kh 5s 5d As Js]
Seat 1: Rafontain (big blind) collected ($17.64)
Seat 2: Krazy90 (button) (small blind) folded on the River


PokerStars Hand #153202916489:  Hold'em Limit ($3/$6 USD) - 2016/05/12 8:55:35 ET
Table 'Ohio' 6-max Seat #4 is the button
Seat 3: tangxueke ($107.83 in chips)
Seat 4: Rmk1500 ($98.87 in chips)
Rmk1500: posts small blind $1
Widegermany: is sitting out
Krazy90: is sitting out
tangxueke: posts big blind $3
*** HOLE CARDS ***
Rmk1500: raises $3 to $6
Krazy90 leaves the table
tangxueke: calls $3
*** FLOP *** [Ah 5d 7d]
tangxueke: checks
Rmk1500: bets $3
tangxueke: raises $3 to $6
Rmk1500: folds
Uncalled bet ($3) returned to tangxueke
tangxueke collected $17.64 from pot
tangxueke: doesn't show hand
*** SUMMARY ***
Total pot $18 | Rake $0.36
Board [Ah 5d 7d]
Seat 3: tangxueke (big blind) collected ($17.64)
Seat 4: Rmk1500 (button) (small blind) folded on the Flop


