PokerStars Hand #158803836776:  Hold'em Limit ($3/$6 USD) - 2016/09/19 6:27:21 ET
Table 'Ohio II' 6-max Seat #1 is the button
Seat 1: slavomir9305 ($88.74 in chips)
Seat 3: Agrotait ($71 in chips)
slavomir9305: posts small blind $1
Agrotait: posts big blind $3
*** HOLE CARDS ***
slavomir9305: folds
Uncalled bet ($2) returned to Agrotait
Agrotait collected $2 from pot
Agrotait: doesn't show hand
*** SUMMARY ***
Total pot $2 | Rake $0
Seat 1: slavomir9305 (button) (small blind) folded before Flop
Seat 3: Agrotait (big blind) collected ($2)


PokerStars Hand #158803834739:  Hold'em Limit ($3/$6 USD) - 2016/09/19 6:27:16 ET
Table 'Ohio II' 6-max Seat #3 is the button
Seat 1: slavomir9305 ($87.74 in chips)
Seat 3: Agrotait ($72 in chips)
Agrotait: posts small blind $1
slavomir9305: posts big blind $3
*** HOLE CARDS ***
Agrotait: folds
Uncalled bet ($2) returned to slavomir9305
slavomir9305 collected $2 from pot
*** SUMMARY ***
Total pot $2 | Rake $0
Seat 1: slavomir9305 (big blind) collected ($2)
Seat 3: Agrotait (button) (small blind) folded before Flop


PokerStars Hand #158803838756:  Hold'em Limit ($3/$6 USD) - 2016/09/19 6:27:26 ET
Table 'Ohio II' 6-max Seat #3 is the button
Seat 1: slavomir9305 ($87.74 in chips)
Seat 3: Agrotait ($72 in chips)
Agrotait: posts small blind $1
slavomir9305: posts big blind $3
*** HOLE CARDS ***
Agrotait: raises $3 to $6
slavomir9305: calls $3
*** FLOP *** [8d Jc 9h]
slavomir9305: checks
Agrotait: bets $3
slavomir9305: calls $3
*** TURN *** [8d Jc 9h] [9s]
slavomir9305: checks
Agrotait: checks
*** RIVER *** [8d Jc 9h 9s] [4c]
slavomir9305: bets $6
Agrotait: folds
Uncalled bet ($6) returned to slavomir9305
slavomir9305 collected $17.64 from pot
*** SUMMARY ***
Total pot $18 | Rake $0.36
Board [8d Jc 9h 9s 4c]
Seat 1: slavomir9305 (big blind) collected ($17.64)
Seat 3: Agrotait (button) (small blind) folded on the River


PokerStars Hand #158803821905:  Hold'em Limit ($3/$6 USD) - 2016/09/19 6:26:43 ET
Table 'Ohio II' 6-max Seat #1 is the button
Seat 1: slavomir9305 ($67.24 in chips)
Seat 3: Agrotait ($72 in chips)
slavomir9305: posts small blind $1
Agrotait: posts big blind $3
*** HOLE CARDS ***
slavomir9305: raises $3 to $6
Agrotait: calls $3
*** FLOP *** [2s 9h 7d]
Agrotait: checks
slavomir9305: bets $3
Agrotait: calls $3
*** TURN *** [2s 9h 7d] [Js]
Agrotait: checks
slavomir9305: bets $6
Agrotait: calls $6
*** RIVER *** [2s 9h 7d Js] [4d]
Agrotait: checks
slavomir9305: bets $6
Agrotait: calls $6
*** SHOW DOWN ***
slavomir9305: shows [Ah 7s] (a pair of Sevens)
Agrotait: mucks hand
slavomir9305 collected $41.50 from pot
*** SUMMARY ***
Total pot $42 | Rake $0.50
Board [2s 9h 7d Js 4d]
Seat 1: slavomir9305 (button) (small blind) showed [Ah 7s] and won ($41.50) with a pair of Sevens
Seat 3: Agrotait (big blind) mucked


PokerStars Hand #158803847572:  Hold'em Limit ($3/$6 USD) - 2016/09/19 6:27:49 ET
Table 'Ohio II' 6-max Seat #1 is the button
Seat 1: slavomir9305 ($96.38 in chips)
Seat 3: Agrotait ($63 in chips)
slavomir9305: posts small blind $1
Agrotait: posts big blind $3
*** HOLE CARDS ***
slavomir9305: raises $3 to $6
Agrotait: calls $3
*** FLOP *** [4d 4c 2c]
Agrotait: checks
slavomir9305: checks
*** TURN *** [4d 4c 2c] [Ts]
Agrotait: bets $6
slavomir9305: folds
Uncalled bet ($6) returned to Agrotait
Agrotait collected $11.76 from pot
Agrotait: doesn't show hand
*** SUMMARY ***
Total pot $12 | Rake $0.24
Board [4d 4c 2c Ts]
Seat 1: slavomir9305 (button) (small blind) folded on the Turn
Seat 3: Agrotait (big blind) collected ($11.76)


PokerStars Hand #158803862069:  Hold'em Limit ($3/$6 USD) - 2016/09/19 6:28:26 ET
Table 'Ohio II' 6-max Seat #3 is the button
Seat 1: slavomir9305 ($90.38 in chips)
Seat 3: Agrotait ($68.76 in chips)
Agrotait: posts small blind $1
slavomir9305: posts big blind $3
*** HOLE CARDS ***
Agrotait: folds
Uncalled bet ($2) returned to slavomir9305
slavomir9305 collected $2 from pot
*** SUMMARY ***
Total pot $2 | Rake $0
Seat 1: slavomir9305 (big blind) collected ($2)
Seat 3: Agrotait (button) (small blind) folded before Flop


PokerStars Hand #158803858865:  Hold'em Limit ($3/$6 USD) - 2016/09/19 6:28:17 ET
Table 'Ohio II' 6-max Seat #1 is the button
Seat 1: slavomir9305 ($91.38 in chips)
Seat 3: Agrotait ($67.76 in chips)
slavomir9305: posts small blind $1
Agrotait: posts big blind $3
*** HOLE CARDS ***
slavomir9305: folds
Uncalled bet ($2) returned to Agrotait
Agrotait collected $2 from pot
Agrotait: doesn't show hand
*** SUMMARY ***
Total pot $2 | Rake $0
Seat 1: slavomir9305 (button) (small blind) folded before Flop
Seat 3: Agrotait (big blind) collected ($2)


PokerStars Hand #158803855490:  Hold'em Limit ($3/$6 USD) - 2016/09/19 6:28:09 ET
Table 'Ohio II' 6-max Seat #3 is the button
Seat 1: slavomir9305 ($90.38 in chips)
Seat 3: Agrotait ($68.76 in chips)
Agrotait: posts small blind $1
slavomir9305: posts big blind $3
*** HOLE CARDS ***
Agrotait: folds
Uncalled bet ($2) returned to slavomir9305
slavomir9305 collected $2 from pot
*** SUMMARY ***
Total pot $2 | Rake $0
Seat 1: slavomir9305 (big blind) collected ($2)
Seat 3: Agrotait (button) (small blind) folded before Flop


PokerStars Hand #158803896741:  Hold'em Limit ($3/$6 USD) - 2016/09/19 6:29:53 ET
Table 'Ohio II' 6-max Seat #3 is the button
Seat 1: slavomir9305 ($73.14 in chips)
Seat 3: Agrotait ($84.90 in chips)
Agrotait: posts small blind $1
slavomir9305: posts big blind $3
*** HOLE CARDS ***
Agrotait: folds
Uncalled bet ($2) returned to slavomir9305
slavomir9305 collected $2 from pot
*** SUMMARY ***
Total pot $2 | Rake $0
Seat 1: slavomir9305 (big blind) collected ($2)
Seat 3: Agrotait (button) (small blind) folded before Flop


PokerStars Hand #158803889961:  Hold'em Limit ($3/$6 USD) - 2016/09/19 6:29:36 ET
Table 'Ohio II' 6-max Seat #1 is the button
Seat 1: slavomir9305 ($88.14 in chips)
Seat 3: Agrotait ($70.40 in chips)
slavomir9305: posts small blind $1
Agrotait: posts big blind $3
*** HOLE CARDS ***
slavomir9305: raises $3 to $6
Agrotait: calls $3
*** FLOP *** [As 8d 8h]
Agrotait: checks
slavomir9305: bets $3
Agrotait: calls $3
*** TURN *** [As 8d 8h] [Qc]
Agrotait: checks
slavomir9305: bets $6
Agrotait: raises $6 to $12
slavomir9305: folds
Uncalled bet ($6) returned to Agrotait
Agrotait collected $29.50 from pot
Agrotait: doesn't show hand
*** SUMMARY ***
Total pot $30 | Rake $0.50
Board [As 8d 8h Qc]
Seat 1: slavomir9305 (button) (small blind) folded on the Turn
Seat 3: Agrotait (big blind) collected ($29.50)


PokerStars Hand #158803864348:  Hold'em Limit ($3/$6 USD) - 2016/09/19 6:28:31 ET
Table 'Ohio II' 6-max Seat #1 is the button
Seat 1: slavomir9305 ($91.38 in chips)
Seat 3: Agrotait ($67.76 in chips)
slavomir9305: posts small blind $1
Agrotait: posts big blind $3
*** HOLE CARDS ***
slavomir9305: raises $3 to $6
Agrotait: calls $3
*** FLOP *** [Ts 6h Kc]
Agrotait: checks
slavomir9305: bets $3
Agrotait: folds
Uncalled bet ($3) returned to slavomir9305
slavomir9305 collected $11.76 from pot
*** SUMMARY ***
Total pot $12 | Rake $0.24
Board [Ts 6h Kc]
Seat 1: slavomir9305 (button) (small blind) collected ($11.76)
Seat 3: Agrotait (big blind) folded on the Flop


PokerStars Hand #158803881788:  Hold'em Limit ($3/$6 USD) - 2016/09/19 6:29:15 ET
Table 'Ohio II' 6-max Seat #3 is the button
Seat 1: slavomir9305 ($97.14 in chips)
Seat 3: Agrotait ($61.76 in chips)
Agrotait: posts small blind $1
slavomir9305: posts big blind $3
*** HOLE CARDS ***
Agrotait: raises $3 to $6
slavomir9305: calls $3
*** FLOP *** [7s Kh 6c]
slavomir9305: checks
Agrotait: bets $3
slavomir9305: calls $3
*** TURN *** [7s Kh 6c] [7d]
slavomir9305: checks
Agrotait: bets $6
slavomir9305: folds
Uncalled bet ($6) returned to Agrotait
Agrotait collected $17.64 from pot
Agrotait: doesn't show hand
*** SUMMARY ***
Total pot $18 | Rake $0.36
Board [7s Kh 6c 7d]
Seat 1: slavomir9305 (big blind) folded on the Turn
Seat 3: Agrotait (button) (small blind) collected ($17.64)


PokerStars Hand #158803917427:  Hold'em Limit ($3/$6 USD) - 2016/09/19 6:30:46 ET
Table 'Ohio II' 6-max Seat #3 is the button
Seat 1: slavomir9305 ($79.30 in chips)
Seat 3: Agrotait ($77.40 in chips)
Agrotait: posts small blind $1
slavomir9305: posts big blind $3
*** HOLE CARDS ***
Agrotait: raises $3 to $6
slavomir9305: calls $3
*** FLOP *** [4c 3h 6h]
slavomir9305: checks
Agrotait: bets $3
slavomir9305: calls $3
*** TURN *** [4c 3h 6h] [6d]
slavomir9305: checks
Agrotait: bets $6
slavomir9305: calls $6
*** RIVER *** [4c 3h 6h 6d] [Jc]
slavomir9305: checks
Agrotait: bets $6
slavomir9305: calls $6
*** SHOW DOWN ***
Agrotait: shows [4s Kd] (two pair, Sixes and Fours)
slavomir9305: mucks hand
Agrotait collected $41.50 from pot
*** SUMMARY ***
Total pot $42 | Rake $0.50
Board [4c 3h 6h 6d Jc]
Seat 1: slavomir9305 (big blind) mucked
Seat 3: Agrotait (button) (small blind) showed [4s Kd] and won ($41.50) with two pair, Sixes and Fours


PokerStars Hand #158803911765:  Hold'em Limit ($3/$6 USD) - 2016/09/19 6:30:31 ET
Table 'Ohio II' 6-max Seat #1 is the button
Seat 1: slavomir9305 ($67.78 in chips)
Seat 3: Agrotait ($89.40 in chips)
slavomir9305: posts small blind $1
Agrotait: posts big blind $3
*** HOLE CARDS ***
slavomir9305: raises $3 to $6
Agrotait: raises $3 to $9
slavomir9305: calls $3
*** FLOP *** [Ah 9d 2d]
Agrotait: bets $3
slavomir9305: calls $3
*** TURN *** [Ah 9d 2d] [Ts]
Agrotait: checks
slavomir9305: bets $6
Agrotait: folds
Uncalled bet ($6) returned to slavomir9305
slavomir9305 collected $23.52 from pot
*** SUMMARY ***
Total pot $24 | Rake $0.48
Board [Ah 9d 2d Ts]
Seat 1: slavomir9305 (button) (small blind) collected ($23.52)
Seat 3: Agrotait (big blind) folded on the Turn


PokerStars Hand #158803906351:  Hold'em Limit ($3/$6 USD) - 2016/09/19 6:30:17 ET
Table 'Ohio II' 6-max Seat #3 is the button
Seat 1: slavomir9305 ($59.14 in chips)
Seat 3: Agrotait ($98.40 in chips)
Agrotait: posts small blind $1
slavomir9305: posts big blind $3
*** HOLE CARDS ***
Agrotait: raises $3 to $6
slavomir9305: raises $3 to $9
Agrotait: calls $3
*** FLOP *** [8h Kh 9d]
slavomir9305: bets $3
Agrotait: folds
Uncalled bet ($3) returned to slavomir9305
slavomir9305 collected $17.64 from pot
*** SUMMARY ***
Total pot $18 | Rake $0.36
Board [8h Kh 9d]
Seat 1: slavomir9305 (big blind) collected ($17.64)
Seat 3: Agrotait (button) (small blind) folded on the Flop


PokerStars Hand #158803899003:  Hold'em Limit ($3/$6 USD) - 2016/09/19 6:29:59 ET
Table 'Ohio II' 6-max Seat #1 is the button
Seat 1: slavomir9305 ($74.14 in chips)
Seat 3: Agrotait ($83.90 in chips)
slavomir9305: posts small blind $1
Agrotait: posts big blind $3
*** HOLE CARDS ***
slavomir9305: raises $3 to $6
Agrotait: raises $3 to $9
slavomir9305: calls $3
*** FLOP *** [Ts 9c Ah]
Agrotait: checks
slavomir9305: checks
*** TURN *** [Ts 9c Ah] [Th]
Agrotait: checks
slavomir9305: checks
*** RIVER *** [Ts 9c Ah Th] [8d]
Agrotait: bets $6
slavomir9305: calls $6
*** SHOW DOWN ***
Agrotait: shows [Kc Ks] (two pair, Kings and Tens)
slavomir9305: mucks hand
Agrotait collected $29.50 from pot
*** SUMMARY ***
Total pot $30 | Rake $0.50
Board [Ts 9c Ah Th 8d]
Seat 1: slavomir9305 (button) (small blind) mucked
Seat 3: Agrotait (big blind) showed [Kc Ks] and won ($29.50) with two pair, Kings and Tens


PokerStars Hand #158803927157:  Hold'em Limit ($3/$6 USD) - 2016/09/19 6:31:10 ET
Table 'Ohio II' 6-max Seat #3 is the button
Seat 1: slavomir9305 ($57.30 in chips)
Seat 3: Agrotait ($98.90 in chips)
Agrotait: posts small blind $1
slavomir9305: posts big blind $3
*** HOLE CARDS ***
Agrotait: raises $3 to $6
slavomir9305: raises $3 to $9
RockKillerTY joins the table at seat #2
Agrotait: calls $3
*** FLOP *** [Ah 2h Qc]
slavomir9305: checks
Agrotait: checks
*** TURN *** [Ah 2h Qc] [Tc]
slavomir9305: bets $6
Agrotait: folds
Uncalled bet ($6) returned to slavomir9305
slavomir9305 collected $17.64 from pot
*** SUMMARY ***
Total pot $18 | Rake $0.36
Board [Ah 2h Qc Tc]
Seat 1: slavomir9305 (big blind) collected ($17.64)
Seat 3: Agrotait (button) (small blind) folded on the Turn


PokerStars Hand #158803924977:  Hold'em Limit ($3/$6 USD) - 2016/09/19 6:31:05 ET
Table 'Ohio II' 6-max Seat #1 is the button
Seat 1: slavomir9305 ($58.30 in chips)
Seat 3: Agrotait ($97.90 in chips)
slavomir9305: posts small blind $1
Agrotait: posts big blind $3
*** HOLE CARDS ***
slavomir9305: folds
Uncalled bet ($2) returned to Agrotait
Agrotait collected $2 from pot
Agrotait: doesn't show hand
*** SUMMARY ***
Total pot $2 | Rake $0
Seat 1: slavomir9305 (button) (small blind) folded before Flop
Seat 3: Agrotait (big blind) collected ($2)


