PokerStars Hand #145397709071:  Hold'em Limit ($3/$6 USD) - 2015/12/15 15:30:20 ET
Table 'Oileus III' 6-max Seat #6 is the button
Seat 4: Actionni13 ($168.50 in chips)
Seat 6: theflushmen1 ($161 in chips)
theflushmen1: posts small blind $1
Actionni13: posts big blind $3
*** HOLE CARDS ***
theflushmen1: raises $3 to $6
theflushmen1 said, "donk"
Actionni13: calls $3
*** FLOP *** [Kc Ks 7d]
Actionni13: checks
theflushmen1: bets $3
Actionni13: calls $3
*** TURN *** [Kc Ks 7d] [Th]
Chessnok joins the table at seat #2
Actionni13: checks
theflushmen1: checks
*** RIVER *** [Kc Ks 7d Th] [Ts]
Actionni13: checks
theflushmen1: bets $6
Actionni13: folds
Uncalled bet ($6) returned to theflushmen1
theflushmen1 collected $17.64 from pot
*** SUMMARY ***
Total pot $18 | Rake $0.36
Board [Kc Ks 7d Th Ts]
Seat 4: Actionni13 (big blind) folded on the River
Seat 6: theflushmen1 (button) (small blind) collected ($17.64)


PokerStars Hand #145397755823:  Hold'em Limit ($3/$6 USD) - 2015/12/15 15:31:06 ET
Table 'Oileus III' 6-max Seat #4 is the button
Seat 4: Actionni13 ($159.50 in chips)
Seat 6: theflushmen1 ($269.64 in chips)
Actionni13: posts small blind $1
theflushmen1: posts big blind $3
*** HOLE CARDS ***
Actionni13: raises $3 to $6
theflushmen1: folds
Uncalled bet ($3) returned to Actionni13
Actionni13 collected $6 from pot
Actionni13: doesn't show hand
*** SUMMARY ***
Total pot $6 | Rake $0
Seat 4: Actionni13 (button) (small blind) collected ($6)
Seat 6: theflushmen1 (big blind) folded before Flop


PokerStars Hand #145398094427:  Hold'em Limit ($3/$6 USD) - 2015/12/15 15:36:42 ET
Table 'Oileus III' 6-max Seat #2 is the button
Seat 1: BuzovaPro ($77.64 in chips)
Seat 2: Chessnok ($113.67 in chips)
Chessnok: posts small blind $1
Actionni13: is sitting out
BuzovaPro: posts big blind $3
*** HOLE CARDS ***
Chessnok: raises $3 to $6
BuzovaPro: calls $3
*** FLOP *** [Td Th Qd]
BuzovaPro: checks
Chessnok: bets $3
BuzovaPro: raises $3 to $6
Chessnok: calls $3
*** TURN *** [Td Th Qd] [5d]
BuzovaPro: bets $6
Chessnok: calls $6
*** RIVER *** [Td Th Qd 5d] [7d]
BuzovaPro: bets $6
Chessnok: raises $6 to $12
BuzovaPro: calls $6
*** SHOW DOWN ***
Chessnok: shows [7c Kd] (a flush, King high)
BuzovaPro: mucks hand
Chessnok collected $59.50 from pot
*** SUMMARY ***
Total pot $60 | Rake $0.50
Board [Td Th Qd 5d 7d]
Seat 1: BuzovaPro (big blind) mucked
Seat 2: Chessnok (button) (small blind) showed [7c Kd] and won ($59.50) with a flush, King high


